Datum,<15_1_m,<15_1_w,15-24_1_m,15-24_1_w,25-34_1_m,25-34_1_w,35-44_1_m,35-44_1_w,45-54_1_m,45-54_1_w,55-64_1_m,55-64_1_w,65-74_1_m,65-74_1_w,75-84_1_m,75-84_1_w,>84_1_m,>84_1_w,<15_2_m,<15_2_w,15-24_2_m,15-24_2_w,25-34_2_m,25-34_2_w,35-44_2_m,35-44_2_w,45-54_2_m,45-54_2_w,55-64_2_m,55-64_2_w,65-74_2_m,65-74_2_w,75-84_2_m,75-84_2_w,>84_2_m,>84_2_w,bp_1,bp_2,mo_1,mo_2,az_1,az_2,ja,unb_1,unb_2
2021-11-24T23:59:59+01:00,8111,7573,46507,43600,61638,55031,60903,58446,70589,69583,78547,77932,55343,61021,37881,49106,11818,22543,5830,5469,39739,37822,55020,48771,55523,53333,65708,64929,74944,74453,53777,59260,37009,47826,11438,21743,650923,594012,79845,77121,105701,101747,39664,48,50
2021-11-23T23:59:59+01:00,7959,7436,46392,43490,61520,54864,60800,58304,70471,69466,78432,77825,55278,60944,37851,49055,11811,22528,5790,5424,39625,37733,54869,48648,55412,53253,65609,64835,74867,74376,53736,59214,36996,47800,11433,21733,649191,592791,79834,77106,105701,101745,39661,48,50
2021-11-22T23:59:59+01:00,7858,7336,46240,43389,61383,54720,60654,58200,70383,69359,78358,77736,55243,60886,37831,49017,11807,22510,5745,5380,39370,37553,54579,48459,55209,53092,65433,64701,74777,74306,53706,59178,36985,47783,11427,21726,647699,590882,79822,77083,105701,101745,39649,48,50
2021-11-21T23:59:59+01:00,7777,7268,46140,43298,61267,54616,60533,58129,70298,69279,78286,77667,55209,60842,37819,49004,11804,22500,5717,5351,39264,37476,54463,48375,55117,53027,65363,64635,74739,74262,53689,59163,36980,47766,11425,21721,646539,590013,79810,77078,105701,101745,39647,48,50
2021-11-20T23:59:59+01:00,7755,7242,46078,43232,61183,54544,60462,58082,70251,69242,78247,77639,55192,60826,37814,48997,11803,22499,5713,5349,39241,37463,54437,48361,55094,53007,65348,64628,74729,74258,53688,59159,36975,47765,11424,21721,645901,589848,79808,77078,105701,101745,39639,48,50
2021-11-19T23:59:59+01:00,7662,7146,45886,43059,61011,54361,60311,57928,70113,69151,78165,77566,55167,60800,37808,48982,11801,22494,5699,5334,39182,37413,54399,48328,55049,52971,65321,64603,74703,74244,53686,59147,36972,47762,11423,21718,644257,589474,79797,77069,105698,101743,39618,48,50
2021-11-18T23:59:59+01:00,7464,6945,45491,42733,60687,53991,60007,57667,69829,68917,78002,77401,55104,60725,37781,48929,11796,22473,5630,5267,38910,37164,54155,48128,54838,52793,65129,64449,74576,74179,53646,59104,36956,47732,11414,21709,640846,587355,79768,77043,105697,101741,39590,48,50
2021-11-17T23:59:59+01:00,7325,6825,45168,42504,60397,53728,59785,57454,69635,68722,77842,77240,55042,60670,37763,48879,11785,22457,5593,5238,38816,37094,54044,48037,54763,52729,65055,64388,74522,74123,53618,59078,36941,47710,11407,21704,638205,586504,79718,77007,105697,101740,39559,48,50
2021-11-16T23:59:59+01:00,7186,6711,44917,42301,60136,53467,59575,57251,69453,68543,77707,77097,54973,60598,37733,48828,11770,22429,5531,5186,38648,36943,53915,47902,54653,52623,64955,64299,74439,74050,53582,59030,36910,47680,11404,21691,635692,585107,79695,76995,105697,101740,39549,48,50
2021-11-15T23:59:59+01:00,7041,6588,44394,41908,59696,53104,59277,56980,69184,68321,77514,76922,54909,60523,37688,48782,11767,22419,5487,5138,38457,36773,53713,47744,54474,52495,64819,64181,74360,73980,53555,58996,36902,47660,11402,21682,632124,583566,79674,76982,105697,101740,39480,48,50
2021-11-14T23:59:59+01:00,6964,6519,44152,41735,59488,52924,59088,56828,69036,68192,77402,76852,54886,60489,37677,48765,11764,22412,5441,5093,38286,36640,53532,47592,54339,52391,64695,64085,74302,73909,53523,58973,36894,47641,11401,21677,630312,582180,79653,76975,105697,101740,39469,48,50
2021-11-13T23:59:59+01:00,6960,6513,44137,41724,59473,52911,59078,56818,69030,68186,77391,76848,54884,60488,37676,48763,11763,22412,5441,5091,38285,36640,53530,47592,54335,52387,64691,64081,74296,73906,53518,58969,36892,47632,11399,21676,630198,582127,79652,76975,105694,101740,39469,48,50
2021-11-12T23:59:59+01:00,6903,6473,44002,41587,59333,52815,58959,56711,68940,68118,77324,76810,54871,60473,37669,48751,11758,22407,5438,5083,38259,36621,53504,47577,54311,52374,64668,64067,74279,73895,53512,58963,36890,47629,11397,21674,629088,581937,79639,76973,105694,101740,39441,48,50
2021-11-11T23:59:59+01:00,6730,6285,43334,41073,58723,52307,58494,56334,68566,67786,77048,76622,54809,60404,37642,48711,11749,22396,5384,5021,38077,36489,53356,47443,54190,52262,64554,63968,74202,73847,53480,58934,36878,47611,11396,21663,624384,580716,79597,76950,105691,101740,39299,48,50
2021-11-10T23:59:59+01:00,6629,6194,42922,40778,58321,51961,58195,56091,68311,67536,76871,76456,54740,60339,37619,48673,11741,22385,5364,4995,37983,36429,53282,47369,54124,52188,64500,63912,74142,73807,53449,58900,36860,47589,11391,21656,621253,580020,79582,76938,105691,101738,39194,48,50
2021-11-09T23:59:59+01:00,6559,6143,42818,40688,58197,51820,58079,55955,68181,67422,76789,76361,54699,60295,37605,48648,11734,22369,5338,4969,37909,36385,53236,47309,54072,52101,64444,63834,74064,73730,53418,58863,36842,47563,11384,21637,619895,579382,79550,76743,105689,101737,39186,48,50
2021-11-08T23:59:59+01:00,6422,6031,42092,40035,57460,51220,57530,55517,67770,67041,76507,76089,54580,60204,37577,48608,11726,22355,5309,4947,37805,36283,53077,47190,53983,52019,64374,63746,73983,73673,53389,58829,36831,47547,11381,21632,614596,578571,79528,76730,105688,101737,38910,48,50
2021-11-07T23:59:59+01:00,6367,5994,41930,39899,57270,51062,57390,55408,67671,66968,76456,76039,54562,60184,37569,48603,11724,22351,5291,4932,37730,36211,53005,47109,53927,51976,64344,63693,73958,73650,53376,58817,36821,47540,11380,21625,613341,577995,79476,76704,105688,101736,38900,48,50
2021-11-06T23:59:59+01:00,6362,5985,41913,39881,57250,51049,57375,55398,67662,66959,76450,76036,54560,60184,37567,48603,11724,22350,5289,4932,37729,36209,53003,47106,53925,51974,64339,63692,73956,73648,53374,58815,36821,47539,11380,21625,613206,577970,79475,76703,105688,101736,38897,48,50
2021-11-05T23:59:59+01:00,6346,5965,41873,39852,57213,50999,57328,55368,67638,66941,76422,76023,54556,60178,37564,48601,11724,22348,5281,4927,37705,36201,52994,47095,53917,51967,64327,63680,73949,73639,53370,58813,36819,47535,11380,21625,612862,577863,79472,76700,105688,101736,38875,48,50
2021-11-04T23:59:59+01:00,6223,5822,41341,39369,56630,50538,56884,55005,67217,66618,76208,75884,54518,60130,37551,48571,11718,22340,5221,4863,37500,36063,52792,46948,53743,51836,64167,63561,73848,73569,53338,58788,36805,47513,11369,21619,609056,576706,79404,76674,105687,101735,38378,48,50
2021-11-03T23:59:59+01:00,6188,5777,41247,39302,56516,50442,56791,54922,67145,66552,76161,75840,54508,60111,37542,48554,11713,22335,5177,4829,37428,36000,52743,46899,53700,51780,64121,63518,73804,73533,53322,58763,36792,47493,11365,21611,608185,576078,79384,76669,105686,101732,38349,48,50
2021-11-02T23:59:59+01:00,6140,5728,41115,39191,56351,50321,56674,54815,67019,66473,76092,75781,54483,60087,37530,48542,11712,22325,5106,4757,37295,35848,52592,46743,53583,51660,64034,63416,73719,73447,53275,58719,36773,47460,11362,21601,606969,574658,79364,76633,105686,101732,38317,48,50
2021-11-01T23:59:59+01:00,6055,5650,40624,38823,55827,49972,56311,54560,66740,66272,75949,75690,54448,60059,37523,48535,11709,22317,5073,4716,37154,35733,52462,46650,53467,51576,63937,63354,73657,73402,53262,58706,36763,47445,11359,21594,603969,573914,79341,76592,105686,101730,38024,48,50
2021-10-31T23:59:59+01:00,6053,5650,40619,38817,55824,49969,56306,54556,66737,66269,75947,75688,54448,60059,37523,48535,11709,22317,5073,4716,37152,35730,52462,46649,53465,51575,63936,63354,73657,73402,53262,58706,36763,47445,11359,21594,603937,573907,79338,76592,105686,101730,38021,48,50
2021-10-30T23:59:59+02:00,6049,5648,40616,38817,55817,49966,56305,54554,66735,66268,75946,75686,54448,60059,37523,48535,11709,22317,5073,4716,37152,35730,52462,46648,53464,51574,63935,63353,73657,73402,53261,58706,36763,47445,11359,21594,603910,573902,79338,76592,105686,101730,38020,48,50
2021-10-29T23:59:59+02:00,6046,5642,40598,38801,55803,49948,56289,54545,66717,66261,75929,75681,54446,60056,37522,48534,11707,22317,5071,4713,37141,35716,52461,46643,53460,51569,63932,63346,73649,73394,53256,58705,36762,47442,11358,21593,603761,573827,79334,76589,105686,101728,38017,48,50
2021-10-28T23:59:59+02:00,5947,5542,40078,38446,55337,49617,55885,54245,66376,66033,75757,75575,54409,60027,37517,48515,11705,22307,5010,4666,36966,35598,52300,46527,53321,51462,63785,63265,73565,73347,53230,58679,36748,47424,11356,21586,600664,572859,79295,76568,105681,101726,37632,48,50
2021-10-27T23:59:59+02:00,5922,5521,40025,38387,55266,49561,55828,54194,66311,66004,75732,75555,54393,60015,37511,48503,11704,22301,4986,4640,36915,35558,52249,46491,53289,51426,63741,63214,73530,73321,53207,58659,36742,47413,11353,21574,600098,572359,79284,76555,105681,101720,37624,48,50
2021-10-26T23:59:59+02:00,5874,5486,39918,38292,55165,49456,55755,54127,66244,65937,75680,75515,54379,59999,37499,48488,11701,22296,4934,4597,36811,35416,52153,46406,53220,51344,63688,63153,73470,73267,53174,58638,36728,47389,11347,21560,599197,571375,79283,76547,105681,101719,37604,48,50
2021-10-25T23:59:59+02:00,5812,5418,39687,38059,54884,49254,55503,53966,66026,65794,75577,75437,54357,59969,37492,48478,11701,22293,4921,4588,36755,35355,52067,46352,53152,51304,63640,63113,73425,73236,53165,58622,36722,47384,11345,21557,597371,571063,79283,76545,105681,101719,37326,48,50
2021-10-24T23:59:59+02:00,5782,5389,39603,37975,54807,49177,55445,53928,65981,65767,75558,75418,54352,59960,37487,48475,11699,22289,4888,4572,36693,35293,52022,46307,53117,51263,63603,63084,73403,73204,53157,58608,36711,47376,11343,21555,596770,570580,79281,76538,105681,101717,37314,48,50
2021-10-23T23:59:59+02:00,5782,5389,39602,37975,54805,49177,55443,53925,65981,65767,75558,75418,54352,59959,37487,48475,11699,22289,4888,4572,36693,35292,52022,46307,53117,51261,63603,63084,73403,73204,53157,58608,36711,47376,11343,21555,596762,570578,79281,76538,105681,101717,37313,48,50
2021-10-22T23:59:59+02:00,5779,5384,39576,37957,54785,49164,55432,53918,65967,65754,75549,75411,54348,59956,37487,48473,11698,22289,4883,4563,36677,35278,52010,46287,53108,51250,63586,63076,73389,73195,53147,58601,36710,47373,11342,21553,596630,570425,79270,76537,105680,101715,37301,48,50
2021-10-21T23:59:59+02:00,5703,5304,39325,37761,54514,48976,55222,53766,65784,65632,75451,75356,54331,59939,37481,48463,11695,22283,4797,4491,36451,35071,51826,46127,52938,51119,63455,62955,73305,73136,53123,58565,36698,47355,11338,21547,594937,568945,79236,76501,105680,101714,37087,48,50
2021-10-20T23:59:59+02:00,5680,5290,39289,37735,54494,48953,55206,53737,65758,65607,75426,75338,54323,59928,37472,48448,11694,22276,4778,4471,36432,35041,51804,46095,52914,51089,63432,62933,73280,73109,53105,58542,36692,47342,11335,21540,594618,568598,79229,76491,105680,101714,37081,48,50
2021-10-19T23:59:59+02:00,5646,5260,39233,37697,54457,48913,55166,53702,65722,65574,75399,75311,54307,59907,37464,48433,11690,22273,4755,4449,36377,34994,51762,46041,52880,51050,63394,62899,73241,73069,53093,58518,36671,47327,11330,21530,594130,568059,79223,76487,105680,101709,37075,48,50
2021-10-18T23:59:59+02:00,5612,5232,39092,37563,54332,48816,55084,53620,65655,65534,75343,75277,54297,59891,37457,48419,11688,22272,4688,4388,36229,34849,51638,45918,52798,50959,63347,62836,73181,73021,53068,58483,36661,47310,11325,21524,593259,567019,79211,76457,105680,101709,36988,48,50
2021-10-17T23:59:59+02:00,5606,5225,39081,37552,54318,48800,55080,53610,65649,65522,75336,75273,54294,59887,37454,48417,11688,22267,4678,4377,36209,34820,51617,45894,52781,50937,63333,62819,73164,73007,53057,58471,36655,47303,11324,21515,593138,566768,79211,76451,105680,101708,36984,48,50
2021-10-16T23:59:59+02:00,5606,5225,39080,37552,54316,48799,55077,53608,65649,65522,75336,75273,54294,59887,37454,48417,11688,22267,4675,4374,36204,34816,51613,45891,52777,50933,63331,62815,73162,73006,53056,58470,36654,47302,11324,21513,593132,566726,79211,76451,105680,101708,36981,48,50
2021-10-15T23:59:59+02:00,5601,5222,39062,37539,54298,48786,55071,53603,65632,65516,75329,75261,54286,59885,37450,48410,11687,22267,4667,4372,36191,34814,51607,45883,52772,50927,63326,62808,73158,73000,53052,58466,36651,47301,11324,21512,592999,566662,79211,76449,105680,101701,36969,48,50
2021-10-14T23:59:59+02:00,5543,5163,38927,37419,54162,48685,54979,53521,65563,65432,75266,75206,54255,59864,37442,48393,11680,22252,4549,4256,35907,34485,51387,45658,52620,50754,63181,62661,73062,72922,52995,58419,36627,47270,11319,21503,591967,564564,79194,76410,105680,101687,36865,48,49
2021-10-13T23:59:59+02:00,5503,5129,38892,37376,54128,48649,54952,53486,65538,65407,75245,75180,54243,59852,37435,48385,11676,22248,4518,4229,35867,34444,51361,45617,52584,50718,63147,62625,73029,72892,52971,58403,36618,47247,11318,21492,591559,564129,79181,76373,105680,101671,36858,48,49
2021-10-12T23:59:59+02:00,5469,5106,38818,37331,54069,48580,54911,53438,65505,65373,75209,75142,54228,59835,37425,48369,11670,22238,4498,4204,35811,34391,51314,45561,52548,50682,63110,62583,72989,72845,52946,58374,36595,47223,11312,21479,590965,563535,79179,76367,105680,101668,36846,48,49
2021-10-11T23:59:59+02:00,5415,5054,38654,37198,53934,48465,54804,53353,65430,65311,75161,75113,54216,59816,37414,48358,11668,22234,4406,4123,35583,34175,51126,45373,52414,50548,63013,62469,72904,72781,52907,58336,36581,47195,11307,21466,590007,561942,79177,76365,105680,101663,36688,48,49
2021-10-10T23:59:59+02:00,5396,5044,38607,37158,53892,48424,54784,53322,65413,65292,75145,75093,54213,59811,37410,48355,11667,22228,4387,4116,35549,34154,51105,45346,52396,50531,63003,62457,72891,72767,52903,58327,36576,47185,11304,21462,589682,561720,79174,76357,105678,101659,36674,48,49
2021-10-09T23:59:59+02:00,5396,5043,38607,37158,53892,48424,54784,53322,65413,65292,75145,75093,54213,59811,37410,48355,11667,22228,4387,4116,35548,34154,51104,45346,52396,50531,63001,62457,72891,72767,52903,58327,36576,47185,11304,21462,589681,561719,79174,76355,105678,101658,36674,48,49
2021-10-08T23:59:59+02:00,5388,5030,38588,37138,53878,48409,54777,53318,65402,65283,75133,75084,54211,59808,37408,48350,11666,22227,4380,4107,35534,34135,51092,45331,52390,50520,62992,62450,72885,72761,52901,58325,36574,47181,11304,21460,589538,561601,79174,76353,105678,101657,36662,48,49
2021-10-07T23:59:59+02:00,5319,4944,38412,36985,53752,48283,54665,53215,65303,65193,75064,75035,54192,59771,37384,48326,11659,22213,4229,3938,35158,33786,50843,45020,52191,50252,62795,62254,72716,72603,52834,58255,36547,47131,11291,21435,588218,559365,79145,75585,105677,101650,36629,48,49
2021-10-06T23:59:59+02:00,5283,4916,38367,36944,53719,48246,54620,53177,65253,65158,75037,75013,54173,59757,37377,48310,11653,22204,4209,3921,35117,33750,50819,44991,52170,50229,62766,62239,72691,72586,52812,58225,36528,47111,11284,21423,587739,558983,79139,75584,105675,101647,36608,48,49
2021-10-05T23:59:59+02:00,5251,4891,38286,36870,53654,48183,54569,53112,65189,65101,74992,74965,54135,59729,37357,48279,11644,22171,4178,3892,35050,33680,50772,44928,52135,50185,62713,62201,72651,72546,52780,58187,36498,47058,11276,21400,586984,558300,79120,75583,105675,101645,36553,48,49
2021-10-04T23:59:59+02:00,5188,4833,38070,36700,53482,48065,54454,53008,65119,65032,74926,74917,54105,59695,37342,48261,11635,22156,4066,3755,34743,33331,50526,44683,51947,50008,62553,62049,72534,72447,52723,58126,36443,47002,11264,21381,585890,556035,79108,75582,105674,101645,36270,48,49
2021-10-03T23:59:59+02:00,5177,4819,38047,36676,53449,48030,54429,52994,65102,65014,74915,74904,54098,59682,37337,48248,11635,22151,4050,3751,34692,33295,50476,44639,51909,49960,62511,62011,72494,72415,52706,58102,36431,46986,11262,21373,585640,555554,79106,75582,105671,101634,36244,48,49
2021-10-02T23:59:59+02:00,5175,4810,38043,36669,53441,48026,54426,52991,65099,65013,74911,74901,54098,59680,37337,48248,11635,22151,4049,3751,34690,33293,50468,44637,51905,49959,62509,62011,72493,72414,52706,58101,36431,46986,11262,21373,585602,555545,79106,75581,105671,101634,36229,48,49
2021-10-01T23:59:59+02:00,5167,4793,37997,36641,53408,47998,54403,52966,65068,64998,74884,74884,54088,59675,37334,48245,11632,22149,4045,3748,34671,33281,50450,44629,51891,49945,62496,62003,72476,72402,52697,58095,36428,46984,11260,21371,585356,555461,79104,75579,105669,101628,36155,48,49
2021-09-30T23:59:59+02:00,5076,4730,37789,36437,53240,47834,54259,52837,64963,64879,74814,74826,54073,59645,37323,48227,11629,22142,3968,3673,34528,33130,50357,44502,51815,49831,62411,61910,72409,72343,52685,58065,36420,46959,11257,21361,583825,554880,79085,74970,105666,101623,36102,47,49
2021-09-29T23:59:59+02:00,5053,4709,37754,36396,53192,47786,54221,52790,64931,64841,74785,74798,54056,59622,37312,48216,11625,22130,3952,3656,34500,33094,50329,44476,51793,49810,62390,61880,72388,72323,52676,58056,36415,46949,11255,21353,583363,554592,79073,74966,105666,101618,36070,47,49
2021-09-28T23:59:59+02:00,5030,4685,37693,36339,53151,47734,54186,52748,64887,64797,74740,74763,54018,59586,37293,48193,11617,22119,3938,3640,34444,33056,50295,44447,51767,49788,62364,61859,72351,72293,52647,58018,36393,46922,11252,21341,582803,554199,79071,74960,105666,101613,35994,47,49
2021-09-27T23:59:59+02:00,4954,4625,37495,36161,52966,47568,54064,52638,64784,64690,74641,74685,53990,59558,37281,48175,11615,22108,3805,3481,34018,32668,49987,44123,51538,49539,62166,61673,72220,72167,52606,57958,36372,46891,11250,21331,581747,551683,79050,74959,105666,101612,35490,47,49
2021-09-26T23:59:59+02:00,4951,4619,37473,36131,52936,47549,54050,52622,64768,64680,74629,74675,53983,59547,37280,48172,11615,22103,3796,3474,34003,32661,49974,44108,51531,49529,62152,61667,72212,72160,52602,57950,36371,46886,11248,21327,581571,551568,79030,74951,105664,101610,35473,47,49
2021-09-25T23:59:59+02:00,4948,4616,37467,36127,52933,47545,54046,52619,64766,64676,74625,74673,53982,59544,37279,48171,11615,22102,3796,3473,34000,32661,49973,44108,51531,49528,62152,61666,72210,72160,52602,57949,36371,46886,11248,21327,581528,551562,79028,74951,105664,101610,35469,47,49
2021-09-24T23:59:59+02:00,4945,4613,37448,36113,52912,47531,54024,52607,64747,64665,74612,74663,53975,59541,37276,48167,11615,22098,3792,3467,33990,32646,49958,44099,51511,49513,62139,61660,72192,72151,52595,57942,36365,46879,11248,21325,581409,551456,79028,74949,105661,101609,35409,47,49
2021-09-23T23:59:59+02:00,4816,4493,37042,35692,52559,47198,53731,52333,64504,64448,74426,74533,53913,59485,37247,48123,11606,22078,3759,3425,33805,32476,49738,43947,51342,49408,61988,61555,72076,72074,52558,57917,36341,46858,11246,21317,579071,550785,78985,74925,105661,101606,34465,47,49
2021-09-22T23:59:59+02:00,4787,4470,37000,35636,52491,47121,53663,52273,64437,64395,74367,74481,53884,59462,37239,48106,11604,22073,3742,3413,33769,32433,49695,43890,51282,49357,61933,61515,72029,72041,52540,57899,36335,46847,11244,21316,578633,550527,78977,74922,105658,101605,34177,46,49
2021-09-21T23:59:59+02:00,4771,4447,36942,35587,52424,47056,53618,52223,64371,64344,74309,74427,53841,59430,37225,48080,11599,22064,3721,3399,33736,32381,49661,43843,51243,49312,61887,61477,71990,72000,52511,57875,36324,46829,11243,21309,578079,550161,78968,74920,105656,101600,34011,46,49
2021-09-20T23:59:59+02:00,4667,4383,36603,35283,52100,46747,53382,51997,64158,64153,74150,74314,53776,59375,37204,48045,11592,22058,3516,3211,33225,31948,49283,43505,50958,49005,61632,61265,71823,71848,52455,57810,36301,46784,11236,21299,576228,547450,78963,74915,105655,101594,33097,46,48
2021-09-19T23:59:59+02:00,4654,4378,36590,35272,52089,46738,53367,51985,64146,64148,74140,74303,53773,59369,37201,48042,11591,22058,3506,3203,33204,31931,49279,43495,50950,48993,61618,61254,71811,71838,52449,57806,36300,46782,11236,21296,576120,547327,78956,74911,105652,101593,33072,46,48
2021-09-18T23:59:59+02:00,4654,4378,36587,35271,52087,46737,53367,51984,64146,64148,74139,74303,53773,59369,37201,48042,11591,22058,3505,3203,33201,31931,49275,43493,50950,48993,61618,61254,71810,71838,52448,57806,36300,46782,11236,21296,576117,547321,78956,74911,105652,101593,33066,46,48
2021-09-17T23:59:59+02:00,4647,4365,36571,35247,52065,46719,53356,51965,64129,64139,74124,74284,53764,59362,37198,48037,11590,22057,3504,3199,33191,31914,49263,43483,50946,48984,61614,61250,71802,71826,52441,57804,36300,46781,11236,21294,575953,547268,78956,74911,105652,101591,33014,46,48
2021-09-16T23:59:59+02:00,4496,4214,36201,34884,51809,46419,53144,51700,63945,63954,73966,74134,53709,59302,37181,48002,11587,22045,3436,3158,33063,31808,49181,43376,50867,48901,61553,61195,71751,71793,52426,57790,36291,46769,11235,21290,573511,546431,78499,74831,105651,101586,32987,46,48
2021-09-15T23:59:59+02:00,4453,4176,36133,34810,51764,46366,53078,51644,63895,63905,73926,74091,53691,59281,37171,47992,11586,22039,3393,3126,33009,31758,49131,43324,50810,48851,61507,61151,71721,71762,52418,57769,36281,46760,11235,21284,573136,546095,78412,74816,105651,101573,32758,46,48
2021-09-14T23:59:59+02:00,4412,4136,36070,34756,51714,46295,53036,51593,63849,63859,73881,74049,53666,59262,37156,47973,11584,22035,3347,3098,32943,31687,49086,43275,50776,48805,61453,61113,71685,71721,52395,57745,36272,46746,11234,21281,572592,545540,78342,74810,105650,101566,32698,46,48
2021-09-13T23:59:59+02:00,4262,3957,35698,34322,51440,45977,52817,51359,63639,63649,73745,73923,53611,59192,37118,47939,11583,22027,3057,2846,32475,31215,48852,43025,50594,48604,61306,60930,71544,71610,52342,57686,36256,46710,11228,21271,569985,542547,77914,74731,105649,101560,32665,46,48
2021-09-12T23:59:59+02:00,4253,3947,35675,34306,51424,45954,52799,51342,63625,63632,73736,73913,53608,59186,37113,47938,11583,22026,3040,2838,32449,31197,48836,43007,50584,48596,61295,60915,71528,71598,52335,57678,36250,46708,11225,21271,569835,542391,77898,74723,105638,101545,32644,46,47
2021-09-11T23:59:59+02:00,4250,3944,35671,34302,51423,45952,52793,51335,63623,63627,73734,73907,53604,59181,37113,47936,11583,22026,3037,2837,32440,31193,48833,43004,50580,48592,61292,60911,71525,71595,52333,57676,36250,46706,11225,21271,569808,542370,77898,74723,105638,101545,32615,46,47
2021-09-10T23:59:59+02:00,4249,3943,35557,34201,51227,45800,52600,51193,63447,63512,73600,73817,53566,59142,37093,47918,11581,22021,3027,2827,32313,31081,48633,42840,50382,48455,61102,60788,71391,71501,52291,57633,36228,46685,11222,21266,569748,542216,77896,74720,105637,101542,31141,46,46
2021-09-09T23:59:59+02:00,4221,3904,35476,34133,51171,45729,52539,51104,63389,63454,73560,73779,53542,59114,37079,47899,11579,22017,2994,2796,32219,31013,48589,42791,50330,48414,61061,60754,71350,71469,52272,57619,36220,46670,11221,21262,569135,541734,77861,74713,105617,101520,31031,46,46
2021-09-08T23:59:59+02:00,4196,3884,35442,34091,51146,45698,52521,51077,63355,63421,73539,73756,53535,59099,37072,47888,11579,22014,2976,2780,32160,30983,48550,42765,50302,48382,61025,60726,71334,71449,52259,57606,36210,46659,11218,21244,568786,541358,77861,74712,105617,101508,31004,46,46
2021-09-07T23:59:59+02:00,4183,3870,35402,34047,51113,45667,52497,51051,63329,63396,73503,73726,53523,59083,37056,47874,11577,22008,2954,2762,32113,30934,48515,42729,50262,48345,61001,60696,71300,71420,52246,57590,36201,46646,11215,21240,568409,540939,77860,74710,105617,101500,30974,46,46
2021-09-06T23:59:59+02:00,4007,3686,34922,33576,50735,45276,52231,50748,63101,63155,73344,73576,53460,59002,37037,47834,11574,21999,2913,2707,31906,30751,48311,42571,50119,48203,60887,60577,71205,71332,52200,57544,36185,46627,11210,21227,565595,540079,77860,74708,105617,101496,30146,46,46
2021-09-05T23:59:59+02:00,3999,3674,34903,33561,50731,45268,52219,50740,63089,63145,73329,73571,53455,58994,37031,47827,11572,21995,2905,2697,31886,30732,48292,42556,50106,48195,60876,60567,71195,71327,52194,57532,36182,46622,11209,21225,565458,539940,77859,74706,105617,101482,30124,46,46
2021-09-04T23:59:59+02:00,3999,3674,34902,33561,50730,45268,52218,50739,63089,63145,73329,73571,53455,58994,37031,47827,11572,21995,2905,2697,31885,30730,48292,42556,50104,48193,60876,60567,71194,71327,52194,57532,36182,46622,11209,21225,565456,539936,77859,74704,105617,101482,30122,46,46
2021-09-03T23:59:59+02:00,3951,3627,34738,33427,50576,45143,52107,50622,62940,63022,73204,73471,53415,58946,37010,47806,11568,21992,2828,2608,31610,30538,48088,42387,49932,48027,60670,60395,71049,71181,52140,57475,36157,46599,11207,21221,565316,539802,77260,73457,105606,101469,29338,46,46
2021-09-02T23:59:59+02:00,3925,3597,34678,33379,50541,45102,52075,50589,62900,62982,73165,73444,53395,58934,37001,47788,11568,21986,2812,2583,31540,30476,48038,42339,49891,47983,60615,60343,71008,71154,52122,57460,36148,46591,11206,21216,564903,539409,77238,73453,105606,101360,29257,46,46
2021-09-01T23:59:59+02:00,3909,3583,34649,33346,50518,45075,52057,50567,62880,62949,73138,73426,53386,58925,36998,47780,11568,21985,2784,2564,31490,30437,48005,42311,49859,47958,60583,60319,70985,71123,52103,57441,36138,46584,11206,21213,564639,539060,77234,73447,105604,101333,29217,46,46
2021-08-31T23:59:59+02:00,3882,3570,34609,33298,50491,45039,52029,50535,62852,62917,73108,73394,53365,58903,36990,47767,11565,21984,2775,2552,31430,30404,47978,42286,49836,47940,60555,60303,70970,71096,52089,57431,36135,46577,11203,21206,564246,538783,77234,73443,105603,101324,29170,46,46
2021-08-30T23:59:59+02:00,3656,3360,34019,32780,50067,44658,51680,50189,62559,62655,72902,73216,53282,58817,36959,47720,11562,21976,2717,2492,31144,30140,47679,42052,49610,47770,60369,60171,70816,70992,52021,57385,36116,46546,11200,21199,561243,537685,77234,73440,105602,101314,27934,45,46
2021-08-29T23:59:59+02:00,3650,3352,33997,32760,50050,44649,51664,50169,62549,62641,72892,73200,53274,58812,36957,47713,11562,21974,2711,2491,31123,30119,47656,42025,49589,47753,60352,60154,70804,70981,52018,57376,36113,46545,11200,21197,561099,537564,77232,73438,105601,101270,27889,45,46
2021-08-28T23:59:59+02:00,3650,3352,33994,32760,50045,44648,51663,50167,62548,62638,72890,73199,53272,58810,36957,47713,11562,21974,2711,2488,31114,30110,47651,42023,49586,47750,60349,60150,70801,70979,52017,57372,36113,46545,11200,21197,561090,537528,77232,73437,105601,101270,27875,45,46
2021-08-27T23:59:59+02:00,3646,3346,33985,32741,50042,44644,51652,50160,62541,62633,72873,73193,53268,58807,36956,47712,11561,21973,2703,2485,31096,30092,47643,42013,49577,47741,60342,60142,70789,70978,52015,57371,36112,46544,11199,21197,561015,537450,77232,73435,105601,101267,27841,45,46
2021-08-26T23:59:59+02:00,3621,3318,33945,32689,50015,44608,51611,50111,62495,62609,72841,73163,53258,58797,36949,47710,11560,21969,2629,2391,30798,29822,47423,41801,49401,47585,60226,60041,70705,70907,51980,57337,36095,46520,11197,21193,560666,535620,77205,73429,105600,101202,27754,45,46
2021-08-25T23:59:59+02:00,3580,3294,33894,32644,49988,44562,51575,50082,62456,62574,72805,73139,53249,58779,36944,47695,11559,21968,2366,2170,30041,29120,46978,41387,49074,47293,60002,59816,70529,70756,51913,57261,36073,46485,11188,21185,560233,531282,77205,73426,105600,101179,27705,45,45
2021-08-24T23:59:59+02:00,3540,3271,33835,32585,49957,44520,51547,50034,62411,62525,72761,73092,53228,58754,36931,47682,11557,21960,2289,2106,29807,28897,46846,41255,48966,47186,59910,59722,70444,70657,51867,57215,36053,46473,11184,21182,559741,529844,77202,73420,105598,101145,27605,45,45
2021-08-23T23:59:59+02:00,3235,3003,33196,31962,49531,44121,51204,49728,62086,62229,72469,72860,53131,58665,36892,47619,11546,21951,2229,2053,29386,28502,46459,40957,48724,46974,59641,59513,70221,70509,51791,57144,36029,46430,11178,21176,556666,528390,77198,73417,105596,101140,25924,45,45
2021-08-22T23:59:59+02:00,3224,2995,33185,31956,49521,44111,51196,49722,62081,62222,72464,72858,53127,58662,36890,47617,11546,21950,2225,2050,29361,28484,46439,40948,48714,46963,59630,59505,70214,70505,51782,57140,36026,46427,11178,21176,556600,528289,77194,73408,105591,101126,25899,44,45
2021-08-21T23:59:59+02:00,3222,2995,33180,31954,49519,44110,51195,49719,62078,62221,72463,72857,53127,58662,36890,47617,11546,21950,2224,2048,29347,28472,46433,40944,48708,46959,59626,59505,70214,70504,51781,57140,36026,46427,11178,21176,556585,528248,77194,73401,105591,101126,25892,44,45
2021-08-20T23:59:59+02:00,3206,2984,33056,31859,49328,43973,51022,49610,61897,62092,72315,72775,53079,58620,36875,47599,11543,21946,2197,2034,28805,27972,45955,40573,48427,46749,59369,59320,70007,70379,51696,57082,35996,46399,11174,21169,556358,526544,77194,73226,105591,100894,24594,43,45
2021-08-19T23:59:59+02:00,3179,2961,33004,31819,49294,43937,50974,49570,61852,62054,72266,72736,53053,58600,36868,47584,11539,21939,2109,1952,27863,27118,45170,39972,48001,46388,59034,59045,69731,70157,51596,56992,35954,46351,11169,21164,555942,522166,77159,72252,105586,100803,24500,43,45
2021-08-18T23:59:59+02:00,3158,2942,32954,31775,49258,43902,50935,49534,61808,62017,72221,72709,53024,58583,36854,47570,11538,21934,2010,1854,26570,25819,44243,39099,47294,45648,58353,58461,69246,69701,51408,56772,35877,46258,11157,21147,555508,516636,77138,69044,105583,100747,24445,43,45
2021-08-17T23:59:59+02:00,3134,2919,32885,31711,49212,43834,50892,49499,61761,61971,72184,72669,53001,58559,36841,47558,11535,21929,1881,1744,25283,24428,43366,38408,46692,45166,57819,58019,68813,69375,51272,56588,35801,46179,11141,21133,554958,511014,77133,66959,105582,100711,24379,43,45
2021-08-16T23:59:59+02:00,3122,2898,32868,31692,49188,43811,50883,49481,61741,61953,72162,72654,52991,58551,36839,47547,11533,21925,1789,1659,23846,23038,42464,37565,46412,44873,57593,57758,68605,69216,51199,56502,35770,46135,11139,21119,554727,504654,77130,66926,105580,100697,24360,43,45
2021-08-15T23:59:59+02:00,3114,2886,32854,31674,49177,43805,50873,49470,61725,61937,72147,72642,52987,58542,36836,47547,11533,21925,1505,1402,21417,20585,41709,37023,46045,44498,57262,57459,68319,68959,51087,56399,35733,46079,11136,21109,554590,495911,77129,66746,105570,100681,24343,43,45
2021-08-14T23:59:59+02:00,3114,2885,32849,31671,49171,43803,50870,49468,61720,61934,72143,72635,52987,58542,36835,47547,11533,21925,1503,1394,21391,20558,41671,36990,46028,44483,57247,57447,68306,68948,51085,56396,35732,46078,11136,21108,554580,495717,77127,66745,105570,100681,24313,43,45
2021-08-13T23:59:59+02:00,3100,2868,32806,31642,49147,43790,50848,49451,61687,61903,72121,72615,52981,58535,36832,47542,11532,21922,1478,1369,21271,20471,41582,36892,45965,44430,57199,57407,68265,68915,51068,56384,35723,46070,11135,21106,554423,495121,77126,66742,105569,100660,24162,43,45
2021-08-12T23:59:59+02:00,3082,2838,32759,31593,49115,43748,50811,49421,61633,61875,72085,72580,52966,58516,36815,47533,11531,21919,1393,1309,20798,20159,40630,36079,45596,44100,56980,57227,68088,68751,50995,56301,35693,46026,11130,21099,554014,490880,77122,66738,105566,100615,24076,43,45
2021-08-11T23:59:59+02:00,3040,2807,32703,31548,49082,43714,50786,49397,61605,61844,72057,72552,52944,58490,36803,47524,11530,21912,1169,1129,19902,19275,39301,34888,44991,43521,56617,56899,67795,68477,50873,56164,35655,45967,11128,21086,553599,483452,77116,66733,105566,100592,24015,43,45
2021-08-10T23:59:59+02:00,3024,2788,32650,31503,49051,43682,50756,49364,61585,61803,72019,72507,52922,58474,36792,47501,11529,21907,923,885,18872,18309,37202,33020,44104,42644,56162,56499,67404,68130,50723,56011,35594,45871,11123,21066,553138,473196,77115,66731,105565,100573,23997,43,45
2021-08-09T23:59:59+02:00,3009,2781,32621,31479,49023,43662,50728,49345,61565,61786,71999,72486,52912,58465,36787,47491,11527,21906,493,474,17447,16897,34217,30599,43438,42011,55753,56136,67071,67803,50580,55862,35543,45821,11118,21048,552886,461007,77113,66727,105560,100561,23971,43,45
2021-08-08T23:59:59+02:00,3006,2781,32607,31466,49011,43655,50723,49339,61554,61778,71995,72485,52911,58462,36787,47488,11527,21905,490,471,17419,16867,34196,30584,43401,41981,55739,56123,67062,67798,50575,55857,35542,45818,11117,21047,552822,460823,77113,66721,105547,100542,23956,43,45
2021-08-07T23:59:59+02:00,3005,2776,32599,31455,49009,43647,50717,49338,61551,61775,71988,72483,52910,58460,36786,47488,11527,21905,487,467,17387,16834,34170,30564,43365,41950,55717,56105,67051,67791,50570,55855,35540,45818,11117,21046,552772,460585,77113,66718,105547,100541,23945,43,45
2021-08-06T23:59:59+02:00,2916,2684,32250,31227,48749,43453,50458,49108,61263,61570,71714,72316,52778,58357,36732,47436,11524,21896,479,465,17177,16690,33458,30081,42893,41581,55374,55878,66742,67613,50440,55761,35491,45782,11114,21039,552700,458903,76001,66427,105543,100538,22145,43,45
2021-08-05T23:59:59+02:00,2870,2645,32090,31107,48657,43363,50378,49053,61210,61525,71662,72275,52752,58338,36723,47418,11522,21894,451,432,16944,16438,31597,28646,41849,40625,55099,55532,66529,67440,50376,55684,35468,45743,11107,21030,551815,452085,75998,66352,105533,100414,22094,43,45
2021-08-04T23:59:59+02:00,2795,2569,31825,30915,48468,43225,50227,48943,61132,61448,71598,72219,52722,58298,36710,47403,11519,21889,425,409,16659,16190,31250,28421,40657,39550,54710,55200,66350,67288,50314,55602,35438,45715,11104,21023,550516,447764,75997,66333,105531,100341,21823,39,44
2021-08-03T23:59:59+02:00,2608,2388,31310,30449,48217,42978,50051,48751,60971,61277,71452,72072,52668,58226,36688,47374,11509,21875,375,345,16221,15742,30660,27892,38921,37929,54019,54554,66016,66976,50218,55473,35391,45663,11099,21013,547565,440078,75995,66325,105528,100322,21738,39,44
2021-08-02T23:59:59+02:00,2497,2293,30996,30163,48015,42795,49898,48623,60864,61171,71364,71990,52635,58194,36666,47355,11508,21872,333,312,15916,15470,30323,27538,36778,36104,53460,54039,65809,66801,50145,55387,35369,45635,11097,21009,545624,433229,75992,66320,105523,100212,21722,39,42
2021-08-01T23:59:59+02:00,2493,2289,30984,30154,47996,42782,49885,48614,60851,61161,71354,71984,52630,58185,36662,47355,11508,21872,320,302,15791,15345,30186,27421,34476,34250,53163,53785,65716,66732,50104,55346,35362,45616,11096,21007,545561,427779,75988,66315,105476,100187,21696,39,41
2021-07-31T23:59:59+02:00,2493,2289,30979,30150,47993,42780,49883,48614,60850,61161,71354,71982,52627,58182,36662,47355,11508,21871,319,302,15777,15333,30151,27393,34464,34243,53145,53777,65704,66727,50100,55341,35362,45615,11095,21006,545541,427625,75988,66314,105475,100183,21691,39,41
2021-07-30T23:59:59+02:00,2479,2284,30931,30103,47961,42759,49859,48590,60816,61131,71318,71964,52618,58171,36662,47355,11508,21869,317,297,15615,15029,29884,27078,34282,33995,52944,53483,65538,66524,50054,55295,35352,45603,11095,21004,545365,427251,75982,66304,105472,98272,21521,39,41
2021-07-29T23:59:59+02:00,2447,2264,30774,30009,47875,42698,49807,48523,60754,61089,71271,71918,52598,58152,36654,47339,11505,21864,294,275,15297,14747,29568,26857,32995,33047,52158,52869,65182,66256,49955,55202,35309,45546,11090,20996,544691,424536,75975,63563,105461,98127,21376,39,41
2021-07-28T23:59:59+02:00,2400,2227,30621,29899,47791,42630,49733,48449,60681,61010,71204,71861,52574,58114,36635,47320,11504,21859,263,255,14891,14370,29127,26542,32624,32715,51448,52254,64790,65930,49860,55099,35275,45489,11074,20977,543739,420382,75971,63508,105453,97741,21311,39,41
2021-07-27T23:59:59+02:00,2322,2154,30381,29631,47640,42451,49588,48311,60569,60886,71104,71773,52515,58053,36607,47281,11496,21851,187,165,14246,13715,28362,25911,31873,32061,50195,51158,64055,65363,49672,54892,35207,45374,11067,20957,541906,412033,75961,63482,105447,97643,21261,39,41
2021-07-26T23:59:59+02:00,2261,2099,30178,29400,47522,42322,49513,48227,60504,60822,71052,71727,52489,58021,36595,47268,11494,21842,150,138,13883,13342,28002,25619,31257,31647,48637,49783,63078,64535,49467,54687,35139,45293,11057,20944,540671,404305,75958,63475,105443,97611,21226,39,41
2021-07-25T23:59:59+02:00,2015,1897,29357,28725,47128,42005,49226,47940,60270,60597,70868,71569,52433,57946,36568,47226,11493,21834,147,136,13790,13281,27905,25554,31173,31579,48517,49719,62990,64483,49444,54669,35132,45284,11057,20943,536483,403663,75958,63467,105436,97450,21182,39,41
2021-07-24T23:59:59+02:00,1934,1829,29100,28494,46978,41899,49109,47839,60112,60479,70739,71489,52384,57916,36550,47205,11491,21834,146,130,13656,13164,27705,25418,31011,31449,48303,49550,62826,64389,49400,54639,35117,45266,11055,20941,535787,403045,75955,63464,105435,97449,20166,39,41
2021-07-23T23:59:59+02:00,1819,1709,28770,28168,46735,41743,48855,47626,59860,60293,70536,71362,52309,57845,36531,47169,11487,21825,136,122,13403,12930,27273,25099,30628,31140,47698,49063,62497,64150,49316,54573,35095,45223,11050,20932,534785,400616,75580,63410,105424,97446,18815,39,41
2021-07-22T23:59:59+02:00,1807,1702,28689,28088,46595,41603,48639,47414,59682,60149,70417,71233,52266,57808,36515,47152,11487,21825,118,117,13174,12665,26935,24766,30274,30820,45769,47500,61691,63449,49220,54471,35057,45179,11047,20922,534468,393901,74431,63259,105380,97219,18754,39,41
2021-07-21T23:59:59+02:00,1773,1660,28427,27881,46207,41265,48046,46858,59097,59670,69961,70844,52095,57648,36457,47094,11478,21812,103,107,12750,12215,26350,24223,29698,30252,42033,44253,60204,62176,49051,54290,34993,45096,11037,20895,533910,382235,71160,62740,105226,96771,17939,39,41
2021-07-20T23:59:59+02:00,1750,1645,28307,27745,46143,41207,47998,46819,59041,59622,69907,70798,52061,57620,36440,47069,11473,21805,87,80,12250,11679,25613,23532,29043,29501,38579,41259,58657,60711,48847,54067,34911,45003,11019,20875,533222,371819,71138,59360,105208,96649,17844,39,41
2021-07-19T23:59:59+02:00,1745,1644,28280,27705,46121,41195,47984,46807,59028,59606,69895,70796,52059,57616,36440,47065,11471,21805,86,78,12202,11646,25546,23496,29007,29467,38534,41226,58616,60684,48843,54059,34910,45000,11016,20874,533077,371492,71137,59344,105191,96594,17819,39,41
2021-07-18T23:59:59+02:00,1741,1637,28255,27680,46097,41185,47972,46798,59022,59597,69888,70788,52057,57615,36439,47064,11471,21804,86,77,12139,11620,25461,23453,28947,29434,38473,41199,58556,60642,48841,54054,34907,44999,11016,20874,532956,371151,71135,59313,105183,96475,17798,39,41
2021-07-17T23:59:59+02:00,1741,1635,28232,27666,46083,41173,47961,46793,59014,59591,69881,70784,52053,57611,36438,47064,11471,21804,84,75,12111,11606,25426,23417,28914,29415,38450,41181,58520,60618,48831,54046,34905,44999,11016,20874,532873,370899,71134,59309,105182,96471,17768,39,41
2021-07-16T23:59:59+02:00,1726,1614,27967,27473,45794,41007,47729,46624,58713,59390,69649,70643,51947,57540,36394,47028,11466,21802,84,72,11861,11411,25091,23176,28608,29186,38049,40907,58012,60195,48694,53933,34853,44949,11010,20870,532558,369692,71133,59305,105049,96195,15728,39,41
2021-07-15T23:59:59+02:00,1628,1501,27503,27088,45533,40772,47581,46510,58572,59277,69547,70557,51906,57497,36379,47005,11465,21795,76,65,11561,11180,24609,22837,28240,28916,37656,40626,55961,58147,48523,53731,34794,44865,11002,20859,530233,362739,71131,59212,105041,95983,15673,39,41
2021-07-14T23:59:59+02:00,1461,1369,26937,26549,45228,40481,47376,46325,58388,59080,69386,70411,51844,57438,36354,46975,11459,21790,70,57,11368,10985,24200,22480,27887,28596,37133,40224,54740,56966,48385,53580,34743,44801,10994,20837,527057,359018,71125,57541,105022,95837,15609,39,41
2021-07-13T23:59:59+02:00,1174,1064,25985,25654,44735,40069,47017,46004,58065,58795,69113,70165,51733,57312,36311,46920,11455,21775,58,42,11024,10643,23669,21927,27264,28006,35752,39033,50600,53056,48021,53192,34612,44651,10977,20808,521668,349726,71118,52332,105019,95733,15503,39,41
2021-07-12T23:59:59+02:00,710,667,24608,24401,44176,39583,46817,45789,57852,58601,68930,69995,51671,57221,36294,46894,11453,21767,50,39,10786,10534,23466,21787,27010,27870,35501,38863,50157,52635,47946,53106,34581,44615,10977,20802,515784,348254,71117,52303,105013,94649,15478,38,41
2021-07-11T23:59:59+02:00,707,662,24589,24380,44144,39561,46799,45776,57838,58588,68916,69992,51669,57218,36291,46890,11452,21767,48,39,10691,10445,23244,21660,26744,27771,35190,38781,49440,52148,46459,51517,34491,44507,10977,20800,515695,347740,71113,52255,104997,89519,15397,38,41
2021-07-10T23:59:59+02:00,705,657,24581,24374,44139,39552,46796,45773,57832,58587,68916,69991,51669,57218,36291,46890,11452,21767,45,38,10678,10434,23222,21639,26730,27760,35168,38776,49426,52143,46445,51501,34489,44506,10977,20800,515660,347631,71111,52254,104995,89464,15387,38,41
2021-07-09T23:59:59+02:00,698,647,24130,23914,43860,39311,46729,45713,57772,58546,68864,69966,51652,57205,36288,46882,11451,21766,45,38,10596,10263,23126,21450,26669,27550,35100,38559,49360,52039,46423,51476,34485,44503,10977,20799,513897,346393,71107,52241,104988,89418,15365,38,41
2021-07-08T23:59:59+02:00,632,581,23043,22912,43063,38712,46479,45511,57565,58403,68667,69827,51574,57139,36260,46859,11449,21758,40,33,10337,10073,22749,21194,26272,27284,34620,38245,48749,51515,46085,51109,34415,44425,10970,20777,509227,342804,71080,52088,104930,88799,15160,38,41
2021-07-07T23:59:59+02:00,579,535,21722,21524,42324,38025,46254,45289,57325,58211,68501,69666,51490,57056,36223,46805,11441,21744,33,29,9964,9764,21874,20601,25160,26491,32782,36875,47829,50626,45585,50571,34308,44285,10962,20759,503846,337861,70907,47704,104909,87878,15015,38,40
2021-07-06T23:59:59+02:00,522,472,20488,20244,41469,37380,45777,44937,56929,57905,68173,69409,51391,56930,36179,46754,11433,21735,25,24,9571,9384,21005,20004,24194,25832,31296,35679,46627,49422,44803,49785,34172,44109,10949,20739,499365,330510,68972,45603,104889,86603,14864,38,40
2021-07-05T23:59:59+02:00,485,444,19076,18870,40602,36577,45560,44710,56745,57702,68012,69282,51335,56874,36158,46725,11431,21728,23,20,9278,9128,20446,19618,23525,25409,30656,35251,45868,48804,44048,48994,34042,43920,10940,20727,493638,324717,68970,45581,104882,85569,14790,37,40
2021-07-04T23:59:59+02:00,478,438,17286,16868,40262,36349,45472,44635,56659,57633,67932,69213,51303,56848,36148,46704,11429,21726,23,20,9216,9075,20306,19555,23353,25331,30397,35173,45071,48674,42682,47641,33963,43846,10938,20721,488814,324256,68944,45536,104867,81432,14721,37,40
2021-07-03T23:59:59+02:00,478,436,17264,16837,40213,36302,45453,44618,56654,57628,67925,69206,51301,56845,36148,46704,11429,21725,22,20,9172,9031,20238,19486,23291,25265,30314,35093,44850,48498,42613,47565,33918,43787,10935,20721,488618,323290,68942,45535,104866,81251,14703,37,40
2021-07-02T23:59:59+02:00,458,413,17147,16726,39748,35919,45337,44518,56600,57587,67877,69175,51289,56840,36142,46692,11429,21724,22,18,9010,8858,19913,19203,22899,24886,29896,34677,44223,47851,42409,47336,33819,43651,10929,20717,487108,320276,68924,44500,104864,80814,14688,37,39
2021-07-01T23:59:59+02:00,406,373,16839,16442,38012,34586,44763,44018,56339,57378,67702,69006,51209,56749,36114,46654,11425,21716,17,13,8633,8459,19050,18490,21929,24031,28511,33482,41190,44876,41411,46251,33204,42924,10912,20688,481623,312764,68848,39618,104842,77269,14381,37,39
2021-06-30T23:59:59+02:00,358,328,16550,16195,35828,32763,44140,43389,56114,57183,67498,68814,51128,56657,36085,46600,11421,21700,16,12,8271,8125,18375,17862,21039,23198,27230,32215,36541,40003,40330,45103,32543,42135,10891,20661,474785,302251,68803,33586,104822,74370,14304,37,39
2021-06-29T23:59:59+02:00,318,291,16324,15994,34833,31681,43688,42944,55932,57019,67326,68665,51052,56584,36046,46556,11413,21693,14,9,7687,7518,17244,16932,19781,21981,25528,30533,33795,36872,37478,42054,31799,41242,10868,20623,470580,286028,68795,33537,104808,68216,14139,37,38
2021-06-28T23:59:59+02:00,309,269,16173,15834,33121,30273,43367,42650,55766,56878,67210,68558,51006,56532,36028,46535,11410,21681,13,7,7383,7260,16686,16555,19388,21666,25020,30145,33205,36370,36099,40562,31011,40308,10864,20612,466163,282979,68770,33485,104787,62809,13843,37,38
2021-06-27T23:59:59+02:00,309,269,16152,15808,32970,30186,43304,42623,55730,56869,67184,68550,51002,56528,36025,46534,11410,21680,12,7,7339,7231,16550,16488,19224,21603,24820,30071,32977,36230,34839,39287,29381,38384,10863,20611,465844,282808,68766,33446,104781,55920,13705,37,38
2021-06-26T23:59:59+02:00,307,267,16128,15780,32946,30168,43258,42579,55705,56853,67178,68547,51001,56527,36023,46533,11410,21680,11,7,7335,7218,16530,16477,19208,21592,24787,30048,32957,36210,34825,39273,29379,38381,10863,20611,465606,282609,68762,33446,104781,55915,13704,37,38
2021-06-25T23:59:59+02:00,300,265,16067,15729,32824,30067,43064,42418,55648,56807,67136,68523,50991,56516,36019,46532,11410,21680,11,7,7146,6940,16245,15969,18939,20936,24417,29115,32568,35486,34663,39055,29356,38350,10863,20611,464756,279918,68758,33435,104764,53605,13681,37,38
2021-06-24T23:59:59+02:00,279,252,15793,15523,32368,29777,41594,41173,55181,56451,66903,68362,50936,56460,36003,46504,11405,21670,10,7,6824,6706,15544,15521,17486,19913,22333,27554,31466,34589,34257,38627,29232,38168,10851,20596,460182,270184,68753,33385,104760,53175,12902,37,38
2021-06-23T23:59:59+02:00,264,235,15511,15229,31862,29376,39491,39349,54637,55907,66652,68142,50847,56351,35963,46458,11400,21657,9,5,6618,6540,15180,15245,16959,19464,21448,26752,29763,33221,33499,37771,29040,37927,10844,20581,453111,262350,68702,33293,104755,52459,12726,37,38
2021-06-22T23:59:59+02:00,242,200,15129,14835,31196,28742,36055,36302,53724,55103,66350,67837,50740,56229,35924,46401,11396,21643,6,4,6435,6326,14776,14915,16154,18744,20030,25437,28156,31564,32697,36794,28500,37321,10826,20549,442175,252225,68669,33208,104748,51344,12419,37,38
2021-06-21T23:59:59+02:00,227,194,14885,14657,30509,28278,33894,34337,53259,54676,66170,67719,50659,56155,35898,46379,11391,21638,6,4,6338,6242,14615,14795,15982,18606,19908,25324,28046,31476,32541,36654,27289,36082,10826,20546,435341,251535,68647,33159,104717,48365,12183,37,38
2021-06-20T23:59:59+02:00,220,193,14760,14567,28607,26938,33284,33888,53170,54581,66101,67682,50636,56127,35890,46375,11390,21636,6,4,5881,5942,13668,14154,15148,18013,19351,24967,27729,31273,32374,36471,27262,36051,10824,20542,430956,246509,68643,33124,104714,48293,11696,36,38
2021-06-19T23:59:59+02:00,214,188,14735,14534,28490,26853,33255,33861,53148,54565,66085,67671,50630,56118,35888,46370,11389,21634,6,4,5668,5782,13107,13745,14540,17533,19022,24765,27534,31102,32295,36371,27245,36037,10824,20542,430546,242984,68641,33119,104714,48290,11691,36,38
2021-06-18T23:59:59+02:00,212,179,14645,14450,28383,26782,32004,32958,52781,54258,65951,67577,50599,56084,35870,46344,11385,21630,6,4,5601,5704,13006,13659,14374,17406,18786,24536,26714,30434,32088,36134,27179,35961,10820,20535,430038,240030,65675,33005,104704,48235,11639,36,38
2021-06-17T23:59:59+02:00,198,163,14268,14185,27793,26529,31516,32697,51993,53692,65526,67311,50518,55983,35836,46303,11379,21617,5,4,5220,5446,12222,13183,13585,16794,17695,23607,24554,28471,31446,35397,26980,35684,10803,20520,426830,231005,65668,32727,104680,47552,10294,35,38
2021-06-16T23:59:59+02:00,169,135,13839,13778,27330,26172,31071,32341,51181,52990,65071,66921,50399,55863,35807,46246,11368,21605,5,4,4853,5008,11505,12513,12791,16098,16591,22483,21580,25604,30374,34188,26682,35280,10788,20479,421963,216942,65622,32698,104672,47155,9994,35,37
2021-06-15T23:59:59+02:00,106,82,13206,13152,26585,25594,30292,31746,49929,51925,64358,66396,50221,55665,35740,46134,11359,21586,5,4,4355,4380,10540,11576,11636,14718,14861,20780,18147,22296,29000,32750,26295,34758,10763,20435,414250,198314,65602,32580,104667,46846,9522,35,37
2021-06-14T23:59:59+02:00,76,61,12800,12778,26173,25269,29630,31279,48137,50455,63307,65563,50005,55439,35663,46058,11351,21574,5,4,4254,4324,10363,11443,11494,14586,14682,20657,17953,22136,28927,32669,26277,34730,10759,20432,406375,197867,65592,32308,104667,46534,8949,35,37
2021-06-13T23:59:59+02:00,75,60,12756,12734,26102,25233,29567,31253,48084,50430,63272,65539,49999,55436,35661,46054,11350,21571,5,4,4098,4245,10035,11312,11171,14475,14384,20544,17552,21791,27413,31025,26137,34535,10755,20421,406172,197115,65516,27632,104660,46325,8793,35,37
2021-06-12T23:59:59+02:00,75,59,12738,12717,26086,25223,29555,31240,48024,50359,63230,65504,49998,55433,35661,46054,11350,21571,5,4,4095,4236,10020,11295,11162,14460,14365,20527,17530,21782,27372,30980,26132,34530,10755,20421,405875,196927,65516,27630,104658,46284,8793,35,37
2021-06-11T23:59:59+02:00,73,56,12637,12590,25959,25108,29432,31114,47786,50132,63098,65385,49974,55407,35650,46043,11348,21569,5,4,4002,3964,9502,10105,10733,13550,14077,19971,17257,21305,26964,30556,26040,34448,10752,20419,404599,195882,65506,27625,104617,41506,8604,35,37
2021-06-10T23:59:59+02:00,65,49,12395,12370,25635,24823,29086,30845,46710,49116,62364,64815,49889,55311,35616,45991,11338,21556,5,3,3732,3598,8734,8860,9841,11910,12772,17206,15464,17696,25238,28631,25744,34141,10746,20395,399709,190347,65449,27186,104414,28780,8367,35,36
2021-06-09T23:59:59+02:00,51,37,12101,12046,25226,24417,28688,30452,44696,47292,61274,63877,49784,55188,35570,45937,11333,21538,5,3,3482,3473,8309,8608,9328,11590,12255,16813,14751,17096,21400,24306,25517,33839,10734,20369,391721,178749,65322,26837,104412,28241,8017,35,34
2021-06-08T23:59:59+02:00,45,26,11669,11505,24558,23793,28029,29787,41523,44447,59496,62241,49613,54996,35496,45846,11323,21516,5,3,3272,3337,7909,8352,8708,11217,11592,16394,14092,16450,16016,18343,25125,33314,10716,20339,379033,163536,65259,26503,104402,27935,7180,35,30
2021-06-07T23:59:59+02:00,40,19,11505,11308,24208,23516,27745,29579,38896,42517,59068,61879,49579,54965,35484,45825,11321,21510,5,3,3176,3266,7603,8180,8389,11040,11018,15942,13587,15971,15938,18263,25094,33263,10714,20332,373368,163215,64832,24678,104393,27525,6336,35,30
2021-06-06T23:59:59+02:00,37,18,11369,11203,23885,23285,27533,29407,37301,41333,58943,61801,49555,54936,35476,45811,11321,21508,5,3,3076,3214,7327,8091,8121,10871,10278,15259,12987,15349,15786,18151,25080,33240,10712,20332,372961,163096,61454,21512,104382,27355,5890,35,29
2021-06-05T23:59:59+02:00,35,17,11350,11183,23841,23246,27498,29380,37272,41319,58843,61717,49545,54929,35474,45809,11321,21505,5,3,3063,3202,7303,8057,8090,10853,10246,15244,12942,15326,15664,17986,25075,33232,10711,20331,372618,162656,61451,21511,104382,27339,5798,35,29
2021-06-04T23:59:59+02:00,35,15,11168,10924,23481,22780,27220,28984,36844,40870,58222,61177,49511,54888,35464,45791,11319,21499,5,2,3039,3187,7274,8038,8066,10834,10215,15220,12907,15292,15452,17779,25064,33211,10709,20330,370818,162068,59181,21498,104368,27241,5790,35,27
2021-06-03T23:59:59+02:00,33,14,10949,10707,23020,22389,26793,28650,35744,40044,55460,58828,49381,54728,35421,45727,11314,21484,5,2,2947,3109,7065,7883,7610,10537,9184,14587,11655,14585,14266,16305,24884,32993,10697,20311,366865,158700,54259,17762,104317,26927,5210,35,26
2021-06-02T23:59:59+02:00,33,14,10911,10670,22983,22356,26758,28623,35709,40003,55331,58670,49367,54703,35415,45720,11314,21483,5,2,2905,3079,7009,7862,7548,10501,9026,14546,11427,14521,12908,14817,24766,32820,10693,20304,366267,154864,54253,17751,104316,26905,5193,34,26
2021-06-01T23:59:59+02:00,20,7,10494,10321,22325,21845,26074,28042,34988,39423,52328,55522,48978,54295,35296,45556,11298,21457,5,2,2449,2721,5654,7181,6274,9925,7627,13874,10291,13558,8594,9247,24286,32138,10670,20251,355503,136652,54071,17381,104297,26324,4364,34,26
2021-05-31T23:59:59+02:00,19,6,10215,10091,21749,21450,25665,27793,34665,39220,50876,54124,48879,54171,35262,45516,11291,21449,5,2,2338,2602,5363,6938,6010,9703,7262,13634,10033,13397,8543,9185,24260,32089,10662,20238,350763,135874,54026,17260,104272,25758,3346,34,26
2021-05-30T23:59:59+02:00,18,6,10158,10042,21656,21410,25600,27759,34553,39150,50510,53782,48854,54146,35256,45510,11289,21446,5,2,2301,2572,5258,6859,5910,9635,7074,13546,9806,13300,8497,9135,24244,32082,10661,20233,349573,135278,54005,17086,104256,25453,3277,34,26
2021-05-29T23:59:59+02:00,17,6,10144,10030,21622,21390,25583,27746,34532,39137,50497,53764,48850,54142,35253,45509,11289,21446,5,2,2281,2520,5215,6732,5849,9504,6957,13348,9667,13078,8426,9043,24177,32015,10660,20232,349415,134996,54005,17033,104235,24388,3268,34,26
2021-05-28T23:59:59+02:00,17,6,10084,9960,21545,21278,25502,27625,34454,39037,50417,53666,48828,54124,35244,45501,11289,21442,5,2,2199,2254,4601,6197,5226,8784,6590,12385,9171,12084,8248,8844,23805,31534,10659,20229,348557,133492,53992,16936,104176,19103,3261,33,25
2021-05-27T23:59:59+02:00,16,6,9816,9713,21017,20902,24958,27264,33930,38659,49803,53055,48657,53933,35174,45427,11285,21422,3,2,1957,1988,4025,5679,4549,8183,6081,11615,8223,10757,7742,8183,22238,29379,10643,20207,344269,127818,53581,15803,104070,14724,3084,33,25
2021-05-26T23:59:59+02:00,16,6,9539,9465,20298,20337,24084,26593,32666,37633,49039,52349,48403,53644,35098,45316,11273,21398,3,1,1900,1915,3927,5552,4416,8019,5872,11354,7896,10372,7180,7457,19794,25945,10623,20163,339551,119311,50610,15550,104017,14558,2946,33,24
2021-05-25T23:59:59+02:00,15,6,9274,9229,19886,19981,23645,26201,32154,37115,48145,51370,48105,53326,35011,45174,11261,21369,3,1,1834,1865,3808,5453,4276,7870,5663,11129,7581,10049,6554,6615,15651,20549,10603,20105,333959,107068,50528,15507,103945,14208,2802,33,24
2021-05-24T23:59:59+02:00,14,6,9058,9070,19317,19689,22871,25813,30645,36100,47920,51199,48013,53226,34982,45144,11259,21368,3,1,1808,1847,3762,5421,4211,7828,5597,11069,7504,9992,6528,6590,15637,20540,10603,20105,332374,106947,46734,15493,103884,13914,2669,33,23
2021-05-23T23:59:59+02:00,14,6,8850,8863,18961,19398,22448,25465,30223,35779,47329,50686,47580,52771,34879,44998,11251,21359,3,1,1806,1846,3752,5416,4206,7822,5586,11061,7493,9982,6522,6578,15637,20538,10603,20105,327547,106882,46732,15491,103882,13895,2666,33,23
2021-05-22T23:59:59+02:00,14,6,8819,8826,18910,19355,22401,25433,30170,35748,47222,50616,47561,52748,34876,44989,11248,21359,3,1,1805,1842,3739,5404,4202,7816,5581,11054,7486,9978,6519,6575,15634,20537,10603,20105,327002,106844,46732,15491,103881,13873,2653,33,23
2021-05-21T23:59:59+02:00,13,6,8543,8471,18470,18841,22038,24787,29742,34939,46735,49949,47472,52623,34838,44946,11245,21354,3,1,1740,1801,3662,5365,4157,7780,5548,11007,7444,9929,6489,6549,15556,20440,10602,20104,321791,106525,46701,15490,103857,13509,2630,33,23
2021-05-20T23:59:59+02:00,12,6,7970,7927,17525,18046,21031,23873,28421,33735,44988,48124,47032,52161,34730,44790,11227,21335,3,1,1439,1637,3352,5075,3891,7392,5248,10528,7061,9475,6254,6291,14236,18892,10578,20065,310185,102752,46613,15004,103629,11166,2473,33,23
2021-05-19T23:59:59+02:00,12,6,7705,7613,16921,17444,20128,22995,27189,32473,43191,46034,46501,51605,34580,44568,11206,21303,3,1,1373,1551,3153,4861,3682,7138,5022,10175,6764,9145,5970,5957,12018,16031,10560,20004,299031,96492,46572,14526,103583,10113,2255,33,22
2021-05-18T23:59:59+02:00,11,6,7179,7075,15768,16421,18857,21747,25682,30842,40502,42801,45671,50658,34344,44264,11181,21261,3,1,1350,1525,3093,4790,3607,7017,4887,10043,6583,8933,5704,5679,10310,13850,10536,19950,283246,91340,45368,14475,103475,9875,2149,32,22
2021-05-17T23:59:59+02:00,11,6,7101,7012,15584,16310,18640,21579,25281,30514,38752,41163,45560,50577,34296,44199,11171,21237,3,1,1317,1502,3036,4743,3542,6958,4817,9939,6488,8832,5662,5639,10296,13832,10532,19942,283022,91267,40602,14194,103431,9691,1907,31,22
2021-05-16T23:59:59+02:00,10,5,6986,6959,15463,16222,18510,21472,25100,30399,35768,38395,45524,50542,34274,44175,11168,21232,3,1,1294,1483,2992,4703,3494,6900,4733,9869,6394,8753,5631,5602,10284,13816,10530,19939,282738,91219,34452,13928,103311,9580,1672,31,22
2021-05-15T23:59:59+02:00,10,5,6961,6929,15402,16164,18464,21430,25032,30354,35732,38354,45501,50515,34267,44170,11168,21232,3,1,1281,1458,2960,4632,3475,6831,4714,9788,6371,8702,5625,5598,10279,13815,10530,19939,282252,91162,34451,13924,103297,9235,1659,31,22
2021-05-14T23:59:59+02:00,10,4,6788,6558,15054,15669,18150,21009,24694,29893,35487,38004,45472,50484,34257,44165,11168,21230,3,1,1222,1398,2879,4529,3424,6728,4650,9637,6288,8572,5596,5553,10266,13805,10530,19938,281185,91074,34300,13903,100986,8427,1594,31,21
2021-05-13T23:59:59+02:00,10,4,6433,6230,14297,15088,17439,20376,23834,29150,34718,37332,45185,50140,34178,44042,11164,21219,3,1,1051,1312,2684,4416,3307,6605,4508,9465,6165,8426,5553,5514,10249,13788,10526,19933,274769,90914,33967,13822,100769,7446,1305,29,19
2021-05-12T23:59:59+02:00,10,4,6035,5958,13325,14416,16418,19572,23169,28713,34410,37048,45003,49944,34147,44011,11161,21216,3,1,1048,1310,2677,4408,3289,6600,4503,9455,6156,8421,5545,5507,10246,13783,10524,19932,268520,90849,33956,13810,100765,7441,1290,29,18
2021-05-11T23:59:59+02:00,10,4,5657,5733,12735,13965,14616,18130,20216,26188,32095,34720,43948,48685,33822,43539,11132,21166,3,0,986,1235,2559,4233,3179,6360,4385,9166,6039,8195,5473,5427,10204,13721,10516,19914,251228,90370,33677,13591,100319,6509,1108,29,17
2021-05-10T23:59:59+02:00,10,4,5507,5634,12463,13838,14261,17905,19412,25619,30720,33697,43417,48070,33764,43450,11124,21147,3,0,943,1176,2460,4068,3085,6159,4260,8903,5916,7996,5434,5393,10192,13704,10512,19905,245746,90255,33465,13531,100008,5512,794,29,17
2021-05-09T23:59:59+02:00,10,4,5104,5395,11277,13310,13260,17543,18384,25287,30175,33407,43361,47997,33738,43436,11121,21139,3,0,918,1144,2362,3961,2996,6021,4128,8727,5822,7892,5425,5379,10185,13699,10507,19901,240424,90207,33392,13489,99667,4922,436,29,16
2021-05-08T23:59:59+02:00,10,4,5092,5387,11255,13290,13234,17524,18354,25255,30134,33363,43353,47986,33737,43432,11121,21139,3,0,914,1137,2349,3954,2991,6021,4124,8721,5819,7889,5422,5376,10182,13694,10507,19901,240154,90181,33390,13489,99666,4887,431,29,16
2021-05-07T23:59:59+02:00,10,4,4991,5304,11026,13122,12947,17302,17747,24655,29184,32469,43159,47745,33681,43360,11117,21133,3,0,884,1106,2315,3899,2948,5971,4071,8667,5735,7836,5375,5328,10169,13685,10507,19900,237647,90045,31501,13485,99558,4631,222,28,16
2021-05-06T23:59:59+02:00,10,4,4578,5019,10356,12705,12188,16635,16150,23211,26637,30075,42458,46996,33514,43123,11101,21112,3,0,825,1050,2181,3652,2779,5661,3876,8193,5536,7513,5323,5274,10146,13657,10505,19894,228877,89860,28159,13171,98744,2957,64,28,16
2021-05-05T23:59:59+02:00,10,4,4269,4789,9754,12260,11468,16051,15049,22183,23784,27313,41476,45890,33231,42737,11083,21070,3,0,809,1026,2118,3527,2721,5505,3782,7982,5440,7377,5273,5219,10109,13617,10503,19891,215841,89593,27976,13033,98523,2206,54,27,16
2021-05-04T23:59:59+02:00,10,4,3920,4337,9088,11568,10696,15211,13745,20931,20180,23904,40128,44429,32857,42213,11060,21031,3,0,791,995,2049,3411,2650,5370,3689,7829,5343,7253,5234,5173,10078,13588,10501,19888,198786,89368,27958,12734,98495,1680,47,26,16
2021-05-03T23:59:59+02:00,10,4,3677,3918,8680,11075,10215,14586,13211,20276,19455,23255,39861,44177,32778,42109,11057,21016,3,0,777,965,1981,3310,2591,5262,3628,7714,5291,7166,5218,5160,10062,13570,10498,19883,192927,89222,27946,12723,98431,1088,30,26,16
2021-05-02T23:59:59+02:00,10,4,3675,3916,8659,11065,10205,14576,13190,20264,19437,23243,39857,44175,32777,42108,11056,21016,3,0,773,948,1950,3229,2544,5166,3581,7589,5271,7101,5214,5156,10061,13566,10498,19881,192827,89203,27932,12691,98424,598,24,26,15
2021-05-01T23:59:59+02:00,10,4,3672,3908,8646,11051,10196,14565,13182,20262,19424,23234,39857,44172,32776,42108,11056,21016,3,0,772,948,1949,3229,2543,5166,3581,7589,5271,7101,5214,5156,10061,13566,10497,19881,192736,89202,27930,12689,98424,598,23,26,15
2021-04-30T23:59:59+02:00,10,3,3649,3883,8601,11016,10152,14526,13120,20223,19322,23081,39588,43849,32755,42087,11055,21016,3,0,767,943,1934,3221,2542,5158,3577,7582,5269,7094,5211,5153,10057,13565,10497,19881,191809,89175,27661,12686,98418,557,22,26,14
2021-04-29T23:59:59+02:00,10,3,3379,3709,8164,10743,9604,14241,12620,19858,18584,22350,36524,40398,32493,41721,11044,20980,3,0,754,929,1885,3160,2492,5092,3511,7442,5178,6994,5171,5118,10034,13522,10495,19875,186247,88968,21824,12530,98310,124,19,25,14
2021-04-28T23:59:59+02:00,10,3,3212,3643,7897,10632,9208,14066,12240,19623,18099,21916,32738,36081,32275,41419,11031,20958,3,0,737,913,1859,3121,2447,5044,3473,7385,5113,6930,5105,5056,9982,13463,10492,19865,175077,88755,21670,12090,98265,116,14,25,13
2021-04-27T23:59:59+02:00,9,3,3131,3577,7636,10503,8856,13892,11755,19398,17620,21424,27170,29886,31899,40912,11010,20925,3,0,727,899,1826,3084,2411,4998,3419,7326,5058,6854,5055,4986,9947,13410,10488,19856,159718,88540,21648,11668,98201,113,14,25,12
2021-04-26T23:59:59+02:00,9,3,3074,3541,7492,10439,8688,13832,11524,19332,17095,21037,27133,29852,31885,40897,11010,20925,3,0,704,867,1757,3025,2343,4942,3351,7234,4960,6749,4955,4911,9869,13326,10486,19853,159131,88407,21430,10790,97169,112,14,24,12
2021-04-25T23:59:59+02:00,9,3,3037,3524,7332,10388,8452,13782,11192,19288,16261,20568,25579,28188,31831,40833,11010,20922,3,0,704,866,1751,3020,2335,4939,3345,7226,4956,6740,4951,4906,9861,13315,10486,19853,158645,88383,21421,10752,92095,96,14,24,12
2021-04-24T23:59:59+02:00,9,3,3033,3518,7317,10373,8440,13774,11178,19278,16239,20550,25533,28125,31828,40827,11009,20921,3,0,704,866,1751,3019,2335,4939,3344,7226,4956,6740,4951,4904,9859,13314,10486,19853,158433,88376,21417,10752,92067,96,14,24,12
2021-04-23T23:59:59+02:00,9,3,3015,3501,7276,10329,8393,13732,11111,19219,16178,20485,25112,27621,31795,40771,11006,20918,3,0,694,858,1733,3010,2319,4910,3293,7188,4856,6643,4811,4781,9687,13115,10480,19838,157243,88082,21280,10017,91913,95,14,24,11
2021-04-22T23:59:59+02:00,8,3,2934,3422,7082,10143,7854,13325,9901,18421,14621,19436,23094,25186,31582,40502,10987,20888,3,0,629,808,1619,2898,2192,4744,3133,7015,4672,6442,4654,4607,9175,12457,10443,19759,152426,86161,15980,8988,90948,76,14,21,11
2021-04-21T23:59:59+02:00,8,3,2882,3374,6959,10056,7643,13169,9533,18179,14149,18989,20579,22050,31281,40113,10968,20862,3,0,580,783,1539,2819,2105,4653,3006,6872,4509,6278,4470,4427,8603,11688,10397,19666,145418,84355,15205,7950,90139,68,14,21,11
2021-04-20T23:59:59+02:00,8,3,2842,3335,6852,9967,7505,13057,9281,17961,13656,18597,17187,17985,30967,39639,10951,20828,3,0,550,748,1467,2755,2018,4572,2903,6750,4374,6117,4281,4231,7733,10468,10327,19515,136558,81411,14961,7315,89067,63,14,21,9
2021-04-19T23:59:59+02:00,8,3,2827,3326,6804,9926,7452,13021,9205,17888,13517,18479,16853,17603,30933,39603,10949,20823,3,0,491,708,1346,2659,1918,4474,2768,6591,4176,5926,4026,3930,5876,8019,10108,19110,136232,75521,14765,6527,88188,59,14,21,8
2021-04-18T23:59:59+02:00,8,3,2811,3312,6726,9900,7347,12970,9007,17822,12677,18349,15440,16195,30865,39541,10945,20816,3,0,485,702,1335,2651,1903,4463,2735,6562,4115,5875,3950,3859,5461,7386,10060,19026,136010,74015,14622,6479,84067,55,14,21,8
2021-04-17T23:59:59+02:00,8,3,2801,3308,6708,9877,7316,12949,8975,17783,12644,18329,15388,16145,30811,39469,10944,20816,3,0,485,699,1335,2649,1902,4459,2731,6557,4112,5871,3949,3857,5456,7385,10059,19025,135655,73978,14620,6479,83964,55,14,21,8
2021-04-16T23:59:59+02:00,8,3,2788,3294,6674,9862,7263,12909,8900,17731,12536,18225,15140,15863,30292,38820,10941,20808,3,0,484,696,1330,2644,1893,4457,2725,6551,4104,5863,3943,3851,5439,7356,10057,19023,134123,73876,14612,6468,83288,53,14,20,8
2021-04-15T23:59:59+02:00,8,3,2734,3239,6542,9764,7073,12730,8557,17458,12059,17759,14079,14640,28167,36009,10922,20785,3,0,475,690,1326,2618,1879,4433,2702,6522,4061,5811,3886,3776,5406,7302,10049,19010,128185,73554,14336,6331,79974,43,13,20,8
2021-04-14T23:59:59+02:00,7,1,2678,3187,6448,9669,6927,12570,8283,17190,11625,17298,12896,13256,23446,29929,10901,20729,3,0,471,683,1312,2608,1866,4414,2680,6497,4019,5773,3838,3723,5343,7246,10018,18972,115783,73248,14302,6175,76923,23,13,19,7
2021-04-13T23:59:59+02:00,7,1,2627,3151,6320,9584,6774,12435,8005,16939,11199,16873,10232,10332,20356,25754,10878,20685,3,0,454,659,1265,2565,1815,4351,2572,6396,3837,5610,3626,3538,5192,7107,10009,18949,107332,72897,14108,5012,70680,19,13,19,7
2021-04-12T23:59:59+02:00,7,1,2606,3137,6260,9555,6667,12349,7812,16810,10950,16663,8868,8837,19534,24780,10876,20676,3,0,448,651,1246,2548,1798,4326,2538,6356,3787,5558,3562,3490,5157,7066,10004,18927,107201,72758,14053,4671,65102,16,13,19,7
2021-04-11T23:59:59+02:00,7,1,2578,3127,6163,9529,6550,12312,7647,16759,10749,16560,7590,7559,17803,22802,10874,20673,3,0,447,651,1245,2546,1798,4325,2538,6356,3783,5553,3557,3489,5151,7064,10004,18927,107128,72745,14046,4659,58078,14,12,19,7
2021-04-10T23:59:59+02:00,7,1,2577,3125,6154,9524,6541,12307,7641,16754,10742,16552,7581,7547,17793,22795,10874,20673,3,0,447,647,1242,2543,1797,4322,2536,6352,3780,5552,3548,3475,5143,7049,10004,18927,107043,72683,14046,4652,58069,14,11,19,7
2021-04-09T23:59:59+02:00,7,1,2515,3026,6018,9317,6386,12045,7383,16347,10429,16056,7423,7342,17676,22616,10873,20671,3,0,442,642,1224,2530,1771,4304,2503,6301,3701,5470,3430,3365,5001,6953,9999,18925,106565,72592,14016,3942,55520,12,11,19,7
2021-04-08T23:59:59+02:00,7,1,2436,2954,5923,9197,6283,11915,7211,16162,10173,15867,7225,7082,16407,21155,10862,20640,3,0,435,636,1208,2496,1745,4267,2474,6229,3647,5404,3352,3318,4920,6848,9977,18879,102900,72139,13662,3671,54909,11,10,19,7
2021-04-07T23:59:59+02:00,7,1,2409,2918,5850,9125,6190,11840,7078,16061,9930,15716,6926,6755,14079,18203,10841,20593,3,0,429,634,1197,2483,1732,4243,2460,6189,3579,5345,3279,3265,4861,6786,9968,18849,96725,71852,13501,3423,54270,10,10,16,7
2021-04-06T23:59:59+02:00,7,1,2392,2888,5753,9058,6100,11760,6924,15948,9690,15534,6570,6392,11967,15583,10814,20534,3,0,425,627,1189,2456,1721,4220,2434,6151,3514,5281,3193,3215,4815,6733,9962,18831,91665,71606,13201,3139,53025,10,8,16,7
2021-04-05T23:59:59+02:00,7,1,2384,2878,5734,9041,6089,11741,6908,15928,9670,15507,6444,6292,10689,14286,10813,20533,3,0,421,620,1185,2441,1715,4204,2418,6119,3481,5240,3164,3177,4794,6688,9955,18813,91580,71413,13164,3002,50178,9,7,16,7
2021-04-04T23:59:59+02:00,7,1,2384,2877,5731,9037,6087,11741,6906,15928,9668,15506,6439,6287,10689,14284,10813,20533,3,0,421,619,1185,2440,1715,4204,2417,6119,3481,5240,3163,3177,4791,6688,9954,18812,91570,71405,13161,3001,50165,9,7,15,7
2021-04-03T23:59:59+02:00,7,1,2381,2870,5724,9029,6081,11736,6902,15924,9665,15503,6436,6282,10682,14281,10813,20533,3,0,421,619,1185,2440,1715,4204,2417,6119,3481,5239,3163,3177,4791,6688,9954,18812,91511,71404,13159,3001,50158,9,7,15,7
2021-04-02T23:59:59+02:00,7,1,2379,2868,5719,9022,6079,11733,6897,15923,9661,15501,6432,6275,10667,14252,10812,20532,3,0,418,617,1184,2440,1714,4203,2415,6119,3480,5232,3138,3160,4781,6679,9954,18812,91426,71326,13156,3000,50157,9,7,14,7
2021-04-01T23:59:59+02:00,7,1,2358,2865,5688,8992,6036,11690,6856,15868,9606,15445,6338,6178,10371,13903,10789,20483,3,0,416,601,1181,2434,1707,4192,2399,6102,3453,5211,3072,3111,4718,6603,9876,18694,90435,70754,13133,2997,49886,9,6,14,7
2021-03-31T23:59:59+02:00,7,1,2325,2838,5613,8924,5967,11595,6754,15756,9472,15311,6195,6035,9819,13154,10742,20389,3,0,411,595,1175,2422,1701,4176,2392,6089,3433,5177,3040,3078,4668,6544,9818,18592,88443,70300,12917,2995,49519,9,4,14,6
2021-03-30T23:59:59+02:00,7,1,2305,2820,5566,8865,5904,11519,6680,15657,9375,15168,6007,5820,8906,11806,10664,20206,3,0,409,590,1171,2418,1688,4159,2373,6067,3399,5133,2982,3009,4576,6446,9686,18350,85344,69590,12537,2853,49380,9,3,12,4
2021-03-29T23:59:59+02:00,6,1,2238,2765,5464,8752,5794,11371,6512,15427,9139,14913,5646,5445,6953,9270,10437,19776,3,0,401,587,1160,2407,1674,4147,2347,6040,3369,5077,2912,2942,4453,6340,9478,18009,79219,68616,11729,2714,48947,9,3,11,4
2021-03-28T23:59:59+02:00,6,1,2216,2752,5420,8691,5719,11293,6424,15342,9021,14793,5520,5292,6304,8330,10370,19658,3,0,391,579,1144,2391,1647,4120,2300,5979,3313,4987,2828,2862,4339,6201,9402,17868,76902,68156,11471,2188,48765,5,3,11,2
2021-03-27T23:59:59+01:00,6,1,2215,2745,5411,8685,5715,11278,6409,15320,9010,14781,5492,5265,6293,8327,10370,19656,3,0,391,579,1142,2390,1646,4115,2296,5976,3304,4980,2822,2859,4323,6176,9320,17719,76794,67844,11471,2187,48700,5,3,11,2
2021-03-26T23:59:59+01:00,6,1,2198,2724,5374,8646,5676,11228,6332,15250,8860,14631,5326,5115,6122,8145,10367,19647,3,0,387,571,1134,2377,1630,4086,2268,5940,3270,4926,2761,2795,4134,5916,8603,16520,76446,65162,10634,2149,48556,5,3,9,2
2021-03-25T23:59:59+01:00,6,0,2081,2644,5196,8431,5474,10951,6124,14945,8619,14342,5162,4962,6025,8023,10364,19639,3,0,378,556,1114,2351,1607,4056,2222,5882,3195,4847,2662,2688,3756,5420,7440,14746,75986,60986,9678,1929,47313,4,2,9,2
2021-03-24T23:59:59+01:00,6,0,1997,2596,5045,8270,5312,10758,5958,14706,8412,14111,5022,4803,5911,7905,10358,19628,3,0,374,544,1101,2323,1574,4001,2163,5816,3106,4747,2525,2574,3324,4801,6020,12496,75604,55906,8516,1578,46667,4,2,9,2
2021-03-23T23:59:59+01:00,6,0,1920,2545,4934,8147,5211,10617,5837,14514,8293,13942,4939,4719,5844,7845,10351,19609,3,0,363,518,1082,2288,1541,3943,2119,5726,3024,4655,2436,2480,2870,4156,4066,9209,75208,49043,7769,1429,46285,3,2,9,2
2021-03-22T23:59:59+01:00,6,0,1858,2481,4796,8012,5076,10440,5676,14281,8101,13729,4832,4604,5774,7737,10334,19568,2,0,336,501,1054,2250,1496,3869,2053,5616,2922,4503,2319,2327,2337,3456,1463,4942,74704,40253,6731,1188,45860,1,2,8,2
2021-03-21T23:59:59+01:00,6,0,1856,2475,4785,7998,5062,10429,5660,14264,8071,13704,4810,4589,5757,7725,10329,19567,2,0,335,501,1049,2236,1487,3840,2035,5578,2896,4453,2278,2278,2295,3415,1446,4896,74679,40111,6679,904,45719,1,2,8,2
2021-03-20T23:59:59+01:00,6,0,1856,2475,4783,7997,5061,10427,5659,14263,8063,13698,4809,4587,5749,7716,10329,19567,2,0,335,500,1049,2236,1487,3840,2035,5578,2894,4452,2277,2275,2295,3415,1445,4896,74664,40107,6679,899,45692,1,2,8,2
2021-03-19T23:59:59+01:00,6,0,1803,2230,4275,6716,4653,9446,5388,13703,7842,13297,4682,4487,5679,7650,10328,19567,2,0,334,500,1049,2236,1487,3839,2034,5577,2893,4452,2275,2274,2289,3408,1443,4894,74600,40089,6667,892,40475,1,2,8,2
2021-03-18T23:59:59+01:00,6,0,1748,1977,3859,5659,4124,8070,4573,11162,6481,9960,4316,4186,5473,7426,10307,19529,2,0,333,497,1042,2223,1479,3814,2007,5538,2868,4428,2254,2258,2264,3379,1438,4885,74162,39896,6603,808,28082,1,2,7,2
2021-03-17T23:59:59+01:00,6,0,1742,1968,3847,5633,4107,8040,4549,11096,6430,9886,4277,4139,5429,7380,10299,19501,1,0,330,496,1038,2215,1473,3805,2000,5523,2858,4401,2227,2229,2242,3364,1431,4869,73891,39738,6538,759,27891,1,2,7,2
2021-03-16T23:59:59+01:00,6,0,1718,1935,3787,5551,4037,7934,4421,10934,6222,9688,4053,3949,5286,7221,10292,19477,1,0,327,492,1037,2196,1468,3792,1991,5507,2849,4381,2217,2214,2229,3334,1422,4838,73578,39561,5260,729,27664,1,2,7,2
2021-03-15T23:59:59+01:00,6,0,1708,1915,3763,5514,4011,7896,4370,10865,6143,9602,3966,3882,5229,7159,10283,19450,1,0,324,488,1028,2180,1460,3786,1975,5471,2831,4353,2202,2182,2204,3269,1411,4799,73345,39340,4892,621,27518,1,0,7,2
2021-03-14T23:59:59+01:00,6,0,1702,1905,3754,5504,4006,7880,4361,10834,6134,9579,3958,3871,5223,7151,10282,19448,1,0,324,488,1026,2180,1455,3783,1972,5469,2813,4347,2196,2179,2193,3258,1406,4797,73309,39332,4874,552,27408,1,0,7,2
2021-03-13T23:59:59+01:00,6,0,1698,1899,3739,5481,3999,7870,4341,10823,6120,9563,3955,3868,5220,7148,10282,19448,1,0,324,488,1026,2180,1455,3783,1972,5468,2813,4346,2195,2178,2193,3256,1397,4792,73284,39312,4869,552,27300,1,0,7,2
2021-03-12T23:59:59+01:00,5,0,1660,1841,3230,5335,3483,7753,4207,10698,5894,9272,3785,3721,5076,7035,10256,19400,1,0,319,466,1022,2150,1447,3758,1953,5397,2760,4262,2015,2024,2133,3207,1390,4786,73061,38544,4134,544,25449,0,0,7,2
2021-03-11T23:59:59+01:00,5,0,1553,1702,2848,5075,3045,7497,3926,10283,5261,8379,3557,3546,4967,6914,10216,19344,1,0,318,465,1019,2137,1444,3738,1946,5378,2751,4245,2008,2016,2118,3190,1385,4766,72476,38419,3868,504,21768,0,0,6,2
2021-03-10T23:59:59+01:00,5,0,1521,1668,2809,5030,3007,7438,3869,10195,5151,8262,3431,3440,4849,6800,10168,19277,1,0,316,464,1018,2134,1440,3727,1942,5364,2739,4224,1989,2008,2091,3157,1375,4751,72056,38331,3536,407,21322,0,0,6,2
2021-03-09T23:59:59+01:00,5,0,1511,1652,2772,5002,2985,7394,3830,10135,5069,8183,3330,3352,4765,6711,10059,19065,1,0,313,463,1014,2127,1433,3714,1916,5342,2697,4194,1946,1983,2037,3128,1363,4741,71447,38300,3264,110,21103,0,0,6,2
2021-03-08T23:59:59+01:00,5,0,1495,1637,2743,4973,2956,7363,3806,10087,5045,8121,3288,3312,4688,6647,9878,18761,1,0,312,463,1012,2123,1425,3698,1899,5308,2678,4166,1927,1964,2010,3105,1356,4722,70640,38149,3255,18,20904,0,0,6,2
2021-03-07T23:59:59+01:00,5,0,1482,1626,2713,4930,2921,7315,3770,10026,5003,8062,3253,3278,4622,6545,9800,18615,1,0,312,462,1011,2122,1424,3692,1896,5298,2677,4161,1923,1961,2006,3101,1352,4713,70098,38094,3201,16,20662,0,0,5,2
2021-03-06T23:59:59+01:00,5,0,1481,1625,2708,4918,2918,7306,3762,10019,4985,8046,3243,3268,4599,6506,9709,18443,1,0,312,462,1009,2119,1424,3690,1890,5289,2675,4159,1918,1953,2000,3099,1351,4710,69702,38044,3201,16,20633,0,0,5,1
2021-03-05T23:59:59+01:00,5,0,1408,1549,2609,4757,2861,7147,3677,9812,4885,7850,3193,3208,4379,6216,8989,17233,1,0,312,462,1007,2117,1420,3685,1888,5288,2672,4153,1910,1949,1995,3096,1346,4706,67010,37990,3198,16,19565,0,0,5,1
2021-03-04T23:59:59+01:00,5,0,1236,1443,2443,4557,2692,6876,3509,9468,4627,7508,3076,3082,4014,5757,7795,15389,1,0,310,454,998,2093,1404,3645,1860,5235,2644,4105,1882,1924,1962,3041,1318,4660,62745,37519,3195,16,17532,0,0,5,1
2021-03-03T23:59:59+01:00,5,0,1202,1389,2367,4449,2631,6753,3423,9301,4529,7365,2989,3012,3631,5151,6375,13155,1,0,306,445,987,2070,1392,3617,1846,5185,2589,4050,1832,1888,1934,3008,1302,4630,57597,37065,3167,16,16959,0,0,4,1
2021-03-02T23:59:59+01:00,5,0,1169,1350,2306,4390,2582,6661,3341,9177,4392,7216,2874,2887,3142,4480,4325,9744,1,0,301,436,982,2043,1379,3575,1831,5130,2557,4023,1822,1872,1914,2979,1288,4602,50448,36718,2916,16,16674,0,0,3,1
2021-03-01T23:59:59+01:00,5,0,1109,1321,2244,4328,2509,6574,3246,9049,4250,7028,2740,2751,2567,3730,1544,5196,1,0,300,433,975,2031,1368,3557,1823,5115,2544,4007,1804,1861,1898,2960,1277,4573,41223,36510,2525,16,16440,0,0,3,1
2021-02-28T23:59:59+01:00,5,0,1073,1306,2203,4293,2479,6529,3198,8992,4188,6969,2675,2703,2518,3699,1536,5176,1,0,300,432,972,2024,1366,3544,1820,5101,2538,3998,1797,1850,1885,2948,1269,4558,41126,36386,2232,16,16181,0,0,3,1
2021-02-27T23:59:59+01:00,5,0,1032,1224,2135,4052,2421,6295,3135,8694,4098,6716,2620,2646,2498,3675,1533,5176,1,0,300,432,971,2024,1366,3544,1820,5100,2537,3998,1797,1849,1883,2947,1269,4558,41018,36379,2231,16,14703,0,0,3,1
2021-02-26T23:59:59+01:00,4,0,866,972,1937,3663,2260,5635,2919,7777,3788,5927,2572,2592,2479,3659,1529,5174,1,0,300,432,971,2021,1364,3542,1818,5099,2535,3997,1797,1846,1876,2946,1267,4551,41000,36346,2142,16,10608,0,0,3,1
2021-02-25T23:59:59+01:00,4,0,531,815,1661,3463,2081,5330,2723,7380,3561,5626,2490,2512,2438,3598,1525,5159,1,0,291,411,946,1969,1333,3471,1786,5018,2506,3933,1772,1818,1836,2900,1238,4511,40804,35726,1880,13,8211,0,0,2,1
2021-02-24T23:59:59+01:00,3,0,510,796,1626,3365,2019,5199,2663,7198,3495,5485,2422,2465,2401,3569,1515,5123,1,0,282,406,930,1938,1319,3417,1773,4957,2482,3888,1761,1800,1827,2881,1226,4480,40610,35363,1709,4,7533,0,0,2,1
2021-02-23T23:59:59+01:00,3,0,489,758,1566,3262,1964,5058,2585,7067,3410,5380,2361,2407,2362,3510,1500,5088,1,0,280,402,925,1922,1312,3387,1764,4925,2461,3855,1741,1780,1807,2845,1210,4424,40454,35037,1435,3,6879,0,0,2,1
2021-02-22T23:59:59+01:00,2,0,473,727,1512,3162,1924,4918,2526,6848,3349,5236,2350,2308,2346,3430,1494,5043,1,0,279,399,922,1910,1304,3360,1746,4889,2446,3824,1721,1761,1779,2814,1195,4375,40237,34723,1169,1,6240,0,0,2,1
2021-02-21T23:59:59+01:00,2,0,464,688,1454,3017,1876,4768,2473,6688,3266,5133,2314,2275,2318,3410,1484,5037,1,0,279,398,919,1902,1303,3351,1741,4878,2442,3815,1719,1759,1778,2812,1195,4374,40193,34664,936,1,5536,0,0,2,1
2021-02-20T23:59:59+01:00,2,0,458,682,1445,3013,1871,4768,2470,6685,3261,5129,2311,2274,2318,3409,1482,5037,1,0,279,398,919,1901,1303,3350,1741,4878,2440,3814,1718,1758,1775,2812,1194,4372,40188,34651,931,1,5494,0,0,2,1
2021-02-19T23:59:59+01:00,1,0,435,645,1416,2951,1843,4711,2429,6585,3174,5011,2130,2112,2254,3360,1477,5031,1,0,277,397,918,1899,1302,3349,1741,4873,2437,3813,1717,1757,1773,2811,1194,4371,39435,34628,911,1,5217,0,0,2,1
2021-02-18T23:59:59+01:00,1,0,408,588,1311,2711,1739,4469,2291,6323,3070,4829,2101,2096,2238,3343,1472,5020,1,0,277,391,910,1865,1293,3309,1723,4825,2418,3775,1706,1746,1756,2799,1182,4351,39357,34325,837,1,3814,0,0,2,1
2021-02-17T23:59:59+01:00,1,0,391,556,1273,2580,1682,4294,2222,6082,3010,4680,2082,2077,2214,3323,1458,5010,1,0,267,374,874,1779,1249,3180,1663,4666,2343,3640,1627,1676,1680,2687,1129,4229,39202,33063,786,0,2945,0,0,2,1
2021-02-16T23:59:59+01:00,1,0,373,526,1220,2461,1632,4160,2143,5897,2930,4544,2073,2072,2206,3316,1453,4998,1,0,259,357,853,1697,1194,3042,1600,4463,2271,3461,1576,1622,1616,2585,1097,4093,39142,31786,755,0,2106,0,0,2,1
2021-02-15T23:59:59+01:00,1,0,363,504,1148,2321,1587,4085,2111,5843,2902,4503,2054,2056,2181,3285,1445,4977,1,0,253,338,830,1652,1162,2966,1544,4324,2198,3341,1500,1557,1558,2472,1050,3904,39034,30649,640,0,1690,0,0,2,1
2021-02-14T23:59:59+01:00,1,0,354,498,1124,2265,1524,3924,2070,5750,2871,4464,2048,2053,2169,3275,1442,4970,1,0,247,333,812,1623,1146,2926,1502,4272,2160,3311,1484,1536,1533,2435,1033,3858,39015,30211,571,0,1214,0,0,2,1
2021-02-13T23:59:59+01:00,1,0,354,498,1123,2265,1524,3923,2068,5749,2871,4464,2047,2051,2168,3275,1441,4967,1,0,247,333,812,1623,1146,2926,1501,4270,2160,3311,1482,1533,1532,2434,1033,3857,39004,30200,571,0,1213,0,0,1,1
2021-02-12T23:59:59+01:00,1,0,346,495,1105,2257,1519,3910,2063,5741,2868,4458,2033,2041,2162,3262,1436,4964,1,0,245,332,806,1618,1140,2917,1485,4252,2142,3298,1469,1517,1517,2402,1026,3820,38938,29986,563,0,1159,0,0,1,1
2021-02-11T23:59:59+01:00,1,0,323,471,1042,2161,1466,3783,1969,5478,2784,4339,2002,2008,2122,3194,1406,4906,1,0,225,304,756,1513,1060,2693,1359,3895,1953,2992,1280,1303,1343,2122,912,3449,38539,27159,526,0,389,0,0,1,1
2021-02-10T23:59:59+01:00,1,0,317,462,1020,2121,1427,3705,1915,5317,2690,4159,1931,1958,2074,3152,1384,4880,1,0,200,261,663,1324,932,2306,1173,3292,1709,2571,1117,1125,1191,1871,793,3086,38124,23614,386,0,2,0,0,1,1
2021-02-09T23:59:59+01:00,1,0,311,451,1012,2090,1412,3653,1871,5251,2624,4104,1873,1918,2002,3097,1363,4858,1,0,167,201,562,1063,782,1859,966,2681,1439,2157,965,964,992,1580,669,2635,37823,19682,65,0,2,0,0,1,1
2021-02-08T23:59:59+01:00,1,0,309,449,1009,2083,1401,3637,1863,5228,2604,4087,1859,1907,1983,3079,1357,4833,1,0,117,166,461,848,617,1440,767,2033,1160,1670,772,788,791,1246,532,2153,37666,15561,20,0,2,0,0,1,1
2021-02-07T23:59:59+01:00,1,0,309,449,1007,2082,1400,3632,1860,5225,2597,4084,1853,1898,1967,3071,1353,4825,1,0,107,147,412,704,543,1265,687,1817,1063,1522,696,707,708,1122,455,1910,37595,13865,17,0,0,0,0,1,1
2021-02-06T23:59:59+01:00,1,0,309,449,1006,2081,1400,3629,1860,5223,2597,4081,1853,1897,1962,3069,1350,4823,1,0,106,146,407,701,538,1241,671,1798,1052,1500,693,703,703,1118,454,1906,37572,13738,17,0,0,0,0,1,0
2021-02-05T23:59:59+01:00,1,0,309,448,1004,2078,1396,3620,1856,5209,2591,4075,1852,1896,1954,3060,1340,4809,1,0,102,138,391,683,521,1211,639,1746,1002,1437,656,652,654,1044,427,1812,37480,13116,17,0,0,0,0,1,0
2021-02-04T23:59:59+01:00,1,0,301,431,993,2047,1377,3566,1836,5132,2576,4027,1836,1875,1927,3025,1320,4776,1,0,77,107,290,462,362,819,456,1184,690,978,510,476,507,825,340,1451,37028,9535,17,0,0,0,0,1,0
2021-02-03T23:59:59+01:00,1,0,297,422,974,2021,1361,3528,1822,5083,2542,3984,1816,1852,1912,3001,1306,4760,1,0,60,83,244,394,292,640,347,925,532,729,341,331,369,586,248,1064,36664,7186,17,0,0,0,0,1,0
2021-02-02T23:59:59+01:00,1,0,292,415,968,1992,1353,3495,1811,5036,2519,3949,1798,1836,1884,2960,1284,4709,0,0,40,64,187,311,244,487,265,740,384,560,237,214,235,391,168,700,36284,5227,17,0,0,0,0,1,0
2021-02-01T23:59:59+01:00,1,0,291,413,963,1984,1350,3480,1803,5015,2510,3930,1790,1825,1870,2945,1280,4694,0,0,20,40,138,225,168,312,169,491,240,323,119,109,102,189,78,313,36126,3036,17,0,0,0,0,1,0
2021-01-31T23:59:59+01:00,1,0,290,412,961,1976,1347,3471,1800,4996,2506,3916,1786,1817,1866,2937,1277,4684,0,0,19,35,120,197,151,271,152,411,203,278,100,95,94,161,70,274,36025,2631,17,0,0,0,0,1,0
2021-01-30T23:59:59+01:00,1,0,290,412,961,1976,1347,3471,1800,4996,2506,3916,1785,1817,1866,2936,1277,4683,0,0,19,35,119,197,151,268,149,408,202,278,99,94,94,161,70,274,36022,2618,17,0,0,0,0,1,0
2021-01-29T23:59:59+01:00,1,0,288,409,960,1974,1346,3463,1794,4987,2503,3913,1779,1810,1857,2924,1270,4661,0,0,17,33,117,187,142,260,137,380,170,251,72,70,84,139,63,238,35921,2360,17,0,0,0,0,1,0
2021-01-28T23:59:59+01:00,1,0,285,400,941,1919,1322,3399,1769,4925,2475,3850,1757,1789,1825,2893,1251,4625,0,0,1,0,11,20,8,20,11,45,8,22,6,4,7,10,3,15,35410,191,15,0,0,0,0,1,0
2021-01-27T23:59:59+01:00,1,0,279,382,908,1838,1286,3285,1708,4802,2415,3750,1700,1740,1780,2825,1212,4536,0,0,1,0,5,6,5,12,7,19,4,12,4,4,7,10,3,14,34435,113,11,0,0,0,0,1,0
2021-01-26T23:59:59+01:00,1,0,274,372,898,1823,1272,3245,1690,4746,2385,3683,1667,1708,1741,2753,1194,4445,0,0,1,0,5,6,5,12,7,19,4,12,4,4,7,10,3,14,33889,113,7,0,0,0,0,1,0
2021-01-25T23:59:59+01:00,1,0,263,348,856,1704,1202,3081,1599,4475,2279,3475,1606,1655,1684,2665,1144,4259,0,0,1,0,1,3,1,4,4,2,4,5,4,4,6,9,2,14,32292,64,3,0,0,0,0,1,0
2021-01-24T23:59:59+01:00,1,0,260,345,845,1684,1192,3058,1568,4442,2253,3454,1595,1646,1672,2653,1138,4251,0,0,1,0,1,2,1,4,4,2,4,5,4,4,6,9,2,14,32053,63,3,0,0,0,0,1,0
2021-01-23T23:59:59+01:00,1,0,260,345,845,1684,1191,3057,1568,4438,2252,3453,1594,1646,1671,2652,1137,4246,0,0,1,0,1,2,1,4,4,2,4,5,4,4,6,9,2,14,32036,63,3,0,0,0,0,1,0
2021-01-22T23:59:59+01:00,1,0,259,343,838,1681,1187,3052,1565,4431,2239,3448,1582,1634,1665,2633,1131,4224,0,0,1,0,1,2,1,4,4,2,4,5,4,4,6,9,2,14,31910,63,3,0,0,0,0,0,0
2021-01-21T23:59:59+01:00,1,0,248,332,811,1613,1162,2925,1509,4269,2159,3313,1483,1530,1528,2465,1047,4034,0,0,1,0,1,2,1,4,4,2,4,5,4,3,5,9,1,14,30426,60,3,0,0,0,0,0,0
2021-01-20T23:59:59+01:00,1,0,226,291,738,1457,1070,2608,1376,3810,1985,2958,1360,1382,1404,2266,969,3794,0,0,1,0,1,2,1,4,4,2,3,5,4,3,5,9,1,14,27693,59,2,0,0,0,0,0,0
2021-01-19T23:59:59+01:00,1,0,195,234,637,1209,925,2163,1153,3193,1696,2527,1175,1177,1169,1921,807,3222,0,0,1,0,1,1,1,2,4,1,2,5,4,3,5,9,1,14,23402,54,2,0,0,0,0,0,0
2021-01-18T23:59:59+01:00,1,0,138,186,504,949,713,1647,885,2325,1319,1915,912,945,934,1515,631,2571,0,0,0,0,0,0,0,0,0,0,1,2,2,1,0,0,0,0,18089,6,1,0,0,0,0,0,0
2021-01-17T23:59:59+01:00,1,0,124,161,445,777,628,1424,783,2072,1204,1724,846,866,850,1377,557,2351,0,0,0,0,0,0,0,0,0,0,0,1,0,0,0,0,0,0,16190,1,0,0,0,0,0,0,0
2021-01-16T23:59:59+01:00,1,0,123,160,441,776,626,1416,773,2068,1195,1718,844,861,845,1366,549,2335,0,0,0,0,0,0,0,0,0,0,0,0,0,0,0,0,0,0,16097,0,0,0,0,0,0,0,0
2021-01-15T23:59:59+01:00,1,0,112,153,428,755,599,1377,741,1990,1133,1636,800,807,798,1277,518,2210,0,0,0,0,0,0,0,0,0,0,0,0,0,0,0,0,0,0,15335,0,0,0,0,0,0,0,0
2021-01-14T23:59:59+01:00,1,0,78,114,307,489,398,892,512,1284,776,1074,585,558,580,942,401,1682,0,0,0,0,0,0,0,0,0,0,0,0,0,0,0,0,0,0,10673,0,0,0,0,0,0,0,0
2021-01-13T23:59:59+01:00,1,0,60,87,256,411,322,675,379,982,569,765,369,355,394,638,286,1173,0,0,0,0,0,0,0,0,0,0,0,0,0,0,0,0,0,0,7722,0,0,0,0,0,0,0,0
2021-01-12T23:59:59+01:00,0,0,49,71,208,351,258,547,279,808,413,599,248,226,245,425,192,785,0,0,0,0,0,0,0,0,0,0,0,0,0,0,0,0,0,0,5704,0,0,0,0,0,0,0,0
2021-01-11T23:59:59+01:00,0,0,33,52,180,301,211,444,220,648,303,422,151,131,140,259,106,451,0,0,0,0,0,0,0,0,0,0,0,0,0,0,0,0,0,0,4052,0,0,0,0,0,0,0,0
2021-01-10T23:59:59+01:00,0,0,25,43,158,252,182,366,179,537,254,361,130,110,125,214,94,362,0,0,0,0,0,0,0,0,0,0,0,0,0,0,0,0,0,0,3392,0,0,0,0,0,0,0,0
2021-01-09T23:59:59+01:00,0,0,25,43,157,250,181,363,177,531,253,360,129,109,125,214,94,362,0,0,0,0,0,0,0,0,0,0,0,0,0,0,0,0,0,0,3373,0,0,0,0,0,0,0,0
2021-01-08T23:59:59+01:00,0,0,23,40,154,240,173,353,164,500,223,334,105,93,119,198,87,335,0,0,0,0,0,0,0,0,0,0,0,0,0,0,0,0,0,0,3141,0,0,0,0,0,0,0,0
2021-01-07T23:59:59+01:00,0,0,2,0,5,10,8,15,10,7,18,11,10,11,14,21,3,35,0,0,0,0,0,0,0,0,0,0,0,0,0,0,0,0,0,0,180,0,0,0,0,0,0,0,0
2021-01-06T23:59:59+01:00,0,0,1,0,2,4,1,7,5,2,4,6,6,4,7,10,1,16,0,0,0,0,0,0,0,0,0,0,0,0,0,0,0,0,0,0,76,0,0,0,0,0,0,0,0
2021-01-05T23:59:59+01:00,0,0,1,0,2,3,1,6,5,2,4,5,6,4,6,10,1,15,0,0,0,0,0,0,0,0,0,0,0,0,0,0,0,0,0,0,71,0,0,0,0,0,0,0,0
2021-01-04T23:59:59+01:00,0,0,1,0,1,3,1,5,4,2,4,5,6,4,5,9,1,15,0,0,0,0,0,0,0,0,0,0,0,0,0,0,0,0,0,0,66,0,0,0,0,0,0,0,0
2021-01-03T23:59:59+01:00,0,0,1,0,1,2,1,5,4,2,4,5,5,4,5,9,1,15,0,0,0,0,0,0,0,0,0,0,0,0,0,0,0,0,0,0,64,0,0,0,0,0,0,0,0
2021-01-02T23:59:59+01:00,0,0,1,0,1,2,1,5,4,2,4,5,5,4,5,9,1,15,0,0,0,0,0,0,0,0,0,0,0,0,0,0,0,0,0,0,64,0,0,0,0,0,0,0,0
2021-01-01T23:59:59+01:00,0,0,1,0,1,2,1,4,4,2,4,5,5,4,5,9,1,15,0,0,0,0,0,0,0,0,0,0,0,0,0,0,0,0,0,0,63,0,0,0,0,0,0,0,0
2020-12-31T23:59:59+01:00,0,0,1,0,1,2,1,4,4,2,4,5,5,4,5,9,1,15,0,0,0,0,0,0,0,0,0,0,0,0,0,0,0,0,0,0,63,0,0,0,0,0,0,0,0
2020-12-30T23:59:59+01:00,0,0,1,0,1,2,1,4,4,2,3,5,5,4,5,9,1,15,0,0,0,0,0,0,0,0,0,0,0,0,0,0,0,0,0,0,62,0,0,0,0,0,0,0,0
2020-12-29T23:59:59+01:00,0,0,0,0,1,1,1,2,4,1,2,5,5,4,5,9,1,15,0,0,0,0,0,0,0,0,0,0,0,0,0,0,0,0,0,0,56,0,0,0,0,0,0,0,0
2020-12-28T23:59:59+01:00,0,0,0,0,1,1,1,1,2,0,1,5,4,1,1,0,0,2,0,0,0,0,0,0,0,0,0,0,0,0,0,0,0,0,0,0,20,0,0,0,0,0,0,0,0
2020-12-27T23:59:59+01:00,0,0,0,0,1,1,1,1,2,0,0,3,2,0,1,0,0,2,0,0,0,0,0,0,0,0,0,0,0,0,0,0,0,0,0,0,14,0,0,0,0,0,0,0,0
