Datum,<15_1_m,<15_1_w,15-24_1_m,15-24_1_w,25-34_1_m,25-34_1_w,35-44_1_m,35-44_1_w,45-54_1_m,45-54_1_w,55-64_1_m,55-64_1_w,65-74_1_m,65-74_1_w,75-84_1_m,75-84_1_w,>84_1_m,>84_1_w,<15_2_m,<15_2_w,15-24_2_m,15-24_2_w,25-34_2_m,25-34_2_w,35-44_2_m,35-44_2_w,45-54_2_m,45-54_2_w,55-64_2_m,55-64_2_w,65-74_2_m,65-74_2_w,75-84_2_m,75-84_2_w,>84_2_m,>84_2_w,bp_1,bp_2,mo_1,mo_2,az_1,az_2,ja,unb_1,unb_2
2021-10-27T23:59:59+02:00,5898,5491,39846,38229,55118,49405,55690,54089,66201,65937,75658,75509,54363,59989,37490,48485,11699,22295,4972,4629,36762,35452,52153,46367,53172,51324,63647,63125,73435,73232,53147,58591,36692,47358,11337,21541,599062,571358,79237,76487,105574,101573,37487,34,31
2021-10-26T23:59:59+02:00,5853,5459,39750,38147,55026,49315,55620,54030,66140,65876,75610,75470,54348,59973,37478,48468,11697,22290,4922,4587,36675,35330,52074,46291,53109,51251,63596,63079,73382,73188,53116,58573,36677,47334,11332,21528,598234,570489,79236,76479,105574,101571,37474,34,31
2021-10-25T23:59:59+02:00,5799,5394,39541,37932,54775,49140,55386,53889,65941,65745,75512,75402,54329,59943,37471,48458,11697,22287,4909,4578,36622,35271,51993,46240,53045,51215,63550,63040,73337,73157,53107,58559,36672,47329,11331,21525,596598,570200,79236,76477,105574,101571,37201,34,31
2021-10-24T23:59:59+02:00,5770,5365,39459,37856,54706,49065,55334,53852,65897,65720,75492,75383,54324,59934,37466,48455,11696,22283,4877,4562,36563,35211,51949,46198,53013,51175,63514,63012,73315,73128,53099,58546,36662,47321,11329,21523,596028,569737,79234,76469,105574,101571,37189,34,31
2021-10-23T23:59:59+02:00,5770,5365,39458,37856,54704,49065,55332,53850,65897,65720,75492,75383,54324,59933,37466,48455,11696,22283,4877,4562,36563,35210,51949,46198,53013,51174,63514,63012,73315,73128,53099,58546,36662,47321,11329,21523,596020,569735,79234,76469,105574,101571,37189,34,31
2021-10-22T23:59:59+02:00,5767,5360,39432,37838,54685,49052,55321,53843,65883,65706,75483,75375,54320,59930,37466,48453,11695,22283,4871,4554,36546,35196,51937,46179,53005,51163,63498,63004,73301,73119,53089,58539,36661,47318,11328,21521,595888,569585,79223,76468,105573,101569,37176,34,31
2021-10-21T23:59:59+02:00,5693,5284,39190,37652,54423,48869,55119,53693,65703,65585,75387,75318,54301,59910,37453,48436,11691,22275,4790,4482,36332,34995,51756,46026,52839,51035,63371,62883,73218,73062,53064,58504,36648,47300,11324,21515,594224,568151,79190,76430,105573,101569,36963,34,31
2021-10-20T23:59:59+02:00,5671,5270,39156,37626,54404,48848,55104,53665,65677,65560,75362,75300,54293,59898,37444,48421,11690,22268,4771,4463,36313,34966,51733,45994,52814,51005,63348,62861,73194,73036,53047,58481,36643,47287,11322,21508,593911,567809,79184,76420,105573,101569,36957,34,31
2021-10-19T23:59:59+02:00,5638,5241,39104,37592,54369,48812,55067,53635,65645,65528,75337,75272,54277,59877,37436,48406,11686,22264,4748,4441,36258,34918,51691,45945,52781,50966,63312,62828,73156,72996,53034,58456,36623,47272,11317,21498,593452,567276,79178,76416,105573,101566,36951,34,31
2021-10-18T23:59:59+02:00,5604,5213,38969,37462,54247,48714,54985,53552,65580,65490,75282,75238,54267,59861,37429,48393,11684,22263,4682,4380,36109,34776,51567,45825,52700,50875,63265,62767,73098,72948,53010,58422,36612,47254,11312,21492,592596,566248,79167,76384,105573,101566,36865,34,31
2021-10-17T23:59:59+02:00,5599,5205,38960,37450,54232,48698,54981,53542,65574,65479,75275,75234,54264,59857,37426,48391,11684,22259,4672,4369,36089,34747,51545,45802,52684,50853,63251,62750,73080,72934,52999,58410,36606,47247,11311,21483,592477,565997,79167,76378,105573,101565,36861,34,31
2021-10-16T23:59:59+02:00,5599,5205,38959,37450,54231,48697,54980,53540,65574,65479,75275,75234,54264,59857,37426,48391,11684,22259,4669,4366,36084,34743,51542,45799,52680,50849,63249,62746,73078,72933,52998,58409,36605,47246,11311,21481,592473,565955,79167,76378,105573,101565,36859,34,31
2021-10-15T23:59:59+02:00,5594,5202,38942,37436,54213,48686,54974,53535,65557,65473,75268,75222,54256,59855,37422,48384,11683,22259,4661,4364,36072,34741,51536,45792,52675,50843,63244,62739,73074,72927,52994,58405,36602,47245,11311,21480,592341,565892,79167,76376,105573,101558,36848,34,31
2021-10-14T23:59:59+02:00,5536,5146,38810,37318,54083,48585,54884,53454,65488,65389,75202,75167,54221,59832,37411,48363,11675,22240,4545,4248,35789,34415,51318,45569,52524,50673,63097,62594,72979,72850,52938,58358,36578,47214,11306,21471,591306,563808,79150,76338,105573,101546,36743,34,31
2021-10-13T23:59:59+02:00,5496,5113,38776,37279,54052,48549,54857,53418,65463,65365,75183,75142,54209,59820,37403,48354,11670,22235,4514,4221,35749,34374,51293,45526,52489,50638,63063,62558,72947,72822,52915,58342,36569,47191,11305,21460,590904,563379,79139,76300,105573,101530,36736,34,31
2021-10-12T23:59:59+02:00,5462,5091,38703,37235,53994,48481,54816,53370,65431,65330,75146,75102,54194,59802,37393,48338,11664,22225,4494,4196,35694,34324,51249,45472,52454,50603,63028,62517,72910,72778,52891,58313,36546,47167,11299,21447,590311,562804,79137,76297,105573,101526,36724,34,31
2021-10-11T23:59:59+02:00,5408,5040,38544,37105,53863,48369,54715,53290,65357,65273,75099,75074,54182,59784,37381,48327,11662,22221,4402,4115,35467,34106,51064,45284,52325,50469,62933,62408,72825,72714,52852,58275,36531,47139,11294,21434,589381,561219,79137,76295,105573,101521,36571,34,31
2021-10-10T23:59:59+02:00,5389,5030,38500,37066,53821,48328,54695,53262,65340,65255,75084,75054,54179,59780,37377,48324,11661,22215,4383,4108,35433,34085,51042,45257,52307,50453,62922,62396,72812,72700,52848,58266,36526,47129,11291,21430,589066,560997,79134,76287,105573,101518,36555,34,31
2021-10-09T23:59:59+02:00,5389,5030,38500,37066,53821,48328,54695,53262,65340,65255,75084,75054,54179,59780,37377,48324,11661,22215,4383,4108,35432,34085,51042,45257,52307,50453,62920,62396,72812,72700,52848,58266,36526,47129,11291,21430,589066,560996,79134,76286,105573,101517,36555,34,31
2021-10-08T23:59:59+02:00,5381,5017,38482,37048,53808,48311,54688,53258,65329,65247,75071,75045,54177,59777,37375,48319,11660,22214,4376,4099,35418,34066,51030,45242,52302,50442,62911,62388,72806,72694,52846,58264,36524,47125,11291,21428,588925,560878,79134,76284,105573,101516,36543,34,31
2021-10-07T23:59:59+02:00,5313,4933,38309,36900,53684,48188,54579,53156,65231,65158,75002,74996,54157,59740,37352,48294,11653,22201,4225,3931,35046,33718,50783,44932,52102,50174,62715,62192,72636,72536,52780,58194,36497,47076,11278,21403,587627,558650,79105,75517,105571,101509,36511,34,31
2021-10-06T23:59:59+02:00,5278,4906,38263,36860,53653,48151,54536,53123,65186,65124,74976,74974,54139,59726,37345,48278,11647,22192,4205,3914,35005,33682,50761,44903,52081,50151,62686,62177,72611,72520,52758,58164,36478,47057,11271,21391,587164,558271,79100,75516,105571,101507,36490,34,31
2021-10-05T23:59:59+02:00,5246,4881,38185,36788,53591,48088,54486,53060,65124,65066,74933,74928,54100,59697,37326,48246,11637,22159,4174,3885,34941,33613,50715,44840,52048,50109,62633,62139,72571,72480,52726,58126,36448,47004,11263,21368,586416,557591,79081,75515,105571,101505,36441,34,31
2021-10-04T23:59:59+02:00,5184,4824,37973,36622,53424,47974,54373,52957,65056,64992,74868,74881,54070,59664,37311,48228,11628,22144,4062,3749,34640,33265,50472,44599,51866,49932,62472,61986,72456,72383,52669,58065,36393,46948,11251,21349,585336,555344,79072,75515,105571,101505,36162,34,31
2021-10-03T23:59:59+02:00,5173,4810,37951,36597,53392,47942,54350,52942,65039,64974,74859,74869,54063,59651,37306,48215,11628,22140,4046,3745,34586,33229,50421,44556,51828,49883,62429,61947,72416,72351,52652,58041,36381,46933,11249,21341,585098,554859,79069,75515,105567,101494,36135,34,31
2021-10-02T23:59:59+02:00,5171,4801,37947,36590,53385,47938,54347,52940,65036,64973,74857,74866,54063,59650,37306,48215,11628,22140,4045,3745,34584,33227,50413,44554,51824,49883,62427,61947,72416,72350,52652,58040,36381,46933,11249,21341,585063,554850,79069,75514,105567,101494,36122,34,31
2021-10-01T23:59:59+02:00,5163,4785,37901,36562,53353,47913,54323,52915,65005,64958,74830,74849,54053,59645,37303,48212,11625,22138,4041,3743,34565,33216,50395,44546,51810,49869,62414,61938,72399,72338,52643,58034,36378,46931,11247,21339,584821,554767,79067,75512,105565,101488,36048,34,31
2021-09-30T23:59:59+02:00,5074,4722,37696,36363,53186,47753,54181,52788,64901,64840,74760,74793,54038,59615,37292,48195,11622,22131,3964,3668,34423,33064,50302,44421,51735,49755,62329,61846,72333,72279,52631,58004,36370,46906,11244,21329,583311,554190,79049,74901,105562,101484,35997,33,31
2021-09-29T23:59:59+02:00,5051,4701,37662,36322,53141,47705,54143,52740,64869,64803,74729,74765,54021,59592,37280,48184,11618,22119,3948,3651,34396,33028,50275,44395,51713,49734,62309,61816,72311,72259,52622,57995,36365,46896,11242,21321,582850,553904,79037,74897,105562,101479,35965,33,31
2021-09-28T23:59:59+02:00,5028,4677,37601,36265,53101,47658,54108,52697,64825,64760,74685,74730,53984,59556,37261,48162,11609,22108,3934,3635,34340,32990,50244,44370,51688,49713,62283,61796,72275,72229,52592,57957,36343,46869,11239,21309,582293,553515,79035,74891,105562,101475,35894,33,31
2021-09-27T23:59:59+02:00,4953,4617,37401,36088,52917,47495,53988,52587,64723,64653,74587,74651,53955,59528,37249,48144,11607,22097,3801,3476,33918,32602,49936,44047,51459,49465,62086,61610,72147,72103,52551,57897,36322,46838,11237,21299,581243,551004,79009,74890,105562,101474,35395,33,31
2021-09-26T23:59:59+02:00,4950,4611,37381,36058,52888,47479,53974,52572,64708,64643,74575,74641,53948,59517,37248,48141,11607,22092,3792,3469,33903,32595,49924,44032,51454,49456,62073,61604,72139,72096,52547,57889,36321,46833,11235,21295,581069,550893,78992,74882,105562,101472,35379,33,31
2021-09-25T23:59:59+02:00,4947,4608,37375,36054,52885,47475,53970,52569,64706,64639,74571,74639,53947,59514,37247,48140,11607,22091,3792,3468,33900,32595,49923,44032,51454,49455,62073,61603,72137,72096,52547,57888,36321,46833,11235,21295,581026,550887,78990,74882,105562,101472,35375,33,31
2021-09-24T23:59:59+02:00,4944,4605,37357,36040,52864,47462,53949,52557,64687,64628,74557,74629,53940,59511,37244,48136,11607,22087,3788,3462,33890,32579,49908,44023,51434,49440,62060,61597,72118,72087,52540,57881,36315,46826,11235,21293,580910,550780,78990,74880,105559,101471,35314,33,31
2021-09-23T23:59:59+02:00,4814,4485,36951,35621,52511,47129,53656,52285,64445,64410,74373,74498,53879,59455,37212,48091,11598,22067,3755,3420,33703,32409,49689,43870,51265,49336,61909,61492,72002,72011,52505,57856,36290,46804,11233,21285,578575,550108,78946,74858,105559,101468,34369,33,31
2021-09-22T23:59:59+02:00,4786,4462,36909,35564,52444,47051,53589,52224,64378,64358,74314,74445,53850,59432,37204,48074,11596,22062,3738,3408,33667,32366,49646,43813,51206,49284,61854,61452,71954,71977,52486,57838,36284,46793,11231,21284,578137,549848,78938,74855,105556,101467,34080,33,31
2021-09-21T23:59:59+02:00,4770,4439,36852,35515,52378,46987,53544,52174,64311,64307,74256,74391,53807,59400,37190,48048,11591,22053,3717,3394,33636,32314,49614,43766,51167,49240,61808,61414,71915,71935,52455,57814,36273,46775,11230,21277,577583,549482,78929,74853,105554,101462,33916,33,31
2021-09-20T23:59:59+02:00,4666,4375,36517,35209,52055,46678,53309,51952,64101,64118,74097,74278,53742,59346,37169,48013,11584,22047,3512,3206,33125,31879,49236,43432,50882,48938,61554,61203,71748,71783,52399,57749,36250,46730,11223,21267,575741,546775,78924,74848,105553,101456,33007,33,30
2021-09-19T23:59:59+02:00,4653,4370,36504,35198,52044,46670,53295,51940,64088,64113,74089,74268,53739,59340,37166,48010,11583,22047,3502,3198,33104,31862,49232,43422,50874,48926,61540,61192,71736,71773,52393,57745,36249,46728,11223,21264,575635,546652,78917,74844,105552,101455,32982,33,30
2021-09-18T23:59:59+02:00,4653,4370,36502,35197,52042,46669,53295,51939,64088,64113,74089,74268,53739,59340,37166,48010,11583,22047,3501,3198,33101,31862,49228,43420,50874,48926,61540,61192,71736,71773,52393,57745,36249,46728,11223,21264,575633,546647,78917,74844,105552,101455,32977,33,30
2021-09-17T23:59:59+02:00,4646,4357,36488,35173,52021,46651,53284,51920,64073,64104,74074,74249,53730,59333,37163,48005,11582,22047,3500,3194,33094,31846,49216,43410,50870,48917,61538,61188,71728,71761,52386,57743,36249,46727,11223,21263,575470,546596,78917,74844,105552,101453,32930,33,30
2021-09-16T23:59:59+02:00,4495,4206,36119,34808,51765,46351,53071,51655,63889,63919,73917,74099,53675,59273,37147,47970,11577,22035,3432,3153,32966,31740,49134,43303,50791,48835,61477,61133,71677,71728,52371,57729,36240,46715,11222,21257,573027,545758,78459,74764,105551,101448,32903,33,30
2021-09-15T23:59:59+02:00,4452,4168,36051,34733,51721,46298,53004,51599,63839,63870,73879,74056,53657,59252,37137,47959,11576,22029,3390,3121,32913,31689,49083,43251,50734,48785,61430,61089,71647,71697,52363,57708,36230,46705,11222,21251,572655,545423,78373,74749,105551,101436,32670,33,30
2021-09-14T23:59:59+02:00,4411,4128,35988,34681,51671,46227,52964,51549,63793,63825,73835,74014,53632,59233,37122,47940,11574,22025,3344,3093,32848,31618,49038,43202,50701,48741,61376,61051,71612,71656,52340,57684,36221,46691,11221,21248,572115,544871,78303,74743,105551,101429,32612,33,30
2021-09-13T23:59:59+02:00,4260,3951,35621,34250,51398,45913,52749,51315,63583,63616,73700,73889,53577,59164,37085,47906,11573,22017,3055,2843,32384,31145,48803,42954,50518,48540,61229,60868,71470,71545,52287,57625,36205,46655,11215,21238,569527,541883,77878,74663,105550,101423,32580,33,30
2021-09-12T23:59:59+02:00,4251,3941,35599,34234,51382,45890,52731,51298,63569,63599,73691,73879,53574,59158,37080,47905,11573,22016,3038,2835,32359,31127,48787,42936,50508,48532,61218,60854,71454,71533,52280,57617,36199,46653,11212,21237,569378,541727,77862,74655,105539,101408,32559,33,30
2021-09-11T23:59:59+02:00,4248,3938,35595,34230,51381,45888,52725,51291,63567,63594,73689,73873,53570,59153,37080,47903,11573,22016,3035,2834,32350,31123,48784,42933,50504,48529,61215,60850,71451,71530,52278,57615,36199,46651,11212,21237,569351,541707,77862,74655,105539,101408,32530,33,30
2021-09-10T23:59:59+02:00,4247,3937,35482,34131,51185,45734,52534,51150,63390,63480,73555,73782,53532,59114,37060,47885,11571,22011,3025,2824,32224,31014,48586,42767,50306,48392,61025,60728,71317,71435,52236,57572,36177,46630,11209,21232,569294,541554,77860,74653,105538,101406,31056,33,30
2021-09-09T23:59:59+02:00,4219,3898,35403,34064,51128,45665,52473,51062,63332,63422,73515,73744,53509,59086,37046,47866,11569,22007,2992,2793,32130,30947,48542,42718,50255,48351,60984,60694,71274,71401,52218,57558,36170,46615,11208,21228,568687,541073,77825,74646,105519,101384,30945,33,30
2021-09-08T23:59:59+02:00,4194,3878,35369,34022,51104,45635,52455,51036,63298,63389,73494,73721,53502,59071,37039,47855,11569,22004,2974,2777,32072,30918,48503,42692,50227,48320,60948,60665,71258,71380,52205,57545,36160,46604,11205,21210,568340,540697,77825,74645,105519,101372,30919,33,30
2021-09-07T23:59:59+02:00,4181,3864,35329,33979,51074,45604,52431,51010,63273,63366,73458,73691,53490,59055,37023,47841,11567,21998,2952,2759,32025,30870,48469,42657,50187,48283,60923,60634,71225,71351,52192,57529,36151,46591,11202,21206,567968,540279,77825,74643,105519,101364,30890,33,30
2021-09-06T23:59:59+02:00,4005,3680,34849,33506,50697,45214,52165,50708,63047,63126,73300,73540,53426,58974,37004,47801,11564,21989,2910,2704,31816,30687,48266,42502,50044,48143,60810,60515,71130,71262,52145,57483,36135,46572,11197,21193,565157,539420,77825,74642,105519,101360,30062,33,30
2021-09-05T23:59:59+02:00,3997,3668,34832,33491,50694,45207,52153,50700,63035,63116,73285,73535,53421,58966,36998,47794,11562,21985,2902,2694,31798,30668,48247,42487,50031,48135,60799,60505,71120,71257,52139,57471,36133,46567,11196,21191,565022,539282,77824,74640,105519,101346,30042,33,30
2021-09-04T23:59:59+02:00,3997,3668,34831,33491,50692,45207,52152,50699,63035,63116,73285,73535,53421,58966,36998,47794,11562,21985,2902,2694,31797,30666,48246,42487,50029,48133,60799,60505,71119,71257,52139,57471,36133,46567,11196,21191,565020,539278,77824,74638,105519,101346,30039,33,30
2021-09-03T23:59:59+02:00,3949,3621,34666,33359,50539,45083,52041,50580,62885,62992,73160,73435,53381,58918,36977,47773,11558,21982,2825,2606,31523,30474,48045,42316,49858,47965,60593,60333,70974,71111,52085,57414,36108,46544,11194,21187,564881,539145,77224,73393,105508,101333,29254,33,30
2021-09-02T23:59:59+02:00,3923,3591,34607,33312,50505,45042,52008,50547,62844,62951,73121,73408,53361,58906,36968,47755,11558,21976,2809,2581,31454,30414,47995,42269,49817,47921,60538,60281,70933,71084,52067,57398,36099,46536,11193,21182,564467,538755,77202,73389,105508,101223,29174,33,30
2021-09-01T23:59:59+02:00,3907,3577,34581,33279,50482,45015,51989,50525,62824,62918,73092,73390,53352,58897,36964,47747,11558,21975,2781,2562,31404,30375,47962,42242,49787,47896,60507,60257,70910,71053,52047,57379,36089,46529,11193,21179,564199,538409,77199,73383,105508,101196,29134,33,30
2021-08-31T23:59:59+02:00,3880,3564,34541,33231,50455,44979,51961,50493,62796,62886,73062,73358,53332,58875,36956,47734,11555,21975,2772,2550,31344,30342,47933,42217,49765,47879,60480,60241,70895,71026,52033,57369,36086,46522,11190,21173,563808,538132,77199,73379,105507,101189,29087,33,30
2021-08-30T23:59:59+02:00,3654,3354,33952,32715,50032,44600,51609,50146,62506,62623,72855,73180,53248,58790,36926,47687,11552,21967,2715,2491,31062,30078,47634,41983,49537,47708,60299,60110,70740,70922,51965,57324,36068,46490,11187,21166,560803,537037,77199,73376,105506,101179,27857,32,30
2021-08-29T23:59:59+02:00,3648,3346,33931,32692,50016,44591,51595,50127,62495,62609,72845,73164,53240,58785,36924,47680,11552,21965,2709,2490,31044,30058,47612,41956,49516,47691,60282,60093,70728,70910,51962,57316,36065,46489,11187,21164,560659,536918,77196,73375,105505,101135,27814,32,30
2021-08-28T23:59:59+02:00,3648,3346,33928,32692,50011,44590,51594,50125,62494,62606,72843,73163,53239,58783,36924,47680,11552,21965,2709,2487,31035,30049,47607,41954,49513,47688,60279,60089,70725,70908,51961,57312,36065,46489,11187,21164,560651,536882,77196,73374,105505,101135,27800,32,30
2021-08-27T23:59:59+02:00,3644,3340,33920,32673,50008,44586,51582,50118,62487,62601,72826,73157,53235,58780,36923,47679,11551,21964,2701,2484,31017,30031,47599,41944,49503,47679,60272,60081,70713,70907,51959,57311,36064,46488,11186,21164,560577,536804,77196,73372,105505,101132,27765,32,30
2021-08-26T23:59:59+02:00,3619,3312,33879,32623,49981,44548,51540,50069,62441,62577,72793,73127,53225,58770,36916,47677,11550,21960,2627,2390,30719,29762,47381,41731,49328,47523,60156,59980,70628,70836,51925,57278,36047,46464,11184,21160,560225,534978,77169,73366,105504,101067,27678,32,30
2021-08-25T23:59:59+02:00,3578,3288,33829,32580,49954,44502,51504,50040,62402,62543,72757,73103,53216,58752,36910,47662,11549,21959,2364,2169,29961,29060,46940,41316,49001,47231,59931,59755,70452,70685,51858,57202,36025,46429,11175,21152,559793,530638,77169,73363,105504,101044,27631,32,30
2021-08-24T23:59:59+02:00,3538,3265,33770,32521,49922,44460,51476,49993,62357,62494,72714,73056,53195,58727,36897,47649,11547,21951,2287,2105,29727,28838,46807,41185,48893,47125,59839,59661,70367,70586,51812,57155,36004,46417,11171,21149,559302,529198,77166,73359,105502,101010,27531,32,30
2021-08-23T23:59:59+02:00,3234,2999,33133,31899,49496,44062,51134,49689,62028,62197,72421,72824,53098,58638,36858,47586,11536,21942,2227,2052,29307,28446,46420,40885,48652,46913,59567,59451,70142,70439,51736,57084,35980,46374,11165,21142,556232,527743,77163,73356,105500,101005,25848,32,30
2021-08-22T23:59:59+02:00,3223,2991,33123,31893,49486,44052,51126,49683,62023,62190,72416,72822,53094,58635,36856,47584,11536,21941,2223,2049,29283,28429,46401,40876,48643,46903,59556,59443,70135,70436,51727,57080,35977,46371,11165,21142,556166,527646,77159,73349,105495,100991,25823,32,30
2021-08-21T23:59:59+02:00,3221,2991,33118,31890,49484,44051,51125,49680,62020,62189,72415,72821,53094,58635,36856,47584,11536,21941,2222,2047,29270,28416,46396,40872,48637,46899,59552,59443,70135,70435,51726,57080,35977,46371,11165,21142,556151,527607,77159,73342,105495,100991,25815,32,30
2021-08-20T23:59:59+02:00,3205,2980,32994,31796,49292,43913,50951,49570,61838,62061,72269,72739,53046,58593,36841,47566,11533,21937,2195,2033,28730,27915,45914,40501,48355,46688,59294,59259,69931,70310,51641,57022,35947,46343,11161,21135,555925,525905,77159,73167,105495,100758,24514,32,30
2021-08-19T23:59:59+02:00,3178,2957,32944,31757,49258,43878,50903,49531,61793,62023,72220,72700,53020,58573,36834,47551,11529,21930,2107,1951,27788,27059,45128,39898,47929,46327,58960,58985,69655,70087,51541,56933,35905,46295,11156,21130,555512,521524,77124,72192,105490,100666,24422,32,30
2021-08-18T23:59:59+02:00,3157,2938,32897,31713,49222,43843,50864,49495,61749,61987,72173,72673,52991,58556,36820,47537,11528,21925,2008,1852,26492,25756,44200,39025,47222,45586,58280,58400,69167,69630,51354,56712,35828,46203,11144,21113,555080,515982,77103,68981,105487,100612,24367,32,30
2021-08-17T23:59:59+02:00,3133,2915,32828,31650,49178,43776,50821,49460,61702,61942,72137,72632,52968,58532,36807,47525,11525,21920,1879,1742,25202,24363,43326,38332,46622,45105,57746,57957,68734,69305,51219,56528,35753,46124,11128,21099,554532,510361,77098,66893,105486,100576,24304,32,30
2021-08-16T23:59:59+02:00,3122,2894,32811,31631,49155,43753,50812,49443,61682,61924,72116,72617,52958,58524,36805,47514,11523,21916,1787,1660,23764,22967,42424,37484,46346,44812,57520,57696,68527,69146,51146,56442,35722,46080,11126,21085,554304,503994,77095,66861,105484,100563,24286,32,30
2021-08-15T23:59:59+02:00,3114,2882,32797,31613,49144,43747,50801,49432,61666,61908,72101,72605,52954,58515,36802,47514,11523,21916,1504,1403,21336,20512,41670,36939,45978,44439,57188,57397,68242,68889,51034,56340,35685,46024,11123,21075,554167,495251,77094,66682,105474,100547,24268,32,30
2021-08-14T23:59:59+02:00,3114,2881,32792,31611,49140,43745,50798,49430,61661,61905,72097,72599,52954,58515,36801,47514,11523,21916,1502,1395,21310,20485,41633,36908,45961,44424,57174,57385,68230,68878,51032,56337,35684,46023,11123,21074,554160,495062,77093,66681,105474,100547,24238,32,30
2021-08-13T23:59:59+02:00,3100,2864,32749,31583,49117,43731,50776,49413,61628,61874,72075,72579,52948,58508,36798,47509,11522,21913,1477,1370,21192,20398,41545,36810,45899,44371,57126,57347,68190,68845,51015,56325,35675,46015,11122,21072,554003,494472,77092,66678,105473,100526,24088,32,30
2021-08-12T23:59:59+02:00,3082,2835,32702,31534,49085,43691,50738,49384,61574,61847,72039,72543,52932,58489,36781,47500,11521,21910,1392,1310,20722,20084,40592,35999,45529,44042,56908,57168,68013,68681,50943,56241,35645,45971,11117,21065,553594,490232,77088,66676,105471,100481,24003,32,30
2021-08-11T23:59:59+02:00,3040,2804,32645,31490,49051,43657,50714,49360,61547,61816,72011,72515,52910,58463,36769,47491,11520,21903,1167,1130,19825,19200,39262,34809,44923,43463,56547,56839,67720,68407,50821,56103,35607,45912,11115,21052,553179,482799,77082,66671,105471,100459,23943,32,30
2021-08-10T23:59:59+02:00,3024,2785,32592,31445,49020,43628,50685,49327,61528,61777,71973,72470,52888,58447,36758,47468,11519,21898,921,886,18800,18230,37162,32940,44036,42584,56092,56439,67329,68060,50671,55950,35546,45816,11110,21032,552724,472539,77081,66669,105470,100440,23926,32,30
2021-08-09T23:59:59+02:00,3008,2778,32563,31421,48996,43608,50658,49309,61508,61760,71953,72450,52878,58438,36753,47458,11517,21897,491,475,17379,16815,34175,30516,43371,41949,55683,56075,66996,67733,50527,55801,35495,45767,11105,21014,552474,460341,77079,66665,105466,100428,23903,32,30
2021-08-08T23:59:59+02:00,3005,2778,32550,31409,48985,43601,50653,49303,61497,61752,71949,72449,52877,58436,36753,47455,11517,21896,488,472,17351,16785,34154,30501,43334,41919,55669,56062,66987,67728,50522,55796,35494,45764,11104,21013,552413,460156,77079,66660,105454,100409,23888,32,30
2021-08-07T23:59:59+02:00,3004,2773,32543,31398,48983,43593,50647,49303,61495,61749,71942,72447,52876,58434,36752,47455,11517,21896,485,468,17322,16752,34128,30483,43299,41888,55648,56045,66976,67721,50517,55794,35492,45764,11104,21012,552366,459926,77079,66657,105454,100408,23877,32,30
2021-08-06T23:59:59+02:00,2915,2681,32195,31171,48723,43397,50388,49074,61206,61544,71667,72279,52744,58331,36698,47403,11514,21887,477,466,17112,16611,33411,30004,42827,41519,55305,55818,66666,67543,50387,55701,35443,45728,11101,21005,552295,458248,75969,66368,105450,100406,22072,32,30
2021-08-05T23:59:59+02:00,2869,2642,32036,31051,48631,43307,50308,49019,61153,61499,71614,72238,52718,58312,36689,47386,11512,21885,449,433,16880,16359,31547,28566,41782,40565,55030,55472,66454,67371,50323,55624,35420,45689,11094,20996,551412,451428,75966,66295,105441,100282,22019,32,30
2021-08-04T23:59:59+02:00,2794,2566,31768,30859,48433,43171,50156,48908,61073,61422,71551,72182,52688,58272,36676,47371,11509,21880,423,410,16591,16113,31190,28344,40590,39491,54640,55140,66278,67219,50260,55542,35390,45661,11091,20989,550114,447115,75965,66276,105439,100209,21733,29,29
2021-08-03T23:59:59+02:00,2606,2385,31253,30392,48184,42923,49981,48714,60911,61251,71405,72035,52634,58200,36654,47342,11499,21866,374,346,16153,15666,30603,27820,38857,37873,53948,54494,65944,66907,50163,55413,35343,45609,11086,20979,547156,439440,75965,66269,105436,100190,21650,29,29
2021-08-02T23:59:59+02:00,2495,2290,30937,30107,47982,42739,49828,48586,60804,61145,71317,71953,52601,58168,36632,47323,11498,21863,332,313,15847,15395,30265,27466,36716,36048,53389,53979,65736,66732,50091,55328,35321,45581,11084,20975,545213,432593,75962,66264,105431,100078,21634,29,29
2021-08-01T23:59:59+02:00,2492,2287,30926,30098,47963,42726,49817,48578,60791,61135,71307,71948,52596,58159,36628,47323,11498,21863,319,303,15724,15269,30128,27350,34412,34194,53092,53726,65642,66663,50051,55287,35314,45562,11083,20973,545156,427143,75960,66259,105384,100054,21607,29,29
2021-07-31T23:59:59+02:00,2492,2287,30921,30094,47961,42724,49815,48578,60790,61135,71307,71946,52593,58156,36628,47323,11498,21862,318,303,15709,15256,30094,27325,34400,34187,53074,53718,65630,66658,50047,55282,35314,45561,11082,20972,545137,426991,75960,66258,105383,100050,21602,29,29
2021-07-30T23:59:59+02:00,2478,2282,30875,30048,47929,42703,49791,48553,60756,61106,71272,71928,52584,58145,36628,47323,11498,21860,316,298,15549,14956,29829,27011,34219,33938,52873,53424,65464,66455,50001,55236,35303,45549,11082,20971,544965,426624,75954,66248,105380,98141,21432,29,29
2021-07-29T23:59:59+02:00,2446,2262,30718,29956,47846,42642,49738,48487,60694,61065,71227,71882,52565,58126,36620,47307,11495,21855,293,276,15232,14678,29512,26792,32933,32992,52088,52812,65108,66187,49902,55143,35260,45492,11077,20963,544299,423916,75947,63511,105369,97996,21288,29,29
2021-07-28T23:59:59+02:00,2399,2225,30564,29847,47763,42574,49665,48415,60620,60986,71160,71825,52541,58088,36602,47288,11494,21850,264,256,14829,14305,29071,26476,32562,32661,51378,52198,64716,65860,49807,55040,35226,45435,11061,20944,543348,419770,75943,63457,105363,97609,21224,29,29
2021-07-27T23:59:59+02:00,2321,2152,30323,29580,47611,42394,49520,48277,60510,60862,71060,71737,52483,58028,36574,47249,11486,21843,188,166,14184,13648,28304,25844,31810,32008,50126,51102,63983,65294,49619,54833,35158,45320,11054,20924,541517,411419,75933,63431,105357,97511,21175,29,29
2021-07-26T23:59:59+02:00,2260,2097,30120,29349,47493,42265,49445,48194,60445,60797,71009,71691,52457,57996,36562,47236,11484,21834,151,139,13820,13272,27946,25552,31192,31595,48570,49730,63007,64468,49413,54627,35090,45239,11044,20911,540283,403695,75930,63425,105353,97477,21140,29,29
2021-07-25T23:59:59+02:00,2015,1895,29301,28675,47099,41946,49157,47907,60210,60572,70825,71533,52401,57921,36535,47195,11483,21826,148,137,13728,13212,27851,25487,31107,31528,48449,49666,62920,64417,49391,54609,35083,45230,11044,20910,536097,403059,75930,63418,105346,97316,21095,29,29
2021-07-24T23:59:59+02:00,1934,1827,29043,28444,46949,41841,49040,47806,60053,60454,70696,71453,52352,57891,36517,47174,11481,21826,147,131,13593,13099,27650,25351,30946,31398,48236,49497,62756,64322,49347,54579,35068,45212,11042,20908,535401,402443,75927,63415,105345,97315,20080,29,29
2021-07-23T23:59:59+02:00,1819,1707,28712,28119,46702,41686,48783,47593,59803,60267,70492,71325,52277,57820,36498,47137,11477,21817,137,123,13338,12874,27217,25035,30561,31090,47635,49009,62426,64083,49263,54513,35046,45168,11037,20899,534398,400028,75550,63361,105334,97312,18724,29,29
2021-07-22T23:59:59+02:00,1807,1700,28633,28039,46562,41546,48569,47383,59625,60124,70373,71196,52234,57783,36482,47120,11477,21817,119,118,13108,12613,26883,24704,30208,30772,45706,47446,61620,63382,49167,54411,35008,45124,11034,20889,534088,393320,74401,63212,105290,97088,18663,29,29
2021-07-21T23:59:59+02:00,1773,1661,28368,27835,46175,41211,47976,46827,59039,59641,69916,70805,52063,57622,36424,47064,11468,21804,104,108,12685,12168,26302,24162,29634,30203,41973,44202,60131,62109,48999,54230,34944,45042,11024,20862,533533,381669,71126,62696,105136,96639,17849,29,29
2021-07-20T23:59:59+02:00,1750,1646,28249,27699,46110,41154,47928,46788,58983,59593,69862,70757,52029,57594,36408,47039,11463,21797,88,81,12186,11636,25564,23471,28980,29452,38515,41208,58582,60646,48796,54007,34862,44949,11006,20842,532843,371260,71104,59310,105119,96517,17755,29,29
2021-07-19T23:59:59+02:00,1745,1645,28222,27663,46088,41143,47915,46776,58970,59577,69850,70755,52027,57590,36408,47035,11461,21797,87,79,12139,11605,25497,23436,28947,29418,38470,41175,58540,60619,48792,53999,34861,44946,11003,20841,532703,370937,71104,59295,105102,96463,17730,29,29
2021-07-18T23:59:59+02:00,1741,1638,28197,27638,46065,41134,47903,46767,58964,59569,69843,70747,52025,57589,36407,47034,11461,21796,87,78,12076,11580,25411,23395,28887,29386,38409,41149,58480,60578,48790,53995,34858,44945,11003,20841,532582,370599,71102,59264,105094,96344,17712,29,29
2021-07-17T23:59:59+02:00,1741,1636,28176,27623,46051,41124,47892,46762,58956,59563,69836,70743,52021,57585,36406,47034,11461,21796,85,76,12048,11566,25377,23358,28854,29367,38387,41131,58444,60554,48780,53987,34856,44945,11003,20841,532502,370348,71101,59260,105093,96340,17682,29,29
2021-07-16T23:59:59+02:00,1726,1615,27910,27429,45763,40959,47663,46590,58656,59362,69604,70602,51915,57514,36362,46998,11456,21794,85,73,11795,11370,25044,23117,28551,29137,37987,40857,57936,60131,48643,53874,34804,44895,10997,20837,532187,369142,71100,59257,104961,96063,15642,29,29
2021-07-15T23:59:59+02:00,1628,1502,27446,27042,45501,40723,47517,46477,58515,59249,69501,70516,51874,57472,36347,46975,11455,21787,77,66,11497,11139,24564,22780,28182,28866,37595,40576,55887,58082,48472,53672,34746,44811,10989,20826,529860,362193,71099,59165,104953,95853,15587,29,29
2021-07-14T23:59:59+02:00,1461,1370,26880,26502,45195,40434,47313,46292,58331,59052,69340,70370,51812,57413,36322,46945,11449,21782,70,58,11304,10948,24156,22423,27829,28548,37072,40174,54667,56901,48334,53521,34695,44747,10981,20804,526684,358475,71093,57496,104934,95708,15524,29,29
2021-07-13T23:59:59+02:00,1174,1065,25926,25607,44703,40023,46954,45971,58007,58766,69067,70124,51701,57287,36279,46890,11445,21767,58,43,10960,10605,23626,21876,27206,27959,35690,38984,50531,52993,47970,53133,34565,44598,10964,20775,521292,349194,71087,52289,104931,95606,15418,29,29
2021-07-12T23:59:59+02:00,710,668,24552,24351,44143,39541,46753,45754,57794,58571,68884,69952,51639,57196,36262,46864,11443,21759,50,40,10725,10497,23425,21737,26951,27822,35440,38814,50089,52571,47895,53047,34535,44563,10964,20769,515405,347725,71086,52262,104925,94525,15393,28,29
2021-07-11T23:59:59+02:00,707,663,24533,24331,44113,39522,46735,45742,57780,58558,68870,69949,51637,57193,36259,46860,11442,21759,48,40,10629,10409,23205,21612,26685,27723,35130,38732,49375,52084,46410,51458,34445,44455,10964,20767,515318,347212,71082,52215,104911,89400,15315,28,29
2021-07-10T23:59:59+02:00,705,658,24525,24326,44108,39513,46733,45740,57774,58557,68870,69948,51637,57193,36259,46860,11442,21759,45,39,10616,10399,23182,21591,26671,27712,35108,38727,49361,52079,46396,51442,34443,44454,10964,20767,515285,347103,71081,52214,104909,89345,15305,28,29
2021-07-09T23:59:59+02:00,698,648,24076,23866,43828,39271,46667,45680,57714,58516,68818,69923,51620,57180,36255,46852,11441,21759,45,39,10535,10230,23087,21403,26610,27502,35040,38510,49295,51975,46374,51417,34439,44451,10964,20767,513522,345869,71077,52201,104903,89301,15283,28,29
2021-07-08T23:59:59+02:00,632,582,22988,22861,43031,38672,46417,45476,57506,58373,68621,69784,51543,57114,36227,46829,11439,21751,40,34,10278,10037,22712,21149,26215,27236,34559,38195,48685,51452,46036,51050,34369,44373,10957,20745,508841,342280,71052,52051,104846,88682,15080,28,29
2021-07-07T23:59:59+02:00,580,536,21666,21470,42291,37987,46193,45253,57266,58183,68454,69624,51459,57031,36190,46776,11431,21737,33,30,9908,9733,21834,20556,25104,26443,32720,36826,47765,50565,45536,50513,34262,44233,10948,20727,503458,337343,70878,47665,104825,87761,14939,28,28
2021-07-06T23:59:59+02:00,523,472,20431,20189,41435,37341,45716,44902,56870,57877,68125,69366,51360,56905,36146,46725,11423,21728,25,25,9518,9352,20967,19962,24138,25785,31233,35631,46565,49363,44756,49729,34126,44057,10935,20707,498968,330004,68943,45563,104805,86488,14791,28,28
2021-07-05T23:59:59+02:00,486,444,19020,18807,40571,36538,45499,44674,56687,57674,67964,69239,51304,56849,36125,46696,11421,21721,23,21,9228,9095,20410,19579,23469,25363,30593,35204,45805,48746,44001,48938,33996,43868,10926,20695,493238,324215,68940,45541,104798,85458,14718,26,28
2021-07-04T23:59:59+02:00,479,438,17232,16796,40229,36308,45411,44601,56601,57605,67885,69170,51272,56823,36115,46675,11419,21719,23,21,9167,9042,20270,19514,23297,25285,30334,35125,45011,48616,42638,47586,33917,43794,10924,20689,488407,323754,68914,45495,104783,81328,14648,26,28
2021-07-03T23:59:59+02:00,479,436,17210,16772,40180,36262,45392,44584,56596,57600,67879,69163,51270,56820,36115,46675,11419,21718,22,21,9123,9000,20202,19446,23235,25219,30251,35045,44790,48440,42569,47510,33872,43735,10921,20689,488220,322790,68912,45494,104782,81148,14630,26,28
2021-07-02T23:59:59+02:00,459,413,17092,16664,39713,35882,45276,44484,56542,57559,67831,69132,51258,56815,36109,46663,11419,21717,22,19,8961,8829,19875,19166,22844,24841,29833,34630,44164,47794,42367,47280,33773,43599,10915,20685,486712,319780,68894,44461,104780,80712,14616,26,28
2021-07-01T23:59:59+02:00,407,373,16784,16382,37977,34548,44703,43985,56283,57350,67657,68963,51178,56724,36081,46625,11415,21709,17,14,8587,8431,19012,18453,21876,23986,28447,33439,41132,44822,41370,46198,33159,42873,10898,20656,481229,312278,68819,39578,104758,77174,14312,26,28
2021-06-30T23:59:59+02:00,359,328,16494,16137,35790,32722,44081,43354,56059,57155,67452,68771,51097,56632,36052,46571,11411,21693,16,13,8227,8096,18338,17823,20987,23154,27170,32172,36487,39948,40289,45051,32498,42084,10877,20630,474383,301774,68773,33546,104738,74274,14238,26,28
2021-06-29T23:59:59+02:00,319,291,16272,15935,34794,31636,43630,42909,55877,56991,67280,68621,51021,56559,36013,46527,11403,21686,14,10,7644,7491,17209,16892,19730,21937,25469,30493,33741,36821,37436,42001,31754,41192,10854,20592,470175,285563,68765,33498,104724,68118,14074,26,27
2021-06-28T23:59:59+02:00,309,269,16123,15778,33080,30227,43309,42615,55713,56850,67163,68513,50975,56507,35995,46506,11400,21674,13,8,7339,7234,16651,16517,19338,21622,24962,30105,33152,36320,36057,40512,30966,40258,10850,20581,465760,282516,68740,33445,104702,62719,13778,26,27
2021-06-27T23:59:59+02:00,309,269,16102,15753,32930,30140,43247,42587,55676,56841,67137,68505,50971,56503,35992,46505,11400,21673,12,8,7295,7204,16516,16451,19174,21560,24761,30031,32925,36180,34799,39238,29339,38336,10849,20580,465441,282346,68737,33406,104697,55840,13639,26,27
2021-06-26T23:59:59+02:00,307,267,16079,15728,32906,30122,43201,42545,55652,56826,67131,68502,50970,56501,35989,46504,11400,21673,11,8,7291,7191,16497,16440,19158,21550,24728,30008,32905,36160,34785,39225,29337,38333,10849,20580,465208,282150,68734,33406,104697,55835,13638,26,27
2021-06-25T23:59:59+02:00,300,265,16019,15681,32786,30024,43008,42385,55595,56780,67089,68478,50960,56490,35985,46503,11400,21673,11,8,7105,6913,16213,15931,18889,20893,24357,29075,32517,35439,34624,39007,29314,38303,10849,20580,464368,279464,68731,33396,104680,53525,13616,26,27
2021-06-24T23:59:59+02:00,280,252,15745,15477,32327,29732,41538,41141,55131,56424,66856,68318,50906,56434,35969,46475,11395,21663,10,8,6783,6683,15513,15485,17439,19871,22277,27514,31416,34542,34219,38581,29190,38121,10837,20565,459792,269744,68728,33343,104676,53099,12841,26,27
2021-06-23T23:59:59+02:00,264,235,15464,15188,31825,29333,39436,39319,54587,55881,66605,68098,50817,56325,35929,46429,11390,21650,9,6,6576,6518,15147,15205,16913,19422,21393,26714,29716,33176,33462,37727,28998,37880,10830,20550,452733,261913,68679,33252,104672,52385,12665,26,27
2021-06-22T23:59:59+02:00,242,200,15085,14792,31157,28700,35997,36272,53673,55079,66301,67793,50710,56203,35890,46372,11386,21636,6,5,6396,6305,14743,14875,16108,18702,19973,25400,28109,31523,32661,36751,28458,37274,10812,20518,441790,251794,68646,33167,104665,51270,12361,26,27
2021-06-21T23:59:59+02:00,227,194,14842,14614,30469,28234,33834,34307,53209,54653,66123,67676,50629,56129,35865,46350,11381,21631,6,5,6300,6220,14584,14755,15937,18564,19852,25288,28000,31436,32506,36611,27249,36038,10812,20515,434955,251108,68624,33119,104634,48296,12128,26,27
2021-06-20T23:59:59+02:00,220,193,14719,14526,28568,26892,33225,33857,53120,54557,66056,67640,50606,56102,35857,46347,11380,21629,6,5,5849,5923,13638,14113,15107,17971,19296,24929,27684,31234,32339,36430,27223,36007,10810,20511,430571,246093,68620,33084,104631,48224,11647,25,27
2021-06-19T23:59:59+02:00,214,188,14693,14493,28453,26809,33196,33830,53098,54541,66040,67629,50600,56093,35855,46342,11379,21627,6,5,5636,5762,13078,13702,14499,17493,18969,24727,27489,31063,32260,36330,27206,35993,10810,20511,430164,242569,68618,33080,104631,48221,11642,25,27
2021-06-18T23:59:59+02:00,212,179,14603,14408,28349,26742,31946,32926,52732,54234,65906,67535,50569,56059,35837,46316,11375,21623,6,4,5569,5684,12977,13617,14334,17367,18733,24498,26669,30396,32054,36093,27140,35918,10806,20504,429662,239619,65652,32965,104621,48167,11591,25,27
2021-06-17T23:59:59+02:00,198,163,14228,14143,27757,26489,31458,32665,51943,53667,65480,67268,50488,55958,35803,46275,11369,21610,5,4,5190,5426,12191,13142,13545,16755,17640,23569,24508,28431,31412,35356,26941,35640,10789,20489,426454,230595,65647,32686,104597,47485,10240,24,27
2021-06-16T23:59:59+02:00,169,135,13799,13738,27292,26133,31014,32309,51130,52964,65025,66879,50369,55838,35774,46218,11358,21598,5,4,4825,4991,11472,12474,12753,16060,16538,22447,21536,25567,30342,34148,26643,35236,10774,20448,421587,216550,65600,32658,104590,47087,9941,24,27
2021-06-15T23:59:59+02:00,106,82,13168,13114,26546,25555,30231,31714,49878,51899,64312,66354,50191,55641,35707,46106,11349,21579,5,4,4331,4361,10507,11540,11598,14682,14809,20745,18104,22261,28968,32711,26256,34716,10749,20405,413871,197934,65580,32541,104585,46778,9472,24,27
2021-06-14T23:59:59+02:00,76,61,12763,12742,26135,25231,29570,31248,48085,50430,63261,65520,49975,55415,35630,46030,11341,21567,5,4,4231,4306,10331,11408,11457,14550,14632,20624,17911,22101,28896,32630,26238,34688,10745,20402,405998,197492,65570,32269,104585,46468,8903,24,27
2021-06-13T23:59:59+02:00,75,60,12721,12699,26064,25195,29507,31222,48033,50405,63226,65496,49969,55412,35628,46026,11340,21564,5,4,4075,4228,10004,11280,11134,14439,14337,20512,17510,21758,27382,30986,26098,34493,10741,20391,405797,196749,65494,27593,104578,46259,8749,24,27
2021-06-12T23:59:59+02:00,75,59,12703,12682,26048,25184,29496,31210,47973,50334,63184,65460,49968,55409,35628,46026,11340,21564,5,4,4073,4219,9989,11263,11125,14424,14318,20495,17489,21749,27341,30941,26093,34487,10741,20391,405500,196562,65494,27591,104576,46218,8749,24,27
2021-06-11T23:59:59+02:00,73,56,12602,12556,25924,25068,29374,31086,47735,50109,63052,65341,49944,55383,35617,46015,11338,21562,5,4,3980,3950,9471,10077,10696,13516,14030,19937,17216,21273,26932,30518,26002,34405,10738,20389,404230,195519,65485,27587,104536,41446,8560,24,27
2021-06-10T23:59:59+02:00,65,49,12358,12339,25605,24787,29029,30817,46661,49093,62317,64772,49859,55287,35583,45963,11328,21549,5,3,3711,3584,8704,8833,9801,11874,12728,17180,15429,17670,25211,28596,25706,34100,10732,20365,399353,189999,65428,27150,104334,28735,8322,24,26
2021-06-09T23:59:59+02:00,51,37,12064,12015,25198,24382,28632,30422,44650,47269,61225,63834,49754,55163,35536,45909,11322,21531,5,3,3464,3462,8279,8583,9290,11553,12212,16788,14717,17070,21374,24273,25479,33798,10720,20339,391366,178413,65300,26802,104332,28196,7972,24,26
2021-06-08T23:59:59+02:00,45,26,11633,11478,24528,23761,27974,29756,41477,44425,59450,62200,49584,54971,35462,45818,11312,21509,5,3,3255,3325,7878,8326,8672,11179,11550,16368,14059,16423,15991,18314,25088,33272,10702,20309,378691,163201,65237,26469,104322,27892,7135,24,22
2021-06-07T23:59:59+02:00,40,19,11471,11283,24178,23484,27692,29547,38850,42497,59021,61837,49550,54940,35450,45797,11310,21503,5,3,3158,3256,7572,8154,8354,11003,10977,15916,13554,15945,15914,18234,25057,33221,10700,20302,373029,162881,64810,24644,104313,27485,6293,24,22
2021-06-06T23:59:59+02:00,37,18,11335,11179,23855,23254,27482,29376,37252,41311,58895,61759,49526,54911,35442,45783,11310,21501,5,3,3056,3206,7299,8065,8088,10835,10238,15234,12957,15324,15762,18122,25043,33198,10698,20302,372623,162766,61428,21483,104302,27316,5849,24,21
2021-06-05T23:59:59+02:00,35,17,11317,11159,23811,23213,27447,29349,37224,41297,58795,61674,49515,54904,35440,45781,11310,21498,5,3,3044,3194,7275,8031,8057,10817,10208,15219,12914,15300,15639,17957,25038,33190,10697,20301,372278,162329,61425,21482,104302,27300,5757,24,21
2021-06-04T23:59:59+02:00,35,15,11134,10901,23451,22748,27170,28954,36796,40848,58175,61134,49481,54863,35430,45763,11308,21492,5,2,3020,3178,7246,8014,8035,10800,10177,15195,12880,15266,15427,17750,25027,33169,10695,20300,370480,161743,59155,21469,104288,27202,5751,24,21
2021-06-03T23:59:59+02:00,33,14,10913,10684,22992,22359,26745,28619,35698,40021,55413,58785,49352,54704,35387,45699,11303,21477,5,2,2927,3098,7039,7858,7579,10502,9148,14564,11630,14561,14244,16279,24848,32951,10683,20281,366532,158382,54234,17736,104237,26890,5171,24,20
2021-06-02T23:59:59+02:00,33,14,10875,10647,22957,22325,26711,28593,35666,39980,55286,58627,49338,54679,35381,45692,11303,21476,5,2,2886,3067,6984,7837,7518,10468,8992,14523,11405,14497,12888,14794,24730,32778,10678,20274,365937,154555,54228,17724,104236,26869,5158,24,20
2021-06-01T23:59:59+02:00,20,7,10459,10298,22303,21816,26026,28010,34945,39401,52283,55479,48949,54270,35263,45529,11287,21450,5,2,2430,2709,5633,7154,6245,9891,7595,13852,10271,13534,8577,9226,24251,32097,10655,20220,355174,136354,54048,17354,104217,26287,4332,24,20
2021-05-31T23:59:59+02:00,19,6,10182,10068,21726,21423,25618,27761,34623,39197,50834,54083,48851,54146,35230,45488,11280,21443,5,2,2320,2588,5343,6911,5984,9671,7231,13611,10015,13374,8526,9164,24225,32048,10647,20208,350436,135579,54005,17233,104193,25721,3320,24,20
2021-05-30T23:59:59+02:00,18,6,10126,10019,21634,21384,25553,27727,34510,39126,50468,53741,48825,54121,35224,45482,11278,21440,5,2,2283,2559,5240,6833,5884,9603,7042,13524,9789,13277,8482,9117,24209,32041,10646,20203,349246,134986,53984,17059,104176,25422,3252,24,20
2021-05-29T23:59:59+02:00,17,6,10112,10007,21600,21365,25536,27714,34489,39113,50455,53723,48821,54117,35221,45481,11278,21440,5,2,2263,2507,5197,6706,5824,9473,6926,13326,9650,13056,8411,9025,24142,31974,10645,20202,349089,134707,53984,17007,104155,24357,3243,24,20
2021-05-28T23:59:59+02:00,17,6,10052,9937,21524,21255,25455,27593,34411,39013,50376,53625,48800,54099,35212,45473,11278,21436,5,2,2180,2241,4585,6170,5203,8756,6559,12364,9156,12061,8233,8826,23771,31492,10644,20199,348234,133206,53971,16910,104097,19075,3237,23,19
2021-05-27T23:59:59+02:00,16,6,9786,9690,20998,20879,24911,27234,33887,38635,49766,53015,48630,53907,35143,45399,11274,21416,3,2,1939,1973,4009,5654,4525,8155,6049,11595,8210,10736,7727,8163,22207,29338,10629,20177,343954,127536,53562,15777,103991,14697,3062,23,19
2021-05-26T23:59:59+02:00,16,6,9511,9446,20277,20312,24038,26564,32624,37606,49001,52310,48376,53618,35067,45288,11262,21392,3,1,1882,1901,3913,5529,4393,7993,5841,11332,7883,10352,7164,7437,19764,25905,10609,20133,339236,119034,50590,15524,103938,14532,2927,23,18
2021-05-25T23:59:59+02:00,15,6,9248,9210,19865,19955,23600,26172,32114,37089,48107,51330,48078,53299,34979,45147,11250,21362,3,1,1814,1852,3793,5431,4255,7843,5632,11108,7568,10029,6538,6595,15621,20509,10589,20075,333647,106794,50508,15481,103865,14180,2783,23,18
2021-05-24T23:59:59+02:00,14,6,9032,9050,19295,19664,22829,25784,30602,36075,47882,51159,47986,53199,34950,45117,11248,21361,3,1,1789,1834,3747,5399,4190,7801,5566,11049,7492,9972,6512,6571,15607,20500,10589,20075,332064,106673,46712,15468,103804,13889,2650,23,17
2021-05-23T23:59:59+02:00,14,6,8825,8842,18939,19374,22407,25437,30178,35754,47290,50646,47552,52744,34847,44971,11240,21352,3,1,1787,1833,3737,5394,4186,7795,5556,11041,7481,9963,6507,6560,15607,20498,10589,20075,327234,106613,46710,15466,103803,13869,2648,23,17
2021-05-22T23:59:59+02:00,14,6,8794,8805,18889,19331,22360,25405,30125,35723,47182,50576,47533,52721,34844,44962,11237,21352,3,1,1786,1829,3725,5382,4182,7789,5551,11035,7474,9959,6504,6558,15604,20497,10589,20075,326689,106577,46710,15466,103802,13848,2635,23,17
2021-05-21T23:59:59+02:00,13,6,8520,8450,18448,18818,21998,24760,29698,34914,46695,49910,47444,52596,34806,44919,11234,21347,3,1,1721,1787,3648,5343,4138,7754,5519,10989,7433,9911,6474,6532,15526,20400,10588,20074,321484,106263,46679,15465,103778,13484,2612,23,17
2021-05-20T23:59:59+02:00,12,6,7947,7906,17505,18022,20990,23844,28377,33712,44949,48086,47004,52134,34698,44763,11216,21328,3,1,1422,1625,3339,5056,3872,7367,5220,10510,7051,9458,6240,6274,14206,18853,10564,20035,309878,102495,46591,14980,103549,11146,2458,23,17
2021-05-19T23:59:59+02:00,12,6,7682,7590,16900,17420,20090,22967,27149,32453,43155,45998,46473,51579,34548,44540,11195,21297,3,1,1356,1540,3137,4843,3666,7115,4995,10158,6756,9128,5956,5940,11991,15991,10546,19974,298734,96245,46552,14504,103503,10089,2242,23,16
2021-05-18T23:59:59+02:00,11,6,7156,7051,15748,16398,18819,21719,25642,30823,40463,42768,45643,50632,34312,44236,11170,21255,3,1,1335,1514,3078,4773,3590,6994,4860,10026,6575,8917,5689,5663,10286,13811,10522,19920,282949,91099,45347,14453,103398,9853,2136,22,16
2021-05-17T23:59:59+02:00,11,6,7078,6990,15565,16287,18603,21551,25242,30496,38713,41130,45532,50552,34264,44171,11160,21231,3,1,1302,1491,3021,4727,3526,6935,4791,9922,6481,8816,5647,5623,10272,13793,10518,19912,282729,91026,40580,14172,103355,9671,1896,22,16
2021-05-16T23:59:59+02:00,10,5,6963,6938,15444,16200,18474,21444,25062,30381,35731,38360,45496,50517,34242,44147,11157,21226,3,1,1279,1473,2976,4687,3478,6877,4708,9853,6387,8737,5616,5586,10260,13777,10516,19909,282447,90978,34431,13906,103235,9561,1662,22,16
2021-05-15T23:59:59+02:00,10,5,6938,6908,15383,16142,18428,21403,24995,30336,35695,38319,45473,50490,34235,44142,11157,21226,3,1,1267,1447,2944,4615,3459,6808,4689,9772,6365,8686,5610,5582,10255,13776,10516,19909,281963,90923,34430,13902,103221,9214,1649,22,16
2021-05-14T23:59:59+02:00,10,4,6765,6538,15034,15646,18115,20985,24659,29874,35450,37970,45444,50459,34225,44137,11157,21224,3,1,1208,1388,2865,4512,3411,6705,4626,9621,6282,8556,5581,5537,10242,13766,10516,19908,280899,90835,34281,13882,100910,8412,1584,22,15
2021-05-13T23:59:59+02:00,10,4,6410,6216,14275,15066,17409,20353,23801,29132,34679,37298,45157,50115,34146,44013,11153,21213,3,1,1036,1303,2671,4402,3294,6583,4485,9451,6160,8413,5538,5499,10225,13749,10512,19903,274485,90682,33950,13801,100694,7431,1299,22,15
2021-05-12T23:59:59+02:00,10,4,6013,5944,13302,14389,16388,19551,23136,28695,34372,37014,44974,49919,34115,43982,11150,21210,3,1,1033,1301,2664,4396,3276,6579,4480,9441,6152,8408,5531,5493,10223,13744,10511,19902,268231,90621,33939,13791,100690,7426,1286,22,14
2021-05-11T23:59:59+02:00,10,4,5635,5720,12714,13938,14584,18109,20183,26169,32056,34686,43919,48659,33790,43510,11121,21160,3,0,970,1227,2546,4223,3167,6341,4362,9153,6035,8182,5459,5413,10180,13682,10503,19884,250935,90141,33660,13573,100246,6499,1104,22,13
2021-05-10T23:59:59+02:00,10,4,5486,5621,12442,13812,14232,17884,19380,25600,30681,33663,43388,48045,33732,43421,11113,21141,3,0,927,1168,2447,4059,3072,6139,4237,8889,5913,7984,5422,5381,10168,13665,10499,19875,245458,90031,33449,13513,99938,5503,788,22,13
2021-05-09T23:59:59+02:00,10,4,5082,5382,11255,13283,13231,17522,18355,25269,30136,33374,43332,47973,33706,43407,11110,21133,3,0,903,1138,2349,3954,2982,6001,4105,8714,5819,7880,5413,5367,10161,13660,10494,19871,240140,89984,33376,13471,99595,4916,431,22,12
2021-05-08T23:59:59+02:00,10,4,5070,5374,11233,13264,13205,17503,18325,25236,30095,33331,43324,47962,33705,43403,11110,21133,3,0,900,1131,2337,3947,2977,6001,4101,8708,5816,7877,5410,5364,10158,13655,10494,19871,239871,89958,33374,13471,99594,4883,426,22,12
2021-05-07T23:59:59+02:00,10,4,4968,5291,11002,13096,12920,17283,17718,24635,29145,32436,43130,47721,33649,43331,11106,21127,3,0,872,1100,2303,3892,2935,5952,4047,8653,5732,7824,5363,5316,10146,13646,10494,19870,237369,89822,31482,13468,99485,4631,215,21,12
2021-05-06T23:59:59+02:00,10,4,4555,5007,10332,12680,12163,16617,16123,23191,26599,30044,42429,46972,33482,43094,11090,21104,3,0,815,1044,2167,3645,2766,5643,3853,8180,5533,7501,5312,5263,10123,13618,10492,19862,228605,89638,28144,13154,98669,2959,57,21,12
2021-05-05T23:59:59+02:00,10,4,4245,4780,9733,12235,11442,16034,15021,22162,23743,27283,41448,45866,33199,42707,11072,21062,3,0,799,1020,2104,3520,2708,5487,3759,7969,5437,7367,5263,5208,10086,13579,10490,19859,215573,89374,27960,13016,98446,2209,47,20,12
2021-05-04T23:59:59+02:00,10,4,3897,4327,9064,11544,10670,15194,13717,20911,20140,23876,40102,44406,32826,42184,11049,21023,3,0,781,990,2035,3404,2637,5352,3666,7816,5340,7244,5225,5162,10057,13550,10488,19856,198525,89153,27942,12717,98417,1683,41,19,12
2021-05-03T23:59:59+02:00,10,4,3655,3907,8657,11052,10189,14571,13183,20256,19417,23230,39836,44154,32747,42080,11046,21008,3,0,767,960,1969,3301,2579,5246,3607,7702,5289,7157,5209,5149,10042,13533,10485,19851,192673,89012,27930,12707,98354,1092,26,19,12
2021-05-02T23:59:59+02:00,10,4,3652,3906,8638,11043,10179,14563,13162,20244,19399,23220,39833,44153,32746,42079,11045,21008,3,0,763,944,1938,3219,2532,5150,3560,7577,5269,7093,5205,5145,10041,13529,10485,19849,192581,88994,27916,12675,98347,601,21,19,11
2021-05-01T23:59:59+02:00,10,4,3650,3899,8625,11029,10170,14552,13155,20242,19388,23211,39833,44151,32746,42079,11045,21008,3,0,762,944,1937,3219,2531,5150,3560,7577,5269,7093,5205,5145,10041,13529,10484,19849,192497,88993,27914,12673,98347,601,20,19,11
2021-04-30T23:59:59+02:00,10,3,3628,3873,8580,10994,10125,14513,13094,20203,19286,23060,39564,43828,32725,42058,11044,21008,3,0,758,939,1922,3211,2530,5142,3557,7570,5267,7086,5202,5142,10037,13528,10484,19849,191571,88966,27645,12670,98341,560,20,19,11
2021-04-29T23:59:59+02:00,10,3,3361,3699,8145,10722,9577,14228,12597,19838,18551,22331,36502,40375,32463,41693,11033,20972,3,0,745,925,1874,3150,2481,5076,3491,7429,5176,6987,5162,5107,10014,13485,10482,19843,186019,88759,21808,12515,98236,126,19,18,11
2021-04-28T23:59:59+02:00,10,3,3196,3633,7878,10612,9181,14055,12219,19604,18067,21896,32712,36058,32246,41391,11020,20950,3,0,728,909,1848,3111,2436,5027,3453,7371,5110,6923,5098,5045,9963,13426,10479,19833,174854,88545,21654,12076,98191,118,14,18,10
2021-04-27T23:59:59+02:00,9,3,3115,3567,7621,10483,8829,13881,11735,19378,17589,21404,27142,29864,31869,40883,10999,20917,3,0,718,895,1816,3074,2400,4981,3399,7312,5055,6847,5048,4975,9928,13373,10475,19824,159496,88332,21632,11653,98128,115,14,18,9
2021-04-26T23:59:59+02:00,9,3,3059,3531,7477,10418,8662,13821,11504,19312,17064,21017,27106,29830,31855,40868,10999,20917,3,0,695,863,1748,3015,2333,4926,3331,7222,4957,6742,4949,4900,9849,13289,10473,19821,158911,88201,21414,10778,97096,114,14,17,9
2021-04-25T23:59:59+02:00,9,3,3021,3515,7317,10367,8426,13771,11172,19269,16232,20546,25551,28169,31801,40804,10999,20914,3,0,695,862,1742,3010,2326,4923,3325,7214,4953,6733,4946,4895,9841,13278,10473,19821,158427,88178,21404,10741,92024,98,14,17,9
2021-04-24T23:59:59+02:00,9,3,3017,3509,7302,10353,8414,13763,11158,19259,16212,20528,25506,28106,31798,40798,10998,20913,3,0,695,862,1742,3009,2326,4923,3324,7214,4953,6733,4946,4894,9839,13277,10473,19821,158218,88172,21400,10741,91997,98,14,17,9
2021-04-23T23:59:59+02:00,9,3,3000,3492,7262,10311,8367,13721,11091,19200,16151,20463,25085,27602,31765,40742,10995,20910,3,0,685,854,1724,3000,2310,4894,3273,7176,4853,6636,4806,4771,9668,13078,10467,19806,157031,87879,21263,10006,91844,97,14,17,8
2021-04-22T23:59:59+02:00,8,3,2921,3413,7069,10126,7826,13313,9884,18402,14595,19418,23071,25168,31552,40472,10976,20880,3,0,620,804,1610,2887,2183,4729,3113,7004,4669,6435,4649,4597,9156,12420,10430,19727,152224,85960,15963,8976,90880,78,14,16,8
2021-04-21T23:59:59+02:00,8,3,2868,3365,6945,10038,7616,13158,9516,18161,14124,18970,20556,22031,31252,40083,10956,20854,3,0,572,779,1530,2808,2096,4638,2986,6861,4506,6270,4465,4417,8584,11653,10384,19634,145214,84156,15190,7938,90071,70,14,15,8
2021-04-20T23:59:59+02:00,8,3,2828,3326,6839,9949,7479,13047,9264,17943,13631,18578,17165,17970,30938,39608,10939,20819,3,0,542,744,1457,2744,2010,4559,2885,6740,4371,6109,4276,4222,7715,10436,10314,19483,136361,81221,14946,7304,88998,65,14,15,6
2021-04-19T23:59:59+02:00,8,3,2813,3317,6791,9909,7426,13011,9189,17869,13494,18461,16832,17589,30903,39569,10937,20814,3,0,483,704,1337,2649,1911,4461,2753,6582,4173,5918,4021,3921,5861,8000,10095,19078,136035,75349,14750,6520,88121,61,14,15,6
2021-04-18T23:59:59+02:00,8,3,2797,3303,6713,9883,7321,12960,8991,17802,12656,18331,15420,16183,30835,39507,10933,20807,3,0,477,698,1326,2641,1896,4450,2720,6553,4112,5868,3945,3850,5447,7369,10048,18994,135814,73849,14606,6471,84004,57,14,15,6
2021-04-17T23:59:59+02:00,8,3,2787,3299,6696,9860,7291,12939,8959,17763,12623,18311,15368,16133,30781,39435,10932,20807,3,0,477,695,1326,2639,1895,4446,2716,6548,4109,5864,3944,3848,5442,7368,10047,18993,135460,73812,14605,6471,83901,57,14,15,6
2021-04-16T23:59:59+02:00,8,3,2774,3285,6662,9845,7240,12900,8884,17711,12515,18208,15120,15851,30263,38786,10929,20799,3,0,477,692,1321,2634,1886,4444,2710,6542,4101,5856,3938,3842,5425,7339,10045,18991,133931,73711,14598,6460,83226,55,14,14,6
2021-04-15T23:59:59+02:00,8,3,2720,3230,6530,9747,7050,12721,8541,17438,12038,17742,14060,14628,28141,35978,10910,20776,3,0,468,686,1317,2608,1871,4421,2687,6514,4058,5803,3881,3768,5392,7287,10037,18978,128000,73392,14322,6322,79912,46,13,14,6
2021-04-14T23:59:59+02:00,7,1,2664,3179,6435,9653,6904,12561,8267,17170,11605,17279,12878,13245,23421,29896,10889,20720,3,0,464,679,1302,2598,1858,4402,2665,6489,4016,5766,3833,3716,5330,7232,10006,18940,115594,73088,14289,6167,76865,25,13,13,6
2021-04-13T23:59:59+02:00,7,1,2611,3144,6307,9568,6752,12426,7990,16919,11180,16854,10215,10321,20332,25724,10866,20676,3,0,448,655,1255,2555,1807,4340,2557,6388,3834,5604,3620,3531,5181,7093,9997,18917,107148,72740,14094,5005,70625,21,13,13,6
2021-04-12T23:59:59+02:00,7,1,2590,3130,6247,9539,6645,12340,7798,16790,10933,16646,8851,8829,19510,24749,10864,20667,3,0,442,646,1236,2538,1791,4316,2523,6348,3783,5552,3556,3483,5146,7052,9992,18895,107022,72600,14039,4666,65049,17,13,13,6
2021-04-11T23:59:59+02:00,7,1,2561,3120,6151,9513,6529,12303,7633,16739,10734,16543,7575,7552,17779,22772,10862,20664,3,0,442,646,1235,2536,1791,4315,2523,6348,3779,5547,3551,3482,5140,7050,9992,18895,106952,72589,14032,4654,58029,14,12,13,6
2021-04-10T23:59:59+02:00,7,1,2560,3118,6142,9508,6520,12298,7627,16734,10727,16535,7566,7540,17769,22765,10862,20664,3,0,442,642,1232,2533,1790,4312,2521,6344,3776,5546,3542,3468,5132,7036,9992,18895,106867,72528,14032,4647,58020,14,11,13,6
2021-04-09T23:59:59+02:00,7,1,2498,3020,6007,9301,6366,12035,7368,16326,10415,16040,7408,7335,17653,22586,10861,20662,3,0,437,637,1214,2520,1765,4294,2488,6294,3697,5465,3424,3358,4991,6941,9987,18893,106394,72441,14003,3938,55468,12,11,13,6
2021-04-08T23:59:59+02:00,7,1,2420,2948,5912,9181,6263,11905,7197,16141,10159,15851,7211,7075,16384,21127,10850,20631,3,0,430,631,1200,2486,1739,4257,2461,6221,3643,5398,3345,3311,4910,6836,9965,18847,102732,71989,13649,3666,54858,11,11,13,6
2021-04-07T23:59:59+02:00,7,1,2393,2912,5840,9109,6172,11830,7064,16041,9916,15700,6914,6749,14055,18175,10829,20584,3,0,424,630,1189,2473,1726,4233,2447,6181,3575,5339,3273,3258,4851,6774,9956,18818,96559,71704,13489,3419,54220,10,11,12,6
2021-04-06T23:59:59+02:00,7,1,2376,2880,5743,9042,6082,11751,6910,15928,9676,15518,6559,6385,11947,15559,10802,20525,3,0,421,623,1181,2446,1715,4210,2421,6143,3510,5275,3187,3208,4805,6721,9950,18800,91509,71459,13189,3135,52972,10,9,12,6
2021-04-05T23:59:59+02:00,7,1,2368,2870,5725,9025,6071,11732,6897,15909,9656,15492,6434,6285,10669,14263,10801,20524,3,0,417,616,1177,2431,1709,4194,2405,6111,3477,5234,3158,3171,4784,6676,9943,18782,91426,71267,13152,2998,50131,9,8,12,6
2021-04-04T23:59:59+02:00,7,1,2368,2870,5722,9021,6069,11732,6895,15909,9654,15491,6429,6280,10669,14261,10801,20524,3,0,417,615,1177,2430,1709,4194,2404,6111,3477,5234,3157,3171,4782,6676,9942,18781,91417,71260,13149,2997,50118,9,8,11,6
2021-04-03T23:59:59+02:00,7,1,2366,2863,5715,9013,6063,11727,6892,15905,9651,15488,6426,6275,10662,14258,10801,20524,3,0,417,615,1177,2430,1709,4194,2404,6111,3477,5233,3157,3171,4782,6676,9942,18781,91360,71259,13147,2997,50111,9,8,11,6
2021-04-02T23:59:59+02:00,7,1,2363,2861,5709,9006,6061,11724,6888,15904,9647,15486,6422,6268,10647,14229,10800,20523,3,0,415,613,1176,2430,1708,4193,2403,6111,3476,5226,3132,3154,4772,6667,9942,18781,91274,71183,13144,2996,50110,9,8,10,6
2021-04-01T23:59:59+02:00,7,1,2342,2858,5678,8976,6018,11681,6845,15849,9592,15430,6328,6171,10351,13880,10777,20474,3,0,413,597,1173,2424,1701,4182,2388,6094,3450,5205,3066,3106,4709,6591,9864,18663,90282,70614,13121,2993,49838,9,7,10,6
2021-03-31T23:59:59+02:00,7,1,2308,2831,5603,8908,5949,11587,6743,15737,9458,15296,6185,6028,9798,13132,10730,20380,3,0,408,591,1167,2412,1695,4166,2381,6081,3430,5171,3034,3073,4659,6532,9806,18561,88291,70160,12905,2991,49470,9,5,10,5
2021-03-30T23:59:59+02:00,7,1,2288,2814,5556,8850,5886,11513,6671,15638,9360,15152,5997,5814,8885,11788,10652,20197,3,0,406,588,1163,2408,1682,4149,2363,6059,3396,5126,2975,3004,4568,6434,9674,18319,85201,69451,12525,2850,49332,9,3,8,4
2021-03-29T23:59:59+02:00,6,1,2221,2759,5454,8737,5777,11366,6503,15407,9125,14897,5638,5439,6930,9257,10425,19767,3,0,399,584,1152,2397,1668,4137,2338,6032,3366,5070,2905,2938,4445,6328,9466,17979,79080,68480,11718,2711,48901,9,3,7,4
2021-03-28T23:59:59+02:00,6,1,2199,2746,5410,8677,5701,11288,6416,15321,9007,14777,5512,5286,6283,8319,10358,19649,3,0,389,577,1137,2381,1642,4110,2291,5972,3310,4979,2821,2858,4332,6189,9391,17839,76768,68025,11459,2185,48719,5,3,7,3
2021-03-27T23:59:59+01:00,6,1,2199,2739,5401,8671,5697,11273,6401,15299,8996,14765,5484,5259,6272,8315,10358,19647,3,0,389,577,1135,2380,1641,4105,2287,5969,3301,4972,2816,2855,4316,6165,9309,17690,76660,67715,11459,2184,48654,5,3,7,3
2021-03-26T23:59:59+01:00,6,1,2183,2718,5364,8632,5658,11223,6324,15229,8846,14615,5319,5110,6102,8134,10355,19638,3,0,385,569,1128,2367,1625,4076,2259,5933,3267,4918,2755,2791,4128,5905,8594,16493,76314,65039,10622,2146,48511,5,3,7,3
2021-03-25T23:59:59+01:00,6,0,2067,2638,5187,8417,5457,10947,6116,14928,8606,14327,5156,4957,6005,8013,10353,19630,3,0,376,555,1108,2341,1602,4046,2213,5875,3192,4839,2656,2684,3750,5410,7431,14720,75858,60868,9670,1924,47273,4,2,7,3
2021-03-24T23:59:59+01:00,6,0,1981,2589,5036,8255,5297,10752,5950,14689,8399,14095,5016,4798,5891,7895,10347,19619,3,0,372,543,1095,2313,1570,3991,2154,5810,3103,4739,2519,2570,3318,4792,6011,12470,75477,55791,8505,1573,46624,4,2,7,3
2021-03-23T23:59:59+01:00,6,0,1904,2538,4925,8132,5198,10609,5829,14498,8282,13926,4932,4712,5824,7835,10340,19600,3,0,361,518,1076,2278,1537,3933,2110,5720,3021,4647,2431,2476,2864,4148,4058,9190,75081,48938,7757,1425,46243,3,2,7,3
2021-03-22T23:59:59+01:00,6,0,1842,2475,4788,7997,5065,10432,5670,14265,8090,13713,4825,4597,5754,7728,10323,19559,2,0,334,501,1047,2240,1492,3859,2044,5609,2919,4495,2315,2324,2332,3451,1463,4936,74578,40171,6722,1186,45820,1,2,7,3
2021-03-21T23:59:59+01:00,6,0,1840,2469,4777,7983,5051,10421,5654,14248,8060,13688,4803,4582,5737,7715,10318,19558,2,0,333,501,1042,2226,1483,3830,2026,5571,2894,4445,2274,2275,2290,3410,1446,4890,74553,40029,6669,903,45679,1,2,7,3
2021-03-20T23:59:59+01:00,6,0,1840,2469,4775,7982,5050,10419,5653,14247,8052,13682,4802,4581,5729,7707,10318,19558,2,0,333,500,1042,2226,1483,3830,2026,5571,2892,4444,2273,2272,2290,3410,1445,4890,74540,40025,6669,898,45652,1,2,7,3
2021-03-19T23:59:59+01:00,6,0,1788,2225,4265,6703,4642,9437,5383,13690,7830,13280,4676,4483,5660,7640,10317,19558,2,0,332,500,1042,2226,1483,3829,2025,5570,2891,4444,2271,2271,2284,3404,1443,4888,74479,40008,6658,891,40437,1,2,7,3
2021-03-18T23:59:59+01:00,6,0,1733,1971,3850,5647,4113,8061,4567,11150,6470,9950,4306,4183,5456,7417,10296,19519,2,0,331,497,1035,2213,1476,3804,1998,5531,2866,4420,2250,2255,2259,3375,1438,4879,74045,39816,6593,807,28048,1,2,7,3
2021-03-17T23:59:59+01:00,6,0,1727,1963,3838,5621,4096,8031,4543,11086,6419,9876,4267,4136,5413,7371,10288,19491,1,0,328,496,1031,2205,1470,3795,1991,5516,2856,4393,2223,2226,2237,3360,1431,4863,73774,39658,6529,758,27860,1,2,7,3
2021-03-16T23:59:59+01:00,6,0,1704,1929,3779,5540,4027,7925,4416,10924,6212,9678,4043,3946,5270,7212,10281,19467,1,0,325,492,1030,2186,1465,3782,1982,5500,2847,4373,2214,2211,2224,3330,1422,4832,73459,39482,5254,728,27637,1,2,7,3
2021-03-15T23:59:59+01:00,6,0,1694,1909,3755,5503,4002,7888,4365,10855,6133,9592,3956,3879,5214,7150,10272,19440,1,0,322,488,1021,2170,1457,3776,1966,5464,2829,4345,2199,2179,2199,3265,1411,4793,73227,39261,4888,620,27491,1,0,7,3
2021-03-14T23:59:59+01:00,6,0,1688,1899,3746,5493,3997,7871,4356,10824,6124,9569,3948,3868,5209,7142,10271,19438,1,0,322,488,1019,2170,1452,3773,1963,5462,2811,4339,2193,2176,2188,3254,1406,4791,73192,39253,4870,551,27380,1,0,7,3
2021-03-13T23:59:59+01:00,6,0,1684,1893,3731,5470,3990,7861,4336,10813,6110,9553,3945,3865,5206,7139,10271,19438,1,0,322,488,1019,2170,1452,3773,1963,5461,2811,4338,2192,2175,2188,3252,1397,4786,73167,39233,4865,551,27272,1,0,7,3
2021-03-12T23:59:59+01:00,5,0,1647,1836,3223,5323,3476,7745,4202,10688,5884,9262,3774,3718,5064,7026,10245,19390,1,0,317,466,1015,2140,1444,3749,1944,5390,2758,4254,2013,2020,2128,3203,1390,4780,72949,38466,4131,543,25421,0,0,7,3
2021-03-11T23:59:59+01:00,5,0,1539,1698,2841,5065,3038,7488,3922,10274,5255,8372,3544,3542,4956,6905,10205,19334,1,0,316,465,1012,2127,1441,3729,1937,5371,2749,4237,2006,2012,2113,3186,1385,4760,72367,38341,3864,503,21746,0,0,6,3
2021-03-10T23:59:59+01:00,5,0,1509,1665,2802,5020,3000,7429,3865,10187,5146,8255,3419,3436,4838,6791,10157,19267,1,0,314,464,1011,2124,1437,3718,1933,5358,2737,4217,1987,2004,2086,3153,1375,4745,71948,38255,3533,406,21304,0,0,6,3
2021-03-09T23:59:59+01:00,5,0,1500,1649,2765,4993,2978,7385,3826,10127,5064,8176,3318,3350,4755,6702,10048,19055,1,0,311,463,1007,2118,1430,3705,1907,5336,2695,4187,1944,1979,2032,3124,1363,4735,71343,38225,3261,109,21086,0,0,6,3
2021-03-08T23:59:59+01:00,5,0,1485,1634,2736,4964,2949,7354,3803,10079,5040,8114,3276,3310,4678,6638,9867,18750,1,0,310,463,1005,2114,1422,3689,1890,5302,2676,4159,1925,1960,2005,3101,1356,4716,70537,38074,3252,17,20887,0,0,6,3
2021-03-07T23:59:59+01:00,5,0,1472,1623,2707,4920,2915,7306,3768,10018,4997,8053,3241,3276,4612,6536,9790,18604,1,0,310,462,1004,2113,1421,3683,1887,5292,2675,4154,1921,1957,2001,3097,1352,4707,69995,38019,3198,15,20644,0,0,6,3
2021-03-06T23:59:59+01:00,5,0,1471,1621,2701,4908,2912,7297,3760,10011,4979,8037,3231,3266,4589,6497,9699,18431,1,0,310,462,1002,2110,1421,3681,1881,5283,2673,4152,1916,1950,1996,3095,1351,4704,69598,37971,3198,15,20613,0,0,6,2
2021-03-05T23:59:59+01:00,5,0,1397,1544,2603,4747,2855,7139,3675,9804,4879,7841,3181,3206,4370,6207,8981,17221,1,0,310,462,1000,2108,1417,3676,1879,5282,2670,4146,1908,1946,1991,3092,1346,4700,66910,37917,3195,15,19544,0,0,6,2
2021-03-04T23:59:59+01:00,5,0,1223,1437,2435,4548,2687,6868,3507,9460,4621,7500,3065,3079,4006,5748,7786,15379,1,0,309,454,991,2085,1401,3636,1851,5229,2642,4098,1880,1921,1958,3037,1318,4654,62647,37448,3192,15,17509,0,0,6,2
2021-03-03T23:59:59+01:00,5,0,1189,1384,2357,4440,2626,6745,3421,9293,4523,7357,2978,3009,3623,5142,6367,13147,1,0,305,445,979,2062,1389,3608,1837,5179,2587,4043,1830,1885,1930,3004,1302,4625,57503,36994,3164,15,16934,0,0,5,2
2021-03-02T23:59:59+01:00,5,0,1156,1346,2296,4382,2577,6652,3339,9170,4386,7208,2864,2884,3134,4472,4319,9739,1,0,300,436,974,2035,1376,3565,1822,5124,2555,4016,1820,1869,1910,2975,1288,4597,50361,36646,2914,15,16650,0,0,4,2
2021-03-01T23:59:59+01:00,5,0,1097,1317,2234,4320,2504,6565,3244,9042,4244,7020,2733,2748,2560,3722,1541,5195,1,0,299,433,967,2023,1365,3547,1814,5109,2542,4000,1802,1858,1894,2956,1277,4568,41149,36438,2522,15,16416,0,0,4,2
2021-02-28T23:59:59+01:00,5,0,1062,1303,2193,4284,2474,6520,3196,8985,4182,6961,2668,2700,2511,3691,1533,5175,1,0,299,432,964,2017,1363,3534,1811,5095,2536,3991,1795,1847,1881,2944,1269,4554,41052,36316,2229,15,16158,0,0,4,2
2021-02-27T23:59:59+01:00,5,0,1021,1220,2125,4042,2417,6286,3133,8687,4092,6708,2613,2643,2491,3667,1530,5175,1,0,299,432,963,2017,1363,3534,1811,5094,2535,3991,1795,1846,1879,2944,1269,4554,40945,36310,2228,15,14678,0,0,4,2
2021-02-26T23:59:59+01:00,4,0,855,968,1927,3653,2255,5626,2917,7772,3782,5919,2565,2589,2472,3652,1526,5173,1,0,299,432,963,2014,1361,3532,1809,5093,2533,3990,1795,1843,1872,2943,1267,4547,40928,36277,2139,15,10584,0,0,4,2
2021-02-25T23:59:59+01:00,4,0,519,811,1649,3454,2076,5320,2721,7375,3555,5618,2483,2509,2431,3591,1522,5158,1,0,289,411,938,1963,1331,3462,1778,5012,2504,3927,1770,1815,1832,2897,1239,4506,40732,35661,1877,12,8184,0,0,3,2
2021-02-24T23:59:59+01:00,3,0,498,793,1614,3358,2014,5189,2661,7193,3489,5477,2415,2462,2394,3562,1512,5122,1,0,280,407,923,1931,1317,3408,1765,4951,2480,3883,1759,1797,1823,2878,1227,4475,40538,35299,1706,4,7509,0,0,3,2
2021-02-23T23:59:59+01:00,3,0,478,756,1554,3256,1959,5048,2583,7061,3404,5372,2355,2404,2355,3503,1497,5087,1,0,278,403,918,1915,1309,3377,1756,4919,2459,3851,1739,1777,1803,2842,1211,4419,40383,34972,1433,3,6856,0,0,3,2
2021-02-22T23:59:59+01:00,2,0,462,725,1500,3156,1920,4909,2524,6842,3343,5228,2345,2306,2339,3423,1491,5042,1,0,277,400,915,1903,1301,3350,1739,4883,2444,3821,1720,1758,1775,2811,1196,4370,40166,34661,1168,1,6220,0,0,3,2
2021-02-21T23:59:59+01:00,2,0,454,687,1442,3012,1872,4759,2471,6682,3261,5125,2309,2273,2311,3403,1481,5036,1,0,277,399,912,1895,1300,3341,1734,4873,2440,3812,1718,1755,1774,2809,1196,4369,40122,34602,935,1,5520,0,0,3,2
2021-02-20T23:59:59+01:00,2,0,450,681,1434,3008,1867,4759,2468,6679,3256,5121,2306,2272,2311,3402,1479,5036,1,0,277,399,912,1894,1300,3340,1734,4873,2439,3811,1717,1754,1771,2809,1195,4367,40117,34590,930,1,5481,0,0,3,2
2021-02-19T23:59:59+01:00,1,0,428,644,1405,2946,1840,4704,2427,6579,3169,5003,2126,2109,2247,3353,1474,5030,1,0,275,398,911,1892,1299,3339,1734,4868,2436,3810,1716,1753,1769,2808,1195,4366,39365,34567,910,1,5207,0,0,3,2
2021-02-18T23:59:59+01:00,1,0,402,587,1301,2706,1736,4462,2289,6317,3067,4822,2097,2093,2231,3336,1469,5019,1,0,275,392,903,1859,1290,3299,1716,4820,2417,3772,1705,1742,1752,2796,1183,4346,39287,34265,836,1,3809,0,0,3,2
2021-02-17T23:59:59+01:00,1,0,386,555,1263,2575,1679,4287,2219,6076,3008,4673,2078,2074,2207,3316,1455,5009,1,0,265,375,867,1773,1247,3170,1656,4661,2341,3637,1626,1673,1676,2685,1130,4224,39131,33005,785,0,2942,0,0,3,2
2021-02-16T23:59:59+01:00,1,0,368,525,1209,2456,1629,4153,2140,5891,2928,4537,2069,2069,2199,3309,1450,4997,1,0,258,358,846,1692,1192,3034,1594,4458,2270,3459,1575,1619,1612,2584,1098,4088,39070,31736,754,0,2103,0,0,3,2
2021-02-15T23:59:59+01:00,1,0,358,503,1137,2313,1584,4080,2108,5837,2900,4496,2050,2053,2174,3278,1442,4976,1,0,252,339,823,1647,1160,2958,1538,4321,2197,3339,1499,1554,1554,2472,1051,3900,38962,30603,639,0,1686,0,0,3,2
2021-02-14T23:59:59+01:00,1,0,349,497,1113,2258,1521,3919,2067,5745,2869,4457,2044,2050,2162,3268,1439,4969,1,0,246,334,805,1619,1144,2918,1496,4269,2159,3309,1483,1533,1529,2435,1034,3854,38943,30166,570,0,1212,0,0,3,2
2021-02-13T23:59:59+01:00,1,0,349,497,1112,2258,1521,3918,2065,5744,2869,4457,2043,2048,2161,3268,1438,4966,1,0,246,334,805,1619,1144,2918,1495,4267,2159,3309,1481,1530,1528,2434,1034,3853,38932,30155,570,0,1211,0,0,2,2
2021-02-12T23:59:59+01:00,1,0,342,494,1094,2250,1516,3905,2060,5736,2866,4451,2029,2038,2155,3255,1433,4963,1,0,244,333,799,1614,1138,2909,1480,4249,2140,3296,1468,1514,1513,2402,1027,3816,38866,29942,562,0,1158,0,0,2,1
2021-02-11T23:59:59+01:00,1,0,320,470,1031,2155,1463,3778,1966,5472,2781,4332,1998,2005,2115,3187,1403,4905,1,0,224,305,749,1510,1058,2685,1355,3892,1951,2990,1278,1302,1340,2123,913,3447,38467,27122,525,0,388,0,0,2,1
2021-02-10T23:59:59+01:00,1,0,314,461,1009,2115,1424,3700,1912,5311,2687,4152,1927,1955,2067,3145,1381,4879,1,0,199,260,655,1322,930,2301,1169,3289,1707,2570,1115,1125,1189,1872,794,3083,38052,23580,385,0,1,0,0,2,1
2021-02-09T23:59:59+01:00,1,0,308,450,1001,2084,1409,3648,1868,5244,2621,4097,1869,1915,1995,3090,1360,4857,1,0,166,200,556,1060,781,1856,963,2680,1437,2156,963,964,991,1582,670,2634,37750,19659,64,0,1,0,0,2,1
2021-02-08T23:59:59+01:00,1,0,306,448,998,2077,1398,3632,1860,5221,2601,4080,1855,1904,1976,3072,1354,4832,1,0,116,165,456,847,617,1438,765,2032,1159,1669,771,788,789,1248,533,2152,37593,15545,19,0,1,0,0,2,1
2021-02-07T23:59:59+01:00,1,0,306,448,997,2076,1397,3627,1857,5218,2594,4077,1849,1895,1960,3064,1350,4824,1,0,106,146,407,703,543,1263,685,1817,1062,1521,694,707,706,1124,456,1908,37522,13848,16,0,0,0,0,2,1
2021-02-06T23:59:59+01:00,1,0,306,448,996,2075,1397,3624,1857,5216,2594,4074,1849,1894,1955,3062,1347,4822,1,0,105,145,402,700,538,1239,669,1798,1051,1499,691,703,701,1120,455,1904,37499,13721,16,0,0,0,0,2,0
2021-02-05T23:59:59+01:00,1,0,306,447,994,2072,1393,3615,1853,5202,2588,4068,1848,1893,1947,3054,1337,4808,1,0,101,137,387,682,521,1209,637,1746,1001,1436,654,653,652,1046,428,1811,37408,13102,16,0,0,0,0,2,0
2021-02-04T23:59:59+01:00,1,0,299,430,983,2041,1374,3562,1834,5125,2573,4020,1832,1872,1920,3019,1317,4775,1,0,76,106,286,461,361,817,454,1182,689,977,508,477,506,826,339,1451,36959,9517,16,0,0,0,0,2,0
2021-02-03T23:59:59+01:00,1,0,295,421,965,2015,1358,3524,1820,5076,2539,3977,1812,1849,1905,2995,1303,4758,1,0,60,82,239,393,291,638,346,924,531,730,340,331,368,586,247,1064,36595,7171,16,0,0,0,0,2,0
2021-02-02T23:59:59+01:00,1,0,290,414,959,1986,1349,3491,1809,5029,2516,3942,1794,1833,1877,2954,1281,4707,0,0,39,63,183,311,243,486,265,739,383,561,236,214,234,391,167,700,36214,5215,16,0,0,0,0,2,0
2021-02-01T23:59:59+01:00,1,0,289,411,954,1978,1346,3475,1801,5008,2507,3923,1786,1822,1862,2939,1276,4693,0,0,19,39,136,225,167,312,169,490,240,324,119,109,102,189,77,314,36053,3031,16,0,0,0,0,2,0
2021-01-31T23:59:59+01:00,1,0,288,410,952,1971,1343,3466,1798,4989,2503,3908,1782,1814,1858,2931,1273,4683,0,0,18,34,118,197,150,271,152,411,203,279,100,95,94,161,69,274,35952,2626,16,0,0,0,0,2,0
2021-01-30T23:59:59+01:00,1,0,288,410,952,1971,1343,3466,1798,4989,2503,3908,1781,1814,1858,2930,1273,4682,0,0,18,34,117,197,150,268,149,408,202,278,99,94,94,161,69,274,35949,2612,16,0,0,0,0,2,0
2021-01-29T23:59:59+01:00,1,0,286,407,951,1969,1342,3458,1792,4980,2500,3905,1775,1807,1849,2918,1266,4660,0,0,16,33,116,188,141,260,137,380,170,251,72,70,84,139,62,238,35848,2357,16,0,0,0,0,2,0
2021-01-28T23:59:59+01:00,1,0,282,399,932,1915,1318,3394,1767,4918,2472,3843,1753,1787,1817,2887,1248,4624,0,0,0,0,10,19,8,20,11,45,8,22,6,4,7,10,3,15,35340,188,15,0,0,0,0,2,0
2021-01-27T23:59:59+01:00,1,0,276,381,899,1834,1283,3280,1706,4795,2412,3743,1696,1738,1772,2819,1209,4535,0,0,0,0,4,6,5,12,7,19,4,12,5,4,7,10,3,14,34366,112,11,0,0,0,0,2,0
2021-01-26T23:59:59+01:00,1,0,271,371,889,1820,1269,3241,1689,4739,2382,3676,1663,1706,1733,2747,1191,4444,0,0,0,0,4,6,5,12,7,19,4,12,5,4,7,10,3,14,33823,112,7,0,0,0,0,2,0
2021-01-25T23:59:59+01:00,1,0,261,347,847,1701,1199,3077,1598,4468,2276,3468,1602,1653,1676,2659,1141,4258,0,0,0,0,1,3,1,4,4,2,4,5,5,4,6,9,2,14,32227,64,3,0,0,0,0,2,0
2021-01-24T23:59:59+01:00,1,0,258,344,836,1681,1189,3054,1567,4435,2250,3447,1591,1644,1664,2647,1135,4250,0,0,0,0,1,2,1,4,4,2,4,5,5,4,6,9,2,14,31988,63,3,0,0,0,0,2,0
2021-01-23T23:59:59+01:00,1,0,258,344,836,1681,1188,3053,1567,4431,2249,3446,1590,1644,1663,2646,1134,4245,0,0,0,0,1,2,1,4,4,2,4,5,5,4,6,9,2,14,31971,63,3,0,0,0,0,2,0
2021-01-22T23:59:59+01:00,1,0,257,342,830,1678,1184,3048,1564,4424,2236,3441,1578,1632,1657,2627,1128,4223,0,0,0,0,1,2,1,4,4,2,4,5,5,4,6,9,2,14,31846,63,3,0,0,0,0,1,0
2021-01-21T23:59:59+01:00,1,0,246,332,803,1612,1159,2921,1508,4262,2156,3306,1479,1528,1520,2459,1044,4033,0,0,0,0,1,2,1,4,4,2,4,5,4,3,5,9,1,14,30365,59,3,0,0,0,0,1,0
2021-01-20T23:59:59+01:00,1,0,224,289,730,1456,1067,2606,1374,3803,1982,2950,1356,1381,1398,2261,967,3792,0,0,0,0,1,2,1,4,4,2,3,5,4,3,5,9,1,14,27634,58,2,0,0,0,0,1,0
2021-01-19T23:59:59+01:00,1,0,193,232,630,1207,924,2162,1151,3188,1693,2519,1172,1176,1162,1918,805,3221,0,0,0,0,1,1,1,2,4,1,2,5,4,3,5,9,1,14,23351,53,2,0,0,0,0,1,0
2021-01-18T23:59:59+01:00,1,0,136,184,498,946,713,1646,884,2322,1317,1910,911,944,928,1513,629,2572,0,0,0,0,0,0,0,0,0,0,1,2,2,1,0,0,0,0,18052,6,1,0,0,0,0,1,0
2021-01-17T23:59:59+01:00,1,0,122,159,439,776,628,1423,782,2070,1202,1721,844,865,844,1374,555,2352,0,0,0,0,0,0,0,0,0,0,0,1,0,0,0,0,0,0,16156,1,0,0,0,0,0,1,0
2021-01-16T23:59:59+01:00,1,0,121,158,435,775,626,1415,772,2066,1193,1714,842,860,839,1363,547,2336,0,0,0,0,0,0,0,0,0,0,0,0,0,0,0,0,0,0,16063,0,0,0,0,0,0,0,0
2021-01-15T23:59:59+01:00,1,0,110,151,423,754,599,1376,740,1988,1131,1632,798,807,792,1274,516,2212,0,0,0,0,0,0,0,0,0,0,0,0,0,0,0,0,0,0,15304,0,0,0,0,0,0,0,0
2021-01-14T23:59:59+01:00,1,0,76,112,302,488,398,891,511,1280,774,1071,585,559,576,940,399,1684,0,0,0,0,0,0,0,0,0,0,0,0,0,0,0,0,0,0,10647,0,0,0,0,0,0,0,0
2021-01-13T23:59:59+01:00,1,0,59,85,250,410,322,674,379,981,567,765,369,355,390,636,284,1174,0,0,0,0,0,0,0,0,0,0,0,0,0,0,0,0,0,0,7701,0,0,0,0,0,0,0,0
2021-01-12T23:59:59+01:00,0,0,48,69,204,351,258,546,279,807,412,599,248,226,243,424,190,786,0,0,0,0,0,0,0,0,0,0,0,0,0,0,0,0,0,0,5690,0,0,0,0,0,0,0,0
2021-01-11T23:59:59+01:00,0,0,32,51,177,301,211,444,220,647,302,422,151,131,140,259,105,452,0,0,0,0,0,0,0,0,0,0,0,0,0,0,0,0,0,0,4045,0,0,0,0,0,0,0,0
2021-01-10T23:59:59+01:00,0,0,24,42,155,252,182,366,179,536,252,361,130,110,125,214,93,362,0,0,0,0,0,0,0,0,0,0,0,0,0,0,0,0,0,0,3383,0,0,0,0,0,0,0,0
2021-01-09T23:59:59+01:00,0,0,24,42,154,250,181,363,177,530,251,360,129,109,125,214,93,362,0,0,0,0,0,0,0,0,0,0,0,0,0,0,0,0,0,0,3364,0,0,0,0,0,0,0,0
2021-01-08T23:59:59+01:00,0,0,22,40,152,241,173,353,164,499,221,334,105,93,119,198,86,335,0,0,0,0,0,0,0,0,0,0,0,0,0,0,0,0,0,0,3135,0,0,0,0,0,0,0,0
2021-01-07T23:59:59+01:00,0,0,1,0,4,9,8,15,10,7,18,11,10,11,14,21,3,35,0,0,0,0,0,0,0,0,0,0,0,0,0,0,0,0,0,0,177,0,0,0,0,0,0,0,0
2021-01-06T23:59:59+01:00,0,0,0,0,1,3,1,7,5,2,4,6,6,4,7,10,1,16,0,0,0,0,0,0,0,0,0,0,0,0,0,0,0,0,0,0,73,0,0,0,0,0,0,0,0
2021-01-05T23:59:59+01:00,0,0,0,0,1,3,1,6,5,2,4,5,6,4,6,10,1,15,0,0,0,0,0,0,0,0,0,0,0,0,0,0,0,0,0,0,69,0,0,0,0,0,0,0,0
2021-01-04T23:59:59+01:00,0,0,0,0,1,3,1,5,4,2,4,5,6,4,5,9,1,15,0,0,0,0,0,0,0,0,0,0,0,0,0,0,0,0,0,0,65,0,0,0,0,0,0,0,0
2021-01-03T23:59:59+01:00,0,0,0,0,1,2,1,5,4,2,4,5,5,4,5,9,1,15,0,0,0,0,0,0,0,0,0,0,0,0,0,0,0,0,0,0,63,0,0,0,0,0,0,0,0
2021-01-02T23:59:59+01:00,0,0,0,0,1,2,1,5,4,2,4,5,5,4,5,9,1,15,0,0,0,0,0,0,0,0,0,0,0,0,0,0,0,0,0,0,63,0,0,0,0,0,0,0,0
2021-01-01T23:59:59+01:00,0,0,0,0,1,2,1,4,4,2,4,5,5,4,5,9,1,15,0,0,0,0,0,0,0,0,0,0,0,0,0,0,0,0,0,0,62,0,0,0,0,0,0,0,0
2020-12-31T23:59:59+01:00,0,0,0,0,1,2,1,4,4,2,4,5,5,4,5,9,1,15,0,0,0,0,0,0,0,0,0,0,0,0,0,0,0,0,0,0,62,0,0,0,0,0,0,0,0
2020-12-30T23:59:59+01:00,0,0,0,0,1,2,1,4,4,2,3,5,5,4,5,9,1,15,0,0,0,0,0,0,0,0,0,0,0,0,0,0,0,0,0,0,61,0,0,0,0,0,0,0,0
2020-12-29T23:59:59+01:00,0,0,0,0,1,1,1,2,4,1,2,5,5,4,5,9,1,15,0,0,0,0,0,0,0,0,0,0,0,0,0,0,0,0,0,0,56,0,0,0,0,0,0,0,0
2020-12-28T23:59:59+01:00,0,0,0,0,1,1,1,1,2,0,1,5,4,1,1,0,0,2,0,0,0,0,0,0,0,0,0,0,0,0,0,0,0,0,0,0,20,0,0,0,0,0,0,0,0
2020-12-27T23:59:59+01:00,0,0,0,0,1,1,1,1,2,0,0,3,2,0,1,0,0,2,0,0,0,0,0,0,0,0,0,0,0,0,0,0,0,0,0,0,14,0,0,0,0,0,0,0,0
