Datum,<15_1_m,<15_1_w,15-24_1_m,15-24_1_w,25-34_1_m,25-34_1_w,35-44_1_m,35-44_1_w,45-54_1_m,45-54_1_w,55-64_1_m,55-64_1_w,65-74_1_m,65-74_1_w,75-84_1_m,75-84_1_w,>84_1_m,>84_1_w,<15_2_m,<15_2_w,15-24_2_m,15-24_2_w,25-34_2_m,25-34_2_w,35-44_2_m,35-44_2_w,45-54_2_m,45-54_2_w,55-64_2_m,55-64_2_w,65-74_2_m,65-74_2_w,75-84_2_m,75-84_2_w,>84_2_m,>84_2_w,bp_1,bp_2,mo_1,mo_2,az_1,az_2,ja,unb_1,unb_2
2021-11-19T23:59:59+01:00,7641,7125,45829,43015,60950,54292,60264,57885,70070,69123,78128,77546,55161,60787,37801,48972,11801,22482,5693,5326,39141,37383,54358,48283,55007,52937,65279,64578,74677,74228,53673,59132,36957,47750,11423,21709,643832,589165,79784,77047,105664,101721,39554,45,47
2021-11-18T23:59:59+01:00,7453,6934,45442,42696,60635,53932,59966,57629,69792,68898,77974,77387,55101,60717,37775,48920,11796,22463,5626,5259,38874,37140,54117,48085,54798,52761,65096,64426,74553,74165,53634,59090,36943,47722,11414,21702,640516,587083,79761,77024,105664,101720,39531,45,47
2021-11-17T23:59:59+01:00,7318,6817,45135,42478,60352,53681,59753,57422,69602,68707,77818,77229,55040,60661,37758,48870,11786,22449,5590,5231,38782,37073,54007,47995,54724,52699,65028,64368,74501,74110,53606,59065,36930,47700,11407,21697,637954,586246,79711,76993,105664,101719,39508,45,47
2021-11-16T23:59:59+01:00,7183,6707,44895,42283,60104,53425,59543,57220,69427,68531,77685,77088,54972,60588,37729,48821,11772,22424,5528,5182,38628,36933,53884,47865,54623,52599,64933,64280,74420,74041,53574,59018,36900,47671,11404,21685,635508,584924,79688,76980,105664,101719,39498,45,47
2021-11-15T23:59:59+01:00,7039,6584,44373,41890,59664,53062,59245,56950,69158,68311,77493,76912,54908,60513,37684,48775,11769,22414,5484,5134,38437,36763,53681,47706,54444,52471,64796,64161,74341,73971,53547,58984,36892,47651,11402,21676,631949,583383,79667,76967,105664,101719,39425,45,47
2021-11-14T23:59:59+01:00,6962,6515,44131,41717,59457,52883,59057,56799,69010,68182,77384,76842,54885,60480,37673,48759,11766,22407,5440,5090,38268,36631,53502,47556,54311,52368,64673,64066,74284,73901,53515,58961,36884,47632,11401,21671,630144,582011,79646,76961,105664,101719,39416,45,47
2021-11-13T23:59:59+01:00,6958,6509,44116,41706,59442,52870,59047,56789,69004,68176,77373,76838,54883,60479,37672,48757,11765,22407,5440,5088,38267,36631,53500,47556,54307,52364,64669,64061,74278,73898,53510,58957,36882,47623,11399,21670,630030,581957,79645,76961,105661,101719,39416,45,47
2021-11-12T23:59:59+01:00,6902,6469,43981,41570,59303,52774,58929,56682,68914,68110,77306,76800,54870,60464,37665,48745,11760,22402,5437,5080,38241,36612,53476,47542,54283,52351,64647,64047,74262,73887,53504,58951,36880,47620,11397,21668,628926,581772,79632,76959,105661,101719,39388,45,47
2021-11-11T23:59:59+01:00,6729,6281,43313,41056,58693,52265,58464,56306,68540,67778,77028,76612,54808,60395,37638,48706,11751,22391,5383,5019,38059,36480,53328,47408,54162,52239,64533,63948,74185,73839,53472,58922,36868,47601,11396,21657,624221,580551,79590,76936,105658,101719,39246,45,47
2021-11-10T23:59:59+01:00,6628,6190,42903,40762,58292,51918,58165,56063,68285,67528,76851,76446,54739,60330,37615,48668,11743,22380,5363,4993,37965,36420,53254,47334,54096,52165,64479,63892,74125,73799,53441,58888,36850,47579,11391,21650,621093,579855,79575,76924,105658,101717,39141,45,47
2021-11-09T23:59:59+01:00,6558,6139,42799,40673,58167,51777,58050,55927,68155,67414,76769,76350,54697,60287,37601,48642,11736,22364,5337,4967,37891,36376,53208,47274,54044,52078,64423,63814,74047,73722,53410,58851,36832,47553,11384,21631,619734,579217,79542,76729,105657,101716,39133,45,47
2021-11-08T23:59:59+01:00,6421,6027,42072,40022,57430,51178,57501,55488,67744,67033,76488,76078,54578,60196,37573,48602,11728,22350,5308,4945,37787,36276,53050,47155,53956,51996,64354,63727,73966,73665,53381,58817,36821,47537,11381,21626,614438,578413,79520,76716,105656,101716,38856,45,47
2021-11-07T23:59:59+01:00,6366,5991,41910,39886,57244,51022,57361,55379,67646,66960,76437,76028,54560,60176,37564,48598,11726,22346,5290,4930,37712,36204,52978,47074,53901,51953,64325,63676,73941,73642,53369,58805,36811,47530,11380,21619,613191,577842,79468,76690,105656,101715,38846,45,47
2021-11-06T23:59:59+01:00,6361,5982,41893,39868,57224,51009,57346,55369,67637,66951,76431,76025,54558,60176,37562,48598,11726,22345,5288,4930,37711,36202,52976,47071,53899,51951,64320,63675,73939,73640,53367,58803,36811,47529,11380,21619,613056,577817,79467,76689,105656,101715,38843,45,47
2021-11-05T23:59:59+01:00,6345,5962,41853,39839,57187,50959,57299,55339,67613,66933,76403,76012,54554,60170,37559,48596,11726,22343,5280,4925,37687,36194,52967,47060,53891,51944,64308,63663,73932,73631,53363,58801,36809,47525,11380,21619,612712,577710,79464,76686,105656,101715,38821,45,47
2021-11-04T23:59:59+01:00,6222,5819,41320,39356,56603,50497,56855,54976,67192,66610,76189,75873,54516,60122,37546,48565,11720,22335,5220,4862,37482,36056,52765,46913,53718,51814,64148,63544,73831,73561,53331,58776,36795,47505,11369,21613,608902,576558,79396,76660,105655,101714,38324,45,47
2021-11-03T23:59:59+01:00,6187,5774,41226,39289,56489,50401,56762,54894,67120,66544,76143,75830,54506,60103,37538,48549,11715,22330,5176,4828,37410,35993,52716,46865,53675,51758,64102,63501,73787,73525,53315,58751,36783,47486,11365,21605,608034,575931,79376,76655,105654,101711,38297,45,47
2021-11-02T23:59:59+01:00,6140,5725,41094,39178,56324,50282,56646,54787,66994,66466,76074,75771,54481,60079,37526,48537,11714,22320,5105,4756,37277,35841,52565,46709,53559,51638,64015,63399,73702,73439,53268,58707,36764,47453,11362,21595,606823,574512,79356,76619,105654,101711,38265,45,47
2021-11-01T23:59:59+01:00,6056,5647,40603,38810,55801,49934,56284,54533,66715,66264,75934,75680,54446,60051,37519,48530,11711,22312,5072,4715,37137,35726,52435,46616,53444,51554,63918,63337,73640,73394,53255,58694,36754,47438,11359,21588,603830,573770,79333,76578,105654,101709,37972,45,47
2021-10-31T23:59:59+01:00,6054,5647,40598,38804,55798,49931,56279,54529,66712,66261,75932,75678,54446,60051,37519,48530,11711,22312,5072,4715,37135,35723,52435,46615,53442,51553,63917,63337,73640,73394,53255,58694,36754,47438,11359,21588,603798,573763,79330,76578,105654,101709,37969,45,47
2021-10-30T23:59:59+02:00,6050,5645,40595,38804,55791,49928,56278,54527,66710,66260,75932,75676,54446,60051,37519,48530,11711,22312,5072,4715,37135,35723,52435,46614,53441,51552,63916,63336,73640,73394,53254,58694,36754,47438,11359,21588,603772,573758,79330,76578,105654,101709,37968,45,47
2021-10-29T23:59:59+02:00,6047,5639,40577,38788,55777,49910,56262,54518,66692,66253,75915,75671,54444,60048,37518,48529,11709,22312,5070,4712,37125,35710,52434,46609,53437,51547,63913,63329,73632,73386,53249,58693,36753,47435,11358,21587,603623,573685,79326,76575,105654,101707,37965,45,47
2021-10-28T23:59:59+02:00,5948,5539,40057,38432,55311,49579,55859,54218,66351,66025,75741,75564,54407,60019,37513,48509,11707,22302,5009,4665,36950,35592,52274,46494,53298,51440,63766,63248,73548,73339,53224,58667,36739,47417,11356,21580,600522,572719,79287,76554,105649,101706,37580,45,47
2021-10-27T23:59:59+02:00,5923,5518,40004,38373,55240,49524,55802,54167,66286,65996,75715,75544,54391,60007,37507,48497,11706,22296,4985,4639,36899,35552,52223,46458,53266,51404,63722,63197,73513,73313,53201,58647,36733,47406,11353,21568,599956,572219,79276,76541,105649,101700,37572,45,47
2021-10-26T23:59:59+02:00,5875,5483,39896,38278,55139,49419,55729,54100,66219,65929,75663,75504,54376,59991,37495,48483,11703,22292,4933,4596,36795,35410,52127,46373,53198,51322,63669,63136,73453,73259,53168,58626,36719,47380,11347,21554,599055,571234,79275,76533,105649,101699,37552,45,47
2021-10-25T23:59:59+02:00,5813,5415,39666,38045,54858,49217,55477,53939,66001,65786,75559,75426,54354,59961,37488,48473,11703,22289,4920,4587,36739,35349,52041,46319,53130,51282,63621,63096,73408,73228,53159,58610,36713,47375,11345,21551,597229,570922,79275,76531,105649,101699,37274,45,47
2021-10-24T23:59:59+02:00,5783,5386,39582,37961,54780,49140,55418,53901,65956,65759,75539,75407,54349,59952,37483,48470,11701,22285,4887,4571,36677,35287,51996,46274,53095,51241,63584,63067,73386,73196,53151,58596,36702,47367,11343,21549,596625,570439,79273,76524,105649,101697,37262,45,47
2021-10-23T23:59:59+02:00,5783,5386,39581,37961,54778,49140,55416,53898,65956,65759,75539,75407,54349,59951,37483,48470,11701,22285,4887,4571,36677,35286,51996,46274,53095,51239,63584,63067,73386,73196,53151,58596,36702,47367,11343,21549,596617,570437,79273,76524,105649,101697,37261,45,47
2021-10-22T23:59:59+02:00,5780,5381,39555,37943,54758,49127,55405,53891,65942,65746,75530,75400,54345,59948,37483,48468,11700,22285,4882,4562,36661,35272,51984,46254,53086,51228,63568,63060,73372,73187,53141,58589,36701,47364,11342,21547,596485,570286,79262,76523,105648,101695,37249,45,47
2021-10-21T23:59:59+02:00,5704,5302,39303,37748,54488,48939,55195,53739,65760,65625,75432,75345,54328,59931,37477,48458,11697,22279,4796,4490,36435,35065,51800,46095,52917,51097,63437,62939,73288,73128,53116,58553,36689,47346,11338,21541,594796,568808,79228,76486,105648,101694,37035,45,47
2021-10-20T23:59:59+02:00,5681,5288,39267,37722,54468,48917,55180,53711,65734,65600,75407,75327,54320,59920,37468,48443,11696,22272,4777,4470,36416,35035,51778,46063,52893,51067,63414,62917,73263,73101,53098,58530,36683,47333,11335,21534,594480,568461,79221,76476,105648,101694,37029,45,47
2021-10-19T23:59:59+02:00,5647,5258,39214,37687,54431,48877,55144,53681,65703,65568,75382,75302,54304,59899,37460,48428,11692,22269,4754,4448,36361,34988,51736,46009,52859,51028,63376,62883,73224,73061,53086,58506,36662,47318,11330,21524,594017,567922,79215,76472,105648,101689,37023,45,47
2021-10-18T23:59:59+02:00,5613,5230,39075,37555,54307,48780,55063,53599,65637,65529,75326,75268,54294,59883,37453,48414,11690,22268,4687,4387,36213,34844,51612,45886,52777,50937,63329,62820,73165,73013,53061,58471,36652,47301,11325,21518,593154,566884,79203,76442,105648,101689,36936,45,47
2021-10-17T23:59:59+02:00,5607,5223,39064,37544,54293,48764,55059,53589,65632,65518,75319,75264,54291,59879,37450,48412,11690,22263,4677,4376,36193,34815,51591,45862,52760,50915,63315,62803,73147,72999,53050,58459,36646,47294,11324,21509,593035,566632,79203,76436,105648,101688,36932,45,47
2021-10-16T23:59:59+02:00,5607,5223,39063,37543,54291,48763,55056,53587,65632,65518,75319,75264,54291,59879,37450,48412,11690,22263,4674,4373,36188,34811,51587,45859,52756,50911,63313,62799,73145,72998,53049,58458,36645,47293,11324,21507,593028,566590,79203,76436,105648,101688,36929,45,47
2021-10-15T23:59:59+02:00,5602,5220,39045,37530,54275,48751,55050,53582,65615,65512,75312,75252,54283,59877,37446,48405,11689,22263,4666,4371,36175,34809,51581,45851,52751,50905,63308,62792,73141,72992,53045,58454,36642,47292,11324,21506,592898,566526,79203,76434,105648,101681,36917,45,47
2021-10-14T23:59:59+02:00,5544,5162,38910,37411,54139,48650,54958,53501,65546,65428,75249,75197,54252,59856,37438,48388,11682,22248,4549,4255,35892,34480,51361,45626,52600,50732,63163,62645,73045,72914,52988,58407,36618,47261,11319,21497,591869,564431,79186,76395,105648,101667,36813,45,46
2021-10-13T23:59:59+02:00,5504,5128,38875,37368,54105,48614,54931,53466,65521,65403,75228,75171,54240,59844,37431,48380,11678,22244,4518,4228,35852,34439,51335,45585,52564,50696,63129,62609,73012,72884,52964,58391,36609,47238,11318,21486,591461,563996,79173,76358,105648,101651,36806,45,46
2021-10-12T23:59:59+02:00,5470,5105,38801,37323,54046,48545,54890,53418,65488,65369,75192,75133,54225,59827,37421,48364,11672,22234,4498,4203,35796,34386,51288,45530,52528,50660,63092,62567,72972,72837,52939,58362,36586,47214,11312,21473,590867,563402,79171,76353,105648,101648,36794,45,46
2021-10-11T23:59:59+02:00,5416,5053,38638,37190,53911,48430,54783,53334,65413,65307,75144,75104,54213,59808,37410,48353,11670,22230,4406,4122,35569,34170,51100,45342,52394,50527,62995,62453,72886,72773,52900,58324,36572,47186,11307,21460,589910,561809,79169,76351,105648,101643,36637,45,46
2021-10-10T23:59:59+02:00,5397,5043,38591,37151,53870,48389,54763,53303,65396,65288,75128,75084,54210,59803,37406,48350,11669,22224,4387,4115,35535,34149,51079,45315,52376,50510,62985,62441,72873,72759,52896,58315,36567,47176,11304,21456,589585,561587,79166,76343,105648,101639,36623,45,46
2021-10-09T23:59:59+02:00,5397,5042,38591,37151,53870,48389,54763,53303,65396,65288,75128,75084,54210,59803,37406,48350,11669,22224,4387,4115,35534,34149,51078,45315,52376,50510,62983,62441,72873,72759,52896,58315,36567,47176,11304,21456,589584,561586,79166,76341,105648,101638,36623,45,46
2021-10-08T23:59:59+02:00,5389,5029,38572,37132,53857,48374,54756,53299,65385,65279,75116,75075,54208,59800,37404,48345,11668,22223,4380,4106,35520,34130,51066,45300,52370,50499,62974,62434,72867,72753,52894,58313,36565,47172,11304,21454,589443,561468,79166,76339,105648,101637,36611,45,46
2021-10-07T23:59:59+02:00,5320,4943,38396,36979,53731,48249,54643,53197,65286,65189,75047,75026,54189,59763,37380,48321,11661,22209,4229,3937,35144,33781,50817,44989,52171,50231,62777,62238,72698,72595,52827,58243,36538,47122,11291,21429,588124,559232,79137,75571,105647,101630,36578,45,46
2021-10-06T23:59:59+02:00,5284,4915,38351,36938,53698,48212,54598,53159,65236,65154,75020,75004,54170,59749,37373,48305,11655,22200,4209,3920,35103,33745,50793,44960,52150,50208,62748,62223,72673,72578,52805,58213,36519,47102,11284,21417,587645,558850,79131,75570,105645,101627,36557,45,46
2021-10-05T23:59:59+02:00,5252,4890,38270,36864,53633,48149,54547,53094,65172,65097,74976,74957,54132,59721,37353,48274,11645,22167,4178,3891,35036,33675,50746,44897,52115,50164,62695,62185,72633,72538,52773,58175,36489,47049,11276,21394,586891,558167,79112,75569,105645,101625,36502,45,46
2021-10-04T23:59:59+02:00,5189,4832,38054,36694,53461,48031,54432,52990,65102,65028,74910,74909,54102,59687,37338,48256,11636,22152,4066,3754,34729,33326,50500,44652,51927,49987,62535,62033,72516,72439,52716,58114,36434,46993,11264,21375,585797,555902,79100,75568,105644,101625,36219,45,46
2021-10-03T23:59:59+02:00,5178,4818,38031,36670,53428,47996,54407,52976,65085,65010,74899,74896,54095,59674,37333,48243,11636,22147,4050,3750,34678,33290,50450,44608,51889,49939,62493,61995,72476,72407,52699,58090,36422,46977,11262,21367,585547,555421,79098,75568,105641,101614,36193,45,46
2021-10-02T23:59:59+02:00,5176,4809,38027,36663,53420,47992,54404,52973,65082,65009,74895,74893,54095,59672,37333,48243,11636,22147,4049,3750,34676,33288,50442,44606,51885,49938,62491,61995,72475,72406,52699,58089,36422,46977,11262,21367,585509,555412,79098,75567,105641,101614,36178,45,46
2021-10-01T23:59:59+02:00,5168,4792,37981,36635,53387,47964,54381,52948,65051,64994,74868,74876,54085,59667,37330,48240,11633,22145,4045,3747,34657,33276,50424,44598,51871,49924,62478,61987,72458,72394,52690,58083,36419,46975,11260,21365,585263,555328,79096,75565,105639,101608,36104,45,46
2021-09-30T23:59:59+02:00,5077,4729,37773,36431,53219,47802,54238,52820,64946,64875,74798,74818,54070,59637,37319,48223,11630,22138,3968,3672,34514,33125,50331,44471,51795,49810,62393,61894,72391,72335,52678,58053,36411,46950,11257,21355,583736,554747,79078,74956,105636,101603,36051,44,46
2021-09-29T23:59:59+02:00,5054,4708,37738,36390,53171,47754,54200,52773,64914,64837,74768,74790,54053,59614,37308,48212,11626,22126,3952,3655,34486,33089,50303,44445,51773,49789,62372,61864,72369,72315,52669,58044,36406,46940,11255,21347,583274,554459,79066,74952,105636,101598,36018,44,46
2021-09-28T23:59:59+02:00,5031,4684,37677,36333,53130,47702,54165,52731,64870,64794,74723,74755,54015,59578,37289,48190,11618,22115,3938,3639,34430,33051,50270,44416,51747,49767,62346,61844,72332,72285,52640,58006,36384,46913,11252,21335,582715,554067,79064,74946,105636,101593,35943,44,46
2021-09-27T23:59:59+02:00,4955,4624,37479,36155,52945,47536,54043,52621,64767,64687,74626,74676,53986,59550,37277,48172,11616,22104,3805,3480,34004,32663,49962,44092,51518,49518,62148,61658,72202,72159,52599,57946,36363,46882,11250,21325,581658,551551,79043,74945,105636,101592,35440,44,46
2021-09-26T23:59:59+02:00,4952,4618,37457,36125,52916,47518,54029,52605,64751,64677,74614,74666,53979,59539,37276,48169,11616,22099,3796,3473,33989,32656,49950,44077,51512,49509,62134,61652,72194,72152,52595,57938,36362,46877,11248,21321,581484,551439,79023,74937,105634,101590,35423,44,46
2021-09-25T23:59:59+02:00,4949,4615,37451,36121,52913,47514,54025,52602,64749,64673,74610,74664,53978,59536,37275,48168,11616,22098,3796,3472,33986,32656,49949,44077,51512,49508,62134,61651,72192,72152,52595,57937,36362,46877,11248,21321,581441,551433,79021,74937,105634,101590,35419,44,46
2021-09-24T23:59:59+02:00,4946,4612,37432,36107,52892,47500,54003,52590,64730,64662,74597,74654,53971,59533,37272,48164,11616,22094,3792,3466,33976,32641,49934,44068,51492,49493,62121,61645,72174,72143,52588,57930,36356,46870,11248,21319,581322,551327,79021,74935,105631,101589,35359,44,46
2021-09-23T23:59:59+02:00,4817,4492,37027,35686,52540,47167,53711,52317,64487,64445,74411,74524,53909,59477,37243,48120,11607,22074,3759,3424,33791,32471,49715,43915,51323,49389,61970,61540,72058,72067,52552,57905,36332,46849,11246,21311,578987,550656,78978,74913,105631,101586,34416,44,46
2021-09-22T23:59:59+02:00,4788,4469,36985,35630,52472,47090,53644,52257,64420,64392,74352,74472,53880,59454,37235,48103,11605,22069,3742,3412,33755,32428,49672,43858,51264,49338,61915,61500,72011,72034,52534,57887,36326,46838,11244,21310,578549,550398,78970,74910,105628,101585,34129,43,46
2021-09-21T23:59:59+02:00,4772,4446,36927,35581,52405,47025,53599,52207,64354,64341,74294,74418,53837,59422,37221,48077,11600,22060,3721,3398,33722,32376,49638,43811,51225,49293,61869,61462,71972,71993,52505,57863,36315,46820,11243,21303,577995,550032,78961,74908,105626,101580,33963,43,46
2021-09-20T23:59:59+02:00,4668,4382,36588,35277,52081,46716,53363,51982,64141,64151,74135,74305,53772,59367,37200,48042,11593,22054,3516,3210,33211,31943,49260,43473,50940,48987,61614,61251,71805,71841,52449,57798,36292,46775,11236,21293,576144,547321,78956,74903,105625,101574,33051,43,45
2021-09-19T23:59:59+02:00,4655,4377,36575,35266,52070,46708,53349,51970,64129,64146,74125,74294,53769,59361,37197,48039,11592,22054,3506,3202,33190,31926,49256,43463,50932,48975,61600,61240,71793,71831,52443,57794,36291,46773,11236,21290,576038,547198,78949,74899,105622,101573,33026,43,45
2021-09-18T23:59:59+02:00,4655,4377,36573,35265,52068,46707,53349,51969,64129,64146,74124,74294,53769,59361,37197,48039,11592,22054,3505,3202,33187,31926,49252,43461,50932,48975,61600,61240,71792,71831,52442,57794,36291,46773,11236,21290,576036,547192,78949,74899,105622,101573,33020,43,45
2021-09-17T23:59:59+02:00,4648,4364,36557,35241,52046,46689,53338,51950,64112,64137,74109,74275,53760,59354,37194,48034,11591,22053,3504,3198,33177,31909,49240,43451,50928,48966,61596,61236,71784,71819,52435,57792,36291,46772,11236,21288,575872,547139,78949,74899,105622,101571,32968,43,45
2021-09-16T23:59:59+02:00,4497,4213,36187,34878,51790,46389,53126,51685,63928,63952,73951,74125,53705,59294,37177,47999,11588,22041,3436,3157,33049,31803,49158,43344,50849,48884,61535,61181,71733,71786,52420,57778,36282,46760,11235,21284,573430,546303,78492,74819,105621,101566,32941,43,45
2021-09-15T23:59:59+02:00,4454,4175,36119,34804,51745,46336,53060,51629,63878,63903,73911,74082,53687,59273,37167,47989,11587,22035,3393,3125,32995,31753,49108,43292,50792,48834,61489,61137,71703,71755,52412,57757,36272,46751,11235,21278,573055,545967,78405,74804,105621,101553,32712,43,45
2021-09-14T23:59:59+02:00,4413,4135,36056,34750,51695,46265,53018,51578,63832,63857,73866,74040,53662,59254,37152,47970,11585,22031,3347,3097,32929,31682,49063,43243,50758,48788,61435,61099,71667,71714,52389,57733,36263,46737,11234,21275,572511,545412,78335,74798,105620,101546,32652,43,45
2021-09-13T23:59:59+02:00,4263,3956,35684,34316,51421,45947,52799,51344,63622,63647,73730,73914,53607,59184,37114,47936,11584,22023,3057,2845,32461,31210,48829,42993,50576,48587,61288,60916,71526,71603,52336,57674,36247,46701,11228,21265,569904,542419,77907,74719,105619,101540,32619,43,45
2021-09-12T23:59:59+02:00,4254,3946,35661,34300,51405,45924,52781,51327,63608,63630,73721,73904,53604,59178,37109,47935,11584,22022,3040,2837,32435,31192,48813,42975,50566,48579,61277,60901,71510,71591,52329,57666,36241,46699,11225,21265,569754,542263,77891,74711,105608,101525,32598,43,44
2021-09-11T23:59:59+02:00,4251,3943,35657,34296,51404,45922,52775,51320,63606,63625,73719,73898,53600,59173,37109,47933,11584,22022,3037,2836,32426,31188,48810,42972,50562,48575,61274,60897,71507,71588,52327,57664,36241,46697,11225,21265,569727,542242,77891,74711,105608,101525,32569,43,44
2021-09-10T23:59:59+02:00,4250,3942,35543,34195,51208,45770,52582,51178,63430,63510,73585,73808,53562,59134,37089,47915,11582,22017,3027,2826,32299,31076,48610,42808,50364,48438,61084,60774,71373,71494,52285,57621,36219,46676,11222,21260,569667,542088,77889,74708,105607,101522,31095,43,43
2021-09-09T23:59:59+02:00,4222,3903,35463,34127,51152,45699,52521,51090,63372,63452,73545,73770,53539,59106,37075,47896,11580,22013,2994,2795,32205,31008,48566,42759,50312,48397,61043,60740,71332,71461,52266,57607,36211,46661,11221,21256,569056,541605,77854,74701,105588,101500,30985,43,43
2021-09-08T23:59:59+02:00,4197,3883,35429,34085,51127,45668,52503,51064,63338,63419,73524,73747,53532,59091,37068,47885,11580,22010,2976,2779,32146,30978,48527,42733,50284,48366,61007,60712,71316,71441,52253,57594,36201,46650,11218,21238,568707,541229,77854,74700,105588,101488,30959,43,43
2021-09-07T23:59:59+02:00,4184,3869,35389,34041,51094,45637,52479,51038,63313,63395,73488,73717,53520,59075,37052,47871,11578,22004,2954,2761,32099,30929,48492,42697,50244,48329,60983,60682,71283,71412,52240,57578,36192,46637,11215,21234,568332,540811,77853,74698,105588,101480,30929,43,43
2021-09-06T23:59:59+02:00,4008,3685,34909,33570,50716,45246,52213,50736,63085,63154,73329,73567,53457,58994,37033,47831,11575,21995,2913,2706,31892,30746,48288,42540,50101,48188,60869,60563,71188,71324,52194,57532,36176,46618,11210,21221,565518,539952,77853,74696,105588,101476,30102,43,43
2021-09-05T23:59:59+02:00,4000,3673,34890,33555,50712,45238,52201,50728,63073,63144,73314,73562,53452,58986,37027,47824,11573,21991,2905,2696,31872,30727,48269,42525,50088,48180,60858,60553,71178,71319,52188,57520,36173,46613,11209,21219,565381,539813,77852,74694,105588,101462,30080,43,43
2021-09-04T23:59:59+02:00,4000,3673,34889,33555,50711,45238,52200,50727,63073,63144,73314,73562,53452,58986,37027,47824,11573,21991,2905,2696,31871,30725,48269,42525,50086,48178,60858,60553,71177,71319,52188,57520,36173,46613,11209,21219,565379,539809,77852,74692,105588,101462,30078,43,43
2021-09-03T23:59:59+02:00,3952,3626,34725,33421,50557,45113,52089,50609,62924,63021,73189,73462,53412,58938,37006,47803,11569,21988,2828,2607,31596,30533,48065,42356,49914,48011,60652,60381,71032,71173,52134,57463,36148,46590,11207,21215,565239,539675,77253,73445,105577,101449,29293,43,43
2021-09-02T23:59:59+02:00,3926,3596,34665,33373,50522,45072,52057,50576,62884,62981,73150,73435,53392,58926,36997,47785,11569,21982,2812,2582,31526,30471,48015,42308,49873,47967,60597,60329,70991,71146,52116,57448,36139,46582,11206,21210,564826,539282,77231,73441,105577,101340,29212,43,43
2021-09-01T23:59:59+02:00,3910,3582,34637,33340,50499,45045,52039,50554,62864,62948,73123,73417,53383,58917,36994,47777,11569,21981,2784,2563,31476,30432,47982,42280,49842,47942,60565,60305,70968,71115,52097,57429,36129,46575,11206,21207,564562,538934,77227,73435,105576,101313,29172,43,43
2021-08-31T23:59:59+02:00,3883,3569,34597,33292,50473,45009,52011,50522,62836,62916,73093,73385,53362,58895,36986,47764,11566,21981,2775,2551,31416,30399,47955,42255,49819,47924,60537,60289,70953,71088,52083,57419,36126,46568,11203,21201,564170,538657,77227,73431,105575,101304,29126,43,43
2021-08-30T23:59:59+02:00,3657,3359,34009,32774,50049,44628,51661,50176,62544,62655,72887,73207,53279,58809,36955,47717,11563,21973,2717,2492,31132,30135,47656,42021,49593,47754,60352,60158,70799,70984,52015,57373,36107,46537,11200,21194,561166,537560,77227,73428,105574,101294,27894,42,43
2021-08-29T23:59:59+02:00,3651,3351,33987,32754,50032,44619,51645,50157,62534,62641,72877,73191,53271,58804,36953,47710,11563,21971,2711,2491,31111,30114,47633,41994,49572,47737,60335,60141,70787,70973,52012,57364,36104,46536,11200,21192,561023,537439,77225,73426,105573,101250,27849,42,43
2021-08-28T23:59:59+02:00,3651,3351,33984,32754,50027,44618,51644,50155,62533,62638,72875,73190,53269,58802,36953,47710,11563,21971,2711,2488,31102,30105,47628,41992,49569,47734,60332,60137,70784,70971,52011,57360,36104,46536,11200,21192,561014,537403,77225,73425,105573,101250,27835,42,43
2021-08-27T23:59:59+02:00,3647,3345,33975,32735,50024,44614,51633,50148,62526,62633,72858,73184,53265,58799,36952,47709,11562,21970,2703,2485,31084,30087,47620,41982,49560,47725,60325,60129,70772,70970,52009,57359,36103,46535,11199,21192,560939,537325,77225,73423,105573,101247,27801,42,43
2021-08-26T23:59:59+02:00,3622,3317,33935,32683,49997,44578,51592,50099,62480,62609,72826,73154,53255,58789,36945,47707,11561,21966,2629,2391,30786,29818,47400,41770,49384,47569,60209,60028,70688,70899,51975,57326,36086,46511,11197,21188,560590,535498,77198,73417,105572,101182,27714,42,43
2021-08-25T23:59:59+02:00,3581,3293,33884,32638,49970,44532,51556,50070,62441,62574,72790,73130,53246,58771,36940,47692,11560,21965,2366,2170,30029,29116,46955,41356,49057,47277,59985,59803,70512,70748,51908,57250,36064,46476,11188,21180,560157,531160,77198,73414,105572,101159,27665,42,42
2021-08-24T23:59:59+02:00,3541,3270,33825,32579,49939,44490,51528,50022,62396,62525,72746,73083,53225,58746,36927,47679,11558,21957,2289,2106,29795,28893,46823,41224,48949,47170,59893,59709,70427,70649,51862,57203,36044,46464,11184,21177,559665,529721,77195,73408,105570,101125,27565,42,42
2021-08-23T23:59:59+02:00,3236,3002,33186,31957,49513,44091,51186,49716,62071,62228,72453,72851,53128,58657,36888,47616,11547,21948,2229,2053,29374,28499,46437,40926,48707,46958,59624,59499,70203,70502,51786,57132,36020,46421,11178,21171,556591,528269,77191,73405,105568,101120,25883,42,42
2021-08-22T23:59:59+02:00,3225,2994,33175,31951,49503,44081,51178,49710,62066,62221,72448,72849,53124,58654,36886,47614,11547,21947,2225,2050,29349,28481,46417,40917,48697,46947,59613,59491,70196,70498,51777,57128,36017,46418,11178,21171,556525,528168,77187,73396,105563,101106,25858,41,42
2021-08-21T23:59:59+02:00,3223,2994,33170,31949,49501,44080,51177,49707,62063,62220,72447,72848,53124,58654,36886,47614,11547,21947,2224,2048,29335,28469,46412,40913,48691,46943,59609,59491,70196,70497,51776,57128,36017,46418,11178,21171,556510,528128,77187,73389,105563,101106,25851,41,42
2021-08-20T23:59:59+02:00,3207,2983,33046,31854,49309,43943,51004,49598,61882,62091,72300,72766,53076,58612,36871,47596,11544,21943,2197,2034,28793,27969,45933,40543,48410,46733,59352,59306,69990,70372,51691,57070,35987,46390,11174,21164,556283,526425,77187,73214,105563,100874,24553,40,42
2021-08-19T23:59:59+02:00,3180,2960,32994,31814,49275,43907,50956,49558,61837,62053,72251,72727,53050,58592,36864,47581,11540,21936,2109,1952,27851,27115,45148,39941,47984,46372,59017,59031,69714,70150,51591,56981,35945,46342,11169,21159,555867,522048,77152,72240,105558,100782,24459,40,42
2021-08-18T23:59:59+02:00,3159,2941,32944,31770,49240,43872,50917,49522,61793,62016,72206,72700,53021,58575,36850,47567,11539,21931,2010,1854,26558,25816,44221,39068,47278,45632,58336,58447,69229,69694,51403,56761,35868,46249,11157,21142,555434,516519,77131,69032,105555,100726,24404,40,42
2021-08-17T23:59:59+02:00,3135,2918,32875,31706,49194,43804,50874,49487,61746,61970,72170,72659,52998,58551,36837,47555,11536,21926,1881,1744,25271,24425,43344,38377,46676,45150,57802,58005,68796,69368,51268,56577,35792,46170,11141,21128,554884,510898,77126,66947,105554,100690,24338,40,42
2021-08-16T23:59:59+02:00,3123,2897,32858,31687,49170,43781,50865,49469,61726,61952,72148,72644,52988,58543,36835,47544,11534,21922,1789,1659,23834,23035,42442,37534,46396,44856,57576,57743,68588,69209,51195,56491,35761,46126,11139,21114,554653,504536,77123,66914,105552,100676,24319,40,42
2021-08-15T23:59:59+02:00,3115,2885,32844,31669,49159,43775,50855,49458,61710,61936,72133,72632,52984,58534,36832,47544,11534,21922,1505,1402,21406,20582,41687,36992,46029,44481,57245,57444,68302,68952,51083,56389,35724,46070,11136,21104,554516,495795,77122,66734,105542,100660,24302,40,42
2021-08-14T23:59:59+02:00,3115,2884,32839,31666,49153,43773,50852,49456,61705,61933,72129,72625,52984,58534,36831,47544,11534,21922,1503,1394,21380,20555,41649,36960,46012,44466,57230,57432,68289,68941,51081,56386,35723,46069,11136,21103,554506,495602,77120,66733,105542,100660,24272,40,42
2021-08-13T23:59:59+02:00,3101,2867,32796,31637,49129,43760,50830,49439,61672,61902,72107,72605,52978,58527,36828,47539,11533,21919,1478,1369,21260,20468,41560,36862,45950,44414,57182,57392,68248,68908,51064,56374,35714,46061,11135,21101,554349,495008,77119,66730,105541,100639,24121,40,42
2021-08-12T23:59:59+02:00,3083,2837,32749,31588,49097,43718,50793,49410,61618,61875,72071,72570,52963,58508,36811,47530,11532,21916,1393,1309,20788,20156,40608,36050,45581,44084,56963,57213,68071,68744,50991,56291,35684,46017,11130,21094,553941,490769,77115,66726,105538,100594,24036,40,42
2021-08-11T23:59:59+02:00,3041,2806,32693,31543,49064,43684,50768,49386,61591,61844,72043,72542,52941,58482,36799,47521,11531,21909,1169,1129,19892,19272,39279,34861,44976,43505,56602,56885,67778,68470,50869,56154,35646,45958,11128,21081,553526,483343,77109,66721,105538,100572,23976,40,42
2021-08-10T23:59:59+02:00,3025,2787,32640,31498,49033,43652,50739,49353,61571,61803,72005,72497,52919,58466,36788,47498,11530,21904,923,885,18862,18306,37180,32993,44089,42628,56147,56485,67387,68123,50719,56001,35585,45862,11123,21061,553066,473087,77108,66719,105537,100553,23958,40,42
2021-08-09T23:59:59+02:00,3010,2780,32611,31474,49005,43632,50711,49334,61551,61786,71985,72476,52909,58457,36783,47488,11528,21903,493,474,17437,16894,34194,30573,43423,41996,55739,56122,67054,67796,50575,55852,35534,45812,11118,21043,552814,460899,77106,66715,105532,100541,23932,40,42
2021-08-08T23:59:59+02:00,3007,2780,32597,31461,48993,43625,50706,49328,61540,61778,71981,72475,52908,58454,36783,47485,11528,21902,490,471,17409,16864,34173,30558,43386,41966,55725,56109,67045,67791,50570,55847,35533,45809,11117,21042,552750,460715,77106,66709,105519,100522,23917,40,42
2021-08-07T23:59:59+02:00,3006,2775,32589,31450,48991,43617,50700,49327,61537,61775,71974,72473,52907,58452,36782,47485,11528,21902,487,467,17377,16831,34147,30538,43350,41935,55703,56091,67034,67784,50565,55845,35531,45809,11117,21041,552700,460477,77106,66706,105519,100521,23906,40,42
2021-08-06T23:59:59+02:00,2917,2683,32241,31222,48731,43423,50441,49097,61249,61570,71700,72306,52775,58349,36728,47433,11525,21893,479,465,17168,16687,33435,30055,42878,41566,55360,55864,66725,67606,50435,55751,35482,45773,11114,21034,552628,458795,75994,66415,105515,100518,22107,40,42
2021-08-05T23:59:59+02:00,2871,2644,32081,31103,48639,43335,50361,49042,61196,61525,71648,72265,52749,58330,36719,47416,11523,21891,451,432,16935,16435,31574,28620,41834,40610,55086,55518,66512,67433,50371,55674,35459,45734,11107,21025,551747,451978,75991,66340,105505,100394,22056,40,42
2021-08-04T23:59:59+02:00,2796,2568,31817,30911,48451,43197,50211,48932,61118,61448,71584,72209,52719,58290,36706,47401,11520,21886,425,409,16651,16187,31228,28396,40643,39534,54697,55186,66333,67281,50308,55592,35429,45706,11104,21018,550448,447656,75990,66321,105503,100321,21788,36,41
2021-08-03T23:59:59+02:00,2609,2387,31302,30445,48200,42950,50035,48740,60957,61277,71438,72062,52665,58218,36684,47372,11510,21872,375,345,16213,15739,30639,27867,38907,37913,54006,54540,65999,66969,50212,55463,35382,45654,11099,21008,547497,439971,75988,66313,105500,100302,21703,36,41
2021-08-02T23:59:59+02:00,2498,2292,30988,30160,47999,42767,49882,48612,60850,61171,71350,71980,52632,58186,36662,47353,11509,21869,333,312,15908,15468,30302,27513,36764,36088,53447,54025,65792,66794,50140,55378,35360,45626,11097,21004,545557,433122,75985,66308,105495,100192,21688,36,41
2021-08-01T23:59:59+02:00,2494,2289,30976,30151,47980,42754,49869,48603,60837,61161,71340,71974,52627,58177,36658,47353,11509,21869,320,302,15783,15343,30165,27396,34462,34234,53150,53772,65699,66725,50099,55338,35353,45607,11096,21002,545495,427673,75981,66303,105448,100167,21662,36,41
2021-07-31T23:59:59+02:00,2494,2289,30971,30147,47978,42752,49867,48603,60836,61161,71340,71972,52624,58174,36658,47353,11509,21868,319,302,15769,15331,30129,27369,34450,34227,53132,53764,65687,66720,50095,55333,35353,45606,11095,21001,545476,427519,75981,66302,105447,100163,21657,36,41
2021-07-30T23:59:59+02:00,2480,2284,30924,30101,47946,42731,49843,48579,60802,61131,71304,71954,52615,58163,36658,47353,11509,21866,317,297,15607,15027,29862,27054,34268,33979,52931,53470,65521,66517,50049,55287,35343,45594,11095,20999,545302,427145,75975,66292,105444,98252,21487,36,41
2021-07-29T23:59:59+02:00,2448,2264,30767,30007,47860,42670,49791,48512,60740,61089,71257,71908,52595,58144,36650,47337,11506,21861,294,275,15289,14745,29546,26833,32981,33031,52146,52856,65165,66249,49950,55194,35300,45537,11090,20991,544628,424431,75968,63551,105433,98107,21342,36,41
2021-07-28T23:59:59+02:00,2401,2227,30614,29897,47776,42602,49717,48438,60667,61010,71190,71851,52571,58106,36631,47318,11505,21856,263,255,14884,14368,29106,26518,32610,32700,51436,52241,64773,65923,49855,55091,35266,45480,11074,20972,543676,420279,75964,63496,105425,97722,21277,36,41
2021-07-27T23:59:59+02:00,2323,2154,30374,29629,47625,42423,49572,48300,60555,60886,71090,71763,52513,58046,36603,47279,11497,21848,187,165,14239,13713,28341,25887,31859,32046,50183,51145,64038,65356,49667,54884,35198,45365,11067,20952,541845,411930,75954,63470,105419,97624,21227,36,41
2021-07-26T23:59:59+02:00,2262,2099,30171,29398,47507,42294,49497,48216,60490,60822,71038,71717,52487,58014,36591,47266,11495,21839,150,138,13876,13338,27982,25595,31243,31632,48625,49770,63061,64528,49462,54679,35130,45284,11057,20939,540610,404201,75951,63463,105415,97592,21192,36,41
2021-07-25T23:59:59+02:00,2016,1897,29350,28723,47113,41977,49210,47929,60256,60597,70854,71559,52431,57939,36564,47224,11494,21831,147,136,13783,13277,27885,25530,31159,31564,48505,49706,62973,64476,49439,54661,35123,45275,11057,20938,536422,403559,75951,63455,105408,97431,21148,36,41
2021-07-24T23:59:59+02:00,1935,1829,29093,28492,46963,41871,49093,47828,60098,60479,70725,71479,52382,57909,36546,47204,11492,21831,146,130,13649,13160,27685,25394,30997,31434,48291,49537,62809,64382,49395,54631,35108,45258,11055,20936,535726,402941,75948,63452,105407,97430,20133,36,41
2021-07-23T23:59:59+02:00,1820,1709,28763,28166,46719,41715,48839,47615,59846,60293,70522,71352,52307,57838,36527,47168,11488,21822,136,122,13396,12926,27253,25075,30614,31126,47687,49050,62480,64143,49311,54565,35086,45215,11050,20927,534723,400514,75573,63398,105396,97427,18782,36,41
2021-07-22T23:59:59+02:00,1808,1702,28682,28086,46579,41575,48623,47403,59668,60149,70403,71223,52264,57801,36511,47151,11488,21822,118,117,13167,12663,26915,24742,30260,30806,45758,47487,61674,63442,49215,54463,35048,45171,11047,20917,534406,393801,74424,63247,105352,97200,18721,36,41
2021-07-21T23:59:59+02:00,1774,1660,28420,27879,46191,41237,48030,46847,59083,59670,69947,70834,52093,57641,36453,47093,11479,21809,103,107,12743,12213,26332,24199,29684,30238,42022,44240,60187,62169,49046,54282,34984,45088,11037,20890,533848,382136,71153,62729,105198,96752,17906,36,41
2021-07-20T23:59:59+02:00,1751,1645,28300,27743,46127,41179,47982,46808,59027,59622,69893,70788,52059,57613,36436,47068,11474,21802,87,80,12243,11678,25595,23508,29029,29487,38567,41246,58640,60704,48842,54059,34902,44995,11019,20870,533160,371720,71131,59349,105180,96630,17811,36,41
2021-07-19T23:59:59+02:00,1746,1644,28273,27703,46105,41167,47968,46796,59014,59606,69881,70786,52057,57609,36436,47064,11472,21802,86,78,12195,11645,25528,23473,28994,29453,38522,41213,58599,60677,48838,54051,34901,44992,11016,20869,533015,371393,71130,59333,105163,96577,17786,36,41
2021-07-18T23:59:59+02:00,1742,1637,28248,27678,46081,41157,47956,46787,59008,59597,69874,70778,52055,57608,36435,47063,11472,21801,86,77,12132,11619,25443,23431,28934,29420,38461,41186,58539,60635,48836,54046,34898,44991,11016,20869,532894,371053,71128,59302,105155,96458,17765,36,41
2021-07-17T23:59:59+02:00,1742,1635,28225,27664,46067,41145,47945,46782,59000,59591,69867,70774,52051,57604,36434,47063,11472,21801,84,75,12104,11605,25409,23395,28901,29401,38438,41168,58503,60611,48826,54038,34896,44991,11016,20869,532811,370802,71127,59298,105154,96454,17735,36,41
2021-07-16T23:59:59+02:00,1727,1614,27960,27471,45778,40980,47714,46613,58699,59389,69635,70633,51945,57533,36390,47027,11467,21799,84,72,11854,11410,25074,23155,28596,29172,38037,40893,57995,60188,48689,53925,34844,44941,11010,20865,532496,369595,71126,59294,105021,96178,15696,36,41
2021-07-15T23:59:59+02:00,1629,1501,27496,27086,45517,40746,47567,46500,58559,59276,69533,70547,51904,57491,36375,47004,11466,21792,76,65,11554,11179,24593,22816,28229,28902,37644,40612,55944,58140,48518,53723,34785,44857,11002,20854,530175,362642,71124,59201,105013,95967,15642,36,41
2021-07-14T23:59:59+02:00,1462,1369,26930,26547,45212,40455,47362,46315,58375,59079,69372,70401,51842,57432,36350,46974,11460,21787,70,57,11361,10984,24184,22459,27876,28582,37121,40210,54723,56959,48380,53572,34734,44793,10994,20832,526999,358921,71118,57530,104994,95821,15578,36,41
2021-07-13T23:59:59+02:00,1175,1064,25978,25652,44719,40043,47003,45994,58052,58794,69099,70155,51731,57306,36307,46919,11456,21772,58,42,11017,10642,23653,21906,27253,27993,35740,39020,50583,53050,48016,53184,34603,44643,10977,20803,521610,349631,71111,52322,104991,95717,15472,36,41
2021-07-12T23:59:59+02:00,711,667,24601,24399,44159,39558,46803,45779,57839,58600,68916,69985,51669,57215,36290,46893,11454,21764,50,39,10779,10533,23450,21767,26999,27857,35489,38850,50140,52629,47941,53098,34572,44607,10977,20797,515726,348159,71110,52294,104985,94633,15447,35,41
2021-07-11T23:59:59+02:00,708,662,24582,24378,44127,39537,46785,45766,57825,58587,68902,69982,51667,57212,36287,46889,11453,21764,48,39,10684,10444,23228,21640,26733,27758,35178,38768,49424,52142,46454,51508,34482,44499,10977,20795,515638,347645,71106,52246,104969,89503,15366,35,41
2021-07-10T23:59:59+02:00,706,657,24574,24372,44122,39528,46782,45763,57819,58586,68902,69981,51667,57212,36287,46889,11453,21764,45,38,10671,10433,23206,21619,26719,27747,35156,38763,49410,52137,46440,51492,34480,44498,10977,20795,515603,347536,71104,52245,104967,89448,15356,35,41
2021-07-09T23:59:59+02:00,699,647,24123,23912,43843,39288,46715,45703,57759,58545,68850,69956,51650,57199,36284,46881,11452,21763,45,38,10589,10262,23110,21430,26658,27537,35088,38546,49344,52033,46418,51467,34476,44495,10977,20794,513841,346298,71100,52232,104960,89402,15334,35,41
2021-07-08T23:59:59+02:00,633,581,23036,22910,43046,38690,46465,45501,57552,58402,68653,69817,51572,57133,36256,46858,11450,21755,40,33,10330,10072,22733,21175,26261,27271,34608,38232,48734,51509,46080,51100,34406,44417,10970,20772,509171,342710,71073,52079,104902,88783,15130,35,41
2021-07-07T23:59:59+02:00,580,535,21715,21522,42307,38004,46240,45279,57312,58210,68487,69656,51488,57050,36219,46804,11442,21741,33,29,9957,9763,21858,20582,25149,26478,32771,36862,47814,50621,45580,50562,34299,44277,10961,20754,503791,337766,70900,47696,104881,87863,14985,35,40
2021-07-06T23:59:59+02:00,523,472,20481,20242,41453,37360,45763,44927,56916,57904,68159,69399,51389,56924,36175,46753,11434,21732,25,24,9564,9383,20990,19986,24183,25819,31285,35667,46612,49417,44798,49777,34163,44101,10948,20734,499310,330417,68965,45595,104861,86588,14836,35,40
2021-07-05T23:59:59+02:00,486,444,19069,18868,40588,36557,45546,44700,56732,57701,67998,69272,51333,56868,36154,46724,11432,21725,23,20,9272,9127,20433,19600,23514,25396,30645,35239,45853,48799,44043,48986,34033,43912,10939,20722,493584,324626,68963,45573,104854,85554,14763,34,40
2021-07-04T23:59:59+02:00,479,438,17279,16866,40248,36329,45458,44625,56646,57632,67918,69203,51301,56842,36144,46703,11430,21723,23,20,9210,9074,20293,19537,23342,25318,30386,35161,45058,48669,42677,47633,33954,43838,10937,20716,488760,324165,68937,45528,104839,81419,14694,34,40
2021-07-03T23:59:59+02:00,479,436,17257,16835,40199,36282,45439,44608,56641,57627,67911,69196,51299,56839,36144,46703,11430,21722,22,20,9166,9030,20225,19468,23280,25252,30303,35081,44837,48493,42608,47557,33909,43779,10934,20716,488564,323199,68935,45527,104838,81238,14676,34,40
2021-07-02T23:59:59+02:00,459,413,17140,16724,39734,35899,45323,44508,56587,57586,67863,69165,51287,56834,36138,46691,11430,21721,22,18,9004,8857,19900,19185,22888,24873,29885,34665,44210,47846,42404,47328,33810,43643,10928,20712,487054,320185,68917,44492,104836,80801,14661,34,39
2021-07-01T23:59:59+02:00,407,373,16832,16440,37998,34567,44749,44008,56326,57376,67688,68996,51207,56743,36110,46653,11426,21713,17,13,8627,8458,19037,18473,21919,24018,28500,33471,41177,44871,41406,46243,33195,42916,10911,20683,481569,312676,68841,39610,104814,77256,14354,34,39
2021-06-30T23:59:59+02:00,359,328,16542,16193,35814,32745,44126,43379,56102,57181,67484,68804,51126,56651,36081,46599,11422,21697,16,12,8266,8124,18362,17845,21029,23185,27219,32205,36528,39997,40325,45095,32534,42127,10890,20656,474732,302163,68796,33579,104794,74357,14277,34,39
2021-06-29T23:59:59+02:00,319,291,16316,15992,34819,31663,43674,42934,55920,57017,67312,68655,51050,56578,36042,46555,11414,21690,14,9,7682,7517,17231,16915,19771,21968,25517,30524,33783,36867,37472,42046,31790,41235,10867,20618,470527,285942,68788,33530,104780,68204,14112,34,38
2021-06-28T23:59:59+02:00,310,269,16165,15832,33108,30255,43353,42640,55754,56876,67197,68548,51004,56526,36024,46534,11411,21678,13,7,7378,7259,16674,16538,19378,21653,25008,30136,33194,36365,36093,40554,31002,40300,10863,20607,466110,282893,68763,33478,104759,62795,13818,34,38
2021-06-27T23:59:59+02:00,310,269,16144,15806,32957,30168,43290,42613,55718,56867,67171,68540,51000,56522,36021,46533,11411,21677,12,7,7334,7230,16538,16471,19214,21590,24808,30062,32967,36225,34833,39279,29373,38376,10862,20606,465791,282722,68759,33439,104753,55908,13680,34,38
2021-06-26T23:59:59+02:00,308,267,16120,15778,32934,30150,43244,42569,55693,56851,67165,68537,50999,56521,36018,46532,11411,21677,11,7,7330,7217,16518,16460,19198,21579,24775,30039,32947,36205,34819,39265,29371,38373,10862,20606,465553,282523,68755,33439,104753,55903,13679,34,38
2021-06-25T23:59:59+02:00,301,265,16059,15727,32812,30049,43051,42409,55636,56805,67123,68513,50989,56510,36014,46531,11411,21677,11,7,7142,6939,16233,15952,18929,20923,24405,29106,32558,35481,34657,39047,29348,38342,10862,20606,464705,279833,68751,33428,104736,53593,13656,34,38
2021-06-24T23:59:59+02:00,280,252,15785,15521,32356,29758,41581,41164,55169,56449,66890,68352,50934,56454,35998,46503,11406,21667,10,7,6820,6705,15533,15505,17477,19901,22321,27545,31457,34584,34251,38619,29224,38160,10850,20591,460130,270107,68746,33375,104732,53163,12877,34,38
2021-06-23T23:59:59+02:00,265,235,15503,15227,31850,29357,39478,39340,54625,55905,66639,68132,50845,56345,35958,46457,11401,21654,9,5,6614,6539,15169,15229,16951,19452,21436,26743,29754,33217,33493,37763,29032,37919,10843,20576,453059,262275,68695,33283,104727,52447,12701,34,38
2021-06-22T23:59:59+02:00,243,200,15121,14834,31185,28724,36041,36293,53712,55101,66337,67827,50738,56223,35919,46400,11397,21640,6,4,6431,6325,14765,14899,16146,18732,20018,25427,28147,31560,32691,36786,28492,37313,10825,20544,442125,252149,68662,33198,104720,51332,12394,34,38
2021-06-21T23:59:59+02:00,228,194,14877,14656,30498,28260,33880,34328,53247,54675,66158,67709,50657,56149,35893,46378,11392,21635,6,4,6334,6241,14604,14779,15974,18594,19897,25314,28038,31472,32535,36646,27281,36076,10825,20541,435292,251460,68640,33149,104689,48355,12159,34,38
2021-06-20T23:59:59+02:00,221,193,14752,14566,28596,26919,33270,33879,53158,54580,66089,67672,50634,56121,35885,46374,11391,21633,6,4,5877,5941,13657,14138,15140,18001,19340,24957,27721,31269,32368,36463,27254,36045,10823,20537,430906,246434,68636,33114,104686,48283,11672,33,38
2021-06-19T23:59:59+02:00,215,188,14727,14533,28479,26834,33241,33852,53136,54564,66073,67661,50628,56112,35883,46369,11390,21631,6,4,5664,5781,13096,13729,14532,17521,19011,24755,27526,31098,32289,36363,27237,36031,10823,20537,430496,242909,68634,33109,104686,48280,11667,33,38
2021-06-18T23:59:59+02:00,213,179,14637,14449,28372,26764,31990,32949,52769,54257,65939,67567,50597,56078,35865,46343,11386,21627,6,4,5597,5703,12995,13644,14366,17394,18775,24526,26706,30430,32082,36126,27171,35955,10819,20530,429988,239955,65668,32995,104676,48225,11616,33,38
2021-06-17T23:59:59+02:00,199,163,14260,14184,27783,26511,31502,32688,51981,53691,65515,67301,50516,55977,35831,46302,11380,21614,5,4,5216,5445,12212,13169,13577,16782,17684,23597,24547,28467,31440,35389,26972,35678,10802,20515,426780,230932,65662,32717,104652,47542,10272,32,38
2021-06-16T23:59:59+02:00,170,135,13832,13777,27320,26154,31057,32332,51169,52989,65060,66911,50397,55857,35802,46245,11369,21602,5,4,4849,5007,11495,12499,12783,16087,16580,22474,21575,25600,30368,34180,26674,35274,10787,20474,421914,216873,65616,32688,104644,47145,9972,32,37
2021-06-15T23:59:59+02:00,107,82,13200,13151,26575,25576,30278,31737,49916,51924,64347,66386,50219,55659,35735,46133,11360,21583,5,4,4352,4379,10530,11562,11628,14707,14851,20771,18142,22293,28994,32742,26287,34752,10762,20430,414200,198247,65596,32570,104639,46836,9501,32,37
2021-06-14T23:59:59+02:00,77,61,12794,12777,26163,25251,29616,31270,48124,50454,63296,65553,50003,55433,35658,46057,11352,21571,5,4,4251,4323,10353,11429,11486,14575,14674,20648,17948,22133,28921,32661,26269,34724,10758,20427,406325,197801,65586,32298,104639,46525,8928,32,37
2021-06-13T23:59:59+02:00,76,60,12750,12733,26092,25215,29553,31244,48071,50429,63261,65529,49997,55430,35656,46053,11351,21568,5,4,4095,4244,10025,11298,11163,14464,14377,20535,17547,21789,27407,31017,26129,34529,10754,20416,406122,197051,65510,27622,104632,46316,8772,32,37
2021-06-12T23:59:59+02:00,76,59,12732,12716,26076,25205,29541,31232,48011,50358,63219,65494,49996,55427,35656,46053,11351,21568,5,4,4092,4235,10010,11281,11154,14449,14358,20518,17525,21780,27366,30972,26124,34524,10754,20416,405826,196863,65510,27620,104630,46275,8772,32,37
2021-06-11T23:59:59+02:00,74,56,12631,12589,25949,25090,29418,31106,47773,50131,63087,65375,49972,55401,35645,46042,11349,21566,5,4,3999,3963,9492,10092,10725,13539,14070,19963,17252,21303,26958,30548,26032,34442,10751,20414,404550,195818,65500,27615,104589,41499,8583,32,37
2021-06-10T23:59:59+02:00,66,49,12389,12369,25625,24805,29072,30837,46698,49114,62353,64805,49887,55305,35611,45990,11339,21553,5,3,3729,3597,8724,8847,9833,11898,12767,17199,15459,17693,25233,28624,25736,34135,10745,20390,399659,190285,65443,27176,104386,28773,8347,32,36
2021-06-09T23:59:59+02:00,52,37,12095,12045,25216,24399,28674,30444,44684,47290,61263,63867,49782,55182,35565,45936,11334,21535,5,3,3479,3472,8299,8595,9320,11578,12250,16806,14746,17093,21395,24300,25509,33833,10733,20364,391671,178688,65316,26827,104384,28234,7997,32,34
2021-06-08T23:59:59+02:00,46,26,11663,11504,24548,23776,28015,29779,41512,44445,59485,62231,49611,54990,35491,45845,11324,21513,5,3,3269,3336,7899,8340,8701,11205,11587,16387,14087,16447,16012,18338,25118,33308,10715,20334,378984,163478,65253,26494,104374,27928,7161,32,30
2021-06-07T23:59:59+02:00,41,19,11499,11307,24198,23499,27730,29571,38886,42517,59058,61869,49577,54959,35479,45824,11322,21507,5,3,3173,3265,7593,8168,8381,11028,11014,15936,13582,15968,15935,18258,25087,33257,10713,20327,373321,163158,64826,24669,104365,27518,6318,32,30
2021-06-06T23:59:59+02:00,38,18,11363,11202,23875,23268,27518,29399,37291,41333,58933,61791,49553,54930,35471,45810,11322,21505,5,3,3073,3213,7317,8079,8114,10859,10274,15254,12982,15346,15783,18146,25073,33234,10711,20327,372914,163041,61448,21503,104354,27348,5872,32,29
2021-06-05T23:59:59+02:00,36,17,11344,11182,23831,23228,27483,29372,37262,41319,58833,61707,49543,54923,35469,45808,11322,21502,5,3,3060,3201,7293,8045,8083,10841,10242,15239,12937,15323,15661,17981,25068,33226,10710,20326,372570,162601,61445,21502,104354,27332,5780,32,29
2021-06-04T23:59:59+02:00,36,15,11162,10923,23472,22763,27205,28976,36834,40871,58213,61167,49509,54882,35459,45790,11320,21496,5,2,3036,3186,7264,8027,8059,10823,10211,15215,12903,15289,15449,17774,25057,33205,10708,20325,370772,162014,59175,21489,104340,27234,5774,32,27
2021-06-03T23:59:59+02:00,34,14,10943,10706,23011,22373,26778,28642,35734,40044,55451,58818,49379,54722,35416,45726,11315,21481,5,2,2944,3108,7055,7872,7602,10526,9180,14582,11651,14582,14263,16300,24878,32987,10696,20306,366819,158646,54254,17754,104289,26920,5193,32,26
2021-06-02T23:59:59+02:00,34,14,10905,10669,22974,22340,26743,28616,35700,40003,55322,58660,49365,54697,35410,45719,11315,21480,5,2,2902,3078,6999,7851,7540,10491,9024,14541,11423,14518,12905,14812,24760,32814,10692,20299,366221,154811,54248,17743,104288,26898,5178,31,26
2021-06-01T23:59:59+02:00,21,7,10488,10320,22317,21829,26058,28035,34979,39423,52319,55512,48976,54289,35291,45555,11299,21454,5,2,2446,2720,5646,7171,6266,9915,7625,13869,10287,13555,8591,9240,24280,32132,10669,20246,355457,136599,54065,17373,104269,26317,4350,31,26
2021-05-31T23:59:59+02:00,20,6,10209,10090,21741,21435,25650,27786,34656,39220,50867,54114,48877,54165,35257,45515,11292,21446,5,2,2335,2601,5356,6929,6003,9694,7260,13629,10030,13394,8540,9178,24254,32083,10661,20233,350717,135824,54021,17252,104244,25752,3333,31,26
2021-05-30T23:59:59+02:00,19,6,10152,10041,21648,21395,25585,27752,34544,39150,50501,53772,48852,54140,35251,45509,11290,21443,5,2,2298,2571,5251,6851,5903,9626,7072,13541,9803,13297,8494,9128,24238,32076,10660,20228,349527,135229,54000,17078,104228,25447,3264,31,26
2021-05-29T23:59:59+02:00,18,6,10138,10029,21614,21375,25568,27739,34523,39137,50488,53754,48848,54136,35248,45508,11290,21443,5,2,2278,2519,5208,6724,5843,9496,6955,13343,9664,13075,8423,9036,24171,32009,10659,20227,349369,134947,54000,17026,104207,24383,3255,31,26
2021-05-28T23:59:59+02:00,18,6,10078,9959,21537,21263,25487,27618,34445,39037,50408,53656,48826,54118,35239,45500,11290,21439,5,2,2196,2253,4594,6189,5221,8778,6588,12381,9168,12080,8245,8837,23799,31528,10658,20224,348511,133446,53987,16929,104148,19098,3248,30,25
2021-05-27T23:59:59+02:00,17,6,9810,9712,21010,20887,24943,27257,33921,38659,49795,53046,48655,53927,35169,45426,11286,21419,3,2,1955,1987,4018,5671,4545,8177,6079,11611,8220,10754,7739,8176,22232,29374,10642,20202,344225,127773,53576,15796,104042,14721,3072,30,25
2021-05-26T23:59:59+02:00,17,6,9534,9464,20291,20322,24070,26586,32657,37633,49031,52341,48401,53638,35093,45315,11274,21395,3,1,1898,1914,3921,5544,4413,8013,5870,11350,7894,10370,7176,7450,19789,25940,10622,20158,339508,119268,50605,15543,103989,14555,2936,30,24
2021-05-25T23:59:59+02:00,16,6,9269,9228,19879,19966,23631,26194,32145,37115,48137,51362,48103,53319,35005,45173,11262,21366,3,1,1832,1864,3802,5445,4273,7864,5661,11125,7580,10047,6550,6608,15646,20544,10602,20100,333913,107025,50523,15500,103917,14205,2793,30,24
2021-05-24T23:59:59+02:00,15,6,9053,9069,19310,19675,22858,25806,30636,36101,47912,51191,48011,53219,34976,45143,11260,21365,3,1,1806,1846,3756,5414,4208,7822,5595,11065,7503,9990,6524,6583,15632,20535,10602,20100,332329,106904,46729,15486,103857,13911,2661,30,23
2021-05-23T23:59:59+02:00,15,6,8845,8862,18955,19384,22435,25458,30213,35780,47321,50678,47578,52764,34873,44997,11252,21356,3,1,1804,1845,3746,5409,4203,7816,5584,11057,7492,9981,6519,6572,15632,20533,10602,20100,327502,106842,46727,15484,103855,13892,2658,30,23
2021-05-22T23:59:59+02:00,15,6,8814,8825,18904,19341,22388,25426,30160,35749,47214,50608,47559,52741,34870,44988,11249,21356,3,1,1803,1841,3733,5397,4199,7810,5579,11050,7485,9977,6516,6570,15629,20532,10602,20100,326957,106805,46727,15484,103854,13870,2645,30,23
2021-05-21T23:59:59+02:00,14,6,8539,8470,18464,18827,22025,24780,29732,34940,46727,49941,47470,52616,34832,44945,11246,21351,3,1,1738,1800,3656,5358,4154,7774,5546,11003,7443,9928,6486,6544,15551,20435,10601,20099,321747,106486,46696,15483,103830,13506,2622,30,23
2021-05-20T23:59:59+02:00,13,6,7966,7926,17521,18035,21018,23865,28411,33736,44980,48116,47030,52154,34724,44789,11228,21332,3,1,1438,1636,3348,5070,3888,7387,5246,10524,7060,9474,6251,6286,14231,18887,10577,20060,310141,102713,46608,14998,103602,11164,2469,30,23
2021-05-19T23:59:59+02:00,13,6,7701,7612,16917,17433,20115,22987,27179,32474,43183,46026,46499,51598,34574,44566,11207,21300,3,1,1372,1550,3149,4856,3680,7133,5020,10172,6763,9144,5967,5952,12012,16026,10559,19999,298986,96452,46567,14522,103556,10111,2251,30,22
2021-05-18T23:59:59+02:00,12,6,7175,7074,15764,16411,18844,21739,25672,30843,40494,42793,45669,50651,34338,44262,11182,21258,3,1,1349,1524,3089,4785,3605,7012,4885,10040,6582,8932,5701,5674,10304,13846,10535,19945,283201,91301,45363,14471,103449,9873,2145,29,22
2021-05-17T23:59:59+02:00,12,6,7097,7011,15580,16300,18628,21571,25271,30515,38744,41155,45558,50571,34290,44197,11172,21234,3,1,1316,1501,3032,4738,3540,6953,4815,9936,6487,8831,5659,5634,10290,13828,10531,19937,282978,91228,40597,14190,103405,9689,1903,29,22
2021-05-16T23:59:59+02:00,11,5,6982,6958,15459,16212,18499,21464,25091,30400,35761,38386,45522,50536,34268,44173,11169,21229,3,1,1293,1482,2988,4698,3492,6895,4732,9866,6393,8752,5628,5597,10278,13812,10529,19934,282695,91180,34447,13924,103285,9578,1669,29,22
2021-05-15T23:59:59+02:00,11,5,6957,6928,15398,16154,18453,21422,25023,30355,35725,38345,45499,50509,34261,44168,11169,21229,3,1,1280,1457,2956,4627,3473,6826,4713,9785,6370,8701,5622,5593,10273,13811,10529,19934,282209,91123,34446,13920,103271,9233,1656,29,22
2021-05-14T23:59:59+02:00,11,4,6784,6557,15050,15659,18139,21002,24685,29894,35480,37995,45470,50478,34251,44163,11169,21227,3,1,1221,1397,2876,4524,3422,6723,4649,9634,6287,8571,5593,5548,10260,13801,10529,19933,281143,91036,34295,13899,100960,8425,1591,29,21
2021-05-13T23:59:59+02:00,11,4,6429,6229,14294,15078,17429,20368,23825,29151,34711,37323,45183,50134,34172,44040,11165,21216,3,1,1050,1311,2681,4411,3305,6601,4507,9462,6164,8425,5550,5510,10243,13784,10525,19928,274727,90878,33962,13818,100744,7444,1302,27,19
2021-05-12T23:59:59+02:00,11,4,6031,5957,13322,14407,16408,19565,23160,28714,34403,37039,45001,49938,34141,44009,11162,21213,3,1,1047,1309,2674,4404,3287,6597,4502,9452,6155,8420,5542,5503,10240,13779,10523,19927,268478,90813,33951,13806,100740,7439,1289,27,18
2021-05-11T23:59:59+02:00,11,4,5653,5732,12732,13956,14606,18123,20207,26189,32088,34711,43946,48679,33816,43537,11133,21163,3,0,985,1234,2556,4229,3177,6358,4384,9163,6038,8194,5470,5423,10198,13717,10515,19909,251186,90332,33672,13589,100294,6508,1107,27,17
2021-05-10T23:59:59+02:00,11,4,5503,5633,12460,13829,14252,17898,19404,25619,30713,33688,43415,48064,33758,43448,11125,21144,3,0,942,1175,2457,4064,3083,6157,4259,8900,5915,7995,5432,5390,10186,13700,10511,19900,245704,90219,33461,13529,99983,5511,793,27,17
2021-05-09T23:59:59+02:00,11,4,5100,5394,11274,13302,13251,17536,18377,25287,30168,33398,43359,47991,33732,43434,11122,21136,3,0,917,1144,2359,3957,2994,6019,4127,8724,5821,7891,5423,5376,10179,13695,10506,19896,240384,90172,33388,13487,99642,4921,435,27,16
2021-05-08T23:59:59+02:00,11,4,5088,5386,11252,13282,13225,17517,18347,25255,30127,33354,43351,47980,33731,43430,11122,21136,3,0,913,1137,2346,3950,2989,6019,4123,8718,5818,7888,5420,5373,10176,13690,10506,19896,240114,90146,33386,13487,99641,4886,430,27,16
2021-05-07T23:59:59+02:00,11,4,4987,5303,11023,13114,12939,17296,17740,24655,29177,32460,43157,47739,33675,43358,11118,21130,3,0,883,1106,2312,3895,2946,5969,4070,8664,5734,7835,5373,5325,10163,13681,10506,19895,237609,90010,31497,13483,99533,4630,221,26,16
2021-05-06T23:59:59+02:00,11,4,4574,5018,10353,12697,12180,16629,16143,23211,26630,30067,42456,46990,33508,43121,11102,21109,3,0,824,1050,2178,3648,2777,5659,3875,8190,5535,7512,5321,5271,10140,13653,10504,19889,228840,89825,28155,13169,98719,2956,63,26,16
2021-05-05T23:59:59+02:00,11,4,4265,4788,9752,12252,11460,16046,15042,22183,23777,27305,41474,45884,33225,42735,11084,21067,3,0,808,1026,2115,3523,2719,5503,3781,7979,5439,7376,5271,5216,10103,13613,10502,19886,215806,89558,27972,13031,98498,2205,53,25,16
2021-05-04T23:59:59+02:00,11,4,3916,4336,9086,11560,10688,15206,13738,20930,20172,23897,40126,44423,32851,42211,11061,21028,3,0,790,995,2046,3407,2648,5368,3688,7826,5342,7252,5232,5170,10072,13584,10500,19883,198750,89333,27954,12732,98470,1679,46,24,16
2021-05-03T23:59:59+02:00,11,4,3673,3917,8678,11067,10207,14581,13204,20275,19447,23248,39859,44171,32772,42107,11058,21013,3,0,776,965,1978,3306,2589,5260,3628,7711,5290,7165,5216,5157,10056,13566,10497,19878,192891,89188,27942,12721,98406,1087,29,24,16
2021-05-02T23:59:59+02:00,11,4,3671,3915,8657,11057,10197,14571,13183,20263,19429,23237,39856,44170,32771,42106,11057,21013,3,0,772,948,1947,3225,2542,5164,3581,7586,5270,7100,5212,5153,10055,13562,10497,19876,192794,89169,27928,12689,98399,597,23,24,15
2021-05-01T23:59:59+02:00,11,4,3668,3907,8644,11043,10188,14560,13175,20261,19416,23228,39856,44168,32770,42106,11057,21013,3,0,771,948,1946,3225,2541,5164,3581,7586,5270,7100,5212,5153,10055,13562,10496,19876,192704,89168,27926,12687,98399,597,22,24,15
2021-04-30T23:59:59+02:00,11,3,3645,3882,8599,11008,10144,14521,13113,20222,19314,23075,39587,43845,32749,42085,11056,21013,3,0,766,943,1931,3217,2540,5156,3578,7579,5268,7093,5209,5150,10051,13561,10496,19876,191777,89141,27657,12684,98393,556,21,24,15
2021-04-29T23:59:59+02:00,11,3,3375,3708,8162,10736,9595,14236,12613,19857,18576,22344,36523,40394,32487,41719,11045,20977,3,0,753,929,1882,3156,2490,5090,3512,7439,5177,6993,5169,5115,10028,13518,10494,19870,186215,88934,21820,12528,98285,123,18,23,15
2021-04-28T23:59:59+02:00,11,3,3208,3642,7895,10625,9199,14061,12233,19622,18091,21910,32736,36076,32269,41417,11032,20955,3,0,736,913,1856,3117,2445,5042,3474,7382,5112,6929,5103,5053,9976,13459,10491,19860,175043,88721,21666,12088,98240,115,13,23,14
2021-04-27T23:59:59+02:00,10,3,3127,3576,7634,10496,8847,13887,11749,19397,17611,21418,27167,29881,31893,40910,11011,20922,3,0,726,899,1824,3080,2409,4996,3420,7323,5057,6853,5053,4983,9941,13406,10487,19851,159683,88507,21644,11666,98176,112,13,23,13
2021-04-26T23:59:59+02:00,10,3,3070,3540,7490,10432,8679,13827,11518,19331,17086,21031,27131,29847,31879,40895,11011,20922,3,0,703,867,1756,3021,2340,4941,3351,7232,4959,6748,4953,4908,9863,13322,10485,19848,159097,88374,21426,10789,97144,111,13,22,13
2021-04-25T23:59:59+02:00,10,3,3033,3523,7330,10381,8443,13777,11186,19288,16252,20562,25578,28183,31825,40831,11011,20919,3,0,703,866,1750,3016,2332,4938,3345,7224,4955,6739,4949,4903,9855,13311,10485,19848,158612,88350,21417,10751,92071,95,13,22,13
2021-04-24T23:59:59+02:00,10,3,3029,3517,7315,10366,8431,13769,11172,19278,16230,20544,25532,28120,31822,40825,11010,20918,3,0,703,866,1750,3015,2332,4938,3344,7224,4955,6739,4949,4902,9853,13310,10485,19848,158400,88344,21413,10751,92043,95,13,22,13
2021-04-23T23:59:59+02:00,10,3,3011,3500,7275,10322,8384,13727,11105,19219,16169,20479,25111,27616,31789,40769,11007,20915,3,0,693,858,1732,3006,2316,4909,3293,7186,4855,6642,4809,4779,9681,13111,10479,19833,157211,88050,21276,10016,91889,94,13,22,12
2021-04-22T23:59:59+02:00,9,3,2930,3421,7081,10136,7845,13320,9895,18421,14612,19430,23093,25181,31576,40500,10988,20885,3,0,628,808,1618,2894,2189,4743,3133,7013,4671,6441,4652,4605,9169,12453,10442,19754,152394,86129,15976,8987,90924,75,13,19,12
2021-04-21T23:59:59+02:00,9,3,2878,3373,6958,10049,7635,13164,9527,18180,14140,18983,20577,22045,31275,40111,10969,20859,3,0,579,783,1538,2815,2102,4652,3006,6870,4508,6277,4468,4425,8597,11684,10396,19661,145385,84323,15203,7949,90115,67,13,19,12
2021-04-20T23:59:59+02:00,9,3,2838,3334,6851,9960,7497,13053,9275,17962,13647,18591,17185,17980,30961,39637,10952,20825,3,0,549,748,1466,2751,2016,4571,2903,6748,4373,6116,4279,4229,7727,10464,10326,19510,136525,81380,14959,7314,89044,62,13,19,10
2021-04-19T23:59:59+02:00,9,3,2823,3325,6804,9920,7444,13017,9199,17888,13509,18473,16851,17598,30927,39601,10950,20820,3,0,490,708,1345,2655,1916,4473,2768,6589,4175,5925,4024,3928,5871,8017,10107,19105,136202,75492,14762,6527,88165,58,13,19,9
2021-04-18T23:59:59+02:00,9,3,2807,3311,6726,9894,7339,12966,9001,17821,12670,18343,15439,16191,30859,39539,10946,20813,3,0,484,702,1334,2647,1901,4462,2735,6560,4114,5874,3948,3857,5457,7384,10059,19021,135980,73987,14619,6479,84046,54,13,19,9
2021-04-17T23:59:59+02:00,9,3,2797,3307,6708,9871,7309,12945,8969,17782,12637,18323,15387,16141,30805,39467,10945,20813,3,0,484,699,1334,2645,1900,4458,2731,6555,4111,5870,3947,3855,5452,7383,10058,19020,135625,73950,14618,6479,83943,54,13,19,9
2021-04-16T23:59:59+02:00,9,3,2784,3293,6674,9856,7256,12906,8894,17730,12529,18219,15139,15859,30286,38818,10942,20805,3,0,483,696,1329,2640,1891,4456,2725,6549,4103,5862,3941,3849,5435,7354,10056,19018,134094,73848,14610,6468,83267,52,13,18,9
2021-04-15T23:59:59+02:00,9,3,2730,3238,6542,9758,7066,12727,8551,17457,12052,17753,14079,14637,28161,36007,10923,20782,3,0,474,690,1325,2614,1877,4432,2702,6521,4060,5809,3884,3775,5402,7300,10048,19005,128158,73527,14334,6330,79953,43,12,18,9
2021-04-14T23:59:59+02:00,8,1,2674,3186,6448,9663,6920,12567,8277,17189,11619,17291,12896,13254,23441,29927,10902,20726,3,0,470,683,1311,2604,1864,4413,2680,6496,4018,5771,3836,3723,5340,7244,10017,18967,115759,73223,14299,6174,76902,23,12,17,8
2021-04-13T23:59:59+02:00,8,1,2623,3150,6320,9578,6767,12432,7999,16938,11193,16866,10232,10330,20351,25752,10879,20682,3,0,453,659,1264,2561,1813,4350,2572,6395,3836,5608,3624,3538,5190,7105,10008,18944,107308,72873,14104,5011,70660,19,12,17,8
2021-04-12T23:59:59+02:00,8,1,2602,3136,6260,9549,6660,12346,7806,16809,10944,16656,8869,8834,19529,24777,10877,20673,3,0,447,651,1245,2544,1796,4325,2538,6355,3786,5556,3560,3490,5155,7064,10003,18922,107178,72734,14049,4670,65080,16,12,17,8
2021-04-11T23:59:59+02:00,8,1,2575,3126,6163,9523,6544,12309,7640,16759,10746,16554,7591,7557,17798,22799,10875,20670,3,0,446,651,1244,2542,1796,4324,2537,6355,3782,5551,3555,3489,5149,7062,10003,18922,107104,72720,14042,4658,58064,14,11,17,8
2021-04-10T23:59:59+02:00,8,1,2574,3124,6154,9518,6535,12304,7634,16754,10739,16546,7582,7545,17788,22792,10875,20670,3,0,446,647,1241,2539,1795,4321,2535,6351,3779,5550,3546,3475,5141,7047,10003,18922,107019,72658,14042,4651,58055,14,10,17,8
2021-04-09T23:59:59+02:00,8,1,2512,3026,6018,9311,6381,12042,7376,16347,10426,16050,7424,7340,17671,22613,10874,20668,3,0,441,642,1223,2526,1769,4303,2502,6300,3700,5468,3428,3365,4999,6951,9998,18920,106542,72567,14012,3941,55507,12,10,17,8
2021-04-08T23:59:59+02:00,8,1,2433,2954,5923,9191,6278,11912,7205,16162,10170,15861,7226,7080,16402,21152,10863,20637,3,0,434,636,1207,2492,1743,4266,2474,6228,3646,5402,3350,3318,4918,6846,9976,18874,102877,72114,13658,3670,54896,11,10,17,8
2021-04-07T23:59:59+02:00,8,1,2406,2918,5850,9119,6185,11837,7072,16061,9927,15710,6927,6753,14074,18201,10842,20590,3,0,428,634,1196,2479,1730,4242,2460,6188,3578,5343,3277,3265,4859,6784,9967,18844,96703,71827,13497,3422,54257,10,10,14,8
2021-04-06T23:59:59+02:00,8,1,2389,2888,5753,9052,6095,11757,6918,15948,9687,15528,6570,6390,11962,15582,10815,20531,3,0,424,627,1188,2452,1719,4219,2434,6150,3513,5279,3191,3215,4813,6731,9961,18826,91643,71581,13197,3138,53012,10,8,14,8
2021-04-05T23:59:59+02:00,8,1,2381,2878,5734,9035,6084,11738,6903,15928,9667,15501,6444,6290,10684,14285,10814,20530,3,0,420,620,1184,2437,1713,4203,2418,6118,3480,5238,3162,3177,4792,6686,9954,18808,91559,71388,13160,3001,50165,9,7,14,8
2021-04-04T23:59:59+02:00,8,1,2381,2877,5731,9031,6082,11738,6901,15928,9665,15500,6439,6285,10684,14283,10814,20530,3,0,420,619,1184,2436,1713,4203,2417,6118,3480,5238,3161,3177,4789,6686,9953,18807,91549,71380,13157,3000,50152,9,7,13,8
2021-04-03T23:59:59+02:00,8,1,2378,2870,5724,9023,6076,11733,6897,15924,9662,15497,6436,6280,10677,14280,10814,20530,3,0,420,619,1184,2436,1713,4203,2417,6118,3480,5237,3161,3177,4789,6686,9953,18807,91490,71379,13155,3000,50145,9,7,13,8
2021-04-02T23:59:59+02:00,8,1,2376,2868,5719,9016,6074,11730,6893,15923,9658,15495,6432,6273,10662,14251,10813,20529,3,0,417,617,1183,2436,1712,4202,2415,6118,3479,5230,3136,3160,4779,6677,9953,18807,91405,71301,13152,2999,50144,9,7,13,8
2021-04-01T23:59:59+02:00,8,1,2355,2865,5688,8986,6031,11687,6852,15868,9603,15439,6338,6176,10366,13902,10790,20480,3,0,415,601,1180,2430,1705,4191,2399,6101,3452,5209,3070,3111,4716,6601,9875,18689,90414,70729,13129,2996,49873,9,6,13,8
2021-03-31T23:59:59+02:00,8,1,2322,2838,5613,8918,5962,11592,6750,15756,9469,15305,6195,6033,9814,13153,10743,20386,3,0,410,595,1174,2418,1699,4175,2392,6088,3432,5175,3038,3078,4666,6542,9817,18587,88422,70275,12913,2994,49506,9,4,13,7
2021-03-30T23:59:59+02:00,8,1,2302,2820,5566,8859,5899,11516,6676,15657,9372,15162,6007,5818,8901,11805,10665,20203,3,0,408,590,1170,2414,1686,4158,2373,6066,3398,5131,2980,3009,4575,6444,9685,18345,85323,69566,12533,2852,49367,9,3,11,5
2021-03-29T23:59:59+02:00,7,1,2235,2765,5464,8746,5789,11368,6508,15426,9136,14907,5647,5443,6949,9270,10438,19773,3,0,400,587,1159,2403,1672,4146,2348,6039,3368,5075,2910,2942,4452,6338,9477,18004,79200,68593,11725,2713,48934,9,3,10,5
2021-03-28T23:59:59+02:00,7,1,2213,2752,5420,8685,5714,11290,6420,15340,9018,14787,5521,5290,6301,8330,10371,19655,3,0,390,579,1143,2387,1645,4119,2301,5978,3312,4985,2826,2862,4338,6199,9401,17863,76884,68133,11466,2187,48752,5,3,10,3
2021-03-27T23:59:59+01:00,7,1,2212,2745,5411,8679,5710,11275,6405,15318,9007,14775,5493,5263,6290,8326,10371,19653,3,0,390,579,1141,2386,1644,4114,2297,5975,3303,4978,2820,2859,4322,6174,9319,17714,76775,67821,11466,2186,48687,5,3,10,3
2021-03-26T23:59:59+01:00,7,1,2195,2724,5374,8640,5671,11225,6328,15248,8857,14625,5328,5114,6119,8144,10368,19644,3,0,386,571,1133,2373,1628,4085,2269,5939,3269,4924,2759,2795,4133,5914,8602,16515,76427,65139,10629,2148,48543,5,3,10,3
2021-03-25T23:59:59+01:00,7,0,2078,2644,5197,8425,5469,10948,6120,14943,8616,14336,5164,4961,6022,8022,10365,19636,3,0,377,556,1113,2347,1605,4055,2223,5881,3194,4845,2660,2688,3755,5419,7439,14741,75967,60964,9674,1928,47300,4,2,10,3
2021-03-24T23:59:59+01:00,7,0,1993,2596,5046,8264,5308,10754,5954,14704,8409,14105,5024,4802,5908,7904,10359,19625,3,0,373,544,1100,2319,1572,4000,2164,5815,3105,4745,2523,2574,3323,4801,6019,12491,75586,55885,8510,1577,46654,4,2,10,3
2021-03-23T23:59:59+01:00,7,0,1916,2545,4935,8141,5207,10613,5833,14512,8290,13936,4941,4718,5841,7844,10352,19606,3,0,362,518,1081,2284,1539,3942,2120,5725,3023,4653,2434,2480,2869,4156,4066,9205,75190,49024,7763,1428,46272,3,2,10,3
2021-03-22T23:59:59+01:00,7,0,1854,2481,4797,8006,5072,10436,5673,14279,8098,13723,4834,4603,5771,7736,10335,19565,2,0,335,501,1053,2246,1494,3868,2054,5615,2921,4501,2317,2327,2336,3456,1463,4940,74686,40236,6725,1187,45848,1,2,9,3
2021-03-21T23:59:59+01:00,7,0,1852,2475,4786,7992,5058,10425,5657,14262,8068,13698,4812,4588,5754,7724,10330,19564,2,0,334,501,1048,2232,1485,3839,2036,5577,2896,4451,2276,2278,2294,3415,1446,4894,74661,40094,6673,904,45707,1,2,9,3
2021-03-20T23:59:59+01:00,7,0,1852,2475,4784,7991,5057,10423,5656,14261,8060,13692,4811,4587,5746,7715,10330,19564,2,0,334,500,1048,2232,1485,3839,2036,5577,2894,4450,2275,2275,2294,3415,1445,4894,74647,40090,6673,899,45680,1,2,9,3
2021-03-19T23:59:59+01:00,7,0,1800,2230,4276,6711,4649,9443,5387,13703,7840,13291,4684,4487,5676,7648,10329,19564,2,0,333,500,1048,2232,1485,3838,2035,5576,2893,4450,2273,2274,2288,3408,1443,4892,74583,40072,6662,892,40469,1,2,9,3
2021-03-18T23:59:59+01:00,7,0,1745,1978,3860,5655,4120,8068,4572,11162,6479,9956,4315,4185,5470,7424,10308,19526,2,0,332,497,1041,2219,1477,3813,2008,5537,2868,4426,2252,2258,2263,3379,1438,4883,74146,39879,6598,808,28076,1,2,8,3
2021-03-17T23:59:59+01:00,7,0,1739,1969,3848,5629,4103,8038,4548,11097,6428,9882,4276,4138,5427,7378,10300,19498,1,0,329,496,1037,2211,1471,3804,2001,5522,2858,4399,2225,2229,2241,3364,1431,4867,73875,39721,6534,759,27886,1,2,8,3
2021-03-16T23:59:59+01:00,7,0,1715,1936,3789,5547,4034,7932,4420,10935,6220,9684,4052,3948,5284,7219,10293,19474,1,0,326,492,1036,2192,1466,3791,1992,5506,2849,4379,2215,2214,2228,3334,1422,4836,73562,39544,5258,729,27659,1,2,8,3
2021-03-15T23:59:59+01:00,7,0,1705,1916,3765,5510,4008,7894,4369,10866,6141,9598,3965,3881,5227,7157,10284,19447,1,0,323,488,1027,2176,1458,3785,1976,5470,2831,4351,2200,2182,2203,3269,1411,4797,73329,39323,4890,621,27513,1,0,8,3
2021-03-14T23:59:59+01:00,7,0,1699,1906,3756,5500,4003,7878,4360,10835,6132,9575,3957,3870,5221,7149,10283,19445,1,0,323,488,1025,2176,1453,3782,1973,5468,2813,4345,2194,2179,2192,3258,1406,4795,73293,39315,4872,552,27403,1,0,8,3
2021-03-13T23:59:59+01:00,7,0,1695,1900,3741,5477,3996,7868,4340,10824,6118,9559,3954,3867,5218,7146,10283,19445,1,0,323,488,1025,2176,1453,3782,1973,5467,2813,4344,2193,2178,2192,3256,1397,4790,73268,39295,4867,552,27295,1,0,8,3
2021-03-12T23:59:59+01:00,6,0,1657,1842,3232,5331,3480,7751,4206,10699,5892,9268,3784,3720,5075,7033,10257,19397,1,0,318,466,1021,2146,1445,3757,1954,5396,2760,4260,2013,2024,2132,3207,1390,4784,73046,38527,4132,544,25444,0,0,8,3
2021-03-11T23:59:59+01:00,6,0,1550,1703,2850,5071,3043,7495,3925,10284,5259,8375,3556,3545,4966,6912,10217,19341,1,0,317,465,1018,2133,1442,3737,1947,5377,2751,4243,2006,2016,2117,3190,1385,4764,72461,38402,3866,504,21764,0,0,7,3
2021-03-10T23:59:59+01:00,6,0,1518,1669,2811,5026,3005,7436,3868,10196,5149,8258,3430,3439,4848,6798,10169,19274,1,0,315,464,1017,2130,1438,3726,1943,5363,2739,4223,1987,2008,2090,3157,1375,4749,72041,38315,3534,407,21318,0,0,7,3
2021-03-09T23:59:59+01:00,6,0,1508,1653,2774,4998,2983,7392,3829,10136,5067,8179,3329,3352,4765,6709,10060,19062,1,0,312,463,1013,2123,1431,3713,1917,5341,2697,4193,1944,1983,2036,3128,1363,4739,71434,38284,3262,110,21099,0,0,7,3
2021-03-08T23:59:59+01:00,6,0,1492,1638,2745,4969,2954,7361,3806,10088,5043,8117,3287,3312,4688,6645,9879,18758,1,0,311,463,1011,2119,1423,3697,1900,5307,2678,4165,1925,1964,2009,3105,1356,4720,70628,38133,3253,18,20900,0,0,7,3
2021-03-07T23:59:59+01:00,6,0,1479,1627,2715,4926,2919,7313,3770,10027,5001,8058,3252,3278,4622,6543,9801,18612,1,0,311,462,1010,2118,1422,3691,1897,5297,2677,4160,1921,1961,2005,3101,1352,4711,70086,38078,3199,16,20658,0,0,6,3
2021-03-06T23:59:59+01:00,6,0,1478,1626,2710,4914,2916,7304,3762,10020,4983,8042,3242,3268,4599,6504,9710,18440,1,0,311,462,1008,2115,1422,3689,1891,5288,2675,4158,1916,1953,1999,3099,1351,4708,69690,38028,3199,16,20629,0,0,6,2
2021-03-05T23:59:59+01:00,6,0,1405,1550,2611,4753,2859,7145,3677,9813,4883,7846,3192,3208,4379,6214,8990,17230,1,0,311,462,1006,2113,1418,3684,1889,5287,2672,4152,1908,1949,1994,3096,1346,4704,66998,37974,3196,16,19561,0,0,6,2
2021-03-04T23:59:59+01:00,6,0,1233,1444,2445,4553,2690,6874,3509,9469,4625,7504,3075,3082,4014,5755,7796,15386,1,0,309,454,997,2089,1402,3644,1861,5234,2644,4104,1880,1924,1961,3041,1318,4658,62733,37503,3193,16,17528,0,0,6,2
2021-03-03T23:59:59+01:00,6,0,1199,1390,2369,4445,2629,6751,3423,9302,4527,7361,2988,3012,3631,5149,6376,13152,1,0,305,445,986,2066,1390,3616,1847,5184,2589,4049,1830,1888,1933,3008,1302,4628,57585,37049,3165,16,16955,0,0,5,2
2021-03-02T23:59:59+01:00,6,0,1166,1351,2308,4386,2580,6659,3341,9178,4390,7212,2873,2887,3142,4478,4326,9742,1,0,300,436,981,2039,1377,3574,1832,5129,2557,4022,1820,1872,1913,2979,1288,4600,50437,36702,2914,16,16670,0,0,4,2
2021-03-01T23:59:59+01:00,6,0,1107,1322,2246,4324,2507,6573,3246,9050,4248,7025,2739,2751,2567,3728,1545,5195,1,0,299,433,974,2027,1366,3556,1824,5114,2544,4006,1802,1861,1897,2960,1277,4571,41213,36494,2523,16,16439,0,0,4,2
2021-02-28T23:59:59+01:00,6,0,1071,1307,2205,4289,2477,6528,3198,8993,4186,6967,2674,2703,2518,3697,1537,5175,1,0,299,432,971,2020,1364,3543,1821,5100,2538,3997,1795,1850,1884,2948,1269,4556,41116,36370,2230,16,16181,0,0,4,2
2021-02-27T23:59:59+01:00,6,0,1030,1225,2136,4048,2419,6294,3135,8695,4096,6714,2619,2646,2498,3673,1534,5175,1,0,299,432,970,2020,1364,3543,1821,5099,2537,3997,1795,1849,1882,2947,1269,4556,41008,36363,2229,16,14702,0,0,4,2
2021-02-26T23:59:59+01:00,5,0,864,973,1938,3659,2258,5634,2919,7778,3786,5924,2571,2592,2479,3657,1530,5173,1,0,299,432,970,2017,1362,3541,1819,5098,2535,3996,1795,1846,1875,2946,1267,4549,40990,36330,2140,16,10606,0,0,4,2
2021-02-25T23:59:59+01:00,5,0,530,816,1661,3459,2079,5329,2723,7381,3560,5623,2489,2512,2438,3596,1526,5158,1,0,290,411,945,1966,1331,3470,1787,5017,2506,3932,1770,1818,1835,2900,1238,4509,40794,35711,1878,13,8210,0,0,3,2
2021-02-24T23:59:59+01:00,4,0,509,797,1626,3361,2017,5198,2663,7199,3494,5482,2421,2465,2401,3567,1516,5122,1,0,281,406,929,1935,1317,3416,1774,4956,2482,3887,1759,1800,1826,2881,1226,4478,40600,35348,1707,4,7532,0,0,3,2
2021-02-23T23:59:59+01:00,4,0,488,759,1566,3258,1962,5057,2585,7068,3409,5377,2360,2407,2362,3509,1501,5087,1,0,279,402,924,1919,1310,3386,1765,4924,2461,3854,1739,1780,1806,2845,1210,4422,40444,35022,1434,3,6878,0,0,3,2
2021-02-22T23:59:59+01:00,3,0,472,728,1512,3158,1922,4918,2526,6849,3348,5233,2349,2308,2346,3429,1495,5042,1,0,278,399,921,1907,1302,3359,1747,4888,2446,3823,1719,1761,1778,2814,1195,4373,40227,34708,1168,1,6240,0,0,3,2
2021-02-21T23:59:59+01:00,3,0,463,689,1454,3013,1874,4768,2473,6689,3266,5130,2313,2275,2318,3409,1485,5036,1,0,278,398,918,1899,1301,3350,1742,4877,2442,3814,1717,1759,1777,2812,1195,4372,40183,34649,936,1,5536,0,0,3,2
2021-02-20T23:59:59+01:00,3,0,457,683,1445,3009,1869,4768,2470,6686,3261,5126,2310,2274,2318,3408,1483,5036,1,0,278,398,918,1898,1301,3349,1742,4877,2440,3813,1716,1758,1774,2812,1194,4370,40178,34636,931,1,5494,0,0,3,2
2021-02-19T23:59:59+01:00,2,0,434,646,1416,2947,1841,4711,2429,6586,3174,5008,2129,2112,2254,3359,1478,5030,1,0,276,397,917,1896,1300,3348,1742,4872,2437,3812,1715,1757,1772,2811,1194,4369,39425,34613,911,1,5217,0,0,3,2
2021-02-18T23:59:59+01:00,2,0,407,589,1311,2707,1737,4469,2291,6324,3070,4826,2100,2096,2238,3342,1473,5019,1,0,276,391,909,1862,1291,3308,1724,4824,2418,3774,1704,1746,1755,2799,1182,4349,39347,34310,837,1,3814,0,0,3,2
2021-02-17T23:59:59+01:00,2,0,390,557,1273,2576,1680,4294,2222,6083,3010,4677,2081,2077,2214,3322,1459,5009,1,0,266,374,873,1776,1248,3179,1664,4665,2343,3639,1625,1676,1679,2687,1129,4227,39192,33049,786,0,2945,0,0,3,2
2021-02-16T23:59:59+01:00,2,0,372,527,1220,2457,1630,4160,2143,5898,2930,4541,2072,2072,2206,3315,1454,4997,1,0,258,357,852,1694,1193,3042,1601,4462,2272,3460,1574,1622,1615,2585,1097,4091,39132,31774,755,0,2106,0,0,3,2
2021-02-15T23:59:59+01:00,2,0,362,505,1148,2317,1585,4085,2111,5844,2902,4500,2053,2056,2181,3284,1446,4976,1,0,252,338,829,1649,1161,2966,1545,4323,2199,3340,1498,1557,1557,2472,1050,3902,39024,30637,640,0,1690,0,0,3,2
2021-02-14T23:59:59+01:00,2,0,353,499,1124,2261,1522,3924,2070,5751,2871,4461,2047,2053,2169,3274,1443,4969,1,0,246,333,811,1621,1145,2926,1503,4271,2161,3310,1482,1536,1532,2435,1033,3856,39005,30200,571,0,1214,0,0,3,2
2021-02-13T23:59:59+01:00,2,0,353,499,1123,2261,1522,3923,2068,5750,2871,4461,2046,2051,2168,3274,1442,4966,1,0,246,333,811,1621,1145,2926,1502,4269,2160,3310,1480,1533,1531,2434,1033,3855,38994,30189,571,0,1213,0,0,2,1
2021-02-12T23:59:59+01:00,2,0,345,496,1105,2253,1517,3910,2063,5742,2868,4455,2032,2041,2162,3261,1437,4963,1,0,244,332,805,1616,1139,2917,1486,4251,2142,3297,1467,1517,1516,2402,1026,3818,38928,29975,563,0,1159,0,0,2,1
2021-02-11T23:59:59+01:00,2,0,322,472,1042,2157,1464,3783,1969,5479,2784,4336,2001,2008,2122,3193,1407,4905,1,0,224,304,756,1511,1059,2693,1360,3894,1953,2991,1278,1303,1342,2122,912,3447,38529,27149,526,0,389,0,0,2,1
2021-02-10T23:59:59+01:00,2,0,316,463,1020,2117,1425,3705,1915,5318,2690,4156,1930,1958,2074,3151,1385,4879,1,0,199,261,663,1322,931,2306,1174,3291,1709,2571,1115,1125,1190,1871,793,3084,38114,23605,386,0,2,0,0,2,1
2021-02-09T23:59:59+01:00,2,0,310,452,1012,2086,1410,3653,1871,5252,2624,4101,1872,1918,2002,3096,1364,4857,1,0,166,201,562,1061,781,1859,967,2680,1439,2157,963,964,991,1580,669,2634,37813,19674,65,0,2,0,0,2,1
2021-02-08T23:59:59+01:00,2,0,308,450,1009,2079,1399,3637,1863,5229,2604,4084,1858,1907,1983,3078,1358,4832,1,0,116,166,461,846,617,1440,768,2032,1160,1670,770,788,790,1246,532,2152,37656,15554,20,0,2,0,0,2,1
2021-02-07T23:59:59+01:00,2,0,308,450,1007,2078,1398,3632,1860,5226,2597,4081,1852,1898,1967,3070,1354,4824,1,0,106,147,412,702,543,1265,688,1816,1063,1522,694,707,707,1122,455,1909,37585,13858,17,0,0,0,0,2,1
2021-02-06T23:59:59+01:00,2,0,308,450,1006,2077,1398,3629,1860,5224,2597,4078,1852,1897,1962,3068,1351,4822,1,0,105,146,407,699,538,1241,672,1797,1052,1500,691,703,702,1118,454,1905,37562,13731,17,0,0,0,0,2,0
2021-02-05T23:59:59+01:00,2,0,308,449,1004,2074,1394,3620,1856,5210,2591,4072,1851,1896,1954,3059,1341,4808,1,0,101,138,391,681,521,1211,640,1745,1002,1437,654,652,653,1044,427,1811,37470,13109,17,0,0,0,0,2,0
2021-02-04T23:59:59+01:00,2,0,300,432,993,2044,1375,3566,1836,5133,2576,4024,1835,1875,1927,3024,1321,4775,1,0,76,107,290,460,362,819,457,1183,690,978,508,476,506,825,340,1451,37019,9529,17,0,0,0,0,2,0
2021-02-03T23:59:59+01:00,2,0,296,423,974,2018,1359,3528,1822,5084,2542,3981,1815,1852,1912,3000,1307,4759,1,0,60,83,244,392,292,640,348,925,532,729,340,331,368,586,248,1064,36655,7183,17,0,0,0,0,2,0
2021-02-02T23:59:59+01:00,2,0,291,416,968,1989,1351,3495,1811,5037,2519,3946,1797,1836,1884,2959,1285,4708,0,0,40,64,187,310,244,487,266,740,384,560,236,214,234,391,168,700,36275,5225,17,0,0,0,0,2,0
2021-02-01T23:59:59+01:00,2,0,290,413,963,1981,1348,3480,1803,5016,2510,3927,1789,1825,1869,2944,1280,4693,0,0,20,40,138,224,168,312,170,491,240,323,119,109,102,189,78,313,36114,3036,17,0,0,0,0,2,0
2021-01-31T23:59:59+01:00,2,0,289,412,961,1973,1345,3471,1800,4997,2506,3913,1785,1817,1865,2937,1277,4683,0,0,19,35,120,196,151,271,153,411,203,278,100,95,94,161,70,274,36014,2631,17,0,0,0,0,2,0
2021-01-30T23:59:59+01:00,2,0,289,412,961,1973,1345,3471,1800,4997,2506,3913,1784,1817,1865,2936,1277,4682,0,0,19,35,119,196,151,268,150,408,202,278,99,94,94,161,70,274,36011,2618,17,0,0,0,0,2,0
2021-01-29T23:59:59+01:00,2,0,287,409,960,1971,1344,3463,1794,4988,2503,3910,1778,1810,1856,2924,1270,4660,0,0,17,33,117,186,142,260,138,380,170,251,72,70,84,139,63,238,35910,2360,17,0,0,0,0,2,0
2021-01-28T23:59:59+01:00,2,0,284,400,941,1916,1320,3399,1769,4926,2475,3847,1756,1789,1824,2893,1251,4624,0,0,1,0,11,19,8,20,12,45,8,22,6,4,7,10,3,15,35399,191,15,0,0,0,0,2,0
2021-01-27T23:59:59+01:00,2,0,278,382,908,1835,1285,3285,1708,4803,2415,3747,1699,1740,1779,2825,1212,4535,0,0,1,0,5,6,5,12,8,19,4,12,4,4,7,10,3,14,34425,114,11,0,0,0,0,2,0
2021-01-26T23:59:59+01:00,2,0,273,372,898,1820,1271,3245,1690,4747,2385,3680,1666,1708,1740,2753,1194,4444,0,0,1,0,5,6,5,12,8,19,4,12,4,4,7,10,3,14,33879,114,7,0,0,0,0,2,0
2021-01-25T23:59:59+01:00,1,0,262,347,855,1701,1201,3081,1599,4474,2279,3472,1605,1655,1683,2665,1144,4258,0,0,1,0,1,3,1,4,4,2,4,5,4,4,6,9,2,14,32277,64,3,0,0,0,0,2,0
2021-01-24T23:59:59+01:00,1,0,259,344,844,1681,1191,3058,1568,4441,2253,3451,1594,1646,1671,2653,1138,4250,0,0,1,0,1,2,1,4,4,2,4,5,4,4,6,9,2,14,32038,63,3,0,0,0,0,2,0
2021-01-23T23:59:59+01:00,1,0,259,344,844,1681,1190,3057,1568,4437,2252,3450,1593,1646,1670,2652,1137,4245,0,0,1,0,1,2,1,4,4,2,4,5,4,4,6,9,2,14,32021,63,3,0,0,0,0,2,0
2021-01-22T23:59:59+01:00,1,0,258,342,838,1678,1186,3052,1565,4430,2239,3445,1581,1634,1664,2633,1131,4223,0,0,1,0,1,2,1,4,4,2,4,5,4,4,6,9,2,14,31896,63,3,0,0,0,0,1,0
2021-01-21T23:59:59+01:00,1,0,247,332,811,1611,1161,2925,1509,4268,2159,3310,1482,1530,1527,2465,1047,4033,0,0,1,0,1,2,1,4,4,2,4,5,4,3,5,9,1,14,30414,60,3,0,0,0,0,1,0
2021-01-20T23:59:59+01:00,1,0,225,291,737,1455,1069,2608,1376,3809,1985,2955,1359,1382,1403,2266,969,3793,0,0,1,0,1,2,1,4,4,2,3,5,4,3,5,9,1,14,27680,59,2,0,0,0,0,1,0
2021-01-19T23:59:59+01:00,1,0,194,234,636,1207,924,2163,1153,3192,1695,2524,1175,1177,1168,1921,807,3221,0,0,1,0,1,1,1,2,4,1,2,5,4,3,5,9,1,14,23390,54,2,0,0,0,0,0,0
2021-01-18T23:59:59+01:00,1,0,137,186,503,947,713,1647,885,2324,1319,1912,912,945,933,1515,631,2570,0,0,0,0,0,0,0,0,0,0,1,2,2,1,0,0,0,0,18079,6,1,0,0,0,0,0,0
2021-01-17T23:59:59+01:00,1,0,123,161,444,775,628,1424,783,2071,1204,1723,846,866,849,1377,557,2350,0,0,0,0,0,0,0,0,0,0,0,1,0,0,0,0,0,0,16182,1,0,0,0,0,0,0,0
2021-01-16T23:59:59+01:00,1,0,122,160,440,774,626,1416,773,2067,1195,1717,844,861,844,1366,549,2334,0,0,0,0,0,0,0,0,0,0,0,0,0,0,0,0,0,0,16089,0,0,0,0,0,0,0,0
2021-01-15T23:59:59+01:00,1,0,111,153,427,753,599,1377,741,1989,1133,1635,800,807,797,1277,518,2209,0,0,0,0,0,0,0,0,0,0,0,0,0,0,0,0,0,0,15327,0,0,0,0,0,0,0,0
2021-01-14T23:59:59+01:00,1,0,77,114,306,487,398,892,512,1283,776,1073,585,558,579,942,401,1682,0,0,0,0,0,0,0,0,0,0,0,0,0,0,0,0,0,0,10666,0,0,0,0,0,0,0,0
2021-01-13T23:59:59+01:00,1,0,60,87,255,409,322,675,379,982,569,764,369,355,393,638,286,1173,0,0,0,0,0,0,0,0,0,0,0,0,0,0,0,0,0,0,7717,0,0,0,0,0,0,0,0
2021-01-12T23:59:59+01:00,0,0,49,71,208,350,258,547,279,808,413,598,248,226,244,425,192,785,0,0,0,0,0,0,0,0,0,0,0,0,0,0,0,0,0,0,5701,0,0,0,0,0,0,0,0
2021-01-11T23:59:59+01:00,0,0,33,52,180,300,211,444,220,648,303,421,151,131,140,259,106,451,0,0,0,0,0,0,0,0,0,0,0,0,0,0,0,0,0,0,4050,0,0,0,0,0,0,0,0
2021-01-10T23:59:59+01:00,0,0,25,43,158,251,182,366,179,537,254,360,130,110,125,214,94,362,0,0,0,0,0,0,0,0,0,0,0,0,0,0,0,0,0,0,3390,0,0,0,0,0,0,0,0
2021-01-09T23:59:59+01:00,0,0,25,43,157,249,181,363,177,531,253,359,129,109,125,214,94,362,0,0,0,0,0,0,0,0,0,0,0,0,0,0,0,0,0,0,3371,0,0,0,0,0,0,0,0
2021-01-08T23:59:59+01:00,0,0,23,40,154,239,173,353,164,500,223,333,105,93,119,198,87,335,0,0,0,0,0,0,0,0,0,0,0,0,0,0,0,0,0,0,3139,0,0,0,0,0,0,0,0
2021-01-07T23:59:59+01:00,0,0,2,0,5,9,8,15,10,7,18,11,10,11,14,21,3,35,0,0,0,0,0,0,0,0,0,0,0,0,0,0,0,0,0,0,179,0,0,0,0,0,0,0,0
2021-01-06T23:59:59+01:00,0,0,1,0,2,3,1,7,5,2,4,6,6,4,7,10,1,16,0,0,0,0,0,0,0,0,0,0,0,0,0,0,0,0,0,0,75,0,0,0,0,0,0,0,0
2021-01-05T23:59:59+01:00,0,0,1,0,2,3,1,6,5,2,4,5,6,4,6,10,1,15,0,0,0,0,0,0,0,0,0,0,0,0,0,0,0,0,0,0,71,0,0,0,0,0,0,0,0
2021-01-04T23:59:59+01:00,0,0,1,0,1,3,1,5,4,2,4,5,6,4,5,9,1,15,0,0,0,0,0,0,0,0,0,0,0,0,0,0,0,0,0,0,66,0,0,0,0,0,0,0,0
2021-01-03T23:59:59+01:00,0,0,1,0,1,2,1,5,4,2,4,5,5,4,5,9,1,15,0,0,0,0,0,0,0,0,0,0,0,0,0,0,0,0,0,0,64,0,0,0,0,0,0,0,0
2021-01-02T23:59:59+01:00,0,0,1,0,1,2,1,5,4,2,4,5,5,4,5,9,1,15,0,0,0,0,0,0,0,0,0,0,0,0,0,0,0,0,0,0,64,0,0,0,0,0,0,0,0
2021-01-01T23:59:59+01:00,0,0,1,0,1,2,1,4,4,2,4,5,5,4,5,9,1,15,0,0,0,0,0,0,0,0,0,0,0,0,0,0,0,0,0,0,63,0,0,0,0,0,0,0,0
2020-12-31T23:59:59+01:00,0,0,1,0,1,2,1,4,4,2,4,5,5,4,5,9,1,15,0,0,0,0,0,0,0,0,0,0,0,0,0,0,0,0,0,0,63,0,0,0,0,0,0,0,0
2020-12-30T23:59:59+01:00,0,0,1,0,1,2,1,4,4,2,3,5,5,4,5,9,1,15,0,0,0,0,0,0,0,0,0,0,0,0,0,0,0,0,0,0,62,0,0,0,0,0,0,0,0
2020-12-29T23:59:59+01:00,0,0,0,0,1,1,1,2,4,1,2,5,5,4,5,9,1,15,0,0,0,0,0,0,0,0,0,0,0,0,0,0,0,0,0,0,56,0,0,0,0,0,0,0,0
2020-12-28T23:59:59+01:00,0,0,0,0,1,1,1,1,2,0,1,5,4,1,1,0,0,2,0,0,0,0,0,0,0,0,0,0,0,0,0,0,0,0,0,0,20,0,0,0,0,0,0,0,0
2020-12-27T23:59:59+01:00,0,0,0,0,1,1,1,1,2,0,0,3,2,0,1,0,0,2,0,0,0,0,0,0,0,0,0,0,0,0,0,0,0,0,0,0,14,0,0,0,0,0,0,0,0
