Datum,<15_m,<15_w,15-24_1_m,15-24_1_w,25-34_1_m,25-34_1_w,35-44_1_m,35-44_1_w,45-54_1_m,45-54_1_w,55-64_1_m,55-64_1_w,65-74_1_m,65-74_1_w,75-84_1_m,75-84_1_w,>84_1_m,>84_1_w,<24_2_m,<24_2_w,25-34_2_m,25-34_2_w,35-44_2_m,35-44_2_w,45-54_2_m,45-54_2_w,55-64_2_m,55-64_2_w,65-74_2_m,65-74_2_w,75-84_2_m,75-84_2_w,>84_2_m,>84_2_w,bp_1,bp_2,mo_1,mo_2,az_1,az_2,ja,unb_1,unb_2
2021-09-21T23:59:59+02:00,4734,4418,36704,35442,52372,47015,53478,52135,64305,64316,74201,74422,53751,59342,36928,47858,11201,21302,33475,32220,49551,43725,51041,49155,61745,61345,71768,71862,52360,57696,36004,46532,10906,20617,575691,547087,78718,74683,105747,101539,33741,29,24
2021-09-20T23:59:59+02:00,4634,4357,36388,35148,52063,46725,53246,51927,64104,64136,74050,74310,53691,59292,36907,47823,11194,21296,32990,31797,49192,43411,50764,48868,61494,61144,71604,71712,52306,57631,35983,46487,10899,20607,573951,544491,78716,74678,105746,101534,32851,29,24
2021-09-19T23:59:59+02:00,4626,4354,36376,35140,52052,46718,53235,51916,64091,64130,74043,74300,53688,59287,36904,47820,11193,21296,32970,31781,49185,43401,50756,48856,61480,61133,71593,71702,52301,57628,35983,46485,10899,20604,573852,544366,78715,74675,105745,101533,32830,29,24
2021-09-18T23:59:59+02:00,4626,4354,36374,35139,52050,46717,53235,51915,64091,64130,74043,74300,53688,59287,36904,47820,11193,21296,32967,31781,49181,43398,50756,48856,61480,61133,71593,71702,52301,57628,35983,46485,10899,20604,573850,544360,78715,74675,105745,101533,32825,29,24
2021-09-17T23:59:59+02:00,4618,4340,36362,35118,52033,46703,53225,51901,64080,64125,74030,74287,53683,59283,36903,47816,11192,21296,32960,31767,49171,43386,50752,48850,61480,61132,71585,71692,52296,57627,35983,46484,10899,20603,573712,544305,78715,74675,105744,101530,32797,29,24
2021-09-16T23:59:59+02:00,4471,4193,36007,34764,51787,46410,53023,51652,63898,63943,73877,74141,53629,59225,36888,47782,11189,21287,32831,31663,49088,43279,50673,48769,61419,61076,71533,71659,52280,57614,35973,46472,10898,20595,571316,543464,78312,74597,105743,101525,32768,29,24
2021-09-15T23:59:59+02:00,4431,4155,35942,34690,51743,46356,52961,51598,63848,63894,73841,74099,53611,59204,36878,47771,11188,21281,32783,31613,49039,43226,50619,48720,61374,61032,71503,71627,52272,57592,35963,46464,10898,20589,570948,543131,78227,74582,105743,101513,32546,29,24
2021-09-14T23:59:59+02:00,4391,4115,35879,34640,51696,46286,52922,51550,63805,63850,73802,74060,53586,59186,36862,47752,11187,21277,32718,31543,48998,43176,50585,48675,61320,60994,71470,71586,52250,57569,35954,46450,10897,20586,570430,542586,78158,74575,105743,101506,32488,29,24
2021-09-13T23:59:59+02:00,4245,3942,35520,34218,51431,45976,52709,51319,63598,63644,73667,73936,53531,59117,36825,47719,11186,21269,32258,31075,48764,42930,50407,48478,61173,60812,71328,71477,52197,57511,35938,46414,10891,20576,567886,539628,77741,74494,105742,101500,32455,29,24
2021-09-12T23:59:59+02:00,4237,3932,35499,34202,51414,45954,52692,51302,63585,63627,73657,73926,53528,59111,36820,47718,11186,21268,32233,31057,48750,42912,50397,48470,61162,60798,71312,71465,52190,57502,35932,46412,10888,20575,567739,539472,77725,74486,105731,101485,32435,29,24
2021-09-11T23:59:59+02:00,4234,3929,35495,34198,51412,45952,52687,51295,63583,63622,73655,73921,53524,59106,36820,47716,11186,21268,32224,31053,48747,42909,50394,48467,61159,60794,71309,71463,52188,57500,35932,46410,10888,20575,567711,539452,77725,74486,105731,101485,32408,29,24
2021-09-10T23:59:59+02:00,4233,3928,35382,34101,51221,45803,52502,51155,63408,63510,73522,73831,53486,59067,36800,47698,11184,21263,32099,30945,48554,42748,50202,48331,60972,60674,71176,71369,52146,57457,35910,46388,10885,20570,567654,539299,77723,74484,105730,101483,30959,29,24
2021-09-09T23:59:59+02:00,4206,3890,35305,34040,51165,45734,52444,51070,63352,63455,73482,73793,53463,59039,36786,47681,11182,21259,32007,30877,48511,42698,50152,48289,60932,60640,71133,71335,52128,57443,35903,46373,10884,20566,567059,538814,77689,74477,105716,101461,30854,29,24
2021-09-08T23:59:59+02:00,4181,3869,35270,34002,51139,45702,52426,51044,63319,63422,73461,73769,53453,59024,36780,47670,11182,21257,31948,30850,48473,42672,50124,48258,60897,60612,71117,71313,52116,57430,35893,46362,10881,20548,566709,538442,77689,74476,105716,101449,30828,29,24
2021-09-07T23:59:59+02:00,4169,3854,35230,33958,51110,45672,52401,51015,63293,63399,73426,73740,53441,59008,36764,47654,11179,21251,31901,30804,48437,42638,50084,48222,60872,60582,71083,71284,52103,57414,35885,46349,10878,20544,566333,538026,77689,74474,105716,101442,30798,29,24
2021-09-06T23:59:59+02:00,3994,3672,34765,33488,50744,45291,52140,50719,63073,63161,73269,73591,53376,58927,36745,47613,11176,21242,31697,30625,48236,42483,49943,48084,60762,60464,70988,71196,52055,57368,35869,46330,10873,20531,563567,537171,77689,74473,105716,101438,29986,29,24
2021-09-05T23:59:59+02:00,3986,3660,34750,33473,50742,45283,52128,50710,63062,63151,73254,73586,53372,58919,36739,47606,11174,21237,31679,30606,48220,42469,49930,48076,60751,60454,70978,71191,52049,57356,35867,46325,10872,20529,563433,537035,77688,74471,105716,101425,29967,29,24
2021-09-04T23:59:59+02:00,3986,3660,34749,33473,50740,45283,52127,50709,63062,63151,73254,73586,53372,58919,36739,47606,11174,21237,31678,30604,48219,42469,49928,48074,60751,60454,70977,71191,52049,57356,35867,46325,10872,20529,563431,537031,77688,74469,105716,101425,29964,29,24
2021-09-03T23:59:59+02:00,3938,3613,34587,33346,50591,45161,52023,50592,62914,63028,73129,73488,53332,58871,36719,47585,11170,21234,31407,30414,48025,42297,49759,47909,60549,60282,70832,71046,51995,57299,35842,46302,10869,20525,563292,536896,77103,73234,105705,101412,29193,29,24
2021-09-02T23:59:59+02:00,3913,3584,34531,33301,50557,45120,51990,50560,62875,62989,73092,73463,53311,58860,36710,47568,11170,21230,31339,30353,47975,42251,49717,47864,60494,60229,70790,71019,51977,57283,35833,46293,10868,20520,562896,536506,77082,73229,105705,101301,29113,29,24
2021-09-01T23:59:59+02:00,3896,3570,34504,33270,50532,45093,51970,50538,62855,62956,73063,73445,53302,58851,36706,47560,11170,21229,31287,30314,47941,42221,49687,47839,60465,60204,70768,70988,51958,57264,35823,46286,10868,20517,562627,536159,77078,73222,105705,101274,29072,29,24
2021-08-31T23:59:59+02:00,3869,3557,34464,33221,50505,45055,51943,50505,62827,62923,73033,73414,53282,58829,36698,47547,11167,21229,31228,30284,47914,42195,49665,47822,60438,60188,70753,70961,51944,57254,35819,46279,10865,20511,562231,535883,77078,73219,105705,101268,29026,29,24
2021-08-30T23:59:59+02:00,3642,3348,33885,32710,50087,44683,51595,50164,62535,62662,72826,73236,53200,58743,36668,47500,11164,21221,30949,30021,47618,41966,49441,47655,60256,60059,70596,70857,51877,57209,35800,46247,10862,20504,559254,534797,77078,73216,105704,101258,27805,29,24
2021-08-29T23:59:59+02:00,3636,3340,33863,32688,50069,44675,51579,50146,62524,62648,72816,73220,53192,58738,36666,47493,11164,21219,30931,30001,47594,41939,49421,47638,60239,60042,70584,70845,51874,57201,35797,46246,10862,20502,559107,534678,77077,73215,105703,101214,27761,29,24
2021-08-28T23:59:59+02:00,3636,3340,33860,32688,50064,44674,51578,50144,62522,62645,72814,73219,53191,58736,36666,47493,11164,21219,30922,29992,47588,41937,49418,47635,60236,60038,70581,70843,51873,57197,35797,46246,10862,20502,559098,534641,77077,73214,105703,101214,27747,29,24
2021-08-27T23:59:59+02:00,3631,3334,33853,32667,50060,44672,51566,50138,62514,62640,72797,73213,53187,58734,36665,47492,11163,21218,30904,29973,47579,41930,49409,47626,60228,60030,70569,70842,51871,57196,35796,46245,10861,20502,559023,534563,77077,73212,105703,101211,27713,29,24
2021-08-26T23:59:59+02:00,3606,3306,33811,32617,50034,44633,51525,50089,62469,62616,72764,73183,53177,58724,36658,47490,11162,21214,30611,29704,47362,41720,49236,47471,60113,59930,70486,70772,51839,57165,35779,46222,10859,20498,558670,532759,77051,73205,105702,101147,27627,29,24
2021-08-25T23:59:59+02:00,3565,3282,33761,32575,50008,44587,51493,50061,62430,62583,72728,73160,53169,58705,36652,47476,11161,21213,29864,29002,46935,41307,48911,47179,59889,59707,70312,70622,51772,57089,35758,46187,10850,20490,558244,528452,77051,73202,105702,101124,27584,29,24
2021-08-24T23:59:59+02:00,3525,3260,33705,32515,49979,44544,51465,50013,62386,62535,72683,73112,53147,58681,36639,47463,11159,21205,29635,28782,46807,41176,48803,47073,59797,59613,70227,70522,51726,57041,35737,46175,10847,20487,557753,527020,77047,73198,105700,101089,27488,29,24
2021-08-23T23:59:59+02:00,3221,2994,33073,31897,49557,44151,51124,49713,62059,62241,72390,72881,53050,58592,36601,47400,11148,21196,29216,28390,46424,40878,48562,46861,59528,59406,70001,70374,51649,56970,35712,46132,10841,20480,554712,525574,77044,73196,105699,101084,25805,29,24
2021-08-22T23:59:59+02:00,3210,2986,33062,31890,49547,44141,51116,49707,62054,62234,72386,72879,53047,58589,36599,47398,11148,21195,29192,28374,46406,40870,48554,46850,59517,59398,69995,70371,51639,56966,35709,46129,10841,20480,554643,525477,77040,73191,105696,101070,25781,29,24
2021-08-21T23:59:59+02:00,3208,2986,33056,31887,49545,44139,51115,49704,62051,62233,72385,72878,53047,58589,36599,47398,11148,21195,29180,28361,46401,40866,48549,46845,59513,59398,69995,70370,51638,56966,35709,46129,10841,20480,554626,525436,77040,73187,105696,101070,25773,29,24
2021-08-20T23:59:59+02:00,3192,2975,32934,31794,49356,44010,50944,49594,61872,62107,72239,72798,52999,58546,36584,47380,11145,21191,28643,27859,45927,40511,48270,46635,59259,59215,69792,70247,51553,56908,35679,46101,10837,20473,554399,523740,77040,73013,105695,100843,24498,29,24
2021-08-19T23:59:59+02:00,3165,2952,32883,31755,49322,43975,50897,49552,61827,62069,72190,72758,52973,58526,36577,47365,11141,21184,27701,27006,45139,39906,47843,46272,58928,58942,69519,70023,51453,56819,35637,46054,10832,20467,553985,519366,77005,72037,105690,100751,24403,29,24
2021-08-18T23:59:59+02:00,3144,2933,32837,31710,49286,43940,50859,49516,61782,62032,72143,72731,52944,58509,36563,47351,11140,21179,26407,25698,44214,39028,47141,45530,58253,58358,69032,69568,51266,56597,35560,45960,10820,20450,553552,513816,76984,68838,105687,100698,24348,29,24
2021-08-17T23:59:59+02:00,3120,2910,32765,31650,49244,43871,50818,49482,61736,61988,72107,72690,52921,58485,36550,47339,11137,21174,25116,24311,43346,38334,46541,45051,57725,57916,68600,69242,51131,56413,35485,45880,10804,20436,553007,508200,76979,66762,105686,100661,24287,29,24
2021-08-16T23:59:59+02:00,3109,2890,32748,31629,49220,43849,50809,49465,61716,61971,72086,72674,52909,58477,36549,47328,11135,21170,23682,22910,42436,37483,46269,44759,57502,57656,68394,69082,51058,56329,35455,45835,10802,20422,552779,501833,76976,66730,105684,100648,24267,29,24
2021-08-15T23:59:59+02:00,3102,2879,32737,31613,49209,43844,50799,49455,61701,61955,72071,72662,52905,58469,36546,47328,11135,21170,21247,20439,41682,36944,45903,44392,57169,57360,68110,68826,50946,56226,35418,45779,10799,20413,552655,493086,76975,66551,105674,100632,24248,29,24
2021-08-14T23:59:59+02:00,3102,2878,32733,31611,49204,43843,50796,49453,61696,61952,72067,72656,52905,58469,36545,47328,11135,21170,21224,20413,41642,36914,45886,44377,57155,57349,68098,68815,50944,56224,35417,45778,10799,20412,552649,492903,76974,66548,105674,100632,24218,29,24
2021-08-13T23:59:59+02:00,3088,2861,32691,31584,49181,43828,50774,49435,61663,61921,72045,72636,52900,58462,36542,47323,11134,21167,21107,20326,41554,36815,45824,44324,57107,57311,68058,68781,50927,56212,35408,45769,10798,20410,552492,492312,76973,66545,105673,100611,24069,29,24
2021-08-12T23:59:59+02:00,3071,2832,32643,31534,49146,43788,50736,49406,61610,61892,72009,72600,52884,58443,36525,47314,11133,21164,20639,20013,40600,36005,45456,43993,56889,57133,67881,68616,50855,56128,35377,45724,10793,20402,552077,488070,76969,66543,105671,100566,23985,29,24
2021-08-11T23:59:59+02:00,3029,2801,32586,31490,49112,43752,50711,49382,61582,61861,71981,72572,52862,58417,36513,47305,11132,21159,19745,19127,39273,34819,44854,43414,56529,56803,67588,68343,50734,55990,35340,45665,10791,20389,551660,480652,76963,66539,105670,100544,23926,29,24
2021-08-10T23:59:59+02:00,3013,2782,32535,31445,49075,43722,50681,49350,61563,61821,71941,72527,52839,58401,36502,47282,11131,21154,18721,18159,37171,32958,43968,42537,56077,56407,67199,67996,50583,55836,35279,45568,10786,20369,551197,470414,76963,66537,105669,100525,23907,29,24
2021-08-09T23:59:59+02:00,2997,2775,32506,31421,49051,43704,50653,49332,61544,61803,71921,72507,52830,58392,36497,47272,11129,21153,17297,16743,34175,30523,43304,41902,55670,56045,66867,67670,50441,55688,35228,45519,10781,20351,550948,458202,76961,66533,105665,100512,23885,29,24
2021-08-08T23:59:59+02:00,2994,2775,32494,31411,49041,43697,50648,49326,61536,61796,71918,72506,52829,58390,36497,47269,11129,21152,17270,16713,34153,30509,43267,41870,55657,56032,66858,67665,50436,55682,35227,45516,10780,20350,550893,458014,76961,66528,105654,100493,23872,29,24
2021-08-07T23:59:59+02:00,2993,2770,32487,31401,49038,43689,50643,49326,61533,61793,71911,72504,52828,58388,36496,47269,11129,21152,17244,16683,34125,30490,43234,41840,55636,56015,66847,67658,50430,55680,35225,45516,10780,20349,550844,457787,76961,66525,105654,100492,23863,29,24
2021-08-06T23:59:59+02:00,2905,2678,32144,31177,48784,43491,50387,49099,61245,61588,71636,72337,52696,58284,36442,47216,11126,21143,17039,16547,33416,30012,42766,41472,55292,55789,66537,67482,50300,55586,35176,45479,10777,20342,550773,456116,75854,66238,105650,100490,22073,29,24
2021-08-05T23:59:59+02:00,2858,2639,31989,31060,48690,43402,50307,49045,61192,61543,71584,72296,52669,58265,36433,47199,11124,21141,16809,16293,31554,28577,41724,40525,55017,55440,66325,67310,50235,55509,35153,45440,10770,20333,549899,449311,75851,66165,105641,100367,22017,29,24
2021-08-04T23:59:59+02:00,2783,2562,31742,30865,48502,43267,50154,48933,61111,61467,71522,72240,52640,58225,36420,47184,11121,21136,16543,16049,31201,28356,40532,39451,54626,55109,66151,67158,50170,55425,35123,45412,10767,20326,548606,444999,75850,66146,105639,100294,21758,22,23
2021-08-03T23:59:59+02:00,2595,2382,31233,30403,48252,43018,49980,48742,60948,61293,71376,72093,52586,58154,36398,47155,11111,21122,16104,15604,30615,27828,38800,37832,53935,54461,65816,66848,50073,55297,35075,45360,10762,20316,545663,437327,75850,66140,105636,100275,21671,22,23
2021-08-02T23:59:59+02:00,2484,2287,30919,30119,48054,42837,49826,48613,60840,61189,71287,72011,52553,58122,36376,47136,11110,21119,15800,15335,30276,27476,36654,36007,53377,53949,65608,66672,50001,55212,35053,45332,10760,20312,543728,430483,75847,66136,105631,100163,21655,22,23
2021-08-01T23:59:59+02:00,2481,2284,30907,30112,48035,42825,49814,48605,60827,61179,71278,72005,52548,58114,36372,47136,11110,21119,15676,15209,30138,27362,34348,34152,53079,53699,65516,66603,49961,55172,35046,45314,10759,20310,543671,425034,75845,66132,105585,100140,21629,22,23
2021-07-31T23:59:59+02:00,2481,2284,30903,30108,48033,42823,49812,48605,60826,61179,71278,72003,52545,58112,36372,47136,11110,21118,15661,15197,30105,27342,34335,34145,53061,53691,65503,66598,49957,55167,35046,45313,10758,20309,543653,424886,75845,66131,105585,100137,21624,22,23
2021-07-30T23:59:59+02:00,2467,2279,30856,30063,48001,42802,49788,48580,60792,61150,71243,71985,52536,58101,36372,47136,11110,21116,15506,14896,29847,27027,34155,33895,52861,53399,65339,66395,49910,55121,35035,45301,10758,20308,543478,424535,75840,66122,105582,98226,21456,22,23
2021-07-29T23:59:59+02:00,2435,2259,30696,29971,47918,42741,49735,48515,60731,61109,71197,71939,52517,58082,36364,47120,11107,21111,15193,14620,29534,26814,32868,32946,52079,52787,64984,66127,49811,55029,34993,45244,10753,20300,542815,421838,75833,63395,105570,98081,21308,22,23
2021-07-28T23:59:59+02:00,2389,2222,30543,29861,47835,42672,49662,48443,60657,61031,71131,71882,52493,58044,36346,47102,11106,21106,14790,14249,29095,26497,32498,32615,51365,52175,64592,65800,49717,54927,34959,45187,10737,20281,541868,417699,75829,63342,105564,97691,21243,22,23
2021-07-27T23:59:59+02:00,2311,2149,30302,29592,47682,42496,49518,48306,60549,60908,71031,71794,52435,57983,36318,47063,11098,21099,14148,13593,28328,25871,31747,31963,50113,51081,63865,65232,49530,54722,34891,45072,10730,20263,540040,409369,75819,63316,105558,97594,21196,22,23
2021-07-26T23:59:59+02:00,2250,2094,30102,29358,47564,42367,49443,48222,60486,60843,70981,71749,52409,57951,36307,47050,11096,21090,13783,13217,27977,25583,31129,31553,48555,49712,62887,64405,49325,54518,34823,44990,10720,20251,538813,401658,75816,63311,105554,97564,21158,22,23
2021-07-25T23:59:59+02:00,2003,1892,29280,28685,47173,42053,49158,47937,60250,60620,70800,71591,52353,57876,36280,47008,11095,21083,13690,13157,27881,25521,31044,31487,48435,49650,62800,64356,49304,54501,34816,44981,10720,20250,534639,401029,75816,63304,105547,97404,21114,22,23
2021-07-24T23:59:59+02:00,1923,1824,29026,28455,47022,41948,49041,47838,60095,60501,70671,71511,52305,57846,36263,46987,11093,21083,13555,13047,27677,25386,30884,31359,48224,49479,62637,64261,49260,54471,34801,44963,10718,20248,533950,400417,75814,63301,105546,97402,20101,22,23
2021-07-23T23:59:59+02:00,1811,1703,28696,28129,46777,41797,48786,47625,59846,60312,70467,71384,52230,57775,36244,46950,11089,21074,13304,12823,27244,25072,30505,31052,47626,48989,62308,64025,49177,54405,34779,44919,10713,20239,532956,398020,75437,63247,105535,97400,18746,22,23
2021-07-22T23:59:59+02:00,1799,1696,28617,28051,46639,41656,48575,47414,59668,60170,70350,71255,52187,57738,36228,46933,11089,21074,13077,12569,26909,24738,30155,30734,45701,47427,61502,63325,49081,54303,34741,44875,10710,20229,532652,391323,74285,63098,105493,97177,18688,22,23
2021-07-21T23:59:59+02:00,1766,1657,28352,27846,46255,41322,47984,46858,59085,59688,69893,70865,52015,57577,36170,46876,11080,21061,12651,12130,26330,24196,29580,30167,41972,44188,60018,62057,48911,54123,34678,44792,10700,20202,532100,379689,71016,62588,105339,96730,17874,22,23
2021-07-20T23:59:59+02:00,1743,1642,28231,27708,46192,41264,47937,46820,59031,59638,69840,70817,51980,57549,36154,46850,11076,21054,12153,11597,25592,23505,28929,29417,38515,41194,58472,60593,48708,53902,34596,44700,10682,20182,531409,369302,70996,59194,105322,96607,17778,22,23
2021-07-19T23:59:59+02:00,1738,1641,28201,27673,46170,41251,47925,46806,59018,59622,69828,70815,51978,57545,36154,46846,11074,21054,12108,11569,25528,23471,28898,29384,38471,41162,58431,60566,48704,53894,34595,44697,10679,20181,531263,368991,70996,59181,105307,96555,17752,22,23
2021-07-18T23:59:59+02:00,1734,1634,28175,27647,46146,41242,47911,46793,59012,59612,69821,70806,51976,57544,36153,46845,11074,21053,12046,11544,25443,23431,28837,29351,38410,41135,58371,60525,48702,53890,34592,44696,10679,20181,531131,368655,70994,59150,105299,96435,17733,22,23
2021-07-17T23:59:59+02:00,1734,1632,28156,27634,46131,41233,47901,46789,59005,59607,69814,70802,51971,57540,36152,46845,11074,21053,12019,11533,25410,23395,28804,29331,38388,41118,58336,60501,48692,53882,34590,44696,10679,20181,531054,368407,70993,59146,105299,96432,17706,22,23
2021-07-16T23:59:59+02:00,1719,1612,27890,27445,45848,41068,47677,46616,58706,59405,69582,70661,51865,57467,36108,46809,11069,21051,11766,11339,25081,23155,28506,29100,37992,40843,57828,60078,48556,53768,34538,44646,10673,20177,530738,367206,70992,59143,105174,96157,15673,22,23
2021-07-15T23:59:59+02:00,1621,1499,27427,27056,45590,40829,47531,46503,58565,59291,69479,70573,51824,57424,36093,46787,11068,21044,11473,11112,24601,22810,28141,28828,37598,40564,55781,58032,48386,53566,34481,44562,10665,20166,528409,360261,70989,59058,105166,95946,15619,22,23
2021-07-14T23:59:59+02:00,1454,1367,26861,26517,45284,40540,47328,46318,58382,59094,69319,70426,51763,57365,36067,46757,11062,21039,11286,10925,24191,22457,27789,28509,37074,40162,54563,56852,48249,53415,34430,44498,10657,20144,525235,356551,70983,57397,105147,95800,15557,22,23
2021-07-13T23:59:59+02:00,1169,1063,25908,25619,44791,40126,46971,46000,58056,58809,69045,70179,51650,57239,36024,46702,11058,21024,10941,10587,23656,21910,27171,27923,35695,38971,50431,52947,47884,53027,34301,44348,10640,20115,519844,347291,70976,52193,105144,95693,15448,22,23
2021-07-12T23:59:59+02:00,704,666,24526,24360,44231,39645,46772,45784,57843,58613,68861,70007,51588,57148,36006,46676,11056,21016,10708,10479,23449,21771,26919,27788,35449,38802,49990,52526,47809,52942,34271,44313,10640,20109,513947,345831,70976,52167,105138,94613,15421,21,23
2021-07-11T23:59:59+02:00,701,661,24505,24339,44201,39623,46754,45772,57829,58601,68847,70005,51586,57145,36003,46672,11055,21016,10612,10394,23232,21648,26654,27689,35139,38719,49277,52039,46322,51352,34181,44207,10640,20107,513857,345326,70972,52121,105125,89489,15341,21,23
2021-07-10T23:59:59+02:00,699,656,24498,24333,44196,39615,46751,45769,57822,58600,68847,70004,51586,57145,36003,46672,11055,21016,10600,10385,23208,21629,26640,27680,35116,38714,49263,52034,46308,51336,34179,44206,10640,20107,513823,345221,70969,52120,105123,89433,15332,21,23
2021-07-09T23:59:59+02:00,692,646,24050,23872,43919,39376,46682,45708,57761,58559,68796,69979,51569,57132,35999,46664,11054,21016,10520,10214,23114,21440,26579,27471,35049,38497,49199,51930,46286,51311,34175,44203,10640,20107,512063,343992,70966,52107,105117,89389,15308,21,23
2021-07-08T23:59:59+02:00,626,579,22967,22864,43112,38771,46429,45504,57552,58415,68598,69839,51490,57066,35971,46641,11052,21008,10263,10023,22736,21187,26182,27209,34572,38185,48591,51412,45950,50944,34105,44125,10633,20085,507356,340415,70942,51959,105059,88772,15107,21,23
2021-07-07T23:59:59+02:00,574,533,21641,21465,42370,38081,46208,45282,57314,58224,68431,69679,51405,56982,35934,46586,11044,20994,9889,9716,21858,20597,25078,26413,32735,36815,47670,50526,45448,50407,33998,43986,10625,20067,501955,335469,70768,47574,105036,87857,14968,21,23
2021-07-06T23:59:59+02:00,516,470,20405,20180,41519,37432,45729,44931,56920,57919,68103,69419,51305,56856,35890,46534,11036,20985,9496,9333,20995,20003,24114,25757,31243,35620,46475,49325,44668,49624,33862,43810,10612,20047,497450,328137,68841,45467,105014,86583,14824,21,23
2021-07-05T23:59:59+02:00,480,442,18997,18794,40654,36627,45511,44705,56737,57716,67942,69291,51249,56801,35869,46505,11034,20978,9207,9077,20434,19621,23447,25337,30603,35192,45716,48711,43912,48833,33732,43622,10603,20035,491718,322354,68838,45444,105007,85554,14751,19,23
2021-07-04T23:59:59+02:00,473,436,17207,16753,40307,36396,45423,44632,56652,57647,67863,69223,51216,56775,35859,46485,11032,20976,9146,9025,20293,19556,23273,25259,30345,35112,44922,48583,42545,47482,33653,43548,10601,20029,486856,321894,68811,45399,104991,81422,14678,19,23
2021-07-03T23:59:59+02:00,473,435,17186,16733,40257,36348,45407,44617,56645,57643,67857,69216,51214,56772,35859,46485,11032,20975,9103,8984,20227,19488,23213,25195,30261,35033,44701,48407,42476,47407,33608,43489,10598,20029,486673,320936,68809,45398,104990,81242,14663,19,23
2021-07-02T23:59:59+02:00,452,412,17071,16628,39786,35973,45294,44520,56592,57601,67808,69184,51202,56767,35853,46473,11032,20974,8945,8817,19899,19210,22827,24817,29842,34620,44072,47762,42274,47177,33510,43353,10592,20025,485173,317940,68791,44362,104988,80807,14651,19,23
2021-07-01T23:59:59+02:00,400,372,16765,16346,38048,34638,44720,44021,56332,57392,67634,69015,51122,56677,35825,46434,11028,20966,8570,8421,19036,18504,21862,23963,28457,33430,41044,44790,41277,46096,32897,42625,10575,19996,479685,310454,68716,39477,104965,77270,14350,19,23
2021-06-30T23:59:59+02:00,352,327,16474,16100,35856,32812,44096,43388,56108,57196,67429,68823,51038,56584,35796,46380,11024,20950,8211,8084,18363,17876,20977,23132,27182,32169,36404,39920,40196,44952,32233,41837,10554,19971,472818,299967,68671,33445,104946,74376,14279,19,23
2021-06-29T23:59:59+02:00,313,290,16254,15900,34852,31728,43648,42943,55926,57036,67258,68674,50961,56511,35757,46336,11016,20943,7630,7475,17231,16941,19724,21913,25484,30492,33658,36797,37342,41902,31492,40948,10531,19933,468619,283766,68663,33398,104932,68219,14113,19,21
2021-06-28T23:59:59+02:00,303,268,16110,15743,33129,30302,43326,42647,55761,56896,67141,68568,50915,56459,35739,46315,11013,20931,7326,7214,16677,16562,19332,21597,24975,30108,33067,36298,35957,40412,30703,40013,10527,19921,464180,280709,68641,33348,104911,62817,13815,19,21
2021-06-27T23:59:59+02:00,303,268,16088,15720,32974,30214,43264,42618,55724,56887,67115,68560,50910,56455,35736,46314,11013,20930,7282,7186,16539,16494,19167,21535,24773,30034,32839,36157,34699,39140,29076,38088,10526,19920,463856,280535,68638,33309,104905,55935,13675,19,21
2021-06-26T23:59:59+02:00,301,266,16067,15700,32950,30197,43219,42577,55701,56873,67109,68557,50908,56453,35733,46313,11013,20930,7278,7174,16519,16482,19151,21527,24740,30012,32818,36136,34686,39128,29074,38085,10526,19920,463633,280342,68636,33309,104905,55930,13674,19,21
2021-06-25T23:59:59+02:00,295,265,16013,15655,32837,30097,43027,42417,55643,56828,67069,68533,50898,56442,35729,46312,11013,20930,7090,6897,16236,15973,18882,20873,24372,29076,32429,35414,34524,38912,29051,38055,10526,19920,462810,277665,68635,33300,104888,53613,13651,19,21
2021-06-24T23:59:59+02:00,274,252,15740,15454,32386,29808,41555,41170,55176,56471,66836,68373,50845,56386,35713,46284,11008,20920,6774,6671,15540,15529,17429,19855,22291,27516,31330,34518,34121,38489,28927,37875,10514,19906,458231,267965,68634,33248,104884,53187,12883,19,21
2021-06-23T23:59:59+02:00,259,235,15457,15161,31887,29407,39449,39344,54628,55927,66584,68152,50756,56277,35673,46238,11003,20907,6567,6508,15177,15250,16902,19406,21409,26717,29637,33157,33363,37638,28736,37634,10507,19891,451145,260153,68588,33158,104881,52472,12711,19,21
2021-06-22T23:59:59+02:00,237,200,15073,14768,31218,28774,36003,36291,53715,55127,66281,67847,50650,56155,35634,46181,10999,20893,6390,6297,14770,14922,16102,18689,19991,25401,28035,31505,32564,36663,28197,37027,10489,19858,440191,250057,68556,33075,104876,51355,12404,19,21
2021-06-21T23:59:59+02:00,222,194,14830,14594,30527,28310,33832,34323,53251,54701,66102,67730,50569,56081,35608,46159,10994,20888,6294,6212,14608,14805,15932,18554,19871,25289,27927,31420,32409,36524,26988,35792,10489,19855,433349,249384,68534,33028,104845,48380,12168,19,21
2021-06-20T23:59:59+02:00,215,193,14705,14505,28618,26968,33219,33875,53162,54605,66033,67693,50546,56053,35600,46156,10993,20886,5843,5917,13664,14169,15109,17966,19319,24933,27616,31222,32245,36345,26962,35761,10487,19851,428955,244417,68530,32993,104841,48310,11680,19,21
2021-06-19T23:59:59+02:00,209,188,14680,14472,28504,26887,33188,33848,53140,54589,66017,67682,50540,56044,35598,46151,10992,20884,5628,5755,13101,13757,14502,17489,18992,24732,27423,31051,32166,36245,26945,35747,10487,19851,428550,240889,68528,32991,104841,48307,11675,19,21
2021-06-18T23:59:59+02:00,207,180,14591,14386,28404,26822,31938,32938,52773,54282,65884,67589,50509,56010,35580,46125,10988,20880,5558,5679,13003,13673,14337,17363,18756,24503,26603,30384,31960,36009,26879,35672,10483,19844,428061,237945,65551,32874,104832,48253,11623,19,21
2021-06-17T23:59:59+02:00,193,164,14218,14123,27809,26576,31449,32676,51983,53716,65457,67322,50428,55910,35547,46084,10982,20868,5181,5420,12218,13201,13548,16751,17663,23576,24444,28419,31318,35273,26681,35394,10466,19830,424864,228931,65546,32596,104808,47573,10271,16,21
2021-06-16T23:59:59+02:00,164,136,13790,13724,27345,26221,31009,32320,51171,53010,65005,66934,50310,55790,35518,46027,10971,20856,4816,4977,11495,12525,12758,16057,16562,22454,21474,25552,30249,34064,26384,34990,10451,19789,420008,214870,65504,32568,104802,47176,9971,16,21
2021-06-15T23:59:59+02:00,103,83,13162,13104,26593,25643,30225,31725,49918,51946,64291,66407,50131,55594,35450,45915,10962,20837,4320,4345,10525,11588,11603,14675,14831,20749,18038,22240,28878,32627,25998,34471,10425,19745,412290,196227,65488,32453,104796,46867,9499,16,21
2021-06-14T23:59:59+02:00,73,62,12758,12731,26186,25318,29564,31261,48120,50476,63240,65571,49916,55369,35373,45839,10954,20825,4220,4292,10350,11459,11463,14543,14653,20628,17846,22081,28808,32547,25979,34444,10421,19742,404417,195793,65479,32181,104794,46560,8930,16,21
2021-06-13T23:59:59+02:00,72,61,12717,12686,26112,25285,29501,31234,48067,50451,63204,65547,49909,55366,35371,45835,10953,20822,4065,4215,10022,11331,11140,14432,14356,20516,17446,21738,27294,30907,25839,34249,10417,19731,404214,195053,65403,27509,104787,46351,8773,16,21
2021-06-12T23:59:59+02:00,72,60,12700,12670,26098,25274,29490,31222,48008,50380,63162,65511,49908,55363,35371,45835,10953,20822,4063,4205,10006,11317,11132,14418,14337,20499,17426,21729,27253,30862,25834,34243,10417,19731,403921,194870,65403,27507,104786,46310,8773,16,21
2021-06-11T23:59:59+02:00,70,57,12601,12540,25973,25160,29369,31098,47773,50154,63030,65391,49884,55337,35360,45824,10951,20820,3969,3934,9480,10123,10701,13510,14047,19942,17153,21251,26843,30441,25744,34161,10414,19729,402655,193828,65394,27503,104744,41516,8583,16,21
2021-06-10T23:59:59+02:00,62,50,12356,12328,25655,24879,29024,30832,46700,49137,62292,64821,49799,55241,35326,45772,10941,20807,3701,3570,8711,8872,9800,11863,12742,17185,15367,17649,25131,28520,25445,33856,10408,19705,397782,188325,65341,27064,104540,28780,8343,16,21
2021-06-09T23:59:59+02:00,49,38,12065,12004,25246,24472,28630,30436,44692,47314,61201,63883,49695,55118,35279,45718,10935,20789,3456,3450,8295,8618,9292,11543,12231,16794,14658,17051,21299,24203,25219,33555,10396,19679,389791,176762,65218,26720,104539,28244,8000,16,21
2021-06-08T23:59:59+02:00,43,27,11635,11470,24585,23850,27974,29772,41525,44468,59428,62250,49524,54927,35206,45627,10925,20767,3247,3313,7897,8360,8675,11171,11568,16373,14001,16405,15922,18251,24827,33029,10378,19651,377135,161567,65157,26387,104529,27941,7166,16,15
2021-06-07T23:59:59+02:00,38,20,11474,11281,24233,23575,27697,29565,38897,42539,58999,61888,49490,54896,35194,45606,10923,20761,3151,3245,7590,8184,8358,10995,10992,15922,13498,15927,15846,18173,24797,32979,10376,19644,371490,161251,64730,24560,104520,27539,6320,16,15
2021-06-06T23:59:59+02:00,35,19,11339,11175,23913,23346,27488,29392,37293,41353,58872,61808,49466,54868,35186,45592,10923,20759,3048,3195,7319,8096,8088,10827,10254,15240,12903,15308,15694,18062,24783,32956,10374,19644,371082,161137,61343,21398,104509,27373,5877,16,14
2021-06-05T23:59:59+02:00,35,18,11321,11158,23870,23311,27453,29366,37266,41339,58774,61723,49455,54862,35184,45590,10923,20756,3036,3184,7296,8064,8059,10811,10224,15226,12863,15284,15573,17898,24778,32948,10373,19643,370752,160713,61341,21397,104509,27358,5786,16,14
2021-06-04T23:59:59+02:00,35,16,11135,10898,23507,22847,27180,28969,36838,40888,58156,61182,49421,54821,35174,45572,10921,20750,3012,3167,7267,8048,8038,10793,10195,15201,12828,15250,15362,17692,24767,32927,10371,19642,368949,160129,59070,21383,104495,27261,5780,16,14
2021-06-03T23:59:59+02:00,33,15,10915,10682,23050,22453,26755,28633,35742,40061,55395,58831,49292,54663,35131,45508,10916,20735,2923,3086,7060,7892,7581,10496,9167,14570,11582,14550,14178,16225,24588,32710,10359,19623,365007,156776,54146,17656,104445,26954,5197,15,14
2021-06-02T23:59:59+02:00,33,15,10880,10649,23014,22419,26724,28608,35711,40020,55268,58673,49278,54640,35125,45501,10916,20734,2883,3057,7005,7874,7522,10463,9010,14530,11359,14487,12819,14739,24468,32536,10354,19616,364423,152947,54140,17645,104445,26938,5185,15,14
2021-06-01T23:59:59+02:00,20,8,10466,10306,22358,21910,26039,28025,34990,39444,52265,55526,48887,54231,35007,45338,10900,20708,2424,2697,5650,7188,6249,9886,7616,13860,10225,13522,8509,9177,23993,31856,10332,19561,353660,134743,53970,17277,104426,26361,4357,15,14
2021-05-31T23:59:59+02:00,19,7,10192,10075,21783,21513,25631,27772,34669,39241,50816,54130,48788,54106,34974,45297,10893,20700,2314,2573,5364,6943,5989,9665,7251,13619,9969,13362,8458,9115,23967,31809,10324,19548,348926,133973,53931,17156,104402,25802,3332,15,14
2021-05-30T23:59:59+02:00,18,7,10138,10027,21693,21475,25566,27738,34557,39170,50451,53789,48763,54080,34968,45291,10891,20697,2279,2543,5258,6865,5887,9598,7061,13531,9744,13265,8414,9068,23951,31802,10323,19543,347741,133380,53911,16982,104386,25497,3266,15,14
2021-05-29T23:59:59+02:00,17,7,10123,10015,21659,21457,25549,27726,34536,39157,50438,53771,48759,54076,34965,45290,10891,20697,2260,2489,5214,6739,5827,9466,6945,13334,9606,13044,8341,8978,23884,31735,10322,19542,347585,133103,53911,16930,104365,24429,3257,15,14
2021-05-28T23:59:59+02:00,17,7,10065,9947,21584,21349,25470,27607,34459,39057,50360,53672,48738,54058,34958,45282,10891,20693,2176,2222,4595,6197,5206,8742,6572,12367,9108,12046,8165,8781,23514,31253,10321,19539,346743,131606,53899,16832,104307,19109,3250,15,14
2021-05-27T23:59:59+02:00,16,7,9801,9699,21056,20970,24925,27249,33935,38678,49747,53064,48567,53866,34889,45207,10887,20674,1934,1954,4010,5675,4527,8138,6061,11599,8162,10721,7659,8123,21955,29103,10306,19517,342460,125953,53490,15697,104199,14712,3073,15,14
2021-05-26T23:59:59+02:00,16,7,9526,9452,20331,20401,24055,26576,32674,37648,48981,52359,48312,53577,34815,45093,10876,20650,1879,1882,3916,5548,4393,7975,5855,11338,7837,10337,7097,7398,19525,25676,10288,19474,337740,117480,50514,15443,104146,14551,2934,15,14
2021-05-25T23:59:59+02:00,15,7,9261,9217,19918,20044,23617,26185,32165,37133,48087,51381,48014,53259,34725,44951,10864,20620,1813,1834,3796,5449,4256,7830,5645,11114,7525,10016,6474,6560,15409,20302,10268,19416,332152,105304,50434,15398,104073,14206,2789,15,14
2021-05-24T23:59:59+02:00,14,7,9041,9060,19348,19755,22845,25798,30649,36115,47863,51208,47920,53158,34696,44921,10862,20619,1788,1818,3750,5415,4193,7788,5580,11055,7449,9960,6448,6536,15395,20293,10268,19416,330569,105186,46627,15385,104012,13915,2656,15,14
2021-05-23T23:59:59+02:00,14,7,8833,8853,18989,19462,22423,25450,30224,35794,47271,50696,47486,52703,34593,44775,10854,20610,1786,1817,3741,5410,4189,7783,5570,11047,7441,9952,6443,6525,15395,20291,10268,19416,325732,105132,46625,15383,104011,13895,2654,15,14
2021-05-22T23:59:59+02:00,14,7,8802,8816,18939,19419,22376,25418,30171,35764,47162,50626,47467,52681,34590,44766,10850,20610,1785,1814,3728,5397,4185,7777,5566,11041,7434,9948,6441,6523,15393,20291,10268,19416,325188,105100,46625,15383,104010,13874,2640,15,14
2021-05-21T23:59:59+02:00,13,7,8528,8461,18499,18903,22015,24776,29744,34954,46673,49961,47378,52559,34552,44723,10847,20605,1722,1772,3649,5358,4143,7743,5533,10996,7393,9899,6413,6497,15316,20194,10267,19415,319984,104789,46595,15382,103986,13511,2618,15,14
2021-05-20T23:59:59+02:00,12,7,7953,7910,17549,18107,21011,23857,28425,33754,44926,48137,46938,52099,34443,44567,10830,20586,1420,1610,3336,5069,3877,7353,5236,10514,7013,9447,6179,6241,14009,18657,10244,19376,308368,101046,46509,14902,103758,11162,2461,15,14
2021-05-19T23:59:59+02:00,12,7,7687,7594,16943,17501,20112,22982,27198,32495,43128,46048,46407,51544,34289,44344,10809,20556,1356,1527,3133,4855,3671,7102,5009,10161,6718,9115,5896,5906,11806,15814,10227,19317,297220,94824,46469,14430,103709,10108,2243,15,12
2021-05-18T23:59:59+02:00,11,7,7161,7049,15788,16475,18846,21733,25686,30866,40435,42815,45577,50597,34051,44038,10784,20514,1335,1501,3073,4784,3595,6983,4874,10028,6535,8904,5629,5630,10105,13644,10202,19262,281413,89690,45264,14380,103607,9870,2136,13,12
2021-05-17T23:59:59+02:00,11,7,7081,6988,15605,16365,18631,21564,25288,30538,38681,41176,45467,50518,34004,43972,10775,20490,1302,1478,3017,4739,3531,6924,4806,9925,6438,8803,5588,5590,10091,13626,10199,19254,281197,89621,40491,14098,103563,9687,1897,13,12
2021-05-16T23:59:59+02:00,10,6,6966,6936,15485,16277,18502,21457,25105,30423,35697,38405,45431,50483,33982,43948,10772,20485,1278,1460,2973,4697,3483,6867,4720,9857,6342,8722,5558,5553,10079,13610,10197,19251,280918,89573,34337,13829,103442,9577,1660,13,12
2021-05-15T23:59:59+02:00,10,6,6942,6905,15424,16219,18456,21417,25038,30380,35661,38364,45408,50456,33975,43943,10772,20485,1266,1434,2941,4624,3464,6798,4701,9775,6320,8672,5552,5548,10074,13609,10197,19251,280436,89518,34337,13825,103428,9228,1647,13,12
2021-05-14T23:59:59+02:00,10,5,6765,6535,15079,15719,18144,21000,24703,29918,35415,38012,45379,50425,33965,43938,10772,20483,1209,1373,2863,4520,3417,6694,4637,9624,6238,8543,5522,5504,10061,13600,10197,19250,279378,89433,34189,13806,101106,8424,1581,13,12
2021-05-13T23:59:59+02:00,10,5,6414,6219,14322,15135,17438,20368,23844,29176,34646,37342,45091,50081,33886,43813,10768,20472,1031,1289,2667,4411,3298,6572,4496,9454,6116,8400,5479,5466,10046,13583,10193,19245,272968,89284,33865,13725,100891,7436,1293,13,12
2021-05-12T23:59:59+02:00,10,5,6012,5946,13342,14458,16417,19566,23178,28739,34340,37059,44906,49886,33855,43782,10765,20469,1028,1287,2660,4405,3279,6568,4491,9444,6108,8395,5473,5460,10044,13578,10192,19244,266699,89223,33856,13715,100887,7431,1280,13,11
2021-05-11T23:59:59+02:00,10,5,5637,5722,12754,14010,14611,18124,20223,26211,32025,34731,43852,48626,33531,43310,10736,20420,966,1213,2543,4233,3172,6334,4372,9156,5992,8169,5402,5382,10002,13517,10184,19228,249397,88749,33579,13499,100449,6509,1100,13,11
2021-05-10T23:59:59+02:00,10,5,5488,5625,12482,13884,14260,17901,19421,25640,30647,33710,43320,48013,33474,43222,10728,20400,923,1154,2444,4071,3077,6132,4247,8892,5870,7972,5365,5351,9990,13501,10180,19219,243919,88641,33368,13438,100144,5515,786,13,11
2021-05-09T23:59:59+02:00,10,5,5082,5384,11287,13351,13258,17538,18395,25310,30102,33419,43264,47941,33449,43208,10725,20393,899,1124,2344,3966,2987,5993,4115,8717,5776,7867,5357,5337,9983,13497,10175,19216,238581,88596,33296,13396,99803,4926,428,13,10
2021-05-08T23:59:59+02:00,10,5,5071,5375,11265,13332,13232,17519,18365,25277,30062,33376,43256,47930,33448,43204,10725,20393,895,1118,2331,3958,2981,5993,4111,8711,5773,7864,5354,5334,9980,13492,10175,19216,238312,88568,33295,13396,99802,4892,423,13,10
2021-05-07T23:59:59+02:00,10,5,4970,5292,11037,13164,12940,17302,17756,24677,29114,32480,43065,47690,33392,43132,10721,20387,868,1087,2295,3903,2935,5947,4056,8656,5690,7811,5307,5287,9968,13482,10175,19215,235818,88431,31401,13393,99694,4643,208,13,10
2021-05-06T23:59:59+02:00,10,5,4555,5012,10368,12746,12180,16636,16150,23230,26564,30087,42361,46941,33226,42896,10705,20364,812,1032,2157,3653,2766,5638,3861,8183,5494,7488,5256,5234,9945,13454,10173,19207,227051,88249,28049,13079,98875,2970,48,13,10
2021-05-05T23:59:59+02:00,10,5,4242,4784,9773,12300,11459,16054,15049,22202,23711,27325,41382,45833,32944,42508,10687,20323,798,1010,2095,3527,2709,5482,3767,7972,5398,7352,5207,5179,9908,13415,10171,19204,214021,87987,27866,12941,98651,2219,40,13,10
2021-05-04T23:59:59+02:00,10,5,3892,4324,9100,11601,10686,15213,13745,20947,20099,23910,40034,44372,32571,41987,10664,20285,780,980,2028,3410,2639,5346,3675,7820,5302,7229,5169,5132,9877,13386,10169,19201,196924,87768,27848,12641,98626,1693,34,13,10
2021-05-03T23:59:59+02:00,10,4,3650,3901,8689,11106,10208,14586,13210,20292,19376,23263,39769,44120,32492,41884,10661,20270,766,951,1961,3303,2582,5238,3615,7705,5252,7142,5155,5121,9862,13369,10166,19196,191057,87628,27836,12633,98563,1094,22,13,10
2021-05-02T23:59:59+02:00,10,4,3647,3899,8671,11099,10199,14578,13189,20280,19358,23254,39768,44119,32491,41883,10660,20270,762,934,1931,3222,2536,5141,3568,7580,5232,7076,5151,5118,9861,13365,10166,19194,190969,87610,27823,12602,98556,600,18,13,10
2021-05-01T23:59:59+02:00,10,4,3645,3892,8658,11086,10191,14569,13182,20278,19347,23245,39768,44117,32491,41883,10660,20270,761,934,1930,3222,2536,5141,3568,7580,5232,7076,5151,5118,9861,13365,10165,19194,190889,87609,27821,12601,98556,600,17,13,10
2021-04-30T23:59:59+02:00,10,3,3622,3869,8612,11050,10148,14530,13121,20239,19244,23094,39499,43794,32470,41863,10659,20270,758,930,1917,3213,2535,5132,3565,7573,5230,7069,5148,5115,9857,13364,10165,19194,189964,87583,27552,12598,98551,560,17,13,10
2021-04-29T23:59:59+02:00,10,3,3356,3696,8178,10776,9598,14245,12627,19875,18506,22366,36436,40340,32210,41496,10648,20235,745,916,1869,3152,2486,5066,3499,7431,5138,6970,5109,5081,9835,13321,10163,19188,184416,87378,21712,12442,98445,126,16,12,10
2021-04-28T23:59:59+02:00,10,3,3194,3629,7914,10665,9201,14070,12250,19638,18018,21932,32644,36020,31993,41195,10635,20213,728,901,1843,3113,2441,5017,3462,7373,5072,6906,5046,5020,9782,13263,10160,19179,173243,87168,21559,12004,98399,117,11,12,9
2021-04-27T23:59:59+02:00,9,3,3113,3563,7654,10533,8848,13897,11765,19413,17540,21443,27078,29826,31616,40687,10614,20181,718,887,1811,3076,2405,4971,3407,7314,5017,6829,4995,4950,9747,13212,10157,19170,157892,86958,21537,11578,98331,114,11,12,8
2021-04-26T23:59:59+02:00,9,3,3060,3529,7512,10468,8682,13838,11534,19345,17015,21056,27044,29792,31602,40672,10614,20181,695,855,1743,3016,2338,4914,3341,7224,4921,6725,4896,4875,9667,13128,10155,19167,157315,86826,21319,10704,97299,114,11,12,8
2021-04-25T23:59:59+02:00,9,3,3022,3512,7350,10416,8444,13788,11202,19301,16185,20584,25487,28130,31547,40609,10614,20178,695,854,1737,3011,2331,4911,3335,7216,4917,6716,4893,4870,9659,13117,10155,19167,156827,86803,21309,10667,92222,98,11,12,8
2021-04-24T23:59:59+02:00,9,3,3018,3506,7334,10403,8433,13780,11188,19292,16168,20566,25444,28067,31544,40603,10613,20177,695,854,1737,3010,2331,4911,3334,7216,4917,6716,4893,4869,9657,13116,10155,19167,156625,86797,21305,10667,92195,98,11,12,8
2021-04-23T23:59:59+02:00,9,3,3000,3488,7292,10360,8388,13735,11120,19232,16108,20502,25021,27563,31511,40547,10610,20174,686,846,1719,3001,2315,4882,3281,7178,4818,6621,4756,4746,9490,12917,10149,19152,155435,86506,21165,9938,92040,98,11,12,7
2021-04-22T23:59:59+02:00,8,3,2921,3406,7100,10176,7846,13327,9909,18438,14554,19457,23006,25130,31299,40278,10591,20145,621,795,1604,2889,2190,4718,3119,7007,4634,6421,4601,4572,8978,12260,10113,19073,150635,84590,15860,8911,91076,79,11,12,7
2021-04-21T23:59:59+02:00,8,3,2868,3358,6976,10086,7635,13172,9542,18196,14084,19010,20490,21987,31001,39890,10574,20119,572,771,1524,2809,2103,4627,2992,6863,4471,6257,4415,4391,8407,11497,10070,18984,143615,82796,15096,7871,90266,71,11,11,7
2021-04-20T23:59:59+02:00,8,3,2828,3319,6869,9997,7497,13063,9289,17978,13593,18616,17100,17922,30688,39414,10557,20083,542,737,1451,2745,2016,4548,2893,6743,4336,6096,4229,4197,7545,10284,10002,18833,134755,79881,14851,7237,89196,66,11,11,5
2021-04-19T23:59:59+02:00,8,3,2814,3311,6822,9956,7445,13028,9213,17904,13456,18500,16767,17541,30654,39375,10555,20078,482,697,1331,2650,1917,4450,2760,6584,4139,5904,3975,3892,5714,7862,9787,18436,134435,74053,14655,6451,88318,63,11,11,5
2021-04-18T23:59:59+02:00,8,3,2798,3297,6745,9930,7340,12979,9015,17837,12620,18371,15355,16133,30586,39313,10552,20071,476,691,1321,2642,1902,4439,2727,6554,4078,5855,3899,3820,5304,7238,9742,18353,134221,72564,14512,6405,84198,59,11,11,5
2021-04-17T23:59:59+02:00,8,3,2788,3293,6728,9908,7310,12958,8983,17798,12587,18351,15302,16083,30532,39241,10551,20071,476,689,1321,2641,1901,4435,2723,6549,4075,5851,3898,3818,5299,7237,9741,18352,133867,72529,14511,6405,84095,59,11,11,5
2021-04-16T23:59:59+02:00,8,3,2775,3279,6694,9893,7259,12919,8908,17746,12479,18248,15057,15806,30013,38591,10548,20064,476,687,1316,2636,1892,4433,2717,6543,4067,5843,3893,3812,5282,7207,9741,18350,132342,72431,14504,6394,83422,57,11,11,5
2021-04-15T23:59:59+02:00,8,3,2722,3221,6561,9792,7070,12741,8565,17473,12005,17783,14000,14588,27897,35784,10532,20041,467,681,1311,2610,1877,4410,2694,6515,4024,5790,3838,3737,5251,7156,9733,18338,126425,72116,14228,6258,80112,46,10,11,5
2021-04-14T23:59:59+02:00,7,1,2666,3171,6467,9697,6926,12580,8293,17206,11575,17320,12819,13205,23186,29702,10512,19987,463,675,1297,2600,1865,4393,2672,6490,3981,5753,3791,3686,5190,7102,9704,18302,114041,71822,14195,6106,77064,24,10,10,5
2021-04-13T23:59:59+02:00,7,1,2614,3137,6339,9611,6775,12447,8014,16957,11151,16899,10155,10280,20111,25537,10490,19944,447,650,1249,2557,1812,4326,2561,6388,3801,5590,3577,3501,5043,6964,9695,18280,105628,71472,14001,4937,70820,20,10,10,5
2021-04-12T23:59:59+02:00,7,1,2593,3123,6279,9582,6667,12360,7822,16829,10904,16692,8788,8786,19289,24565,10489,19935,441,641,1229,2542,1796,4303,2527,6346,3748,5538,3516,3453,5008,6923,9690,18258,105507,71331,13946,4600,65238,16,10,10,5
2021-04-11T23:59:59+02:00,7,1,2565,3115,6183,9555,6552,12323,7656,16779,10704,16586,7512,7507,17561,22586,10487,19932,441,641,1228,2540,1796,4302,2527,6346,3746,5533,3512,3452,5002,6921,9690,18258,105437,71321,13940,4590,58214,12,10,10,5
2021-04-10T23:59:59+02:00,7,1,2564,3113,6173,9550,6543,12318,7651,16774,10697,16577,7504,7494,17552,22580,10487,19932,440,638,1226,2537,1795,4300,2525,6341,3743,5532,3503,3438,4994,6907,9690,18258,105355,71261,13939,4583,58204,12,9,10,5
2021-04-09T23:59:59+02:00,7,1,2502,3015,6038,9340,6386,12056,7391,16366,10385,16078,7347,7289,17436,22400,10486,19930,435,633,1208,2525,1768,4285,2494,6292,3664,5453,3390,3328,4855,6818,9685,18255,104886,71179,13910,3888,55638,10,9,10,5
2021-04-08T23:59:59+02:00,7,1,2423,2943,5942,9221,6283,11927,7220,16180,10128,15890,7153,7030,16177,20941,10475,19900,428,628,1196,2493,1743,4249,2467,6219,3612,5387,3315,3281,4775,6713,9663,18210,101236,70737,13556,3622,55030,9,9,10,5
2021-04-07T23:59:59+02:00,7,1,2396,2907,5869,9150,6195,11852,7087,16080,9886,15739,6855,6702,13859,17991,10454,19853,422,627,1186,2480,1730,4225,2453,6179,3545,5328,3244,3228,4720,6653,9656,18182,95077,70461,13395,3378,54393,8,9,9,5
2021-04-06T23:59:59+02:00,7,1,2379,2874,5772,9084,6103,11772,6934,15966,9646,15555,6498,6338,11757,15385,10427,19793,419,620,1179,2453,1718,4202,2427,6141,3481,5263,3160,3178,4675,6599,9651,18166,90037,70218,13094,3097,53144,8,7,9,5
2021-04-05T23:59:59+02:00,7,1,2371,2864,5754,9067,6091,11753,6921,15947,9626,15530,6374,6240,10476,14090,10427,19792,415,612,1175,2438,1712,4186,2411,6110,3448,5222,3130,3141,4654,6553,9645,18150,89955,70027,13058,2960,50303,7,6,9,5
2021-04-04T23:59:59+02:00,7,1,2371,2864,5751,9064,6089,11753,6919,15947,9624,15529,6369,6236,10476,14088,10427,19792,415,611,1175,2437,1712,4186,2410,6110,3448,5222,3130,3141,4652,6553,9645,18150,89946,70023,13056,2959,50290,7,6,9,5
2021-04-03T23:59:59+02:00,7,1,2369,2856,5743,9057,6084,11749,6916,15943,9621,15527,6366,6231,10469,14085,10427,19792,415,611,1175,2437,1712,4186,2410,6110,3448,5221,3130,3141,4652,6553,9645,18150,89889,70022,13055,2959,50284,7,6,9,5
2021-04-02T23:59:59+02:00,7,1,2367,2854,5737,9050,6082,11746,6912,15942,9617,15525,6362,6225,10455,14056,10426,19791,413,609,1174,2437,1711,4185,2409,6110,3447,5214,3104,3124,4642,6544,9645,18150,89806,69945,13052,2958,50283,7,6,8,5
2021-04-01T23:59:59+02:00,7,1,2346,2851,5706,9021,6039,11704,6869,15887,9562,15469,6269,6128,10160,13709,10403,19743,411,593,1171,2431,1704,4174,2393,6093,3420,5193,3040,3075,4582,6472,9570,18036,88819,69389,13031,2955,50011,7,5,8,5
2021-03-31T23:59:59+02:00,7,1,2312,2824,5630,8955,5971,11610,6764,15774,9428,15334,6124,5985,9609,12967,10361,19653,406,587,1165,2420,1697,4158,2386,6080,3400,5159,3008,3042,4535,6413,9514,17935,86837,68940,12817,2953,49643,7,4,8,4
2021-03-30T23:59:59+02:00,7,1,2292,2808,5583,8897,5908,11535,6693,15675,9330,15190,5938,5771,8702,11629,10286,19472,404,585,1162,2416,1684,4141,2368,6057,3366,5115,2951,2974,4447,6314,9383,17696,83766,68237,12435,2815,49506,7,4,6,3
2021-03-29T23:59:59+02:00,6,1,2225,2754,5479,8786,5800,11384,6524,15443,9097,14935,5579,5394,6760,9095,10066,19051,397,581,1151,2405,1671,4129,2343,6030,3336,5058,2881,2909,4328,6210,9178,17363,77671,67280,11622,2679,49077,7,4,5,3
2021-03-28T23:59:59+02:00,6,1,2203,2741,5435,8727,5724,11306,6436,15357,8980,14817,5455,5240,6116,8166,10001,18935,388,575,1136,2388,1646,4102,2296,5968,3280,4966,2795,2830,4212,6065,9104,17226,75374,66818,11364,2151,48899,4,4,5,3
2021-03-27T23:59:59+01:00,6,1,2203,2735,5424,8721,5720,11291,6421,15335,8969,14804,5427,5213,6106,8163,10001,18934,388,575,1134,2387,1645,4097,2292,5965,3271,4959,2790,2827,4196,6040,9024,17079,75267,66511,11364,2150,48834,4,4,5,3
2021-03-26T23:59:59+01:00,6,1,2187,2715,5387,8683,5681,11242,6341,15265,8820,14655,5264,5064,5937,7982,9999,18926,384,567,1128,2374,1629,4069,2264,5929,3237,4905,2729,2764,4012,5784,8319,15903,74920,63877,10532,2112,48694,4,4,5,3
2021-03-25T23:59:59+01:00,6,0,2070,2634,5211,8468,5478,10965,6133,14964,8580,14366,5104,4911,5841,7863,9997,18918,375,553,1107,2348,1605,4040,2218,5871,3164,4827,2631,2661,3638,5291,7187,14164,74466,59780,9583,1893,47452,4,3,5,3
2021-03-24T23:59:59+01:00,6,0,1983,2586,5063,8307,5317,10772,5969,14726,8375,14134,4964,4752,5727,7747,9991,18907,371,542,1094,2320,1572,3984,2159,5806,3076,4726,2497,2546,3211,4671,5783,11939,74089,54743,8420,1547,46809,4,3,5,3
2021-03-23T23:59:59+01:00,6,0,1906,2533,4952,8184,5218,10630,5848,14533,8259,13966,4882,4666,5661,7688,9984,18888,360,517,1075,2285,1538,3926,2115,5716,2994,4635,2408,2452,2761,4037,3878,8721,73694,48013,7673,1399,46429,3,3,5,3
2021-03-22T23:59:59+01:00,6,0,1841,2474,4817,8048,5085,10454,5688,14300,8067,13751,4778,4552,5592,7579,9968,18843,333,500,1046,2247,1493,3852,2049,5606,2892,4484,2293,2299,2241,3352,1347,4581,73191,39446,6635,1164,46009,1,3,5,3
2021-03-21T23:59:59+01:00,6,0,1839,2468,4805,8033,5070,10444,5672,14283,8037,13727,4755,4537,5576,7567,9964,18843,332,500,1040,2233,1484,3823,2031,5568,2866,4434,2252,2251,2199,3311,1330,4536,73168,39306,6585,880,45866,1,2,5,3
2021-03-20T23:59:59+01:00,6,0,1839,2468,4804,8032,5069,10442,5671,14282,8030,13721,4754,4536,5568,7559,9964,18843,332,500,1040,2233,1484,3823,2031,5568,2865,4433,2251,2248,2199,3311,1329,4536,73157,39303,6585,876,45839,1,2,5,3
2021-03-19T23:59:59+01:00,6,0,1786,2220,4287,6736,4660,9458,5401,13724,7805,13319,4627,4438,5498,7493,9964,18843,331,500,1040,2233,1484,3822,2030,5567,2864,4433,2249,2247,2194,3305,1328,4534,73099,39287,6575,870,40584,1,2,5,3
2021-03-18T23:59:59+01:00,6,0,1731,1965,3868,5670,4129,8073,4580,11182,6447,9983,4261,4137,5296,7272,9943,18803,330,497,1033,2220,1477,3797,2002,5527,2839,4409,2227,2232,2169,3276,1323,4525,72668,39092,6513,787,28158,1,2,5,3
2021-03-17T23:59:59+01:00,6,0,1725,1956,3858,5644,4112,8043,4556,11118,6397,9911,4222,4090,5257,7228,9937,18780,327,496,1029,2212,1471,3788,1995,5512,2829,4383,2200,2205,2149,3261,1316,4511,72412,38941,6453,738,27968,1,2,5,3
2021-03-16T23:59:59+01:00,6,0,1702,1922,3799,5563,4041,7932,4427,10954,6192,9711,3999,3901,5117,7069,9931,18759,325,492,1028,2193,1466,3775,1986,5498,2820,4364,2192,2191,2137,3232,1308,4482,72095,38775,5176,709,27747,1,2,5,3
2021-03-15T23:59:59+01:00,6,0,1692,1902,3774,5529,4016,7895,4376,10884,6111,9626,3916,3834,5064,7009,9925,18734,322,488,1019,2176,1458,3769,1970,5462,2802,4336,2177,2159,2112,3170,1300,4444,71871,38556,4814,605,27603,1,0,5,3
2021-03-14T23:59:59+01:00,6,0,1686,1892,3766,5519,4011,7879,4367,10853,6103,9604,3909,3825,5059,7001,9924,18732,322,488,1017,2176,1453,3766,1967,5460,2784,4330,2170,2157,2102,3160,1296,4442,71839,38548,4798,539,27494,1,0,5,3
2021-03-13T23:59:59+01:00,6,0,1683,1887,3753,5496,4004,7870,4347,10842,6089,9588,3906,3822,5056,6998,9924,18732,322,488,1017,2176,1453,3766,1967,5459,2784,4329,2169,2156,2102,3158,1288,4437,71815,38529,4793,539,27390,1,0,5,3
2021-03-12T23:59:59+01:00,5,0,1644,1830,3238,5349,3488,7756,4211,10717,5863,9299,3739,3676,4915,6890,9899,18685,317,466,1013,2146,1445,3742,1947,5388,2730,4244,1990,2000,2042,3108,1281,4431,71602,37757,4073,531,25524,0,0,5,3
2021-03-11T23:59:59+01:00,5,0,1535,1693,2851,5087,3051,7500,3929,10303,5233,8404,3515,3500,4809,6773,9861,18635,316,465,1010,2133,1442,3722,1940,5369,2721,4227,1983,1992,2028,3091,1276,4413,71038,37635,3811,491,21830,0,0,5,3
2021-03-10T23:59:59+01:00,5,0,1505,1661,2812,5042,3015,7441,3872,10216,5125,8287,3389,3396,4694,6659,9818,18568,314,464,1008,2130,1440,3711,1936,5356,2709,4207,1965,1984,2003,3059,1265,4399,70629,37552,3481,396,21390,0,0,5,3
2021-03-09T23:59:59+01:00,5,0,1496,1645,2779,5017,2994,7397,3834,10156,5047,8207,3292,3313,4614,6569,9712,18358,311,463,1004,2124,1433,3698,1910,5334,2667,4177,1924,1959,1952,3031,1253,4390,70037,37522,3214,106,21179,0,0,5,3
2021-03-08T23:59:59+01:00,5,0,1481,1631,2750,4990,2968,7367,3811,10108,5023,8144,3251,3273,4539,6505,9538,18059,311,463,1002,2120,1425,3682,1893,5301,2648,4149,1905,1940,1927,3008,1247,4371,69247,37374,3205,16,20986,0,0,5,3
2021-03-07T23:59:59+01:00,5,0,1468,1621,2720,4945,2934,7319,3778,10046,4980,8083,3215,3240,4473,6405,9461,17915,311,462,1001,2119,1424,3677,1890,5291,2647,4144,1901,1937,1923,3003,1244,4363,68708,37321,3151,14,20744,0,0,5,3
2021-03-06T23:59:59+01:00,5,0,1467,1619,2714,4934,2931,7310,3770,10039,4962,8067,3205,3230,4450,6365,9372,17746,311,462,999,2116,1424,3675,1884,5282,2645,4142,1896,1929,1917,3001,1243,4360,68316,37271,3151,14,20714,0,0,5,2
2021-03-05T23:59:59+01:00,5,0,1394,1540,2616,4772,2874,7152,3685,9832,4861,7871,3155,3171,4233,6079,8667,16558,311,462,997,2114,1419,3670,1882,5281,2641,4135,1887,1925,1912,2998,1238,4357,65672,37214,3148,14,19640,0,0,5,2
2021-03-04T23:59:59+01:00,5,0,1221,1436,2446,4572,2702,6882,3517,9486,4603,7528,3038,3046,3872,5623,7504,14742,310,454,988,2090,1403,3630,1854,5228,2613,4087,1859,1900,1879,2943,1211,4311,61473,36745,3145,14,17600,0,0,5,2
2021-03-03T23:59:59+01:00,5,0,1188,1383,2367,4464,2642,6758,3430,9321,4506,7384,2951,2976,3496,5022,6118,12557,306,445,976,2067,1391,3602,1840,5178,2557,4032,1810,1865,1854,2913,1196,4283,56420,36300,3119,14,17025,0,0,4,2
2021-03-02T23:59:59+01:00,5,0,1154,1346,2307,4406,2590,6667,3348,9198,4369,7235,2836,2850,3013,4357,4116,9202,301,436,971,2040,1378,3558,1825,5123,2525,4005,1800,1850,1835,2887,1185,4256,49381,35960,2871,14,16744,0,0,3,2
2021-03-01T23:59:59+01:00,5,0,1095,1316,2245,4343,2516,6580,3254,9071,4227,7046,2704,2713,2443,3615,1400,4747,300,433,964,2028,1367,3539,1817,5108,2512,3989,1784,1840,1818,2868,1173,4228,40326,35753,2482,14,16509,0,0,3,2
2021-02-28T23:59:59+01:00,5,0,1061,1302,2203,4306,2486,6536,3206,9013,4165,6987,2637,2667,2394,3584,1392,4727,300,432,961,2022,1365,3526,1814,5094,2506,3981,1777,1829,1805,2857,1166,4213,40230,35633,2188,14,16250,0,0,3,2
2021-02-27T23:59:59+01:00,5,0,1019,1219,2138,4062,2428,6302,3142,8715,4073,6731,2582,2610,2374,3560,1389,4727,300,432,960,2022,1365,3526,1814,5093,2505,3981,1777,1828,1803,2857,1166,4213,40124,35627,2187,14,14762,0,0,3,2
2021-02-26T23:59:59+01:00,4,0,852,965,1936,3669,2265,5632,2924,7791,3762,5937,2533,2557,2356,3546,1386,4725,300,432,960,2019,1363,3524,1812,5092,2503,3980,1777,1825,1796,2856,1164,4206,40108,35594,2100,14,10629,0,0,3,2
2021-02-25T23:59:59+01:00,4,0,508,808,1656,3470,2082,5327,2727,7392,3535,5634,2451,2480,2316,3485,1382,4711,290,411,935,1969,1333,3455,1782,5011,2474,3916,1752,1798,1758,2812,1137,4166,39911,34985,1843,13,8211,0,0,3,2
2021-02-24T23:59:59+01:00,3,0,488,790,1620,3373,2020,5197,2667,7209,3469,5492,2385,2433,2281,3456,1373,4678,281,407,920,1935,1318,3401,1769,4950,2450,3871,1741,1780,1749,2793,1125,4139,39723,34624,1674,4,7534,0,0,3,2
2021-02-23T23:59:59+01:00,3,0,469,753,1559,3270,1965,5057,2589,7078,3383,5387,2325,2374,2246,3399,1358,4647,279,403,915,1920,1311,3371,1760,4919,2429,3839,1721,1760,1729,2758,1110,4086,39577,34305,1403,4,6879,0,0,3,2
2021-02-22T23:59:59+01:00,2,0,453,722,1504,3168,1926,4918,2530,6860,3322,5243,2317,2278,2231,3320,1354,4602,278,400,912,1909,1303,3344,1743,4883,2415,3809,1702,1741,1702,2730,1095,4041,39366,34004,1140,2,6241,0,0,3,2
2021-02-21T23:59:59+01:00,2,0,445,684,1446,3026,1878,4768,2477,6701,3239,5139,2281,2245,2204,3300,1344,4597,278,399,909,1901,1302,3335,1739,4873,2411,3800,1700,1738,1701,2728,1095,4040,39324,33946,907,2,5542,0,0,3,2
2021-02-20T23:59:59+01:00,2,0,441,679,1438,3022,1872,4768,2474,6698,3235,5135,2278,2244,2204,3299,1343,4597,278,399,909,1900,1302,3334,1739,4873,2410,3799,1699,1737,1698,2728,1094,4038,39320,33934,903,2,5503,0,0,3,2
2021-02-19T23:59:59+01:00,1,0,420,642,1409,2960,1844,4712,2432,6598,3148,5016,2098,2080,2141,3249,1338,4591,276,398,907,1898,1301,3333,1739,4868,2407,3798,1697,1735,1696,2727,1094,4037,38561,33909,884,2,5231,0,0,3,1
2021-02-18T23:59:59+01:00,1,0,395,586,1304,2717,1740,4468,2294,6336,3046,4834,2069,2064,2125,3232,1333,4583,276,392,899,1865,1292,3294,1721,4820,2388,3762,1685,1724,1679,2715,1082,4019,38487,33611,811,2,3826,0,0,3,1
2021-02-17T23:59:59+01:00,1,0,379,555,1265,2587,1683,4293,2224,6093,2987,4685,2050,2045,2102,3212,1318,4574,267,375,863,1780,1249,3165,1660,4661,2313,3626,1608,1655,1605,2604,1031,3902,38331,32363,760,1,2959,0,0,3,1
2021-02-16T23:59:59+01:00,1,0,361,525,1210,2467,1633,4157,2145,5908,2906,4548,2041,2041,2094,3205,1313,4563,259,358,842,1699,1194,3029,1599,4457,2241,3449,1558,1601,1544,2504,1004,3774,38271,31111,730,1,2114,0,0,3,1
2021-02-15T23:59:59+01:00,1,0,351,503,1137,2323,1588,4084,2113,5855,2878,4507,2022,2024,2072,3175,1306,4543,252,339,819,1654,1162,2953,1543,4321,2170,3329,1482,1537,1488,2395,962,3596,38164,30001,620,1,1695,0,0,3,1
2021-02-14T23:59:59+01:00,1,0,343,498,1113,2267,1525,3920,2071,5762,2847,4468,2016,2022,2061,3166,1304,4536,245,334,801,1627,1146,2914,1501,4269,2132,3299,1466,1516,1464,2359,947,3554,38145,29573,555,1,1217,0,0,3,1
2021-02-13T23:59:59+01:00,1,0,343,498,1112,2267,1525,3919,2069,5761,2847,4468,2015,2020,2060,3166,1303,4533,245,334,801,1627,1146,2914,1500,4267,2132,3299,1464,1513,1463,2358,947,3553,38134,29562,555,1,1216,0,0,2,1
2021-02-12T23:59:59+01:00,1,0,339,495,1095,2258,1520,3905,2064,5752,2844,4462,2001,2010,2054,3152,1298,4530,244,333,795,1622,1140,2905,1483,4248,2113,3286,1451,1497,1448,2327,940,3520,38066,29351,547,1,1165,0,0,2,1
2021-02-11T23:59:59+01:00,1,0,319,471,1030,2160,1466,3778,1970,5488,2758,4341,1971,1977,2014,3087,1273,4474,224,306,746,1517,1060,2679,1359,3891,1929,2979,1263,1290,1279,2050,833,3170,37675,26574,510,1,391,0,0,2,1
2021-02-10T23:59:59+01:00,1,0,313,462,1008,2119,1428,3699,1916,5325,2662,4160,1902,1927,1971,3048,1255,4447,199,260,653,1327,932,2296,1171,3287,1690,2563,1103,1115,1131,1804,724,2825,37265,23079,375,1,1,0,0,2,1
2021-02-09T23:59:59+01:00,1,0,307,452,1000,2087,1412,3647,1872,5258,2595,4104,1845,1889,1903,2995,1234,4426,165,200,554,1067,784,1852,966,2677,1426,2151,956,954,943,1525,608,2411,36962,19239,62,0,1,0,0,2,1
2021-02-08T23:59:59+01:00,1,0,306,450,997,2080,1402,3630,1864,5235,2575,4087,1831,1877,1885,2977,1227,4401,114,165,454,853,620,1435,767,2027,1150,1664,768,778,751,1206,485,1962,36804,15199,18,0,1,0,0,2,1
2021-02-07T23:59:59+01:00,1,0,306,450,996,2079,1401,3625,1861,5232,2568,4084,1825,1868,1869,2970,1223,4394,105,146,404,707,546,1260,688,1812,1054,1517,695,698,675,1085,420,1742,36735,13554,15,0,0,0,0,2,1
2021-02-06T23:59:59+01:00,1,0,306,450,995,2078,1401,3622,1861,5230,2568,4081,1825,1867,1864,2968,1220,4392,105,145,399,704,541,1236,672,1793,1043,1495,692,694,670,1081,419,1738,36712,13428,15,0,0,0,0,2,0
2021-02-05T23:59:59+01:00,1,0,306,449,993,2075,1397,3613,1857,5216,2562,4075,1824,1866,1856,2960,1211,4379,101,138,384,686,524,1207,640,1741,995,1432,654,643,625,1007,393,1650,36623,12821,15,0,0,0,0,2,0
2021-02-04T23:59:59+01:00,1,0,299,432,982,2043,1378,3560,1838,5139,2547,4027,1808,1846,1831,2925,1194,4348,76,107,285,464,363,814,456,1178,683,973,506,469,483,796,307,1316,36181,9277,15,0,0,0,0,2,0
2021-02-03T23:59:59+01:00,1,0,295,423,964,2016,1362,3522,1825,5090,2513,3983,1788,1823,1815,2901,1181,4334,60,83,239,398,293,635,349,921,523,726,340,325,347,568,220,963,35819,6991,15,0,0,0,0,2,0
2021-02-02T23:59:59+01:00,1,0,290,416,958,1988,1353,3490,1814,5044,2490,3948,1769,1807,1789,2860,1160,4287,39,64,184,315,246,486,266,738,378,557,236,208,221,377,151,630,35447,5096,15,0,0,0,0,2,0
2021-02-01T23:59:59+01:00,1,0,289,413,953,1981,1350,3474,1806,5024,2482,3929,1762,1796,1774,2845,1154,4274,19,39,137,230,171,311,169,490,237,322,119,105,96,184,69,279,35290,2977,15,0,0,0,0,2,0
2021-01-31T23:59:59+01:00,1,0,288,412,951,1974,1347,3465,1803,5005,2478,3914,1758,1788,1770,2838,1152,4265,18,34,119,199,151,268,152,410,200,277,100,91,88,157,61,244,35192,2569,15,0,0,0,0,2,0
2021-01-30T23:59:59+01:00,1,0,288,412,951,1974,1347,3465,1803,5005,2478,3914,1757,1788,1770,2837,1152,4264,18,34,118,199,151,266,149,407,199,276,99,90,88,157,61,244,35189,2556,15,0,0,0,0,2,0
2021-01-29T23:59:59+01:00,1,0,286,409,949,1972,1346,3457,1797,4996,2475,3911,1751,1781,1761,2827,1145,4243,16,33,117,190,142,258,137,379,168,249,72,66,79,136,56,212,35091,2310,15,0,0,0,0,1,0
2021-01-28T23:59:59+01:00,1,0,282,401,929,1917,1322,3393,1772,4934,2447,3849,1729,1761,1730,2796,1126,4208,0,0,9,19,8,18,11,45,7,22,6,3,7,9,2,14,34582,180,14,0,0,0,0,1,0
2021-01-27T23:59:59+01:00,1,0,277,383,896,1837,1287,3279,1710,4811,2387,3749,1673,1713,1686,2730,1089,4126,0,0,4,6,5,11,7,19,3,12,5,3,7,9,2,13,33623,106,10,0,0,0,0,1,0
2021-01-26T23:59:59+01:00,1,0,271,374,886,1824,1272,3241,1693,4754,2356,3683,1642,1681,1649,2659,1072,4044,0,0,4,6,5,11,7,19,3,12,5,3,7,9,2,13,33094,106,7,0,0,0,0,1,0
2021-01-25T23:59:59+01:00,1,0,260,350,844,1705,1202,3077,1602,4483,2251,3475,1584,1628,1596,2574,1026,3876,0,0,1,3,1,3,4,2,3,5,5,3,6,8,2,13,31530,59,3,0,0,0,0,1,0
2021-01-24T23:59:59+01:00,1,0,257,347,833,1686,1192,3055,1571,4450,2225,3454,1573,1620,1586,2563,1021,3869,0,0,1,2,1,3,4,2,3,5,5,3,6,8,2,13,31299,58,3,0,0,0,0,1,0
2021-01-23T23:59:59+01:00,1,0,257,347,833,1686,1191,3054,1571,4446,2224,3453,1572,1620,1585,2562,1020,3864,0,0,1,2,1,3,4,2,3,5,5,3,6,8,2,13,31282,58,3,0,0,0,0,1,0
2021-01-22T23:59:59+01:00,1,0,256,345,827,1683,1187,3049,1567,4439,2212,3448,1560,1609,1579,2543,1015,3845,0,0,1,2,1,3,4,2,3,5,5,3,6,8,2,13,31161,58,3,0,0,0,0,1,0
2021-01-21T23:59:59+01:00,1,0,245,335,800,1617,1162,2921,1511,4277,2132,3312,1461,1507,1447,2380,936,3663,0,0,1,2,1,3,4,2,3,5,4,2,5,8,1,13,29703,54,3,0,0,0,0,1,0
2021-01-20T23:59:59+01:00,1,0,222,291,727,1460,1072,2605,1373,3815,1959,2957,1340,1360,1327,2182,862,3429,0,0,1,2,1,3,4,2,3,5,4,2,5,8,1,13,26979,54,2,0,0,0,0,1,0
2021-01-19T23:59:59+01:00,1,0,191,235,628,1212,925,2158,1153,3198,1678,2525,1160,1162,1100,1845,716,2915,0,0,1,1,1,2,4,1,2,5,4,2,5,8,1,13,22799,50,2,0,0,0,0,1,0
2021-01-18T23:59:59+01:00,1,0,133,185,494,951,715,1641,883,2328,1305,1912,910,929,879,1461,560,2325,0,0,0,0,0,0,0,0,1,2,2,1,0,0,0,0,17610,6,1,0,0,0,0,1,0
2021-01-17T23:59:59+01:00,1,0,120,159,434,780,630,1419,781,2075,1193,1722,845,850,798,1325,501,2118,0,0,0,0,0,0,0,0,0,1,0,0,0,0,0,0,15750,1,0,0,0,0,0,1,0
2021-01-16T23:59:59+01:00,1,0,120,158,430,779,628,1411,771,2071,1185,1715,843,845,793,1314,493,2103,0,0,0,0,0,0,0,0,0,0,0,0,0,0,0,0,15660,0,0,0,0,0,0,0,0
2021-01-15T23:59:59+01:00,1,0,110,152,418,758,602,1373,738,1993,1124,1634,799,791,749,1228,463,1987,0,0,0,0,0,0,0,0,0,0,0,0,0,0,0,0,14920,0,0,0,0,0,0,0,0
2021-01-14T23:59:59+01:00,1,0,76,112,301,491,399,885,509,1281,768,1071,583,548,543,904,353,1506,0,0,0,0,0,0,0,0,0,0,0,0,0,0,0,0,10331,0,0,0,0,0,0,0,0
2021-01-13T23:59:59+01:00,1,0,59,85,249,414,323,668,379,981,561,763,368,346,362,614,246,1042,0,0,0,0,0,0,0,0,0,0,0,0,0,0,0,0,7461,0,0,0,0,0,0,0,0
2021-01-12T23:59:59+01:00,0,0,48,69,203,356,260,543,279,807,409,596,247,218,227,406,166,696,0,0,0,0,0,0,0,0,0,0,0,0,0,0,0,0,5530,0,0,0,0,0,0,0,0
2021-01-11T23:59:59+01:00,0,0,32,50,177,307,213,441,218,648,300,420,150,126,129,248,88,398,0,0,0,0,0,0,0,0,0,0,0,0,0,0,0,0,3945,0,0,0,0,0,0,0,0
2021-01-10T23:59:59+01:00,0,0,24,41,155,255,180,363,179,537,251,359,129,106,114,204,77,320,0,0,0,0,0,0,0,0,0,0,0,0,0,0,0,0,3294,0,0,0,0,0,0,0,0
2021-01-09T23:59:59+01:00,0,0,24,41,154,253,179,361,177,531,250,358,128,105,114,204,77,320,0,0,0,0,0,0,0,0,0,0,0,0,0,0,0,0,3276,0,0,0,0,0,0,0,0
2021-01-08T23:59:59+01:00,0,0,22,40,152,244,171,351,164,500,220,332,104,89,109,189,71,298,0,0,0,0,0,0,0,0,0,0,0,0,0,0,0,0,3056,0,0,0,0,0,0,0,0
2021-01-07T23:59:59+01:00,0,0,1,0,4,9,8,13,10,6,16,11,10,9,14,21,2,32,0,0,0,0,0,0,0,0,0,0,0,0,0,0,0,0,166,0,0,0,0,0,0,0,0
2021-01-06T23:59:59+01:00,0,0,0,0,1,3,1,5,5,2,3,6,6,2,7,10,1,14,0,0,0,0,0,0,0,0,0,0,0,0,0,0,0,0,66,0,0,0,0,0,0,0,0
2021-01-05T23:59:59+01:00,0,0,0,0,1,3,1,5,5,2,3,5,6,2,6,9,1,13,0,0,0,0,0,0,0,0,0,0,0,0,0,0,0,0,62,0,0,0,0,0,0,0,0
2021-01-04T23:59:59+01:00,0,0,0,0,1,3,1,4,4,2,3,5,6,2,5,8,1,13,0,0,0,0,0,0,0,0,0,0,0,0,0,0,0,0,58,0,0,0,0,0,0,0,0
2021-01-03T23:59:59+01:00,0,0,0,0,1,2,1,4,4,2,3,5,5,2,5,8,1,13,0,0,0,0,0,0,0,0,0,0,0,0,0,0,0,0,56,0,0,0,0,0,0,0,0
2021-01-02T23:59:59+01:00,0,0,0,0,1,2,1,4,4,2,3,5,5,2,5,8,1,13,0,0,0,0,0,0,0,0,0,0,0,0,0,0,0,0,56,0,0,0,0,0,0,0,0
2021-01-01T23:59:59+01:00,0,0,0,0,1,2,1,3,4,2,3,5,5,2,5,8,1,13,0,0,0,0,0,0,0,0,0,0,0,0,0,0,0,0,55,0,0,0,0,0,0,0,0
2020-12-31T23:59:59+01:00,0,0,0,0,1,2,1,3,4,2,3,5,5,2,5,8,1,13,0,0,0,0,0,0,0,0,0,0,0,0,0,0,0,0,55,0,0,0,0,0,0,0,0
2020-12-30T23:59:59+01:00,0,0,0,0,1,2,1,3,4,2,3,5,5,2,5,8,1,13,0,0,0,0,0,0,0,0,0,0,0,0,0,0,0,0,55,0,0,0,0,0,0,0,0
2020-12-29T23:59:59+01:00,0,0,0,0,1,1,1,2,4,1,2,5,5,2,5,8,1,13,0,0,0,0,0,0,0,0,0,0,0,0,0,0,0,0,51,0,0,0,0,0,0,0,0
2020-12-28T23:59:59+01:00,0,0,0,0,1,1,1,1,2,0,1,5,4,1,1,0,0,2,0,0,0,0,0,0,0,0,0,0,0,0,0,0,0,0,20,0,0,0,0,0,0,0,0
2020-12-27T23:59:59+01:00,0,0,0,0,1,1,1,1,2,0,0,3,2,0,1,0,0,2,0,0,0,0,0,0,0,0,0,0,0,0,0,0,0,0,14,0,0,0,0,0,0,0,0
