Datum,<24_1_m,<24_1_w,25-34_1_m,25-34_1_w,35-44_1_m,35-44_1_w,45-54_1_m,45-54_1_w,55-64_1_m,55-64_1_w,65-74_1_m,65-74_1_w,75-84_1_m,75-84_1_w,>84_1_m,>84_1_w,<24_2_m,<24_2_w,25-34_2_m,25-34_2_w,35-44_2_m,35-44_2_w,45-54_2_m,45-54_2_w,55-64_2_m,55-64_2_w,65-74_2_m,65-74_2_w,75-84_2_m,75-84_2_w,>84_2_m,>84_2_w,bp_1,bp_2,mo_1,mo_2,az_1,az_2,ja
2021-06-02T23:59:59+02:00,12528,12482,23041,22275,26885,29289,35859,40364,56027,59413,46676,52337,33029,43482,9138,18062,3358,3698,6972,7769,7261,10555,9139,14629,11113,13733,12108,14107,25138,33790,8603,17016,359896,150395,53224,17333,102682,26176,5085
2021-06-01T23:59:59+02:00,12081,12116,22451,21811,26230,28761,35175,39816,53156,56389,46347,51998,32934,43347,9125,18041,2815,3287,5643,7127,6035,10017,7784,13976,10133,12782,7988,8803,24770,33255,8584,16972,349757,132945,53085,17088,102664,25666,4272
2021-05-31T23:59:59+02:00,11751,11848,21900,21441,25864,28529,34845,39614,51728,55010,46265,51879,32906,43314,9118,18036,2690,3156,5379,6891,5793,9817,7432,13741,9933,12655,7946,8752,24750,33215,8576,16963,345069,132201,53050,16973,102645,25231,3284
2021-05-30T23:59:59+02:00,11689,11796,21814,21406,25801,28492,34732,39542,51369,54671,46245,51858,32901,43308,9116,18034,2665,3115,5272,6821,5692,9750,7241,13653,9712,12555,7918,8726,24738,33208,8575,16958,343891,131620,53033,16801,102636,24964,3214
2021-05-29T23:59:59+02:00,11666,11782,21787,21390,25786,28480,34712,39529,51357,54655,46240,51853,32900,43308,9116,18034,2641,3054,5225,6696,5629,9619,7123,13448,9578,12337,7852,8653,24676,33148,8574,16957,343741,131347,53033,16751,102615,23906,3206
2021-05-28T23:59:59+02:00,11602,11701,21708,21281,25714,28366,34642,39437,51281,54565,46222,51837,32892,43297,9116,18031,2527,2724,4536,6167,5091,8891,6768,12463,9083,11423,7718,8503,24330,32691,8574,16955,342905,129918,53022,16656,102566,18671,3199
2021-05-27T23:59:59+02:00,11292,11427,21197,20919,25194,28029,34107,39048,50714,53988,46072,51680,32839,43234,9114,18016,2248,2419,3943,5673,4481,8302,6244,11672,8133,10147,7321,7924,22812,30632,8560,16937,338758,124387,52615,15534,102463,14493,3034
2021-05-26T23:59:59+02:00,10966,11158,20454,20341,24220,27231,33111,38223,49988,53301,45858,51427,32777,43136,9106,18000,2178,2343,3857,5545,4351,8132,6033,11413,7770,9745,6787,7191,20460,27324,8546,16909,334169,116062,49816,15281,102412,14341,2900
2021-05-25T23:59:59+02:00,10662,10900,20057,19984,23782,26825,32587,37719,49114,52325,45606,51155,32710,43008,9096,17980,2105,2289,3745,5446,4214,7991,5822,11187,7423,9403,6189,6348,16502,22159,8529,16866,328680,104217,49735,15240,102339,14005,2756
2021-05-24T23:59:59+02:00,10421,10732,19505,19695,22663,26192,31607,37062,48909,52156,45520,51070,32688,42984,9095,17979,2076,2271,3701,5411,4148,7945,5757,11133,7351,9346,6167,6328,16493,22152,8529,16866,327142,104106,46229,15228,102285,13718,2622
2021-05-23T23:59:59+02:00,10196,10519,19157,19431,22264,25859,31184,36733,48325,51636,45150,50659,32611,42877,9087,17970,2071,2270,3696,5406,4143,7942,5747,11124,7345,9342,6163,6318,16493,22150,8529,16866,322526,104060,46228,15226,102284,13699,2620
2021-05-22T23:59:59+02:00,10168,10483,19108,19400,22223,25831,31138,36705,48231,51569,45134,50641,32608,42873,9084,17970,2069,2267,3686,5395,4139,7936,5743,11119,7337,9338,6161,6316,16492,22150,8529,16866,322047,104030,46228,15226,102284,13680,2607
2021-05-21T23:59:59+02:00,9862,10083,18678,18883,21871,25193,30705,35899,47767,50942,45062,50548,32574,42835,9082,17965,1990,2222,3622,5361,4102,7909,5714,11074,7299,9289,6138,6293,16418,22057,8528,16865,316902,103726,46199,15226,102262,13343,2586
2021-05-20T23:59:59+02:00,9230,9481,17739,18086,20861,24303,29400,34694,46111,49211,44703,50154,32486,42713,9067,17947,1658,2026,3323,5087,3841,7512,5408,10595,6929,8875,5931,6034,15157,20576,8508,16830,305599,100064,46117,14754,102036,11038,2434
2021-05-19T23:59:59+02:00,8928,9119,17103,17461,19948,23429,28183,33431,44367,47150,44254,49709,32364,42529,9049,17920,1579,1926,3114,4870,3647,7258,5191,10248,6645,8548,5657,5708,12995,17787,8492,16776,294655,93926,46082,14294,101991,10005,2216
2021-05-18T23:59:59+02:00,8340,8520,15930,16390,18684,22197,26651,31782,41709,43944,43585,48947,32158,42274,9030,17887,1555,1894,3053,4805,3565,7132,5054,10114,6463,8337,5403,5423,11332,15666,8472,16728,279052,88874,44955,14244,101908,9765,2113
2021-05-17T23:59:59+02:00,8241,8452,15747,16279,18466,22017,26262,31463,39998,42360,43482,48872,32119,42214,9021,17869,1515,1868,3002,4758,3508,7075,4977,10007,6373,8238,5371,5387,11320,15655,8469,16719,278848,88813,40269,13964,101868,9588,1877
2021-05-16T23:59:59+02:00,8113,8392,15630,16186,18341,21916,26072,31349,37047,39607,43452,48842,32099,42190,9018,17865,1488,1849,2959,4716,3461,7018,4887,9939,6279,8159,5344,5353,11313,15640,8467,16717,278572,88766,34158,13699,101748,9483,1641
2021-05-15T23:59:59+02:00,8087,8354,15565,16132,18298,21878,26001,31305,37018,39571,43429,48815,32094,42187,9018,17865,1477,1813,2923,4643,3443,6955,4866,9853,6261,8117,5339,5348,11310,15640,8467,16717,278095,88712,34158,13695,101735,9136,1629
2021-05-14T23:59:59+02:00,7872,7923,15238,15667,17996,21449,25659,30847,36799,39264,43407,48792,32085,42183,9018,17863,1405,1742,2864,4546,3399,6855,4801,9695,6185,8001,5308,5307,11301,15635,8467,16716,277059,88637,34014,13676,99425,8350,1564
2021-05-13T23:59:59+02:00,7452,7526,14528,15132,17294,20823,24818,30112,36075,38631,43166,48481,32025,42085,9014,17855,1202,1653,2684,4437,3285,6733,4669,9528,6061,7868,5272,5276,11289,15618,8464,16713,270825,88500,33692,13596,99214,7370,1286
2021-05-12T23:59:59+02:00,6967,7185,13534,14470,16289,20038,24225,29714,35787,38364,43002,48302,32003,42065,9011,17852,1197,1651,2678,4430,3273,6730,4664,9518,6054,7862,5267,5273,11287,15616,8463,16712,264643,88449,33682,13586,99210,7367,1273
2021-05-11T23:59:59+02:00,6548,6931,12861,13951,14453,18529,21238,27126,33592,36105,42099,47210,31737,41675,8992,17811,1125,1547,2566,4273,3175,6505,4542,9228,5947,7665,5200,5207,11250,15561,8456,16695,247582,88001,33408,13377,98774,6470,1094
2021-05-10T23:59:59+02:00,6383,6821,12573,13826,14112,18301,20242,26434,32415,35206,41601,46623,31688,41609,8987,17794,1080,1464,2461,4122,3085,6298,4407,8958,5841,7494,5172,5181,11238,15544,8453,16687,242158,87902,33202,13318,98473,5483,782
2021-05-09T23:59:59+02:00,5883,6518,11381,13315,13111,17941,19230,26100,31951,34949,41554,46560,31666,41596,8984,17787,1049,1427,2369,4014,2987,6152,4277,8787,5758,7409,5162,5167,11233,15542,8448,16684,236835,87871,33132,13276,98135,4894,424
2021-05-08T23:59:59+02:00,5869,6508,11364,13295,13089,17928,19201,26063,31915,34907,41547,46554,31665,41592,8984,17787,1044,1420,2357,4008,2981,6152,4273,8780,5754,7407,5160,5162,11230,15539,8448,16684,236584,87844,33131,13276,98134,4860,419
2021-05-07T23:59:59+02:00,5755,6415,11135,13120,12791,17707,18517,25407,31024,34022,41408,46373,31618,41533,8981,17783,1016,1384,2318,3956,2939,6104,4214,8722,5674,7360,5114,5117,11219,15531,8448,16683,234111,87714,31250,13273,98028,4612,200
2021-05-06T23:59:59+02:00,5287,6106,10460,12706,12021,17017,16798,23847,28503,31597,40915,45846,31486,41348,8970,17766,947,1307,2177,3714,2775,5770,4010,8250,5500,7079,5072,5070,11199,15506,8446,16674,225460,87539,27937,12960,97236,2957,40
2021-05-05T23:59:59+02:00,4936,5850,9838,12255,11322,16425,15667,22762,25493,28710,40246,44996,31268,41061,8955,17732,924,1271,2117,3587,2718,5617,3914,8025,5404,6967,5028,5017,11172,15474,8444,16672,212714,87288,27754,12822,97016,2209,32
2021-05-04T23:59:59+02:00,4525,5316,9176,11585,10535,15569,14301,21426,21661,25038,39271,43933,30966,40625,8938,17702,898,1233,2058,3469,2643,5489,3822,7865,5314,6851,4997,4984,11144,15448,8442,16669,195813,87085,27735,12530,96993,1685,26
2021-05-03T23:59:59+02:00,4257,4845,8751,11065,10063,14951,13736,20769,20980,24433,39038,43708,30897,40538,8935,17687,882,1193,1988,3366,2588,5381,3768,7748,5264,6774,4985,4974,11130,15432,8439,16664,189984,86949,27723,12522,96931,1090,15
2021-05-02T23:59:59+02:00,4253,4842,8734,11058,10054,14945,13713,20755,20967,24427,39037,43707,30896,40537,8934,17687,875,1170,1959,3285,2541,5282,3721,7624,5246,6717,4983,4972,11129,15428,8439,16662,189899,86932,27712,12493,96924,597,11
2021-05-01T23:59:59+02:00,4250,4829,8721,11050,10046,14936,13705,20752,20959,24419,39037,43705,30896,40537,8934,17687,875,1170,1958,3285,2541,5282,3721,7624,5246,6717,4983,4972,11129,15428,8438,16662,189817,86931,27712,12493,96924,597,10
2021-04-30T23:59:59+02:00,4222,4797,8682,11019,10004,14902,13639,20709,20848,24234,38784,43422,30879,40520,8933,17687,870,1166,1948,3278,2539,5273,3719,7617,5243,6711,4981,4969,11125,15427,8438,16662,188909,86909,27443,12490,96919,557,10
2021-04-29T23:59:59+02:00,3923,4597,8233,10754,9485,14620,13134,20333,19573,22821,36312,40697,30686,40223,8924,17657,855,1146,1893,3212,2496,5203,3649,7474,5151,6625,4953,4935,11105,15393,8436,16657,183466,86717,21680,12333,96817,124,9
2021-04-28T23:59:59+02:00,3743,4522,7966,10638,9089,14445,12755,20091,19015,22272,32653,36519,30500,39983,8914,17638,833,1127,1866,3166,2452,5159,3613,7418,5089,6561,4888,4878,11059,15344,8434,16647,172438,86512,21528,11908,96772,109,5
2021-04-27T23:59:59+02:00,3637,4448,7705,10505,8749,14279,12248,19848,18469,21674,27179,30430,30208,39581,8896,17611,816,1113,1838,3127,2417,5111,3562,7363,5030,6484,4841,4816,11026,15294,8431,16640,157246,86310,21506,11488,96710,106,5
2021-04-26T23:59:59+02:00,3570,4409,7565,10444,8585,14213,12013,19785,17954,21285,27158,30404,30198,39573,8896,17611,790,1082,1777,3066,2353,5062,3498,7279,4932,6381,4746,4746,10954,15220,8430,16637,156682,86189,21287,10653,95689,106,5
2021-04-25T23:59:59+02:00,3524,4384,7400,10396,8340,14163,11677,19744,16257,19761,26596,29839,30149,39517,8896,17608,789,1076,1764,3059,2344,5058,3487,7266,4921,6371,4744,4743,10946,15208,8430,16637,156200,86130,21277,10616,90769,92,5
2021-04-24T23:59:59+02:00,3516,4376,7386,10386,8330,14154,11663,19735,16237,19742,26558,29778,30146,39514,8896,17608,789,1076,1764,3058,2343,5058,3487,7266,4921,6371,4744,4742,10944,15207,8430,16637,156006,86124,21273,10616,90741,92,5
2021-04-23T23:59:59+02:00,3494,4356,7350,10345,8286,14106,11595,19679,16171,19666,26150,29288,30115,39470,8894,17605,779,1067,1747,3050,2325,5031,3430,7224,4819,6269,4603,4615,10788,15024,8424,16624,154842,85839,21134,9883,90589,92,5
2021-04-22T23:59:59+02:00,3402,4249,7150,10165,7713,13665,10275,18827,14739,18692,24187,26891,29941,39260,8879,17581,703,1000,1639,2934,2199,4878,3260,7046,4635,6068,4463,4446,10275,14372,8397,16560,150097,83937,15877,8859,89637,74,5
2021-04-21T23:59:59+02:00,3342,4194,7017,10077,7508,13509,9890,18573,14260,18213,21689,23768,29708,38961,8862,17561,647,970,1566,2853,2108,4783,3131,6907,4473,5897,4282,4279,9711,13604,8363,16489,143169,82155,15110,7836,88848,67,5
2021-04-20T23:59:59+02:00,3291,4150,6914,9991,7371,13395,9613,18341,13754,17753,18333,19769,29462,38569,8849,17529,610,936,1489,2783,2029,4703,3024,6783,4341,5746,4095,4075,8858,12398,8307,16366,134424,79271,14865,7205,87790,62,5
2021-04-19T23:59:59+02:00,3275,4141,6871,9953,7313,13358,9536,18267,13608,17623,18019,19404,29434,38539,8848,17525,533,890,1386,2690,1926,4606,2890,6617,4151,5564,3842,3781,7039,9963,8128,16028,134116,73520,14670,6452,86923,57,5
2021-04-18T23:59:59+02:00,3254,4126,6791,9926,7204,13308,9318,18201,12725,17466,16703,18033,29382,38491,8844,17518,528,885,1377,2681,1909,4596,2854,6588,4095,5513,3764,3708,6623,9332,8094,15962,133908,72042,14529,6408,82848,54,5
2021-04-17T23:59:59+02:00,3242,4122,6774,9904,7171,13282,9279,18165,12695,17442,16647,17983,29337,38427,8843,17518,528,883,1377,2679,1908,4593,2849,6583,4093,5508,3763,3706,6618,9332,8093,15961,133550,72007,14528,6408,82748,54,5
2021-04-16T23:59:59+02:00,3225,4106,6739,9887,7121,13245,9200,18105,12566,17317,16367,17664,28879,37844,8841,17512,528,881,1372,2674,1899,4591,2843,6576,4087,5500,3758,3701,6601,9304,8093,15959,132040,71912,14520,6398,82053,52,5
2021-04-15T23:59:59+02:00,3166,4039,6606,9780,6919,13063,8847,17829,12024,16752,15187,16237,27026,35423,8826,17494,518,870,1368,2653,1884,4566,2818,6548,4041,5442,3707,3629,6572,9256,8085,15949,126159,71599,14245,6261,78809,41,5
2021-04-14T23:59:59+02:00,3099,3984,6516,9677,6771,12897,8564,17560,11502,16224,13858,14606,22627,29737,8813,17454,514,863,1357,2646,1872,4547,2791,6525,4001,5400,3652,3580,6516,9198,8063,15922,113870,71312,14213,6110,75801,20,5
2021-04-13T23:59:59+02:00,3040,3944,6384,9587,6626,12763,8260,17303,11020,15745,11080,11442,19841,25947,8792,17422,493,833,1310,2600,1816,4489,2674,6416,3819,5232,3437,3399,6386,9072,8055,15906,105495,70973,14021,4943,69675,16,5
2021-04-12T23:59:59+02:00,3013,3927,6322,9553,6520,12672,8064,17170,10739,15517,9395,9580,19421,25428,8791,17415,485,821,1294,2584,1795,4470,2641,6373,3766,5179,3376,3356,6354,9030,8051,15887,105378,70839,13966,4604,64178,14,5
2021-04-11T23:59:59+02:00,2978,3915,6228,9528,6398,12635,7898,17117,10533,15409,7295,7377,18569,24403,8789,17413,485,821,1293,2582,1795,4470,2640,6373,3765,5176,3371,3355,6349,9028,8051,15887,105310,70830,13960,4594,57210,12,5
2021-04-10T23:59:59+02:00,2976,3913,6218,9523,6390,12630,7893,17112,10522,15398,7289,7366,18562,24399,8789,17413,485,818,1291,2579,1794,4468,2637,6370,3762,5175,3362,3341,6342,9016,8051,15887,105229,70775,13959,4587,57201,12,4
2021-04-09T23:59:59+02:00,2902,3791,6088,9322,6224,12358,7628,16685,10215,14909,7155,7193,18455,24234,8788,17411,480,811,1273,2570,1768,4450,2601,6322,3682,5089,3234,3231,6224,8930,8047,15884,104762,70697,13930,3885,54662,10,4
2021-04-08T23:59:59+02:00,2819,3711,5982,9195,6119,12229,7451,16505,9973,14718,6966,6920,17211,22801,8778,17384,472,805,1261,2538,1742,4409,2573,6256,3626,5032,3165,3182,6145,8825,8029,15846,101117,70268,13576,3625,54065,9,4
2021-04-07T23:59:59+02:00,2783,3670,5911,9123,6029,12159,7315,16398,9729,14564,6648,6566,14929,19892,8759,17341,466,803,1249,2524,1732,4386,2557,6219,3556,4972,3095,3130,6090,8769,8023,15819,94962,69994,13415,3384,53435,8,4
2021-04-06T23:59:59+02:00,2757,3634,5830,9056,5943,12082,7153,16276,9495,14372,6170,6079,12992,17440,8736,17287,464,794,1242,2501,1721,4361,2525,6176,3488,4909,3017,3084,6047,8716,8017,15803,89954,69751,13116,3102,52228,8,4
2021-04-05T23:59:59+02:00,2748,3622,5815,9039,5930,12062,7139,16260,9476,14347,5992,5914,11785,16226,8735,17286,458,785,1240,2485,1714,4346,2505,6144,3453,4869,2991,3044,6029,8676,8011,15788,89880,69562,13081,2966,49412,7,3
2021-04-04T23:59:59+02:00,2748,3622,5813,9036,5928,12062,7137,16260,9474,14347,5987,5910,11785,16224,8735,17286,458,785,1240,2484,1714,4346,2504,6144,3453,4869,2991,3044,6027,8676,8010,15788,89871,69558,13081,2965,49399,7,3
2021-04-03T23:59:59+02:00,2747,3613,5805,9029,5922,12059,7135,16257,9471,14344,5984,5906,11779,16221,8735,17286,458,785,1240,2484,1714,4346,2504,6144,3453,4868,2991,3044,6027,8676,8010,15788,89815,69557,13081,2965,49394,7,3
2021-04-02T23:59:59+02:00,2745,3610,5800,9026,5919,12057,7132,16256,9466,14342,5981,5900,11765,16193,8734,17285,456,783,1239,2484,1712,4345,2504,6142,3452,4862,2963,3028,6019,8667,8010,15788,89737,69480,13078,2964,49393,7,3
2021-04-01T23:59:59+02:00,2722,3603,5772,8995,5875,12011,7089,16203,9407,14285,5888,5804,11473,15843,8715,17246,454,769,1237,2476,1705,4335,2488,6127,3421,4839,2908,2984,5949,8580,7949,15692,88747,68942,13056,2961,49125,7,3
2021-03-31T23:59:59+02:00,2684,3569,5695,8925,5808,11917,6983,16094,9275,14144,5751,5665,10919,15095,8678,17169,447,761,1232,2465,1699,4320,2480,6110,3401,4807,2876,2951,5890,8505,7908,15611,86766,68495,12842,2959,48761,7,2
2021-03-30T23:59:59+02:00,2660,3548,5646,8867,5749,11837,6909,15995,9175,13996,5559,5450,10010,13740,8616,17019,444,759,1226,2458,1689,4305,2461,6088,3364,4760,2814,2879,5790,8391,7800,15397,83686,67796,12460,2820,48628,7,2
2021-03-29T23:59:59+02:00,2585,3487,5543,8752,5639,11686,6745,15764,8940,13742,5208,5078,8050,11180,8433,16658,436,753,1215,2451,1674,4291,2438,6059,3328,4702,2749,2818,5645,8257,7630,15101,77615,66853,11660,2685,48213,7,2
2021-03-28T23:59:59+02:00,2562,3473,5496,8685,5561,11611,6658,15673,8823,13620,5084,4924,7405,10247,8378,16560,427,745,1199,2433,1650,4263,2386,5995,3267,4605,2663,2744,5525,8103,7570,14979,75321,66389,11400,2159,48037,4,2
2021-03-27T23:59:59+01:00,2561,3468,5486,8678,5557,11597,6642,15651,8812,13607,5057,4897,7395,10245,8378,16559,427,745,1197,2432,1649,4257,2380,5992,3260,4599,2658,2740,5500,8054,7499,14855,75215,66080,11400,2158,47973,4,2
2021-03-26T23:59:59+01:00,2543,3443,5449,8640,5516,11549,6560,15573,8660,13454,4888,4746,7244,10084,8377,16551,423,737,1191,2416,1629,4228,2356,5959,3223,4542,2599,2677,5161,7594,6948,13882,74876,63438,10564,2121,47835,4,2
2021-03-25T23:59:59+01:00,2428,3356,5273,8421,5345,11275,6351,15286,8442,13182,4747,4602,7162,9980,8374,16544,414,721,1170,2392,1602,4196,2313,5903,3149,4460,2495,2575,4524,6734,6080,12511,74424,59332,9620,1902,46722,3,2
2021-03-24T23:59:59+01:00,2324,3295,5142,8257,5178,11081,6181,15041,8242,12964,4617,4453,7059,9869,8369,16537,409,708,1155,2362,1565,4144,2255,5831,3057,4361,2363,2458,3802,5681,4975,10729,74051,54295,8459,1555,46097,3,2
2021-03-23T23:59:59+01:00,2241,3235,5031,8130,5085,10933,6057,14850,8129,12804,4535,4372,6998,9816,8362,16520,396,679,1133,2325,1535,4083,2205,5743,2977,4273,2271,2363,3061,4592,3374,7959,73659,47558,7713,1406,45724,3,2
2021-03-22T23:59:59+01:00,2155,3162,4909,7995,4952,10757,5893,14601,7958,12612,4428,4265,6939,9711,8348,16481,364,659,1109,2284,1487,4013,2139,5629,2879,4112,2162,2224,2217,3452,1202,4309,73162,39066,6677,1171,45325,2,2
2021-03-21T23:59:59+01:00,2153,3155,4899,7980,4939,10745,5874,14585,7931,12590,4409,4248,6921,9701,8347,16481,363,659,1103,2270,1476,3979,2122,5594,2850,4060,2122,2177,2176,3410,1189,4268,73139,38925,6627,889,45190,2,2
2021-03-20T23:59:59+01:00,2153,3155,4899,7978,4938,10743,5873,14585,7923,12585,4407,4247,6914,9695,8347,16481,363,659,1103,2270,1476,3979,2122,5594,2848,4059,2121,2174,2176,3410,1189,4268,73131,38923,6627,884,45163,2,2
2021-03-19T23:59:59+01:00,2079,2810,4370,6725,4551,9781,5611,14055,7703,12233,4298,4162,6855,9639,8347,16481,362,659,1103,2270,1476,3978,2122,5593,2847,4059,2119,2172,2171,3404,1188,4266,73064,38907,6617,878,40017,2,2
2021-03-18T23:59:59+01:00,2003,2475,3936,5671,4011,8296,4736,11385,6405,9229,4002,3930,6674,9439,8327,16446,361,654,1095,2258,1469,3953,2093,5552,2823,4036,2101,2155,2146,3376,1184,4259,72632,38716,6551,795,27780,2,2
2021-03-17T23:59:59+01:00,1997,2463,3926,5646,3992,8268,4711,11316,6353,9154,3965,3882,6638,9399,8320,16421,357,652,1091,2251,1464,3944,2084,5535,2809,4010,2079,2127,2125,3363,1178,4243,72366,38562,6491,746,27592,2,2
2021-03-16T23:59:59+01:00,1966,2421,3874,5566,3917,8163,4571,11141,6145,8955,3742,3693,6512,9259,8315,16398,355,647,1090,2232,1459,3931,2074,5521,2799,3990,2071,2114,2112,3337,1171,4214,72053,38397,5209,716,27374,2,2
2021-03-15T23:59:59+01:00,1956,2396,3851,5533,3886,8125,4519,11076,6064,8871,3664,3632,6463,9202,8309,16374,352,641,1081,2217,1450,3926,2056,5480,2783,3965,2052,2078,2090,3279,1163,4178,71828,38179,4851,610,27242,2,0
2021-03-14T23:59:59+01:00,1950,2392,3844,5523,3881,8109,4510,11048,6058,8852,3656,3623,6459,9194,8308,16373,352,641,1078,2216,1447,3924,2053,5478,2764,3959,2048,2076,2077,3268,1160,4176,71796,38172,4835,543,27149,2,0
2021-03-13T23:59:59+01:00,1947,2384,3832,5506,3871,8102,4493,11036,6045,8839,3653,3620,6458,9192,8308,16373,352,641,1078,2216,1447,3924,2053,5477,2764,3958,2047,2074,2077,3267,1152,4171,71776,38153,4830,543,27053,2,0
2021-03-12T23:59:59+01:00,1897,2310,3249,5369,3431,7990,4360,10902,5818,8557,3480,3481,6334,9081,8285,16333,347,618,1073,2186,1438,3897,2035,5405,2701,3846,1875,1951,2021,3220,1148,4165,71563,37390,4100,535,25214,1,0
2021-03-11T23:59:59+01:00,1775,2156,2853,5123,3040,7748,4059,10467,5205,7707,3302,3347,6227,8961,8258,16294,346,618,1070,2172,1435,3878,2027,5383,2693,3830,1869,1944,2006,3201,1144,4149,70995,37269,3836,496,21691,0,0
2021-03-10T23:59:59+01:00,1746,2119,2818,5084,3006,7684,4002,10375,5087,7598,3174,3241,6113,8840,8229,16243,344,615,1068,2170,1433,3867,2022,5369,2680,3812,1853,1933,1980,3173,1134,4135,70589,37188,3504,400,21266,0,0
2021-03-09T23:59:59+01:00,1737,2104,2789,5057,2983,7641,3960,10314,5004,7517,3079,3159,6020,8737,8139,16051,341,613,1065,2163,1424,3854,1991,5345,2643,3784,1805,1907,1933,3148,1123,4126,69992,37160,3234,105,21065,0,0
2021-03-08T23:59:59+01:00,1721,2090,2760,5032,2958,7608,3940,10267,4974,7455,3042,3121,5922,8644,7990,15782,341,613,1062,2158,1417,3835,1973,5317,2624,3757,1788,1890,1907,3125,1118,4109,69203,37020,3226,14,20877,0,0
2021-03-07T23:59:59+01:00,1708,2078,2733,4991,2924,7556,3907,10206,4931,7397,3007,3089,5847,8527,7926,15657,341,612,1062,2157,1416,3827,1970,5310,2622,3752,1783,1887,1904,3120,1116,4103,68668,36970,3173,12,20643,0,0
2021-03-06T23:59:59+01:00,1706,2076,2728,4981,2920,7546,3897,10199,4916,7382,2996,3077,5812,8461,7850,15514,341,610,1060,2155,1416,3826,1964,5301,2620,3749,1777,1880,1899,3118,1116,4100,68274,36920,3173,12,20614,0,0
2021-03-05T23:59:59+01:00,1619,1985,2640,4817,2863,7383,3809,9992,4820,7197,2951,3024,5444,7970,7293,14520,341,610,1058,2152,1409,3822,1964,5299,2615,3743,1769,1877,1894,3115,1111,4096,65612,36863,3170,12,19545,0,0
2021-03-04T23:59:59+01:00,1428,1851,2479,4622,2689,7108,3639,9641,4556,6872,2853,2911,4793,7120,6412,13094,338,601,1045,2123,1395,3784,1936,5245,2590,3705,1740,1855,1862,3062,1088,4051,61388,36408,3168,12,17512,0,0
2021-03-03T23:59:59+01:00,1383,1790,2408,4516,2628,6984,3553,9477,4459,6741,2771,2842,4128,6086,5309,11331,335,591,1033,2097,1383,3757,1921,5195,2520,3650,1711,1824,1836,3034,1073,4026,56313,35974,3142,12,16951,0,0
2021-03-02T23:59:59+01:00,1339,1748,2356,4453,2580,6893,3464,9356,4322,6599,2662,2716,3340,4962,3611,8421,330,582,1026,2071,1373,3714,1904,5144,2492,3627,1702,1810,1814,3009,1063,3999,49246,35648,2893,12,16683,0,0
2021-03-01T23:59:59+01:00,1273,1708,2300,4389,2505,6809,3367,9218,4184,6409,2531,2592,2418,3714,1253,4458,328,578,1017,2060,1363,3695,1897,5126,2480,3613,1687,1800,1796,2990,1053,3972,40174,35443,2505,12,16449,0,0
2021-02-28T23:59:59+01:00,1236,1694,2257,4349,2479,6765,3315,9158,4117,6350,2466,2550,2376,3681,1247,4442,327,577,1016,2054,1361,3679,1893,5115,2474,3606,1680,1789,1783,2979,1046,3957,40076,35324,2212,12,16194,0,0
2021-02-27T23:59:59+01:00,1189,1579,2187,4120,2424,6534,3250,8846,4028,6117,2415,2497,2356,3662,1245,4442,327,577,1015,2054,1361,3679,1893,5114,2473,3606,1680,1788,1781,2979,1046,3957,39970,35318,2211,12,14710,0,0
2021-02-26T23:59:59+01:00,986,1287,1999,3710,2256,5853,3036,7910,3719,5394,2386,2469,2341,3650,1242,4440,327,577,1015,2051,1359,3677,1891,5113,2471,3605,1680,1785,1775,2976,1044,3952,39954,35286,2123,12,10601,0,0
2021-02-25T23:59:59+01:00,607,1106,1738,3508,2069,5551,2839,7504,3504,5117,2313,2402,2305,3596,1238,4426,320,555,997,2004,1341,3619,1864,5030,2441,3549,1657,1758,1740,2934,1020,3920,39758,34738,1866,11,8199,0,0
2021-02-24T23:59:59+01:00,584,1083,1701,3411,2010,5411,2769,7312,3439,4996,2254,2355,2270,3567,1232,4394,309,546,986,1982,1328,3570,1854,4974,2423,3507,1647,1741,1729,2915,1010,3896,39570,34414,1695,3,7523,0,0
2021-02-23T23:59:59+01:00,558,1034,1638,3314,1960,5268,2689,7181,3346,4894,2203,2301,2231,3512,1222,4367,308,541,981,1965,1321,3541,1845,4939,2397,3481,1632,1717,1706,2881,999,3845,39423,34096,1421,3,6874,0,0
2021-02-22T23:59:59+01:00,535,991,1588,3218,1919,5123,2625,6956,3290,4760,2196,2204,2217,3440,1218,4325,307,537,977,1952,1314,3514,1828,4905,2381,3450,1613,1696,1680,2852,986,3799,39211,33790,1156,1,6238,0,0
2021-02-21T23:59:59+01:00,525,933,1527,3079,1871,4975,2569,6795,3212,4668,2160,2172,2192,3422,1210,4320,307,535,973,1944,1314,3505,1824,4894,2377,3443,1612,1693,1679,2850,986,3798,39171,33733,924,1,5535,0,0
2021-02-20T23:59:59+01:00,520,927,1519,3076,1865,4975,2567,6791,3207,4665,2157,2171,2192,3421,1209,4320,307,535,973,1943,1314,3504,1824,4893,2376,3443,1611,1692,1675,2850,986,3796,39167,33721,919,1,5496,0,0
2021-02-19T23:59:59+01:00,495,887,1490,3014,1840,4917,2524,6687,3113,4525,1982,2041,2134,3375,1206,4314,305,534,972,1940,1313,3504,1824,4888,2373,3441,1609,1691,1673,2849,986,3795,38419,33696,900,1,5225,0,0
2021-02-18T23:59:59+01:00,458,807,1386,2784,1740,4667,2383,6412,3013,4370,1957,2025,2120,3358,1202,4308,305,527,962,1902,1305,3467,1804,4842,2356,3405,1596,1681,1658,2836,975,3779,38345,33399,826,1,3819,0,0
2021-02-17T23:59:59+01:00,441,755,1346,2664,1678,4485,2317,6168,2955,4241,1943,2009,2098,3340,1188,4299,294,505,925,1817,1264,3327,1740,4682,2282,3279,1519,1612,1584,2720,930,3675,38190,32154,775,1,2962,0,0
2021-02-16T23:59:59+01:00,416,713,1292,2540,1626,4339,2245,5977,2877,4126,1934,2003,2092,3335,1183,4288,286,480,894,1738,1212,3183,1680,4470,2214,3124,1467,1558,1525,2616,902,3555,38131,30903,744,1,2111,0,0
2021-02-15T23:59:59+01:00,401,672,1219,2409,1585,4263,2213,5929,2847,4088,1913,1986,2073,3305,1177,4270,277,457,870,1693,1180,3102,1619,4335,2144,3015,1392,1497,1471,2501,861,3385,38027,29798,631,1,1692,0,0
2021-02-14T23:59:59+01:00,391,665,1191,2337,1528,4103,2169,5849,2817,4051,1909,1984,2060,3295,1176,4264,270,449,851,1668,1161,3059,1580,4284,2106,2989,1375,1475,1446,2461,847,3346,38011,29366,564,1,1214,0,0
2021-02-13T23:59:59+01:00,390,665,1191,2337,1528,4102,2167,5848,2817,4051,1908,1982,2059,3295,1176,4261,270,449,851,1668,1161,3059,1579,4283,2105,2989,1374,1472,1445,2460,847,3345,38000,29356,564,1,1213,0,0
2021-02-12T23:59:59+01:00,384,661,1176,2328,1522,4089,2163,5838,2811,4046,1896,1972,2052,3282,1172,4258,268,447,846,1664,1155,3048,1558,4266,2089,2973,1360,1457,1432,2427,840,3313,37932,29142,556,1,1162,0,0
2021-02-11T23:59:59+01:00,360,630,1105,2225,1472,3951,2061,5575,2736,3944,1870,1946,2009,3214,1150,4207,244,413,799,1547,1070,2814,1433,3913,1892,2670,1176,1265,1271,2140,745,2982,37548,26374,518,0,389,0,0
2021-02-10T23:59:59+01:00,352,621,1079,2178,1432,3873,2004,5394,2632,3779,1817,1901,1965,3179,1131,4182,219,358,698,1343,938,2407,1231,3307,1670,2304,1023,1098,1124,1893,649,2661,37138,22923,380,0,1,0,0
2021-02-09T23:59:59+01:00,346,609,1069,2145,1417,3820,1955,5324,2571,3725,1753,1863,1898,3130,1113,4161,183,275,588,1077,788,1955,1023,2692,1408,1944,887,946,949,1593,543,2292,36837,19143,61,0,1,0,0
2021-02-08T23:59:59+01:00,345,607,1063,2137,1407,3804,1950,5298,2553,3712,1737,1850,1880,3113,1107,4137,128,227,480,861,630,1515,810,2044,1149,1524,712,766,758,1278,433,1866,36682,15181,17,0,1,0,0
2021-02-07T23:59:59+01:00,344,607,1063,2136,1406,3796,1946,5296,2547,3709,1730,1840,1865,3106,1102,4132,119,198,424,715,554,1335,725,1833,1059,1381,641,688,680,1157,373,1656,36611,13538,14,0,0,0,0
2021-02-06T23:59:59+01:00,344,606,1062,2135,1406,3794,1946,5294,2547,3706,1730,1839,1859,3104,1100,4130,118,197,419,712,550,1309,709,1811,1047,1365,639,683,675,1153,372,1653,36588,13412,14,0,0,0,0
2021-02-05T23:59:59+01:00,344,605,1059,2132,1404,3783,1942,5281,2540,3702,1730,1834,1850,3097,1092,4120,113,188,401,694,532,1281,679,1756,997,1302,604,630,627,1077,350,1570,36501,12801,14,0,0,0,0
2021-02-04T23:59:59+01:00,335,586,1048,2095,1386,3734,1921,5202,2524,3658,1715,1813,1822,3061,1076,4092,83,144,296,461,379,856,468,1189,685,888,474,463,487,847,277,1259,36054,9256,14,0,0,0,0
2021-02-03T23:59:59+01:00,329,573,1029,2071,1373,3692,1905,5150,2492,3618,1696,1790,1804,3040,1066,4078,66,116,245,396,303,663,369,925,509,653,318,328,355,608,197,916,35692,6967,14,0,0,0,0
2021-02-02T23:59:59+01:00,324,561,1025,2046,1363,3660,1894,5097,2466,3591,1682,1769,1775,3001,1048,4033,43,93,189,312,254,509,274,734,373,501,219,208,223,416,133,590,35321,5071,14,0,0,0,0
2021-02-01T23:59:59+01:00,323,557,1020,2039,1360,3643,1886,5076,2457,3575,1675,1758,1760,2985,1043,4021,22,62,141,224,174,328,174,481,236,287,104,115,99,198,64,263,35164,2972,14,0,0,0,0
2021-01-31T23:59:59+01:00,322,555,1018,2031,1357,3634,1882,5055,2453,3562,1672,1751,1756,2977,1040,4013,20,55,123,196,155,280,157,403,199,248,89,101,90,172,57,228,35064,2573,14,0,0,0,0
2021-01-30T23:59:59+01:00,322,555,1018,2031,1357,3634,1882,5055,2452,3562,1672,1751,1756,2976,1040,4012,20,55,123,196,155,278,154,401,198,247,89,100,90,172,57,228,35061,2563,14,0,0,0,0
2021-01-29T23:59:59+01:00,320,552,1017,2028,1355,3626,1877,5047,2449,3559,1665,1741,1747,2966,1034,3993,18,53,121,186,146,271,140,374,168,220,64,74,81,148,50,199,34962,2313,14,0,0,0,0
2021-01-28T23:59:59+01:00,315,542,995,1966,1334,3564,1850,4985,2420,3500,1643,1723,1718,2931,1018,3964,0,3,8,14,9,18,13,45,8,18,7,6,8,7,1,12,34455,177,13,0,0,0,0
2021-01-27T23:59:59+01:00,308,517,961,1886,1300,3447,1786,4861,2361,3408,1589,1676,1673,2858,984,3890,0,2,4,4,5,13,8,20,5,11,6,6,8,7,1,11,33496,111,9,0,0,0,0
2021-01-26T23:59:59+01:00,302,506,950,1873,1286,3408,1768,4799,2332,3351,1555,1644,1636,2785,969,3811,0,2,4,4,5,13,8,20,5,11,6,6,8,7,1,11,32968,111,7,0,0,0,0
2021-01-25T23:59:59+01:00,289,471,897,1756,1223,3229,1674,4525,2229,3164,1499,1592,1578,2694,929,3648,0,2,1,1,1,3,5,3,5,6,6,5,7,7,1,11,31395,64,2,0,0,0,0
2021-01-24T23:59:59+01:00,286,467,885,1736,1212,3207,1644,4490,2202,3147,1490,1582,1569,2683,923,3641,0,2,1,0,1,3,5,3,5,6,5,5,7,7,1,11,31162,62,2,0,0,0,0
2021-01-23T23:59:59+01:00,286,467,885,1736,1211,3206,1644,4486,2201,3146,1489,1582,1568,2682,922,3636,0,2,1,0,1,3,5,3,5,6,5,5,7,7,1,11,31145,62,2,0,0,0,0
2021-01-22T23:59:59+01:00,284,465,880,1733,1207,3199,1639,4481,2190,3139,1478,1571,1561,2662,917,3618,0,2,1,0,1,3,5,3,5,6,5,5,7,7,1,11,31022,62,2,0,0,0,0
2021-01-21T23:59:59+01:00,272,452,852,1661,1182,3072,1582,4316,2102,3006,1381,1476,1430,2482,846,3459,0,2,1,0,1,3,4,2,4,6,4,4,6,7,0,11,29569,55,2,0,0,0,0
2021-01-20T23:59:59+01:00,248,398,773,1490,1092,2736,1431,3844,1940,2700,1264,1332,1316,2299,785,3259,0,2,1,0,1,3,4,2,4,6,4,4,6,7,0,11,26905,55,2,0,0,0,0
2021-01-19T23:59:59+01:00,215,322,662,1233,945,2282,1208,3231,1659,2298,1083,1147,1106,1929,648,2793,0,1,1,0,1,2,4,1,3,6,3,4,6,7,0,11,22759,50,2,0,0,0,0
2021-01-18T23:59:59+01:00,150,258,520,962,732,1737,930,2351,1305,1766,846,915,882,1546,503,2225,0,0,0,0,0,0,0,0,2,2,1,1,0,0,0,0,17627,6,1,0,0,0,0
2021-01-17T23:59:59+01:00,136,219,452,792,645,1507,826,2100,1197,1589,790,835,797,1402,446,2032,0,0,0,0,0,0,0,0,0,1,0,0,0,0,0,0,15765,1,0,0,0,0,0
2021-01-16T23:59:59+01:00,135,218,449,791,643,1499,815,2096,1189,1583,789,830,791,1390,439,2018,0,0,0,0,0,0,0,0,0,0,0,0,0,0,0,0,15675,0,0,0,0,0,0
2021-01-15T23:59:59+01:00,125,209,434,773,617,1459,781,2016,1129,1499,746,776,745,1304,413,1908,0,0,0,0,0,0,0,0,0,0,0,0,0,0,0,0,14934,0,0,0,0,0,0
2021-01-14T23:59:59+01:00,84,151,312,491,417,928,528,1306,771,991,545,539,550,966,317,1451,0,0,0,0,0,0,0,0,0,0,0,0,0,0,0,0,10347,0,0,0,0,0,0
2021-01-13T23:59:59+01:00,66,120,255,415,334,698,403,989,548,693,335,347,379,663,219,1003,0,0,0,0,0,0,0,0,0,0,0,0,0,0,0,0,7467,0,0,0,0,0,0
2021-01-12T23:59:59+01:00,53,102,208,352,269,565,290,807,400,538,224,222,232,448,150,663,0,0,0,0,0,0,0,0,0,0,0,0,0,0,0,0,5523,0,0,0,0,0,0
2021-01-11T23:59:59+01:00,37,78,181,302,221,460,222,638,294,378,134,138,129,270,83,380,0,0,0,0,0,0,0,0,0,0,0,0,0,0,0,0,3945,0,0,0,0,0,0
2021-01-10T23:59:59+01:00,27,69,160,246,188,380,181,529,249,322,115,116,114,226,72,306,0,0,0,0,0,0,0,0,0,0,0,0,0,0,0,0,3300,0,0,0,0,0,0
2021-01-09T23:59:59+01:00,27,69,160,244,187,379,180,524,248,321,115,115,114,226,72,306,0,0,0,0,0,0,0,0,0,0,0,0,0,0,0,0,3287,0,0,0,0,0,0
2021-01-08T23:59:59+01:00,25,67,157,234,179,370,165,495,220,295,93,97,108,210,66,284,0,0,0,0,0,0,0,0,0,0,0,0,0,0,0,0,3065,0,0,0,0,0,0
2021-01-07T23:59:59+01:00,1,3,4,7,8,12,11,6,17,12,9,12,16,20,1,31,0,0,0,0,0,0,0,0,0,0,0,0,0,0,0,0,170,0,0,0,0,0,0
2021-01-06T23:59:59+01:00,0,2,1,1,1,5,5,2,5,7,5,5,8,8,0,13,0,0,0,0,0,0,0,0,0,0,0,0,0,0,0,0,68,0,0,0,0,0,0
2021-01-05T23:59:59+01:00,0,2,1,1,1,5,5,2,5,6,5,5,7,7,0,12,0,0,0,0,0,0,0,0,0,0,0,0,0,0,0,0,64,0,0,0,0,0,0
2021-01-04T23:59:59+01:00,0,2,1,1,1,4,4,2,5,6,4,4,6,7,0,12,0,0,0,0,0,0,0,0,0,0,0,0,0,0,0,0,59,0,0,0,0,0,0
2021-01-03T23:59:59+01:00,0,2,1,0,1,4,4,2,5,6,3,4,6,7,0,12,0,0,0,0,0,0,0,0,0,0,0,0,0,0,0,0,57,0,0,0,0,0,0
2021-01-02T23:59:59+01:00,0,2,1,0,1,4,4,2,5,6,3,4,6,7,0,12,0,0,0,0,0,0,0,0,0,0,0,0,0,0,0,0,57,0,0,0,0,0,0
2021-01-01T23:59:59+01:00,0,2,1,0,1,3,4,2,5,6,3,4,6,7,0,12,0,0,0,0,0,0,0,0,0,0,0,0,0,0,0,0,56,0,0,0,0,0,0
2020-12-31T23:59:59+01:00,0,2,1,0,1,3,4,2,5,6,3,4,6,7,0,12,0,0,0,0,0,0,0,0,0,0,0,0,0,0,0,0,56,0,0,0,0,0,0
2020-12-30T23:59:59+01:00,0,2,1,0,1,3,4,2,5,6,3,4,6,7,0,12,0,0,0,0,0,0,0,0,0,0,0,0,0,0,0,0,56,0,0,0,0,0,0
2020-12-29T23:59:59+01:00,0,1,1,0,1,2,4,1,4,6,3,4,6,7,0,12,0,0,0,0,0,0,0,0,0,0,0,0,0,0,0,0,52,0,0,0,0,0,0
2020-12-28T23:59:59+01:00,0,1,1,0,1,1,2,0,3,5,2,1,1,0,0,2,0,0,0,0,0,0,0,0,0,0,0,0,0,0,0,0,20,0,0,0,0,0,0
2020-12-27T23:59:59+01:00,0,1,1,0,1,1,2,0,1,3,1,0,1,0,0,2,0,0,0,0,0,0,0,0,0,0,0,0,0,0,0,0,14,0,0,0,0,0,0
