Datum,<24_1_m,<24_1_w,25-34_1_m,25-34_1_w,35-44_1_m,35-44_1_w,45-54_1_m,45-54_1_w,55-64_1_m,55-64_1_w,65-74_1_m,65-74_1_w,75-84_1_m,75-84_1_w,>84_1_m,>84_1_w,<24_2_m,<24_2_w,25-34_2_m,25-34_2_w,35-44_2_m,35-44_2_w,45-54_2_m,45-54_2_w,55-64_2_m,55-64_2_w,65-74_2_m,65-74_2_w,75-84_2_m,75-84_2_w,>84_2_m,>84_2_w,bp_1,bp_2,mo_1,mo_2,az_1,az_2,ja
2021-06-17T23:59:59+02:00,16486,16503,27943,26442,31739,33422,54030,55641,64354,66674,47844,53748,33352,43988,9095,18002,6016,6507,12193,12929,13145,16847,18179,23974,24570,28192,28818,32789,26993,36232,8611,17055,420300,224718,65108,31655,103708,46530,10147
2021-06-16T23:59:59+02:00,16057,16086,27522,26143,31350,33099,53294,55019,63979,66341,47759,53649,33328,43944,9087,17996,5613,6008,11475,12314,12421,16163,17044,22853,21588,25287,28103,31906,26759,35924,8603,17024,416012,211428,65067,31633,103702,46152,9872
2021-06-15T23:59:59+02:00,15326,15397,26799,25610,30644,32526,52048,53969,63358,65868,47595,53473,33270,43847,9079,17979,5071,5328,10533,11389,11316,14862,15322,21135,18049,21843,27098,30863,26450,35503,8583,16992,408627,193478,65049,31601,103698,45844,9414
2021-06-14T23:59:59+02:00,14857,14978,26408,25285,29980,32079,50162,52427,62405,65104,47407,53273,33205,43782,9074,17969,4959,5258,10364,11270,11188,14730,15130,21025,17885,21675,27041,30808,26433,35479,8581,16991,400813,193074,65040,31344,103694,45551,8848
2021-06-13T23:59:59+02:00,14806,14932,26341,25252,29913,32056,50112,52395,62374,65089,47401,53270,33203,43779,9073,17966,4789,5168,10053,11155,10892,14631,14839,20916,17037,20734,26061,29835,26336,35333,8578,16984,400617,192352,64969,26898,103686,45401,8690
2021-06-12T23:59:59+02:00,14789,14913,26328,25244,29901,32043,50045,52313,62341,65066,47400,53268,33203,43779,9073,17966,4786,5154,10037,11145,10884,14617,14819,20899,17018,20724,26021,29792,26331,35327,8578,16984,400328,192168,64969,26897,103685,45361,8690
2021-06-11T23:59:59+02:00,14677,14772,26206,25136,29781,31917,49798,52078,62237,64967,47376,53245,33196,43769,9071,17964,4678,4809,9521,10033,10486,13754,14541,20371,16728,20274,25636,29386,26262,35269,8576,16981,399080,191140,64961,26893,103649,40772,8500
2021-06-10T23:59:59+02:00,14404,14538,25898,24855,29452,31674,48585,50947,61723,64556,47299,53160,33167,43722,9063,17953,4363,4347,8758,8817,9598,12044,13211,17525,15003,16994,24045,27619,26030,35026,8572,16962,394372,185779,64910,26461,103449,28409,8265
2021-06-09T23:59:59+02:00,14061,14168,25503,24467,29081,31293,46335,48904,60928,63882,47217,53053,33131,43673,9058,17939,4087,4209,8357,8556,9106,11737,12685,17135,14265,16323,20391,23473,25836,34785,8564,16940,386533,174515,64790,26134,103447,27877,7923
2021-06-08T23:59:59+02:00,13585,13591,24853,23845,28427,30647,42790,45742,59650,62657,47071,52880,33071,43597,9049,17923,3848,4058,7946,8298,8514,11360,12019,16707,13568,15584,15224,17759,25537,34384,8548,16915,374111,159781,64728,25781,103438,27606,7101
2021-06-07T23:59:59+02:00,13388,13366,24514,23586,28162,30456,40093,43754,59345,62405,47043,52850,33059,43578,9047,17918,3734,3975,7642,8125,8200,11188,11395,16227,13151,15163,15162,17690,25512,34345,8546,16909,368561,159483,64313,24008,103429,27212,6261
2021-06-06T23:59:59+02:00,13246,13252,24206,23372,27960,30302,38549,42613,59241,62339,47028,52828,33052,43565,9047,17916,3624,3922,7362,8035,7953,11037,10590,15491,12626,14615,15085,17629,25500,34327,8545,16909,368171,159371,61100,20965,103420,27089,5825
2021-06-05T23:59:59+02:00,13226,13229,24164,23336,27924,30281,38525,42597,59144,62254,47018,52823,33050,43563,9047,17913,3609,3906,7342,8007,7923,11024,10558,15476,12587,14589,14969,17464,25495,34322,8544,16909,367843,158948,61098,20964,103418,27077,5735
2021-06-04T23:59:59+02:00,13001,12922,23813,22885,27665,29899,37964,42031,58676,61861,46989,52784,33042,43547,9047,17909,3582,3887,7314,7994,7902,11000,10529,15454,12543,14552,14772,17262,25486,34304,8542,16908,366050,158371,58852,20951,103404,26980,5729
2021-06-03T23:59:59+02:00,12739,12670,23375,22512,27251,29576,36271,40722,56571,60017,46876,52640,33005,43494,9044,17896,3467,3787,7133,7857,7435,10692,9451,14815,11498,13956,13612,15820,25347,34121,8531,16893,362201,155083,53951,17502,103354,26677,5153
2021-06-02T23:59:59+02:00,12702,12632,23337,22484,27222,29552,36240,40680,56446,59861,46864,52621,33002,43488,9044,17895,3425,3759,7078,7840,7377,10660,9284,14772,11285,13896,12263,14329,25261,33989,8527,16886,361626,151336,53947,17491,103354,26661,5143
2021-06-01T23:59:59+02:00,12226,12244,22703,21988,26529,28991,35513,40107,53496,56742,46523,52266,32902,43350,9030,17872,2872,3337,5727,7184,6121,10111,7883,14088,10226,12899,8011,8855,24877,33441,8508,16838,351018,133406,53808,17127,103335,26124,4321
2021-05-31T23:59:59+02:00,11891,11973,22147,21612,26154,28750,35179,39901,52064,55358,46441,52147,32874,43317,9023,17866,2733,3196,5450,6941,5855,9900,7511,13836,10003,12755,7963,8800,24855,33398,8500,16828,346312,132645,53772,17012,103312,25566,3301
2021-05-30T23:59:59+02:00,11827,11920,22062,21579,26092,28713,35065,39830,51705,55019,46421,52126,32869,43311,9021,17864,2694,3155,5340,6870,5752,9830,7316,13747,9779,12652,7935,8773,24843,33391,8499,16823,345132,132058,53754,16840,103303,25266,3235
2021-05-29T23:59:59+02:00,11804,11906,22035,21563,26077,28701,35044,39817,51693,55003,46416,52121,32868,43311,9021,17864,2670,3093,5296,6744,5689,9698,7196,13540,9645,12432,7868,8699,24782,33331,8498,16822,344982,131788,53754,16789,103282,24200,3226
2021-05-28T23:59:59+02:00,11742,11824,21956,21453,26003,28587,34973,39722,51615,54911,46398,52105,32861,43300,9021,17861,2556,2759,4606,6212,5147,8958,6833,12546,9143,11513,7731,8541,24421,32859,8498,16820,344141,130309,53743,16691,103229,18924,3219
2021-05-27T23:59:59+02:00,11425,11541,21438,21085,25476,28245,34432,39325,51038,54325,46245,51938,32808,43236,9019,17845,2272,2441,3993,5703,4519,8361,6296,11721,8170,10199,7331,7957,22886,30764,8484,16801,339924,124701,53334,15566,103119,14587,3044
2021-05-26T23:59:59+02:00,11098,11266,20663,20493,24454,27435,33392,38471,50304,53635,46024,51680,32745,43137,9011,17826,2202,2362,3903,5573,4387,8186,6083,11459,7803,9793,6797,7219,20518,27428,8470,16771,335290,116307,50367,15311,103069,14428,2908
2021-05-25T23:59:59+02:00,10791,11007,20264,20135,24015,27029,32866,37966,49428,52657,45772,51408,32679,43010,9001,17806,2129,2305,3787,5473,4248,8039,5867,11231,7451,9444,6195,6369,16488,22181,8452,16724,329789,104268,50286,15267,102996,14085,2763
2021-05-24T23:59:59+02:00,10536,10835,19679,19829,22837,26362,31820,37266,49219,52483,45685,51320,32657,42984,9000,17805,2100,2287,3744,5439,4181,7993,5801,11176,7375,9387,6173,6349,16479,22174,8452,16724,328234,104154,46510,15255,102942,13794,2631
2021-05-23T23:59:59+02:00,10300,10601,19316,19548,22422,26010,31377,36924,48607,51948,45309,50903,32579,42874,8992,17796,2095,2286,3739,5433,4177,7990,5790,11167,7369,9381,6169,6339,16479,22172,8452,16724,323427,104105,46509,15253,102941,13775,2629
2021-05-22T23:59:59+02:00,10268,10561,19262,19507,22377,25978,31328,36895,48498,51875,45293,50883,32576,42868,8989,17796,2093,2283,3729,5421,4173,7984,5786,11162,7361,9377,6167,6337,16478,22172,8452,16724,322889,104075,46509,15253,102940,13755,2616
2021-05-21T23:59:59+02:00,9962,10160,18831,18990,22022,25339,30894,36086,48033,51247,45221,50790,32542,42830,8987,17791,2012,2237,3664,5384,4134,7953,5752,11116,7322,9328,6139,6313,16404,22079,8451,16723,317735,103765,46480,15253,102916,13399,2594
2021-05-20T23:59:59+02:00,9322,9548,17873,18182,20999,24432,29570,34861,46349,49495,44858,50389,32452,42706,8972,17773,1678,2040,3365,5106,3871,7550,5445,10632,6950,8911,5929,6052,15122,20579,8431,16688,306254,100054,46398,14778,102690,11078,2439
2021-05-19T23:59:59+02:00,9019,9186,17237,17555,20082,23555,28346,33592,44599,47428,44406,49942,32330,42522,8954,17746,1599,1939,3154,4890,3672,7293,5220,10282,6661,8580,5655,5724,12961,17783,8415,16634,295274,93896,46359,14313,102645,10032,2221
2021-05-18T23:59:59+02:00,8431,8582,16050,16478,18808,22307,26802,31929,41922,44193,43735,49174,32122,42262,8935,17713,1575,1907,3093,4823,3590,7166,5081,10148,6479,8369,5399,5437,11294,15654,8395,16585,279608,88816,45154,14263,102563,9798,2118
2021-05-17T23:59:59+02:00,8332,8514,15866,16366,18591,22127,26409,31608,40183,42573,43630,49094,32083,42201,8926,17695,1534,1882,3041,4776,3532,7109,5005,10041,6388,8270,5365,5401,11281,15643,8392,16576,279398,88754,40400,13983,102520,9619,1880
2021-05-16T23:59:59+02:00,8204,8454,15749,16274,18467,22026,26219,31493,37229,39820,43600,49064,32063,42177,8923,17691,1507,1863,2998,4734,3484,7052,4915,9973,6294,8191,5338,5367,11274,15628,8390,16574,279124,88707,34284,13718,102401,9513,1644
2021-05-15T23:59:59+02:00,8178,8416,15685,16219,18424,21988,26148,31449,37200,39784,43576,49037,32058,42174,8923,17691,1496,1827,2962,4661,3466,6989,4894,9887,6276,8149,5333,5362,11271,15628,8390,16574,278647,88653,34284,13714,102387,9166,1632
2021-05-14T23:59:59+02:00,7961,7982,15357,15754,18120,21558,25804,30990,36979,39476,43554,49014,32049,42170,8923,17689,1421,1754,2899,4562,3419,6888,4827,9728,6199,8033,5302,5321,11262,15622,8390,16573,277602,88575,34139,13695,100072,8363,1567
2021-05-13T23:59:59+02:00,7525,7579,14629,15207,17411,20926,24959,30247,36249,38843,43309,48702,31989,42070,8919,17681,1218,1662,2717,4452,3304,6765,4693,9560,6075,7899,5266,5290,11250,15605,8387,16570,271285,88433,33817,13614,99860,7383,1283
2021-05-12T23:59:59+02:00,7040,7238,13635,14544,16405,20140,24366,29849,35961,38575,43145,48523,31967,42050,8916,17678,1213,1660,2710,4446,3292,6762,4688,9550,6068,7893,5261,5287,11248,15603,8386,16569,265098,88381,33808,13605,99856,7380,1270
2021-05-11T23:59:59+02:00,6622,6984,12959,14025,14566,18631,21373,27261,33758,36311,42241,47427,31700,41660,8896,17638,1141,1558,2597,4288,3191,6536,4564,9257,5960,7694,5194,5220,11209,15548,8379,16552,248007,87924,33533,13393,99419,6478,1093
2021-05-10T23:59:59+02:00,6457,6875,12671,13898,14225,18401,20379,26567,32580,35412,41743,46840,31652,41594,8891,17621,1095,1475,2492,4138,3101,6328,4428,8987,5853,7523,5166,5194,11197,15532,8376,16544,242582,87823,33324,13333,99118,5491,782
2021-05-09T23:59:59+02:00,5957,6572,11480,13388,13224,18040,19367,26232,32116,35156,41696,46777,31630,41581,8888,17615,1064,1438,2399,4031,3003,6182,4297,8816,5770,7438,5156,5180,11192,15530,8371,16542,237262,87791,33253,13291,98780,4903,424
2021-05-08T23:59:59+02:00,5943,6562,11463,13368,13202,18027,19338,26195,32080,35114,41689,46771,31629,41577,8888,17615,1059,1431,2387,4025,2997,6182,4293,8809,5766,7436,5154,5175,11189,15527,8371,16542,237011,87764,33252,13291,98779,4869,419
2021-05-07T23:59:59+02:00,5829,6469,11234,13194,12903,17805,18651,25537,31187,34229,41550,46590,31582,41519,8885,17611,1030,1395,2349,3974,2956,6134,4234,8750,5686,7389,5108,5130,11178,15518,8371,16541,234534,87633,31366,13287,98673,4621,202
2021-05-06T23:59:59+02:00,5355,6155,10554,12777,12126,17114,16916,23968,28664,31800,41055,46063,31449,41335,8874,17594,960,1319,2207,3731,2792,5800,4029,8277,5511,7107,5066,5083,11158,15493,8369,16532,225875,87456,28013,12974,97870,2963,41
2021-05-05T23:59:59+02:00,5004,5898,9928,12323,11414,16511,15764,22874,25634,28883,40376,45200,31230,41045,8859,17560,937,1283,2148,3604,2735,5646,3933,8052,5413,6995,5021,5030,11129,15461,8367,16530,212989,87199,27831,12836,97650,2216,33
2021-05-04T23:59:59+02:00,4588,5362,9259,11646,10615,15650,14388,21532,21776,25182,39395,44133,30927,40608,8842,17530,911,1245,2088,3485,2660,5517,3841,7892,5323,6878,4989,4993,11101,15435,8365,16527,195967,86990,27812,12541,97627,1692,27
2021-05-03T23:59:59+02:00,4320,4890,8833,11127,10145,15031,13823,20870,21093,24575,39161,43906,30858,40521,8839,17515,895,1206,2016,3382,2603,5409,3787,7775,5273,6801,4977,4983,11087,15419,8362,16522,190125,86851,27800,12533,97566,1097,16
2021-05-02T23:59:59+02:00,4316,4887,8816,11120,10135,15024,13799,20856,21080,24569,39160,43905,30857,40520,8838,17515,888,1183,1987,3301,2556,5310,3740,7651,5255,6744,4975,4981,11086,15415,8362,16520,190037,86834,27789,12504,97559,604,12
2021-05-01T23:59:59+02:00,4313,4874,8804,11112,10127,15015,13791,20853,21071,24561,39160,43903,30857,40520,8838,17515,888,1183,1986,3301,2556,5310,3740,7651,5255,6744,4975,4981,11086,15415,8361,16520,189955,86833,27789,12504,97559,604,11
2021-04-30T23:59:59+02:00,4282,4842,8764,11081,10084,14978,13725,20810,20960,24375,38906,43619,30840,40503,8837,17515,883,1179,1976,3294,2554,5300,3738,7644,5252,6738,4973,4978,11082,15414,8361,16520,189036,86810,27520,12501,97554,564,11
2021-04-29T23:59:59+02:00,3980,4643,8310,10815,9563,14695,13218,20431,19667,22940,36413,40866,30645,40204,8828,17485,868,1159,1920,3229,2511,5230,3668,7501,5160,6652,4945,4943,11063,15380,8359,16515,183554,86618,21688,12344,97451,131,10
2021-04-28T23:59:59+02:00,3799,4566,8045,10700,9167,14521,12840,20189,19109,22392,32719,36644,30459,39963,8818,17466,846,1140,1893,3183,2467,5185,3632,7445,5097,6588,4879,4886,11017,15330,8357,16506,172450,86411,21537,11918,97404,116,6
2021-04-27T23:59:59+02:00,3691,4492,7780,10562,8822,14347,12326,19944,18557,21789,27218,30520,30165,39559,8800,17439,829,1125,1865,3144,2432,5137,3581,7390,5038,6509,4831,4824,10984,15280,8355,16499,157149,86208,21515,11496,97341,113,6
2021-04-26T23:59:59+02:00,3624,4453,7640,10501,8658,14281,12091,19881,18042,21400,27195,30489,30155,39551,8800,17439,803,1089,1796,3082,2367,5083,3513,7303,4939,6399,4736,4752,10912,15206,8354,16496,156578,86085,21296,10626,96320,113,6
2021-04-25T23:59:59+02:00,3578,4429,7475,10452,8413,14231,11754,19840,16344,19875,26633,29924,30106,39495,8800,17436,802,1083,1783,3075,2358,5079,3502,7290,4928,6389,4734,4749,10904,15194,8354,16496,156095,86026,21286,10589,91398,99,6
2021-04-24T23:59:59+02:00,3570,4421,7462,10441,8403,14222,11740,19831,16322,19853,26595,29863,30103,39491,8799,17436,802,1083,1783,3074,2357,5079,3502,7290,4928,6389,4734,4748,10902,15193,8354,16496,155894,86020,21282,10589,91370,99,6
2021-04-23T23:59:59+02:00,3547,4401,7424,10400,8358,14173,11671,19775,16256,19777,26186,29366,30072,39447,8797,17433,792,1074,1766,3066,2339,5052,3446,7248,4826,6286,4594,4621,10747,15009,8348,16483,154716,85734,21143,9858,91218,99,6
2021-04-22T23:59:59+02:00,3453,4294,7224,10219,7784,13732,10345,18916,14816,18797,24218,26964,29898,39235,8782,17410,716,1007,1658,2949,2212,4898,3276,7071,4644,6085,4454,4452,10235,14357,8322,16419,149958,83834,15859,8836,90264,79,6
2021-04-21T23:59:59+02:00,3393,4239,7091,10129,7576,13576,9955,18663,14337,18315,21715,23821,29665,38937,8765,17390,658,977,1585,2868,2120,4803,3147,6931,4483,5914,4274,4285,9671,13589,8290,16349,142992,82055,15095,7811,89474,72,6
2021-04-20T23:59:59+02:00,3343,4194,6988,10042,7436,13462,9674,18429,13823,17850,18338,19792,29415,38545,8752,17358,621,943,1506,2797,2041,4723,3040,6806,4349,5762,4087,4081,8820,12381,8235,16226,134169,79166,14850,7179,88416,67,6
2021-04-19T23:59:59+02:00,3327,4184,6945,10003,7378,13425,9596,18354,13675,17721,18024,19427,29387,38515,8751,17354,544,898,1403,2703,1939,4626,2905,6638,4159,5580,3834,3787,7005,9948,8059,15890,133856,73424,14655,6426,87549,62,6
2021-04-18T23:59:59+02:00,3306,4169,6863,9976,7269,13375,9378,18288,12792,17564,16707,18056,29335,38467,8748,17347,539,893,1394,2694,1922,4616,2869,6609,4103,5529,3755,3713,6589,9316,8025,15824,133645,71945,14513,6381,83476,58,6
2021-04-17T23:59:59+02:00,3294,4165,6848,9953,7236,13349,9340,18252,12762,17540,16651,18006,29291,38403,8747,17347,539,891,1394,2692,1921,4613,2864,6604,4101,5524,3754,3711,6584,9316,8024,15823,133290,71910,14512,6381,83376,58,6
2021-04-16T23:59:59+02:00,3277,4149,6813,9936,7186,13312,9262,18192,12636,17415,16376,17700,28833,37821,8745,17341,539,889,1389,2687,1912,4611,2858,6597,4095,5516,3749,3705,6567,9288,8024,15821,131777,71815,14505,6370,82706,56,6
2021-04-15T23:59:59+02:00,3218,4081,6680,9829,6983,13129,8908,17916,12092,16849,15190,16257,26981,35395,8730,17323,529,878,1385,2666,1897,4586,2832,6569,4049,5458,3698,3633,6538,9240,8016,15811,125890,71501,14230,6233,79435,45,6
2021-04-14T23:59:59+02:00,3151,4026,6588,9726,6835,12961,8624,17645,11565,16316,13862,14619,22568,29694,8717,17282,524,871,1374,2659,1885,4567,2805,6545,4009,5416,3644,3584,6482,9182,7995,15784,113558,71215,14198,6082,76417,23,6
2021-04-13T23:59:59+02:00,3092,3986,6453,9636,6690,12826,8320,17386,11081,15835,11082,11454,19786,25911,8696,17250,503,842,1328,2612,1829,4509,2687,6436,3828,5248,3431,3404,6353,9057,7987,15768,105186,70878,14006,4919,70286,19,6
2021-04-12T23:59:59+02:00,3064,3969,6390,9602,6583,12734,8124,17253,10797,15607,9396,9590,19365,25393,8695,17243,495,831,1311,2595,1809,4490,2654,6393,3775,5194,3372,3361,6321,9015,7983,15749,105067,70744,13951,4581,64781,17,6
2021-04-11T23:59:59+02:00,3029,3957,6295,9578,6461,12697,7959,17200,10590,15499,7296,7387,18515,24369,8693,17241,495,831,1310,2593,1809,4490,2653,6393,3773,5190,3367,3360,6316,9013,7983,15749,104998,70733,13945,4571,57817,15,6
2021-04-10T23:59:59+02:00,3027,3955,6285,9573,6453,12692,7954,17195,10579,15488,7290,7376,18508,24365,8693,17241,494,828,1308,2590,1808,4488,2650,6390,3770,5189,3358,3346,6309,8999,7983,15749,104917,70675,13944,4564,57808,15,5
2021-04-09T23:59:59+02:00,2953,3833,6155,9373,6286,12420,7687,16769,10272,14998,7154,7203,18401,24200,8692,17239,489,820,1289,2581,1782,4470,2614,6342,3690,5103,3231,3236,6192,8918,7979,15746,104448,70595,13914,3869,55268,13,5
2021-04-08T23:59:59+02:00,2870,3753,6049,9246,6180,12291,7510,16588,10028,14807,6965,6929,17156,22769,8682,17213,481,814,1277,2549,1755,4429,2586,6276,3635,5046,3162,3187,6114,8813,7961,15708,100803,70167,13560,3609,54668,12,5
2021-04-07T23:59:59+02:00,2834,3712,5979,9174,6089,12221,7374,16481,9784,14653,6647,6575,14882,19857,8663,17170,475,812,1265,2535,1745,4406,2570,6239,3565,4986,3094,3135,6061,8757,7956,15682,94652,69898,13399,3369,54039,11,5
2021-04-06T23:59:59+02:00,2808,3676,5896,9107,5999,12144,7212,16359,9550,14460,6169,6087,12944,17408,8640,17116,473,803,1258,2512,1734,4381,2538,6196,3497,4923,3018,3088,6018,8704,7951,15667,89645,69657,13099,3089,52826,10,5
2021-04-05T23:59:59+02:00,2799,3664,5881,9089,5986,12124,7198,16343,9531,14435,5991,5921,11738,16197,8640,17115,467,794,1256,2496,1727,4366,2518,6164,3462,4883,2992,3048,6000,8663,7945,15652,89570,69468,13063,2952,50015,9,4
2021-04-04T23:59:59+02:00,2799,3664,5879,9086,5984,12124,7196,16343,9529,14435,5986,5917,11738,16195,8640,17115,467,794,1256,2495,1727,4366,2517,6164,3462,4883,2992,3048,5998,8663,7945,15652,89561,69465,13063,2951,50002,9,4
2021-04-03T23:59:59+02:00,2798,3655,5871,9079,5978,12121,7194,16340,9526,14432,5983,5913,11732,16192,8640,17115,467,794,1256,2495,1727,4366,2517,6164,3462,4882,2992,3048,5998,8663,7945,15652,89505,69464,13063,2951,49997,9,4
2021-04-02T23:59:59+02:00,2796,3652,5866,9075,5975,12119,7191,16339,9521,14430,5980,5907,11718,16163,8639,17114,465,792,1255,2495,1725,4365,2517,6162,3461,4876,2964,3032,5990,8654,7945,15652,89425,69387,13060,2950,49996,9,4
2021-04-01T23:59:59+02:00,2774,3646,5838,9044,5931,12073,7148,16286,9462,14373,5887,5810,11426,15815,8620,17075,463,778,1253,2487,1718,4355,2501,6147,3430,4853,2907,2987,5920,8567,7884,15558,88437,68848,13039,2947,49728,9,4
2021-03-31T23:59:59+02:00,2734,3612,5760,8974,5863,11979,7042,16177,9329,14232,5750,5672,10873,15069,8585,17001,456,770,1248,2476,1712,4340,2493,6130,3409,4821,2875,2954,5861,8492,7843,15477,86462,68400,12825,2945,49362,9,3
2021-03-30T23:59:59+02:00,2710,3592,5711,8916,5804,11899,6968,16078,9229,14084,5558,5457,9969,13714,8525,16852,453,768,1242,2469,1702,4325,2474,6108,3372,4774,2814,2882,5761,8377,7735,15264,83390,67702,12444,2806,49229,9,3
2021-03-29T23:59:59+02:00,2632,3530,5607,8801,5691,11746,6801,15845,8993,13828,5207,5085,8013,11159,8346,16496,445,762,1231,2462,1687,4311,2451,6079,3336,4716,2750,2821,5616,8243,7567,14969,77337,66763,11629,2671,48811,9,3
2021-03-28T23:59:59+02:00,2609,3516,5560,8734,5612,11671,6713,15754,8877,13706,5083,4931,7369,10227,8292,16399,436,754,1215,2444,1663,4283,2399,6015,3275,4620,2664,2746,5497,8089,7509,14847,75046,66302,11369,2145,48635,6,3
2021-03-27T23:59:59+01:00,2608,3511,5550,8727,5608,11657,6697,15732,8866,13693,5056,4904,7359,10224,8292,16398,436,754,1213,2443,1662,4277,2393,6012,3268,4614,2659,2742,5472,8040,7439,14724,74939,65995,11369,2144,48571,6,3
2021-03-26T23:59:59+01:00,2589,3487,5513,8689,5567,11609,6615,15654,8713,13539,4888,4753,7206,10061,8291,16390,431,746,1207,2427,1642,4248,2369,5978,3230,4557,2600,2678,5133,7581,6889,13757,74595,63358,10534,2106,48432,6,3
2021-03-25T23:59:59+01:00,2463,3389,5323,8466,5379,11330,6390,15360,8483,13259,4741,4603,7121,9957,8288,16383,422,730,1186,2403,1615,4216,2326,5922,3156,4475,2496,2577,4497,6721,6029,12398,74142,59273,9587,1888,47203,5,3
2021-03-24T23:59:59+01:00,2358,3328,5189,8300,5210,11135,6220,15113,8283,13041,4609,4453,7018,9846,8283,16377,417,717,1171,2373,1578,4164,2268,5850,3064,4376,2365,2460,3779,5668,4931,10628,73768,54258,8425,1543,46567,5,3
2021-03-23T23:59:59+01:00,2274,3268,5078,8173,5116,10987,6094,14919,8169,12881,4528,4372,6958,9793,8276,16360,403,688,1150,2337,1548,4103,2217,5762,2984,4288,2273,2365,3039,4580,3340,7872,73374,47548,7680,1395,46189,3,3
2021-03-22T23:59:59+01:00,2188,3196,4954,8037,4981,10811,5924,14669,7993,12688,4424,4265,6899,9687,8263,16322,371,667,1126,2295,1500,4033,2151,5649,2886,4127,2164,2226,2197,3443,1181,4244,72882,39093,6643,1162,45773,2,3
2021-03-21T23:59:59+01:00,2186,3190,4943,8022,4968,10799,5905,14653,7965,12664,4403,4249,6881,9677,8261,16322,370,667,1119,2281,1489,3999,2134,5613,2857,4075,2124,2179,2156,3401,1168,4204,72859,38953,6592,879,45635,2,2
2021-03-20T23:59:59+01:00,2186,3190,4942,8021,4967,10797,5904,14653,7958,12659,4401,4248,6874,9669,8261,16322,370,667,1119,2281,1489,3999,2134,5613,2856,4074,2123,2176,2156,3401,1168,4204,72849,38951,6592,875,45609,2,2
2021-03-19T23:59:59+01:00,2112,2840,4406,6758,4576,9818,5639,14113,7737,12299,4290,4160,6813,9611,8261,16322,369,667,1119,2281,1489,3998,2134,5612,2855,4074,2121,2174,2151,3395,1167,4203,72781,38936,6581,869,40391,2,2
2021-03-18T23:59:59+01:00,2035,2502,3971,5694,4034,8323,4757,11422,6425,9271,3989,3925,6630,9407,8241,16287,368,662,1111,2269,1482,3973,2105,5571,2831,4051,2103,2157,2126,3367,1163,4196,72350,38745,6517,786,28044,2,2
2021-03-17T23:59:59+01:00,2029,2490,3961,5669,4015,8295,4732,11353,6373,9197,3953,3877,6595,9367,8235,16265,364,660,1107,2262,1477,3964,2096,5554,2817,4025,2081,2129,2106,3354,1156,4181,72090,38592,6458,737,27856,2,2
2021-03-16T23:59:59+01:00,1998,2448,3908,5587,3940,8190,4592,11178,6166,8998,3731,3688,6471,9228,8230,16245,362,655,1106,2243,1472,3951,2086,5540,2807,4005,2073,2116,2094,3328,1149,4152,71781,38427,5180,708,27635,2,2
2021-03-15T23:59:59+01:00,1988,2423,3883,5552,3908,8152,4539,11110,6084,8910,3655,3626,6422,9171,8224,16222,359,649,1097,2228,1463,3946,2068,5499,2791,3980,2054,2080,2073,3271,1142,4116,71557,38210,4821,604,27491,2,0
2021-03-14T23:59:59+01:00,1982,2414,3875,5540,3902,8135,4529,11082,6078,8888,3647,3617,6418,9163,8223,16221,358,649,1094,2227,1460,3944,2065,5497,2772,3974,2050,2078,2061,3261,1139,4114,71526,38203,4805,539,27383,1,0
2021-03-13T23:59:59+01:00,1978,2405,3863,5522,3892,8128,4510,11070,6065,8875,3644,3614,6417,9161,8223,16221,358,649,1094,2227,1460,3944,2065,5496,2772,3973,2049,2076,2061,3260,1131,4109,71504,38184,4800,539,27284,1,0
2021-03-12T23:59:59+01:00,1925,2331,3277,5380,3449,8015,4376,10934,5837,8589,3472,3475,6294,9054,8201,16181,353,626,1089,2197,1451,3917,2047,5424,2709,3861,1877,1953,2005,3213,1127,4103,71292,37421,4076,531,25422,0,0
2021-03-11T23:59:59+01:00,1791,2169,2868,5125,3050,7763,4066,10479,5206,7715,3294,3343,6188,8934,8174,16144,352,626,1086,2183,1448,3898,2039,5402,2701,3846,1871,1946,1990,3194,1123,4087,70729,37300,3814,492,21766,0,0
2021-03-10T23:59:59+01:00,1758,2130,2829,5084,3016,7698,4007,10388,5088,7606,3166,3237,6074,8812,8145,16093,350,623,1084,2181,1446,3887,2034,5388,2688,3828,1856,1935,1964,3166,1113,4073,70322,37219,3483,397,21326,0,0
2021-03-09T23:59:59+01:00,1749,2113,2800,5057,2994,7653,3964,10327,5006,7523,3074,3156,5981,8709,8055,15902,347,621,1081,2175,1437,3874,2003,5364,2651,3799,1808,1909,1920,3141,1102,4064,69729,37191,3215,105,21119,0,0
2021-03-08T23:59:59+01:00,1732,2099,2770,5032,2967,7620,3944,10280,4976,7461,3038,3118,5883,8615,7907,15634,347,621,1078,2169,1430,3855,1985,5335,2632,3772,1791,1892,1895,3118,1097,4047,68943,37050,3206,14,20927,0,0
2021-03-07T23:59:59+01:00,1719,2086,2740,4990,2932,7568,3911,10218,4933,7403,3003,3086,5809,8498,7845,15509,347,620,1078,2168,1429,3847,1982,5328,2630,3767,1786,1889,1892,3113,1095,4041,68411,37000,3153,12,20686,0,0
2021-03-06T23:59:59+01:00,1717,2084,2735,4979,2928,7558,3901,10211,4918,7388,2992,3074,5774,8432,7771,15368,347,618,1076,2166,1429,3846,1976,5319,2628,3764,1780,1882,1887,3111,1095,4038,68021,36950,3153,12,20656,0,0
2021-03-05T23:59:59+01:00,1628,1992,2646,4817,2869,7395,3813,10004,4821,7203,2947,3020,5405,7942,7217,14381,347,618,1074,2163,1422,3842,1976,5317,2623,3758,1772,1879,1882,3108,1090,4035,65368,36894,3150,12,19582,0,0
2021-03-04T23:59:59+01:00,1435,1857,2484,4621,2695,7120,3642,9653,4556,6878,2848,2907,4756,7091,6344,12965,344,609,1061,2133,1408,3804,1948,5262,2598,3718,1743,1857,1847,3053,1067,3990,61163,36430,3147,12,17542,0,0
2021-03-03T23:59:59+01:00,1390,1796,2412,4513,2634,6996,3556,9489,4459,6747,2766,2838,4096,6057,5248,11218,341,599,1049,2107,1396,3777,1933,5211,2528,3663,1714,1826,1823,3024,1053,3965,56116,35997,3121,12,16978,0,0
2021-03-02T23:59:59+01:00,1345,1754,2358,4450,2585,6904,3467,9368,4319,6604,2657,2710,3309,4934,3563,8320,336,590,1042,2081,1386,3734,1916,5160,2499,3640,1705,1812,1801,3000,1045,3938,49075,35673,2872,12,16700,0,0
2021-03-01T23:59:59+01:00,1278,1713,2302,4386,2510,6820,3370,9230,4180,6414,2527,2586,2388,3692,1224,4388,334,586,1033,2070,1376,3715,1909,5141,2487,3626,1690,1802,1783,2981,1035,3911,40057,35467,2486,12,16465,0,0
2021-02-28T23:59:59+01:00,1240,1698,2258,4346,2484,6776,3318,9170,4113,6356,2462,2544,2346,3659,1218,4372,333,585,1032,2064,1374,3699,1905,5130,2481,3619,1683,1791,1770,2970,1028,3896,39959,35348,2194,12,16207,0,0
2021-02-27T23:59:59+01:00,1193,1583,2188,4115,2429,6545,3253,8858,4024,6123,2411,2491,2326,3640,1216,4372,333,585,1031,2064,1374,3699,1905,5129,2480,3619,1683,1790,1768,2970,1028,3896,39853,35342,2193,12,14721,0,0
2021-02-26T23:59:59+01:00,990,1289,1999,3703,2261,5861,3038,7919,3715,5400,2382,2463,2311,3628,1213,4371,333,585,1031,2061,1372,3697,1903,5128,2478,3618,1683,1787,1762,2967,1026,3891,39838,35310,2105,12,10600,0,0
2021-02-25T23:59:59+01:00,610,1109,1740,3502,2074,5556,2841,7511,3499,5122,2309,2398,2276,3574,1209,4357,323,560,1001,2011,1346,3630,1872,5042,2446,3559,1658,1759,1727,2921,1000,3858,39643,34702,1850,11,8194,0,0
2021-02-24T23:59:59+01:00,587,1086,1703,3406,2015,5416,2771,7319,3434,5000,2252,2351,2241,3545,1202,4326,311,550,989,1982,1333,3577,1857,4980,2423,3516,1648,1741,1716,2902,990,3835,39454,34347,1681,3,7519,0,0
2021-02-23T23:59:59+01:00,561,1037,1640,3309,1965,5272,2691,7187,3341,4898,2201,2297,2204,3491,1192,4299,310,545,984,1965,1326,3549,1848,4946,2397,3490,1633,1717,1693,2868,979,3785,39308,34032,1409,3,6868,0,0
2021-02-22T23:59:59+01:00,538,994,1590,3215,1924,5127,2627,6963,3285,4764,2194,2200,2191,3419,1188,4257,309,541,979,1952,1319,3522,1831,4913,2381,3459,1614,1696,1667,2840,966,3741,39097,33729,1145,1,6234,0,0
2021-02-21T23:59:59+01:00,528,936,1531,3078,1876,4979,2571,6801,3207,4672,2158,2168,2166,3401,1180,4253,309,539,975,1944,1319,3513,1827,4902,2377,3452,1613,1693,1666,2838,966,3740,39058,33672,912,1,5535,0,0
2021-02-20T23:59:59+01:00,523,930,1523,3075,1870,4979,2569,6797,3203,4669,2155,2167,2166,3400,1179,4253,309,539,975,1943,1319,3512,1827,4901,2376,3452,1612,1692,1662,2838,966,3738,39054,33660,908,1,5496,0,0
2021-02-19T23:59:59+01:00,497,890,1494,3013,1845,4921,2526,6693,3109,4529,1981,2037,2108,3354,1176,4247,307,538,974,1940,1318,3512,1827,4896,2373,3450,1610,1691,1660,2837,966,3737,38306,33635,889,1,5225,0,0
2021-02-18T23:59:59+01:00,460,810,1390,2783,1745,4671,2385,6418,3010,4374,1956,2021,2094,3337,1172,4241,307,531,964,1902,1310,3475,1807,4850,2356,3415,1597,1681,1645,2824,955,3721,38232,33339,815,1,3820,0,0
2021-02-17T23:59:59+01:00,443,758,1350,2663,1683,4489,2319,6174,2951,4244,1942,2005,2072,3319,1158,4232,296,509,927,1817,1269,3335,1743,4690,2282,3289,1521,1612,1571,2708,911,3619,38076,32098,764,1,2962,0,0
2021-02-16T23:59:59+01:00,418,716,1296,2539,1630,4343,2246,5983,2873,4129,1933,2000,2066,3314,1153,4221,288,484,896,1739,1217,3191,1683,4478,2214,3134,1469,1558,1513,2604,886,3500,38017,30853,734,1,2109,0,0
2021-02-15T23:59:59+01:00,403,675,1223,2408,1589,4267,2214,5934,2843,4091,1912,1983,2048,3285,1148,4203,279,461,872,1694,1185,3110,1622,4343,2145,3025,1395,1497,1460,2489,848,3332,37912,29756,624,1,1690,0,0
2021-02-14T23:59:59+01:00,393,669,1195,2335,1532,4107,2170,5854,2813,4054,1908,1981,2036,3276,1147,4197,272,453,853,1669,1166,3067,1583,4292,2107,2999,1378,1475,1435,2450,834,3294,37895,29326,559,1,1213,0,0
2021-02-13T23:59:59+01:00,392,669,1195,2335,1532,4106,2168,5853,2813,4054,1907,1979,2035,3276,1147,4194,272,453,853,1669,1166,3067,1582,4291,2106,2999,1377,1472,1434,2449,834,3293,37884,29316,559,1,1212,0,0
2021-02-12T23:59:59+01:00,386,665,1180,2326,1526,4093,2164,5843,2808,4049,1895,1969,2028,3263,1143,4191,270,451,848,1665,1160,3056,1561,4274,2090,2983,1363,1457,1421,2416,827,3262,37817,29103,551,1,1161,0,0
2021-02-11T23:59:59+01:00,362,634,1109,2224,1476,3955,2062,5580,2733,3947,1869,1943,1986,3195,1123,4140,246,417,800,1548,1074,2822,1436,3919,1893,2680,1179,1266,1260,2129,733,2936,37435,26338,514,0,389,0,0
2021-02-10T23:59:59+01:00,354,625,1083,2177,1436,3877,2005,5398,2629,3782,1817,1898,1943,3160,1106,4115,220,361,699,1345,941,2414,1234,3313,1671,2314,1026,1099,1113,1884,639,2623,37027,22896,377,0,1,0,0
2021-02-09T23:59:59+01:00,348,613,1073,2144,1421,3824,1956,5328,2568,3728,1753,1860,1879,3112,1088,4094,183,277,589,1078,791,1962,1023,2697,1409,1950,887,943,936,1583,532,2245,36727,19085,61,0,1,0,0
2021-02-08T23:59:59+01:00,347,611,1067,2136,1411,3808,1951,5302,2550,3715,1737,1847,1861,3095,1082,4070,128,229,482,861,632,1519,811,2048,1149,1529,711,764,746,1271,426,1825,36572,15131,17,0,1,0,0
2021-02-07T23:59:59+01:00,346,611,1067,2135,1410,3800,1947,5300,2544,3712,1730,1837,1846,3088,1077,4065,119,201,426,715,556,1339,726,1836,1059,1385,640,686,669,1150,368,1620,36501,13495,14,0,0,0,0
2021-02-06T23:59:59+01:00,346,610,1066,2134,1410,3798,1947,5298,2544,3709,1730,1836,1840,3086,1075,4063,118,200,421,712,552,1313,710,1814,1047,1369,638,681,664,1146,367,1617,36478,13369,14,0,0,0,0
2021-02-05T23:59:59+01:00,346,609,1063,2131,1408,3787,1943,5285,2537,3705,1730,1831,1831,3079,1067,4053,113,191,403,694,534,1285,680,1759,997,1306,603,628,617,1070,345,1535,36391,12760,14,0,0,0,0
2021-02-04T23:59:59+01:00,337,590,1051,2094,1390,3738,1922,5206,2521,3661,1715,1810,1805,3043,1052,4025,83,147,296,461,381,860,470,1192,685,892,474,462,480,841,272,1232,35946,9228,14,0,0,0,0
2021-02-03T23:59:59+01:00,331,577,1032,2070,1377,3696,1906,5154,2489,3621,1696,1787,1787,3022,1042,4012,66,117,245,396,305,667,371,926,509,657,318,327,349,604,192,893,35585,6942,14,0,0,0,0
2021-02-02T23:59:59+01:00,326,565,1028,2045,1367,3665,1895,5101,2463,3594,1682,1766,1759,2983,1024,3968,43,93,189,312,255,513,276,735,373,505,219,206,219,411,131,574,35217,5054,14,0,0,0,0
2021-02-01T23:59:59+01:00,325,561,1023,2038,1364,3648,1887,5081,2454,3578,1675,1755,1744,2967,1019,3956,22,62,141,224,175,329,175,481,236,289,105,113,98,196,63,255,35061,2964,14,0,0,0,0
2021-01-31T23:59:59+01:00,324,559,1021,2030,1361,3639,1883,5060,2450,3565,1672,1748,1740,2959,1016,3948,20,55,123,196,156,280,158,403,198,250,90,99,89,170,56,222,34961,2565,14,0,0,0,0
2021-01-30T23:59:59+01:00,324,559,1021,2030,1361,3639,1883,5060,2449,3565,1672,1748,1740,2958,1016,3947,20,55,123,196,156,278,155,401,197,249,89,98,89,170,56,222,34958,2554,14,0,0,0,0
2021-01-29T23:59:59+01:00,322,556,1020,2027,1359,3631,1878,5052,2446,3562,1665,1738,1731,2948,1010,3928,18,53,121,186,147,271,141,374,167,222,64,72,80,146,49,195,34859,2306,14,0,0,0,0
2021-01-28T23:59:59+01:00,317,546,998,1965,1338,3569,1851,4990,2417,3504,1643,1720,1702,2913,994,3898,0,3,8,14,9,19,13,45,8,19,7,5,8,7,1,12,34352,178,13,0,0,0,0
2021-01-27T23:59:59+01:00,310,521,964,1885,1304,3452,1787,4866,2358,3412,1589,1673,1657,2840,962,3826,0,2,4,4,5,13,8,20,5,11,6,5,8,7,1,11,33397,110,9,0,0,0,0
2021-01-26T23:59:59+01:00,304,510,953,1872,1290,3413,1769,4804,2329,3355,1556,1641,1621,2767,948,3748,0,2,4,4,5,13,8,20,5,11,6,5,8,7,1,11,32873,110,7,0,0,0,0
2021-01-25T23:59:59+01:00,291,475,900,1756,1227,3234,1675,4530,2227,3168,1500,1589,1564,2677,909,3589,0,2,1,1,1,3,5,3,5,6,6,4,7,7,1,11,31309,63,2,0,0,0,0
2021-01-24T23:59:59+01:00,288,471,888,1736,1216,3212,1645,4495,2200,3151,1491,1580,1555,2667,903,3582,0,2,1,0,1,3,5,3,5,6,5,4,7,7,1,11,31078,61,2,0,0,0,0
2021-01-23T23:59:59+01:00,288,471,888,1736,1215,3211,1645,4491,2199,3150,1490,1580,1554,2666,902,3577,0,2,1,0,1,3,5,3,5,6,5,4,7,7,1,11,31061,61,2,0,0,0,0
2021-01-22T23:59:59+01:00,286,469,883,1733,1211,3204,1640,4486,2188,3143,1479,1569,1547,2646,898,3560,0,2,1,0,1,3,5,3,5,6,5,4,7,7,1,11,30940,61,2,0,0,0,0
2021-01-21T23:59:59+01:00,274,456,854,1661,1186,3077,1583,4321,2100,3010,1383,1474,1416,2466,827,3402,0,2,1,0,1,3,4,2,4,6,4,3,6,7,0,11,29488,54,2,0,0,0,0
2021-01-20T23:59:59+01:00,249,402,775,1491,1095,2740,1432,3850,1938,2704,1266,1329,1301,2284,766,3205,0,2,1,0,1,3,4,2,4,6,4,3,6,7,0,11,26825,54,2,0,0,0,0
2021-01-19T23:59:59+01:00,215,324,664,1233,948,2285,1207,3234,1658,2301,1081,1142,1090,1912,631,2732,0,1,1,0,1,2,4,1,3,6,3,3,6,7,0,11,22655,49,2,0,0,0,0
2021-01-18T23:59:59+01:00,150,260,522,962,734,1739,930,2353,1303,1768,845,911,870,1534,492,2176,0,0,0,0,0,0,0,0,2,2,1,1,0,0,0,0,17548,6,1,0,0,0,0
2021-01-17T23:59:59+01:00,136,221,454,792,647,1509,826,2101,1195,1590,789,831,786,1391,438,1986,0,0,0,0,0,0,0,0,0,1,0,0,0,0,0,0,15692,1,0,0,0,0,0
2021-01-16T23:59:59+01:00,135,220,451,791,645,1501,815,2097,1187,1584,788,826,780,1379,431,1972,0,0,0,0,0,0,0,0,0,0,0,0,0,0,0,0,15602,0,0,0,0,0,0
2021-01-15T23:59:59+01:00,125,211,436,773,619,1461,781,2018,1127,1500,745,772,735,1293,405,1863,0,0,0,0,0,0,0,0,0,0,0,0,0,0,0,0,14864,0,0,0,0,0,0
2021-01-14T23:59:59+01:00,84,154,312,491,419,930,530,1308,769,993,545,536,544,957,310,1416,0,0,0,0,0,0,0,0,0,0,0,0,0,0,0,0,10298,0,0,0,0,0,0
2021-01-13T23:59:59+01:00,66,121,255,415,336,700,405,990,547,696,335,344,374,656,212,976,0,0,0,0,0,0,0,0,0,0,0,0,0,0,0,0,7428,0,0,0,0,0,0
2021-01-12T23:59:59+01:00,53,102,208,352,270,567,292,808,399,541,224,219,229,441,146,643,0,0,0,0,0,0,0,0,0,0,0,0,0,0,0,0,5494,0,0,0,0,0,0
2021-01-11T23:59:59+01:00,37,78,181,302,222,461,223,638,293,379,135,135,126,266,81,368,0,0,0,0,0,0,0,0,0,0,0,0,0,0,0,0,3925,0,0,0,0,0,0
2021-01-10T23:59:59+01:00,27,69,160,246,189,380,182,529,248,323,116,113,111,222,70,296,0,0,0,0,0,0,0,0,0,0,0,0,0,0,0,0,3281,0,0,0,0,0,0
2021-01-09T23:59:59+01:00,27,69,160,244,188,379,181,524,247,322,115,112,111,222,70,296,0,0,0,0,0,0,0,0,0,0,0,0,0,0,0,0,3267,0,0,0,0,0,0
2021-01-08T23:59:59+01:00,25,67,157,234,180,370,166,495,219,296,93,94,105,206,64,277,0,0,0,0,0,0,0,0,0,0,0,0,0,0,0,0,3048,0,0,0,0,0,0
2021-01-07T23:59:59+01:00,1,3,4,7,8,12,11,6,17,12,9,11,16,20,1,31,0,0,0,0,0,0,0,0,0,0,0,0,0,0,0,0,169,0,0,0,0,0,0
2021-01-06T23:59:59+01:00,0,2,1,1,1,5,5,2,5,7,5,4,8,8,0,13,0,0,0,0,0,0,0,0,0,0,0,0,0,0,0,0,67,0,0,0,0,0,0
2021-01-05T23:59:59+01:00,0,2,1,1,1,5,5,2,5,6,5,4,7,7,0,12,0,0,0,0,0,0,0,0,0,0,0,0,0,0,0,0,63,0,0,0,0,0,0
2021-01-04T23:59:59+01:00,0,2,1,1,1,4,4,2,5,6,4,3,6,7,0,12,0,0,0,0,0,0,0,0,0,0,0,0,0,0,0,0,58,0,0,0,0,0,0
2021-01-03T23:59:59+01:00,0,2,1,0,1,4,4,2,5,6,3,3,6,7,0,12,0,0,0,0,0,0,0,0,0,0,0,0,0,0,0,0,56,0,0,0,0,0,0
2021-01-02T23:59:59+01:00,0,2,1,0,1,4,4,2,5,6,3,3,6,7,0,12,0,0,0,0,0,0,0,0,0,0,0,0,0,0,0,0,56,0,0,0,0,0,0
2021-01-01T23:59:59+01:00,0,2,1,0,1,3,4,2,5,6,3,3,6,7,0,12,0,0,0,0,0,0,0,0,0,0,0,0,0,0,0,0,55,0,0,0,0,0,0
2020-12-31T23:59:59+01:00,0,2,1,0,1,3,4,2,5,6,3,3,6,7,0,12,0,0,0,0,0,0,0,0,0,0,0,0,0,0,0,0,55,0,0,0,0,0,0
2020-12-30T23:59:59+01:00,0,2,1,0,1,3,4,2,5,6,3,3,6,7,0,12,0,0,0,0,0,0,0,0,0,0,0,0,0,0,0,0,55,0,0,0,0,0,0
2020-12-29T23:59:59+01:00,0,1,1,0,1,2,4,1,4,6,3,3,6,7,0,12,0,0,0,0,0,0,0,0,0,0,0,0,0,0,0,0,51,0,0,0,0,0,0
2020-12-28T23:59:59+01:00,0,1,1,0,1,1,2,0,3,5,2,1,1,0,0,2,0,0,0,0,0,0,0,0,0,0,0,0,0,0,0,0,20,0,0,0,0,0,0
2020-12-27T23:59:59+01:00,0,1,1,0,1,1,2,0,1,3,1,0,1,0,0,2,0,0,0,0,0,0,0,0,0,0,0,0,0,0,0,0,14,0,0,0,0,0,0
