Datum,<15_m,<15_w,15-24_1_m,15-24_1_w,25-34_1_m,25-34_1_w,35-44_1_m,35-44_1_w,45-54_1_m,45-54_1_w,55-64_1_m,55-64_1_w,65-74_1_m,65-74_1_w,75-84_1_m,75-84_1_w,>84_1_m,>84_1_w,<24_2_m,<24_2_w,25-34_2_m,25-34_2_w,35-44_2_m,35-44_2_w,45-54_2_m,45-54_2_w,55-64_2_m,55-64_2_w,65-74_2_m,65-74_2_w,75-84_2_m,75-84_2_w,>84_2_m,>84_2_w,bp_1,bp_2,mo_1,mo_2,az_1,az_2,ja,unb_1,unb_2
2021-09-03T23:59:59+02:00,3923,3600,34509,33264,50498,45058,51933,50485,62779,62931,73011,73362,53218,58780,36643,47502,11135,21173,31267,30295,47889,42162,49621,47774,60401,60142,70693,70895,51856,57170,35747,46192,10816,20460,562137,535339,77005,73072,105547,101218,29087,28,24
2021-09-02T23:59:59+02:00,3900,3572,34456,33220,50468,45018,51902,50454,62744,62894,72975,73337,53197,58769,36634,47486,11135,21169,31202,30237,47843,42121,49579,47731,60351,60092,70652,70869,51840,57156,35741,46187,10816,20456,561756,534980,76984,73067,105547,101110,29015,28,24
2021-09-01T23:59:59+02:00,3883,3559,34429,33190,50443,44991,51883,50433,62724,62862,72947,73319,53188,58760,36631,47478,11135,21168,31153,30198,47812,42097,49550,47710,60327,60069,70635,70844,51821,57137,35731,46180,10816,20453,561493,534667,76980,73060,105547,101083,28975,28,24
2021-08-31T23:59:59+02:00,3856,3546,34390,33144,50417,44955,51856,50401,62696,62830,72919,73288,53168,58738,36624,47466,11132,21167,31095,30168,47786,42073,49529,47693,60300,60054,70622,70817,51807,57127,35728,46173,10813,20447,561106,534397,76980,73057,105547,101077,28932,28,24
2021-08-30T23:59:59+02:00,3632,3342,33818,32643,50006,44591,51511,50065,62409,62573,72712,73115,53087,58652,36594,47421,11129,21159,30819,29908,47495,41850,49307,47528,60118,59928,70467,70716,51742,57083,35710,46142,10810,20440,558190,533345,76980,73054,105546,101067,27715,28,24
2021-08-29T23:59:59+02:00,3626,3334,33796,32622,49988,44583,51495,50049,62398,62559,72702,73099,53080,58647,36592,47414,11129,21157,30801,29889,47471,41824,49287,47512,60101,59911,70455,70704,51739,57075,35707,46141,10810,20438,558046,533228,76979,73053,105545,101023,27672,28,24
2021-08-28T23:59:59+02:00,3626,3334,33794,32622,49983,44582,51495,50048,62398,62557,72700,73098,53080,58647,36592,47414,11129,21157,30793,29881,47465,41822,49286,47511,60099,59908,70452,70702,51739,57073,35707,46141,10810,20438,558038,533194,76979,73052,105545,101023,27666,28,24
2021-08-27T23:59:59+02:00,3621,3328,33787,32601,49979,44580,51483,50042,62390,62552,72683,73092,53076,58645,36591,47413,11129,21156,30776,29862,47456,41815,49277,47502,60091,59900,70440,70701,51737,57072,35706,46140,10810,20438,557963,533118,76979,73050,105545,101020,27633,28,24
2021-08-26T23:59:59+02:00,3596,3301,33747,32552,49954,44542,51444,49995,62347,62529,72652,73063,53066,58635,36583,47411,11128,21152,30504,29609,47252,41614,49117,47351,59983,59809,70364,70635,51707,57043,35690,46117,10808,20434,557617,531417,76953,73043,105544,100957,27555,28,24
2021-08-25T23:59:59+02:00,3556,3277,33701,32510,49928,44500,51414,49968,62310,62496,72618,73041,53059,58618,36578,47397,11127,21151,29799,28941,46847,41219,48814,47072,59769,59598,70201,70492,51642,56967,35670,46084,10799,20426,557211,527331,76953,73041,105544,100934,27513,28,24
2021-08-24T23:59:59+02:00,3516,3255,33644,32452,49899,44459,51385,49921,62266,62449,72574,72995,53037,58594,36565,47384,11125,21143,29571,28722,46719,41090,48706,46967,59677,59504,70117,70394,51596,56923,35650,46072,10796,20423,556724,525908,76950,73037,105542,100901,27419,28,24
2021-08-23T23:59:59+02:00,3215,2991,33013,31837,49477,44067,51044,49621,61941,62158,72283,72765,52943,58505,36527,47321,11114,21134,29152,28330,46336,40794,48465,46756,59408,59300,69892,70247,51520,56853,35625,46029,10790,20417,553701,524472,76947,73035,105541,100896,25739,28,24
2021-08-22T23:59:59+02:00,3204,2983,33002,31830,49467,44058,51037,49615,61936,62151,72279,72763,52940,58502,36525,47319,11114,21133,29129,28314,46318,40786,48457,46745,59399,59293,69886,70244,51511,56849,35622,46027,10790,20417,553634,524378,76943,73031,105538,100884,25715,28,24
2021-08-21T23:59:59+02:00,3202,2983,32997,31827,49465,44056,51036,49613,61933,62150,72279,72763,52940,58502,36525,47319,11114,21133,29117,28301,46314,40782,48452,46741,59395,59293,69886,70243,51510,56849,35622,46027,10790,20417,553621,524338,76943,73028,105538,100884,25707,28,24
2021-08-20T23:59:59+02:00,3186,2972,32875,31734,49276,43928,50866,49504,61756,62024,72134,72683,52892,58461,36510,47301,11111,21129,28580,27800,45842,40431,48173,46532,59144,59111,69684,70120,51426,56791,35592,45999,10786,20410,553397,522651,76943,72854,105537,100657,24437,28,24
2021-08-19T23:59:59+02:00,3159,2949,32828,31695,49242,43891,50820,49461,61711,61989,72085,72644,52866,58441,36503,47286,11108,21122,27641,26950,45055,39832,47748,46169,58816,58838,69412,69900,51327,56702,35550,45952,10781,20404,552989,518298,76908,71880,105532,100565,24343,28,24
2021-08-18T23:59:59+02:00,3138,2930,32782,31653,49206,43856,50783,49425,61668,61952,72038,72619,52838,58424,36489,47273,11107,21117,26354,25644,44139,38957,47050,45437,58146,58261,68930,69450,51142,56482,35474,45862,10770,20387,552565,512775,76887,68722,105530,100512,24288,28,24
2021-08-17T23:59:59+02:00,3116,2907,32711,31598,49168,43792,50743,49392,61626,61912,72004,72580,52817,58400,36476,47262,11104,21112,25066,24259,43274,38265,46455,44960,57620,57820,68500,69129,51007,56298,35402,45785,10756,20373,552051,507190,76882,66647,105529,100475,24230,28,24
2021-08-16T23:59:59+02:00,3105,2888,32695,31577,49144,43770,50734,49375,61606,61895,71983,72565,52809,58392,36475,47251,11102,21108,23635,22861,42367,37416,46184,44671,57401,57561,68294,68969,50936,56215,35373,45740,10754,20360,551830,500848,76879,66615,105527,100462,24210,28,24
2021-08-15T23:59:59+02:00,3098,2877,32684,31561,49134,43765,50724,49366,61591,61880,71968,72553,52805,58385,36472,47251,11102,21108,21203,20393,41613,36878,45819,44305,57069,57267,68010,68713,50824,56112,35336,45684,10751,20351,551708,492110,76878,66437,105517,100446,24193,28,24
2021-08-14T23:59:59+02:00,3098,2876,32680,31559,49129,43764,50721,49364,61586,61877,71964,72547,52805,58385,36471,47251,11102,21108,21181,20367,41573,36848,45802,44290,57056,57257,67998,68702,50822,56110,35335,45683,10751,20350,551702,491930,76877,66434,105517,100446,24163,28,24
2021-08-13T23:59:59+02:00,3084,2859,32638,31532,49106,43750,50699,49347,61553,61846,71942,72527,52800,58378,36468,47246,11101,21105,21066,20280,41485,36749,45740,44238,57008,57219,67958,68669,50805,56098,35326,45675,10750,20348,551547,491345,76876,66431,105516,100425,24014,28,24
2021-08-12T23:59:59+02:00,3067,2830,32590,31483,49072,43710,50661,49319,61502,61819,71906,72492,52784,58360,36452,47237,11100,21102,20600,19969,40532,35940,45374,43907,56793,57044,67782,68504,50734,56017,35296,45630,10745,20341,551142,487123,76872,66430,105514,100380,23930,28,24
2021-08-11T23:59:59+02:00,3026,2799,32534,31440,49039,43677,50637,49295,61475,61789,71877,72465,52763,58335,36442,47228,11099,21098,19708,19085,39205,34755,44774,43332,56433,56715,67490,68231,50614,55880,35259,45571,10743,20328,550740,479721,76866,66426,105513,100358,23871,28,24
2021-08-10T23:59:59+02:00,3010,2780,32483,31397,49005,43650,50607,49263,61456,61750,71837,72421,52741,58319,36431,47205,11098,21093,18686,18120,37108,32899,43890,42456,55981,56320,67102,67888,50467,55727,35198,45476,10738,20309,550288,469515,76866,66424,105512,100339,23852,28,24
2021-08-09T23:59:59+02:00,2994,2773,32454,31374,48984,43632,50580,49247,61437,61734,71818,72401,52732,58310,36426,47195,11096,21092,17264,16706,34116,30466,43227,41825,55577,55959,66770,67563,50328,55580,35148,45428,10733,20291,550048,457329,76864,66420,105508,100326,23831,28,24
2021-08-08T23:59:59+02:00,2991,2773,32442,31364,48974,43625,50575,49241,61429,61727,71815,72400,52731,58308,36426,47192,11096,21091,17237,16677,34094,30453,43191,41793,55564,55946,66761,67558,50323,55575,35147,45425,10732,20290,549993,457145,76864,66415,105497,100307,23818,28,24
2021-08-07T23:59:59+02:00,2990,2768,32435,31354,48971,43617,50570,49241,61426,61724,71808,72398,52730,58306,36425,47192,11096,21091,17211,16647,34066,30434,43158,41763,55543,55929,66750,67551,50317,55573,35145,45425,10732,20289,549944,456918,76864,66412,105497,100306,23809,28,24
2021-08-06T23:59:59+02:00,2903,2676,32093,31131,48717,43423,50318,49016,61141,61521,71534,72232,52598,58202,36372,47140,11093,21082,17006,16512,33358,29960,42690,41396,55203,55704,66440,67375,50187,55479,35096,45389,10729,20282,549875,455252,75768,66126,105495,100304,22026,28,24
2021-08-05T23:59:59+02:00,2856,2637,31939,31014,48623,43335,50237,48963,61088,61476,71483,72191,52573,58183,36363,47123,11091,21080,16777,16258,31503,28534,41654,40456,54931,55356,66229,67204,50122,55403,35073,45350,10722,20273,549006,448483,75765,66053,105486,100182,21970,28,24
2021-08-04T23:59:59+02:00,2781,2561,31694,30821,48436,43200,50085,48852,61009,61400,71422,72136,52544,58143,36350,47108,11088,21075,16515,16015,31149,28313,40462,39383,54540,55026,66058,67053,50059,55320,35043,45323,10719,20266,547721,444182,75764,66034,105484,100108,21715,21,23
2021-08-03T23:59:59+02:00,2594,2381,31186,30359,48186,42953,49912,48661,60849,61226,71276,71991,52489,58072,36328,47079,11078,21061,16077,15571,30563,27786,38732,37767,53850,54380,65723,66744,49963,55192,34995,45272,10714,20257,544787,436525,75764,66028,105481,100089,21628,21,23
2021-08-02T23:59:59+02:00,2483,2286,30873,30074,47988,42773,49761,48532,60743,61123,71189,71909,52456,58040,36306,47060,11077,21058,15773,15302,30227,27434,36589,35943,53293,53869,65517,66569,49891,55107,34973,45244,10712,20253,542861,429692,75761,66025,105476,99978,21612,21,22
2021-08-01T23:59:59+02:00,2480,2283,30861,30069,47970,42764,49749,48524,60732,61113,71181,71903,52451,58032,36302,47060,11077,21058,15650,15179,30090,27322,34286,34089,52996,53619,65425,66500,49852,55067,34966,45226,10711,20251,542809,424251,75759,66021,105430,99956,21590,21,22
2021-07-31T23:59:59+02:00,2480,2283,30857,30065,47968,42762,49747,48524,60731,61113,71181,71901,52448,58030,36302,47060,11077,21057,15635,15168,30058,27303,34273,34082,52978,53611,65412,66495,49848,55062,34966,45225,10710,20250,542791,424106,75759,66020,105430,99953,21585,21,22
2021-07-30T23:59:59+02:00,2466,2278,30811,30020,47936,42741,49723,48499,60697,61084,71146,71883,52439,58019,36302,47060,11077,21055,15480,14868,29800,26989,34093,33832,52778,53319,65248,66292,49801,55016,34955,45213,10710,20249,542617,423755,75754,66011,105427,98044,21417,21,22
2021-07-29T23:59:59+02:00,2434,2258,30650,29928,47853,42680,49672,48434,60636,61043,71100,71837,52420,58000,36294,47044,11074,21050,15169,14592,29487,26777,32813,32887,51999,52709,64894,66027,49702,54924,34913,45156,10705,20241,541953,421073,75748,63290,105415,97900,21270,21,22
2021-07-28T23:59:59+02:00,2388,2221,30499,29818,47771,42611,49599,48363,60565,60966,71035,71780,52396,57962,36276,47026,11073,21045,14766,14221,29048,26461,32443,32559,51285,52098,64505,65701,49608,54823,34879,45099,10689,20223,541015,416944,75744,63237,105409,97511,21205,21,22
2021-07-27T23:59:59+02:00,2309,2148,30259,29549,47619,42438,49455,48227,60457,60843,70935,71695,52340,57902,36249,46987,11065,21038,14124,13566,28283,25835,31695,31908,50034,51006,63780,65137,49421,54619,34812,44984,10682,20205,539199,408631,75734,63211,105403,97414,21158,21,22
2021-07-26T23:59:59+02:00,2248,2093,30059,29315,47501,42310,49381,48145,60393,60779,70885,71650,52316,57870,36238,46974,11063,21029,13759,13192,27932,25547,31077,31500,48481,49640,62805,64310,49216,54415,34745,44903,10672,20193,537977,400936,75731,63206,105399,97384,21121,21,22
2021-07-25T23:59:59+02:00,2001,1891,29236,28643,47110,41998,49096,47860,60158,60556,70704,71493,52260,57795,36211,46932,11062,21022,13666,13132,27836,25485,30992,31434,48361,49578,62718,64262,49195,54399,34739,44895,10672,20192,533807,400311,75731,63199,105392,97224,21077,21,22
2021-07-24T23:59:59+02:00,1921,1823,28982,28413,46959,41893,48979,47761,60003,60437,70575,71413,52212,57765,36194,46911,11060,21022,13531,13022,27633,25350,30833,31306,48150,49409,62555,64167,49152,54369,34724,44877,10670,20190,533118,399704,75729,63196,105391,97222,20064,21,22
2021-07-23T23:59:59+02:00,1809,1702,28652,28088,46714,41742,48725,47548,59754,60248,70372,71286,52137,57694,36175,46874,11056,21013,13280,12798,27200,25036,30455,31001,47552,48919,62227,63932,49069,54303,34702,44833,10665,20181,532125,397309,75352,63143,105380,97220,18711,21,22
2021-07-22T23:59:59+02:00,1797,1695,28574,28011,46577,41603,48514,47337,59578,60107,70256,71157,52094,57657,36159,46857,11056,21013,13054,12547,26865,24704,30105,30683,45631,47360,61424,63232,48973,54201,34664,44790,10662,20171,531826,390626,74201,62994,105340,96999,18654,21,22
2021-07-21T23:59:59+02:00,1764,1656,28310,27805,46195,41270,47923,46782,58997,59627,69803,70770,51925,57496,36102,46801,11047,21000,12628,12109,26289,24162,29533,30116,41909,44128,59943,61970,48806,54021,34601,44708,10652,20144,531283,379013,70935,62485,105187,96557,17847,21,22
2021-07-20T23:59:59+02:00,1741,1641,28189,27670,46132,41212,47877,46744,58943,59578,69750,70725,51890,57469,36086,46775,11043,20993,12130,11576,25551,23471,28884,29367,38456,41135,58398,60508,48603,53800,34519,44616,10634,20124,530601,368633,70915,59094,105170,96435,17751,21,22
2021-07-19T23:59:59+02:00,1736,1640,28161,27635,46111,41199,47865,46730,58930,59562,69738,70723,51888,57465,36086,46771,11041,20993,12085,11549,25488,23437,28853,29334,38412,41103,58357,60481,48599,53792,34518,44613,10631,20123,530458,368322,70915,59081,105155,96385,17725,21,22
2021-07-18T23:59:59+02:00,1732,1633,28136,27609,46087,41190,47851,46717,58924,59552,69731,70714,51886,57464,36085,46770,11041,20992,12023,11524,25404,23398,28793,29301,38351,41076,58297,60440,48597,53788,34515,44612,10631,20123,530327,367989,70913,59050,105147,96265,17706,21,22
2021-07-17T23:59:59+02:00,1732,1631,28117,27596,46072,41181,47841,46713,58917,59547,69724,70710,51881,57460,36084,46770,11041,20992,11996,11513,25371,23362,28760,29281,38329,41059,58262,60416,48587,53780,34513,44612,10631,20123,530250,367741,70912,59046,105147,96262,17679,21,22
2021-07-16T23:59:59+02:00,1717,1611,27851,27407,45789,41017,47617,46540,58619,59345,69492,70569,51775,57387,36040,46734,11036,20990,11743,11319,25042,23123,28462,29051,37934,40784,57754,59993,48451,53667,34461,44562,10625,20119,529934,366542,70911,59043,105022,95987,15648,21,22
2021-07-15T23:59:59+02:00,1619,1498,27388,27020,45532,40780,47471,46427,58480,59232,69390,70484,51736,57345,36025,46712,11035,20984,11450,11092,24562,22778,28099,28779,37541,40505,55711,57949,48281,53467,34404,44478,10617,20108,527621,359608,70908,58958,105014,95776,15594,21,22
2021-07-14T23:59:59+02:00,1452,1366,26823,26482,45226,40491,47269,46243,58297,59034,69230,70338,51675,57286,35999,46682,11029,20979,11264,10905,24153,22426,27747,28460,37017,40103,54494,56769,48144,53316,34353,44414,10609,20086,524451,355900,70902,57299,104995,95630,15532,21,22
2021-07-13T23:59:59+02:00,1167,1062,25870,25586,44734,40079,46912,45926,57972,58749,68955,70091,51562,57160,35956,46627,11025,20964,10919,10567,23620,21879,27129,27877,35638,38912,50365,52870,47782,52929,34225,44266,10592,20058,519065,346658,70896,52099,104992,95523,15423,21,22
2021-07-12T23:59:59+02:00,703,665,24489,24327,44174,39599,46713,45710,57760,58554,68773,69921,51500,57069,35938,46602,11023,20956,10686,10459,23413,21741,26877,27742,35393,38744,49924,52452,47708,52844,34195,44231,10592,20052,513175,345204,70896,52073,104988,94443,15397,20,22
2021-07-11T23:59:59+02:00,700,660,24468,24307,44145,39578,46695,45699,57746,58542,68759,69919,51499,57066,35935,46598,11022,20956,10590,10374,23196,21618,26613,27643,35084,38661,49211,51965,46224,51258,34105,44125,10592,20050,513088,344700,70893,52028,104976,89326,15317,20,22
2021-07-10T23:59:59+02:00,698,655,24461,24301,44140,39570,46692,45696,57739,58541,68759,69918,51499,57066,35935,46598,11022,20956,10578,10365,23172,21599,26599,27634,35061,38656,49198,51960,46210,51242,34103,44124,10592,20050,513054,344596,70890,52027,104974,89270,15308,20,22
2021-07-09T23:59:59+02:00,691,645,24013,23840,43863,39333,46623,45635,57679,58500,68709,69893,51483,57054,35931,46590,11021,20956,10499,10194,23078,21411,26538,27425,34994,38439,49134,51856,46188,51218,34099,44121,10592,20050,511297,343368,70887,52014,104970,89227,15285,20,22
2021-07-08T23:59:59+02:00,625,578,22933,22831,43058,38729,46371,45433,57471,58356,68512,69754,51405,56988,35903,46567,11019,20948,10243,10003,22700,21159,26144,27163,34517,38128,48526,51338,45852,50852,34029,44043,10585,20028,506601,339796,70863,51866,104912,88611,15085,20,22
2021-07-07T23:59:59+02:00,573,532,21608,21434,42318,38040,46152,45213,57233,58166,68346,69594,51320,56905,35866,46514,11012,20934,9869,9697,21823,20569,25041,26368,32681,36762,47607,50453,45352,50315,33925,43904,10578,20010,501214,334863,70691,47485,104889,87697,14946,20,22
2021-07-06T23:59:59+02:00,515,469,20377,20149,41469,37392,45674,44862,56839,57861,68021,69337,51220,56780,35822,46463,11004,20925,9477,9316,20960,19974,24079,25714,31192,35567,46416,49256,44574,49536,33791,43728,10565,19990,496724,327551,68766,45380,104867,86426,14802,20,22
2021-07-05T23:59:59+02:00,479,441,18969,18764,40604,36588,45456,44637,56658,57658,67860,69209,51165,56725,35801,46434,11002,20918,9188,9061,20399,19593,23412,25294,30553,35140,45657,48643,43818,48746,33661,43540,10556,19978,490997,321773,68763,45358,104862,85397,14729,17,22
2021-07-04T23:59:59+02:00,472,435,17180,16724,40260,36358,45368,44564,56574,57589,67781,69140,51132,56699,35791,46414,11000,20916,9128,9009,20261,19528,23238,25216,30297,35061,44863,48516,42455,47398,33583,43466,10554,19972,486139,321314,68736,45313,104846,81277,14659,17,22
2021-07-03T23:59:59+02:00,472,434,17159,16704,40210,36310,45352,44549,56567,57585,67775,69133,51130,56696,35791,46414,11000,20915,9085,8968,20195,19460,23179,25152,30213,34982,44643,48340,42387,47324,33538,43407,10551,19972,485956,320358,68734,45312,104845,81099,14644,17,22
2021-07-02T23:59:59+02:00,451,411,17045,16599,39741,35935,45239,44452,56514,57543,67727,69102,51119,56691,35785,46402,11000,20914,8926,8801,19867,19182,22794,24774,29794,34570,44015,47695,42185,47095,33440,43271,10546,19968,484460,317364,68718,44277,104843,80665,14632,17,22
2021-07-01T23:59:59+02:00,399,371,16739,16318,38004,34601,44666,43953,56255,57336,67555,68933,51039,56601,35757,46363,10996,20906,8552,8407,19005,18477,21830,23922,28408,33382,40989,44732,41189,46015,32827,42543,10529,19939,478978,309892,68644,39395,104820,77131,14333,17,22
2021-06-30T23:59:59+02:00,351,326,16449,16072,35814,32775,44042,43321,56033,57141,67352,68742,50957,56509,35728,46309,10992,20890,8193,8071,18336,17850,20947,23094,27133,32123,36356,39868,40111,44872,32165,41756,10508,19914,472121,299424,68600,33371,104801,74241,14264,17,22
2021-06-29T23:59:59+02:00,312,289,16230,15872,34812,31692,43594,42876,55852,56982,67182,68594,50881,56436,35691,46264,10984,20883,7612,7463,17205,16916,19694,21876,25436,30449,33611,36748,37261,41830,31425,40870,10485,19876,467930,283241,68592,33324,104788,68093,14099,17,20
2021-06-28T23:59:59+02:00,302,267,16087,15716,33091,30266,43273,42581,55688,56842,67065,68489,50835,56385,35673,46243,10981,20871,7310,7202,16655,16540,19302,21561,24928,30065,33019,36249,35883,40342,30637,39936,10481,19865,463498,280192,68570,33275,104768,62703,13802,17,20
2021-06-27T23:59:59+02:00,302,267,16065,15693,32936,30178,43211,42552,55651,56833,67039,68481,50830,56381,35670,46242,10981,20870,7266,7174,16517,16473,19138,21499,24726,29991,32791,36110,34628,39073,29012,38014,10480,19864,463175,280021,68567,33236,104761,55833,13662,17,20
2021-06-26T23:59:59+02:00,300,265,16044,15673,32912,30161,43166,42512,55628,56819,67033,68478,50828,56380,35668,46241,10981,20870,7262,7162,16497,16461,19122,21491,24693,29969,32770,36089,34615,39061,29010,38011,10480,19864,462955,279828,68565,33236,104761,55828,13661,17,20
2021-06-25T23:59:59+02:00,294,264,15990,15628,32799,30061,42974,42353,55572,56774,66993,68454,50818,56369,35664,46240,10981,20870,7074,6885,16214,15952,18854,20836,24327,29033,32382,35369,34453,38845,28987,37981,10480,19864,462133,277151,68564,33227,104744,53514,13640,17,20
2021-06-24T23:59:59+02:00,273,251,15719,15428,32349,29774,41505,41108,55107,56418,66761,68295,50765,56314,35648,46213,10976,20860,6758,6660,15520,15508,17403,19820,22250,27477,31284,34474,34051,38424,28864,37801,10468,19850,457570,267469,68563,33175,104740,53089,12874,17,20
2021-06-23T23:59:59+02:00,258,234,15438,15135,31850,29373,39399,39284,54560,55875,66510,68074,50676,56205,35608,46167,10971,20847,6551,6497,15157,15229,16877,19371,21368,26678,29591,33114,33295,37577,28673,37561,10461,19835,450491,259665,68517,33085,104737,52375,12702,17,20
2021-06-22T23:59:59+02:00,236,199,15055,14743,31181,28739,35954,36231,53647,55075,66208,67769,50570,56083,35570,46111,10967,20833,6375,6286,14752,14902,16076,18655,19951,25365,27990,31462,32496,36602,28134,36955,10443,19804,439541,249578,68485,33002,104733,51261,12395,17,20
2021-06-21T23:59:59+02:00,221,193,14814,14569,30492,28276,33784,34265,53184,54649,66029,67652,50489,56009,35544,46089,10962,20828,6279,6203,14592,14785,15906,18520,19831,25254,27882,31377,32341,36463,26926,35727,10443,19801,432708,248907,68463,32956,104702,48296,12159,17,20
2021-06-20T23:59:59+02:00,214,192,14690,14480,28587,26941,33172,33819,53095,54553,65960,67615,50467,55982,35536,46086,10961,20826,5832,5908,13648,14152,15085,17934,19281,24898,27572,31179,32177,36287,26900,35696,10441,19797,428331,243957,68459,32921,104698,48226,11671,17,20
2021-06-19T23:59:59+02:00,208,187,14665,14447,28473,26859,33141,33792,53073,54537,65944,67604,50461,55973,35534,46081,10960,20824,5617,5746,13086,13740,14478,17457,18954,24697,27379,31008,32098,36187,26883,35682,10441,19797,427925,240430,68457,32919,104698,48223,11666,17,20
2021-06-18T23:59:59+02:00,206,179,14576,14361,28373,26794,31894,32884,52707,54230,65811,67512,50430,55939,35516,46055,10956,20820,5551,5672,12988,13656,14314,17334,18718,24468,26559,30341,31893,35951,26817,35607,10437,19790,427437,237489,65485,32811,104689,48169,11615,17,20
2021-06-17T23:59:59+02:00,192,163,14205,14098,27779,26548,31405,32623,51919,53664,65384,67245,50350,55840,35483,46014,10950,20808,5175,5413,12204,13184,13528,16723,17626,23542,24405,28376,31252,35216,26619,35330,10420,19776,424246,228490,65480,32533,104665,47490,10264,15,20
2021-06-16T23:59:59+02:00,163,135,13778,13699,27315,26194,30967,32267,51107,52960,64932,66858,50233,55720,35454,45957,10939,20796,4811,4972,11482,12507,12739,16030,16525,22421,21440,25511,30186,34012,26323,34927,10405,19735,419398,214452,65438,32505,104659,47093,9964,15,20
2021-06-15T23:59:59+02:00,102,82,13150,13080,26563,25616,30184,31674,49855,51896,64221,66334,50054,55525,35386,45845,10930,20777,4315,4340,10512,11571,11586,14651,14794,20717,18014,22209,28815,32576,25938,34408,10379,19691,411692,195837,65422,32390,104653,46785,9492,15,20
2021-06-14T23:59:59+02:00,72,61,12746,12708,26156,25291,29523,31211,48060,50428,63170,65501,49839,55300,35309,45769,10922,20765,4215,4287,10337,11442,11446,14519,14616,20596,17822,22051,28745,32496,25919,34381,10375,19688,403829,195403,65413,32119,104651,46478,8923,15,20
2021-06-13T23:59:59+02:00,71,60,12705,12664,26082,25259,29460,31184,48006,50403,63134,65477,49832,55297,35307,45766,10921,20762,4061,4210,10010,11314,11123,14408,14321,20484,17422,21708,27235,30856,25779,34186,10371,19677,403627,194667,65338,27450,104644,46270,8766,15,20
2021-06-12T23:59:59+02:00,71,59,12688,12648,26068,25249,29449,31172,47947,50333,63092,65441,49831,55294,35307,45766,10921,20762,4059,4200,9994,11300,11115,14394,14302,20467,17402,21699,27194,30811,25774,34180,10371,19677,403336,194484,65338,27448,104643,46229,8766,15,20
2021-06-11T23:59:59+02:00,69,56,12589,12518,25943,25135,29328,31048,47712,50108,62960,65322,49807,55268,35296,45755,10919,20760,3965,3930,9468,10107,10684,13486,14012,19910,17129,21221,26786,30390,25684,34098,10368,19675,402072,193443,65329,27444,104601,41438,8576,15,20
2021-06-10T23:59:59+02:00,61,49,12345,12306,25625,24854,28983,30781,46642,49093,62225,64753,49722,55175,35262,45703,10909,20747,3697,3566,8699,8857,9783,11840,12710,17157,15344,17624,25081,28474,25388,33796,10362,19651,397205,187949,65277,27005,104401,28725,8337,15,20
2021-06-09T23:59:59+02:00,48,37,12054,11983,25218,24448,28590,30385,44637,47271,61135,63815,49618,55055,35216,45649,10904,20729,3453,3446,8284,8604,9275,11520,12199,16767,14636,17028,21254,24167,25162,33495,10350,19625,389227,176407,65156,26662,104400,28189,7994,15,20
2021-06-08T23:59:59+02:00,42,26,11624,11450,24557,23826,27934,29723,41470,44425,59362,62182,49450,54865,35143,45559,10894,20707,3244,3310,7886,8346,8658,11148,11535,16345,13979,16382,15880,18222,24771,32969,10332,19597,376579,161223,65095,26329,104390,27887,7160,15,12
2021-06-07T23:59:59+02:00,37,19,11463,11261,24207,23552,27658,29516,38843,42497,58933,61820,49416,54834,35131,45538,10892,20701,3148,3242,7579,8170,8341,10972,10961,15895,13477,15904,15804,18144,24742,32919,10330,19590,370940,160908,64668,24504,104381,27486,6315,14,12
2021-06-06T23:59:59+02:00,34,18,11328,11155,23887,23324,27449,29343,37243,41311,58808,61742,49392,54806,35123,45524,10892,20699,3045,3192,7308,8082,8072,10805,10224,15214,12882,15286,15653,18033,24728,32896,10328,19590,370533,160794,61289,21347,104370,27320,5872,14,12
2021-06-05T23:59:59+02:00,34,17,11310,11138,23844,23289,27414,29317,37216,41297,58710,61657,49381,54800,35121,45522,10892,20696,3033,3181,7285,8050,8043,10789,10194,15200,12842,15262,15532,17869,24723,32888,10327,19589,370203,160370,61287,21346,104370,27305,5781,14,12
2021-06-04T23:59:59+02:00,34,15,11125,10879,23481,22825,27141,28920,36790,40846,58092,61116,49347,54759,35111,45504,10891,20690,3009,3164,7256,8034,8022,10771,10165,15175,12808,15228,15321,17663,24712,32867,10325,19588,368402,159787,59018,21333,104357,27208,5775,14,12
2021-06-03T23:59:59+02:00,32,14,10905,10663,23024,22433,26717,28585,35695,40019,55334,58766,49218,54601,35068,45440,10886,20675,2920,3083,7048,7879,7565,10474,9139,14545,11565,14530,14141,16196,24535,32650,10313,19569,364466,156437,54096,17616,104307,26901,5193,13,12
2021-06-02T23:59:59+02:00,32,14,10870,10630,22988,22399,26686,28560,35664,39978,55207,58608,49204,54578,35062,45433,10886,20674,2880,3054,6993,7861,7506,10441,8984,14506,11342,14467,12793,14721,24416,32477,10308,19562,363882,152635,54090,17605,104307,26885,5181,13,12
2021-06-01T23:59:59+02:00,19,7,10457,10288,22332,21891,26002,27977,34942,39402,52209,55463,48814,54170,34944,45271,10870,20648,2421,2695,5640,7175,6237,9865,7594,13836,10208,13503,8485,9162,23942,31797,10285,19504,353132,134445,53920,17237,104288,26309,4353,13,12
2021-05-31T23:59:59+02:00,18,6,10183,10060,21759,21494,25594,27725,34621,39199,50761,54067,48715,54045,34911,45230,10863,20640,2311,2571,5354,6930,5977,9644,7229,13595,9952,13344,8434,9100,23916,31750,10277,19491,348405,133675,53881,17117,104264,25750,3328,13,12
2021-05-30T23:59:59+02:00,17,6,10129,10012,21670,21456,25529,27692,34509,39128,50396,53726,48691,54020,34905,45224,10861,20637,2276,2541,5249,6852,5875,9576,7040,13507,9727,13248,8390,9053,23900,31743,10276,19486,347221,133081,53862,16944,104250,25447,3262,13,12
2021-05-29T23:59:59+02:00,16,6,10114,10000,21636,21438,25512,27680,34488,39115,50383,53708,48687,54016,34902,45223,10861,20637,2257,2487,5205,6727,5815,9444,6924,13310,9589,13027,8317,8963,23833,31676,10275,19485,347065,132804,53862,16892,104229,24380,3253,13,12
2021-05-28T23:59:59+02:00,16,6,10056,9932,21561,21330,25433,27561,34411,39015,50306,53609,48666,53998,34894,45213,10861,20633,2173,2220,4587,6185,5194,8722,6553,12347,9093,12030,8141,8766,23465,31196,10274,19482,346220,131311,53851,16794,104171,19072,3246,13,12
2021-05-27T23:59:59+02:00,15,6,9792,9684,21033,20951,24889,27203,33887,38637,49692,53001,48497,53805,34824,45138,10857,20614,1931,1952,4004,5664,4516,8119,6044,11580,8150,10707,7637,8108,21909,29046,10259,19460,341939,125662,53442,15659,104062,14689,3069,13,12
2021-05-26T23:59:59+02:00,15,6,9518,9438,20309,20383,24019,26531,32626,37609,48928,52298,48243,53516,34750,45024,10846,20590,1876,1880,3910,5537,4382,7956,5838,11319,7825,10323,7075,7383,19483,25622,10241,19417,337230,117196,50467,15405,104009,14528,2930,13,12
2021-05-25T23:59:59+02:00,14,6,9253,9204,19896,20026,23581,26140,32118,37094,48034,51322,47945,53201,34667,44884,10834,20560,1810,1832,3790,5438,4245,7811,5629,11096,7513,10004,6452,6545,15371,20257,10221,19359,331658,105035,50387,15361,103936,14184,2785,13,12
2021-05-24T23:59:59+02:00,13,6,9034,9048,19327,19737,22810,25753,30604,36076,47810,51149,47852,53100,34638,44854,10832,20559,1785,1816,3744,5404,4182,7769,5564,11037,7438,9948,6426,6521,15357,20248,10221,19359,330077,104918,46583,15348,103877,13893,2652,13,12
2021-05-23T23:59:59+02:00,13,6,8826,8841,18968,19445,22388,25405,30179,35755,47218,50638,47418,52645,34536,44708,10824,20550,1783,1815,3735,5399,4178,7765,5554,11029,7429,9938,6421,6510,15357,20246,10221,19359,325243,104861,46581,15346,103876,13874,2650,13,12
2021-05-22T23:59:59+02:00,13,6,8795,8804,18918,19402,22341,25373,30126,35725,47109,50568,47399,52623,34533,44699,10821,20550,1782,1812,3722,5386,4174,7759,5550,11023,7422,9934,6419,6508,15355,20246,10221,19359,324700,104829,46581,15346,103875,13853,2636,13,12
2021-05-21T23:59:59+02:00,12,6,8521,8450,18478,18886,21980,24731,29699,34916,46620,49903,47311,52501,34495,44656,10818,20545,1719,1770,3643,5347,4132,7725,5518,10978,7381,9885,6391,6482,15278,20149,10220,19358,319499,104518,46551,15345,103851,13491,2614,13,12
2021-05-20T23:59:59+02:00,12,6,7947,7899,17529,18091,20978,23813,28381,33717,44873,48082,46872,52041,34387,44501,10801,20526,1417,1608,3330,5058,3865,7337,5222,10498,7001,9432,6157,6227,13972,18613,10197,19319,307896,100778,46465,14864,103624,11145,2458,13,12
2021-05-19T23:59:59+02:00,12,6,7681,7584,16924,17485,20080,22940,27154,32458,43078,45994,46341,51486,34236,44281,10780,20496,1353,1525,3127,4844,3659,7086,4997,10145,6704,9101,5874,5893,11776,15773,10180,19260,296761,94567,46425,14393,103577,10090,2240,13,11
2021-05-18T23:59:59+02:00,11,6,7155,7039,15769,16459,18814,21691,25642,30831,40387,42761,45512,50541,33998,43977,10755,20454,1332,1499,3067,4773,3583,6967,4862,10012,6522,8890,5608,5617,10078,13606,10155,19205,280963,89440,45220,14343,103475,9853,2133,11,11
2021-05-17T23:59:59+02:00,11,6,7075,6978,15586,16349,18599,21522,25244,30504,38634,41123,45402,50462,33951,43911,10746,20431,1299,1476,3011,4728,3519,6908,4794,9909,6427,8789,5567,5577,10064,13589,10152,19197,280748,89373,40450,14061,103431,9671,1894,11,11
2021-05-16T23:59:59+02:00,10,5,6960,6926,15466,16261,18470,21416,25061,30389,35651,38353,45366,50427,33929,43887,10743,20426,1275,1458,2967,4686,3471,6851,4708,9841,6331,8709,5537,5540,10052,13573,10150,19194,280469,89325,34299,13793,103310,9561,1657,11,11
2021-05-15T23:59:59+02:00,10,5,6936,6895,15405,16203,18424,21376,24994,30346,35615,38312,45343,50400,33922,43882,10743,20426,1263,1432,2935,4613,3452,6782,4689,9760,6309,8659,5531,5535,10047,13572,10150,19194,279987,89270,34299,13789,103296,9213,1644,11,11
2021-05-14T23:59:59+02:00,10,5,6759,6527,15060,15704,18112,20959,24660,29884,35369,37960,45314,50369,33912,43877,10743,20424,1206,1371,2857,4509,3405,6680,4625,9609,6227,8530,5501,5491,10034,13563,10150,19193,278931,89185,34151,13770,100976,8410,1579,11,11
2021-05-13T23:59:59+02:00,10,5,6409,6211,14304,15120,17406,20330,23802,29143,34601,37290,45026,50026,33833,43752,10739,20413,1029,1287,2661,4400,3286,6559,4484,9440,6105,8387,5458,5453,10019,13547,10146,19188,272529,89037,33827,13689,100762,7425,1291,11,11
2021-05-12T23:59:59+02:00,10,5,6008,5938,13324,14443,16386,19528,23136,28707,34295,37008,44843,49831,33802,43721,10736,20410,1026,1285,2654,4394,3267,6555,4479,9430,6097,8382,5452,5447,10017,13542,10145,19187,266266,88976,33818,13679,100758,7420,1278,11,10
2021-05-11T23:59:59+02:00,10,5,5633,5714,12736,13996,14581,18086,20182,26180,31980,34680,43789,48571,33478,43249,10707,20361,964,1211,2537,4222,3161,6322,4360,9142,5981,8156,5381,5369,9975,13482,10137,19171,248968,88504,33541,13463,100320,6499,1098,11,10
2021-05-10T23:59:59+02:00,10,5,5484,5617,12464,13870,14231,17863,19380,25609,30602,33660,43257,47959,33421,43161,10699,20341,921,1152,2438,4060,3067,6120,4235,8878,5859,7960,5344,5338,9963,13466,10133,19162,243491,88396,33330,13402,100015,5505,786,11,10
2021-05-09T23:59:59+02:00,10,5,5078,5376,11269,13337,13230,17500,18358,25279,30058,33369,43201,47887,33396,43146,10696,20334,897,1122,2339,3955,2977,5981,4103,8703,5765,7855,5336,5324,9956,13462,10128,19159,238157,88351,33258,13360,99675,4917,428,11,9
2021-05-08T23:59:59+02:00,10,5,5067,5367,11247,13318,13204,17481,18328,25246,30018,33326,43193,47876,33395,43142,10696,20334,893,1116,2326,3947,2971,5981,4099,8697,5762,7852,5333,5321,9953,13457,10128,19159,237888,88323,33257,13360,99674,4883,423,11,9
2021-05-07T23:59:59+02:00,10,5,4966,5284,11019,13150,12912,17264,17720,24645,29070,32432,43002,47636,33339,43070,10692,20328,866,1085,2290,3892,2925,5935,4044,8643,5679,7799,5286,5274,9941,13448,10128,19158,235395,88188,31364,13357,99566,4634,208,11,9
2021-05-06T23:59:59+02:00,10,5,4551,5004,10351,12732,12153,16599,16114,23200,26522,30039,42299,46887,33173,42834,10676,20305,810,1030,2153,3642,2757,5626,3850,8170,5483,7477,5235,5221,9918,13420,10126,19150,226631,88006,28015,13043,98749,2965,48,11,9
2021-05-05T23:59:59+02:00,10,5,4238,4777,9756,12286,11434,16017,15013,22173,23673,27280,41321,45782,32891,42447,10658,20264,796,1008,2091,3517,2700,5471,3756,7959,5387,7341,5186,5166,9881,13381,10124,19147,213617,87744,27832,12905,98525,2216,40,11,9
2021-05-04T23:59:59+02:00,10,5,3888,4318,9085,11588,10663,15177,13709,20918,20069,23873,39973,44322,32519,41927,10635,20226,778,978,2024,3400,2630,5336,3664,7808,5292,7218,5148,5121,9851,13352,10122,19144,196546,87528,27814,12607,98500,1691,34,11,9
2021-05-03T23:59:59+02:00,10,4,3646,3895,8674,11093,10185,14552,13174,20263,19347,23226,39708,44071,32440,41824,10632,20211,764,949,1957,3295,2573,5229,3604,7694,5242,7131,5134,5110,9836,13335,10119,19139,190683,87389,27802,12599,98437,1095,22,11,9
2021-05-02T23:59:59+02:00,10,4,3643,3893,8656,11086,10176,14544,13153,20251,19329,23217,39707,44070,32439,41823,10631,20211,760,932,1927,3214,2527,5133,3557,7569,5222,7065,5130,5107,9835,13331,10119,19137,190595,87371,27789,12568,98430,602,18,11,9
2021-05-01T23:59:59+02:00,10,4,3641,3886,8644,11073,10168,14535,13146,20249,19318,23208,39707,44068,32439,41823,10631,20211,759,932,1926,3214,2527,5133,3557,7569,5222,7065,5130,5107,9835,13331,10118,19137,190515,87370,27788,12567,98430,602,17,11,9
2021-04-30T23:59:59+02:00,10,3,3618,3863,8598,11037,10125,14496,13085,20210,19215,23057,39439,43745,32418,41803,10630,20211,756,928,1913,3205,2526,5124,3554,7562,5220,7058,5127,5104,9831,13330,10118,19137,189591,87344,27519,12564,98425,562,17,11,9
2021-04-29T23:59:59+02:00,10,3,3352,3690,8165,10763,9576,14211,12593,19847,18477,22330,36381,40294,32158,41435,10618,20173,743,914,1865,3144,2477,5058,3488,7420,5128,6959,5089,5070,9809,13287,10116,19131,184048,87140,21682,12408,98319,128,16,11,9
2021-04-28T23:59:59+02:00,10,3,3191,3623,7901,10653,9179,14037,12218,19610,17990,21896,32590,35977,31941,41134,10605,20151,726,899,1839,3105,2432,5009,3451,7362,5062,6897,5028,5010,9757,13229,10113,19122,172885,86932,21529,11974,98273,118,11,11,9
2021-04-27T23:59:59+02:00,9,3,3110,3557,7641,10521,8826,13864,11733,19385,17512,21407,27027,29786,31564,40627,10584,20119,716,885,1807,3068,2397,4963,3397,7303,5007,6821,4977,4940,9722,13178,10110,19113,157541,86723,21507,11550,98205,115,11,11,8
2021-04-26T23:59:59+02:00,9,3,3057,3523,7499,10456,8660,13805,11502,19317,16987,21020,26993,29752,31550,40612,10584,20119,693,854,1739,3008,2330,4907,3331,7214,4911,6717,4879,4865,9641,13094,10108,19110,156964,86591,21289,10679,97173,115,11,11,8
2021-04-25T23:59:59+02:00,9,3,3019,3506,7337,10404,8422,13755,11170,19273,16157,20548,25437,28093,31495,40549,10584,20116,693,852,1733,3003,2323,4904,3326,7206,4907,6708,4876,4860,9633,13083,10108,19110,156478,86568,21279,10642,92098,99,11,11,8
2021-04-24T23:59:59+02:00,9,3,3015,3500,7321,10391,8411,13747,11156,19264,16140,20530,25394,28030,31492,40543,10583,20115,693,852,1733,3002,2323,4904,3325,7206,4907,6708,4876,4859,9631,13082,10108,19110,156276,86562,21275,10642,92071,99,11,11,8
2021-04-23T23:59:59+02:00,9,3,2997,3482,7279,10348,8366,13702,11090,19204,16080,20466,24971,27526,31459,40487,10580,20112,684,844,1715,2993,2307,4875,3273,7168,4808,6613,4739,4736,9464,12884,10102,19095,155087,86272,21135,9914,91917,99,11,11,7
2021-04-22T23:59:59+02:00,8,3,2918,3400,7087,10164,7824,13294,9880,18411,14528,19424,22957,25094,31248,40218,10561,20084,619,793,1600,2881,2182,4711,3111,6997,4624,6412,4584,4562,8954,12229,10066,19016,150288,84359,15838,8887,90955,80,11,11,7
2021-04-21T23:59:59+02:00,8,3,2865,3352,6963,10075,7613,13139,9514,18169,14058,18978,20450,21957,30951,39832,10544,20058,570,769,1520,2802,2096,4620,2985,6854,4462,6248,4398,4381,8385,11471,10023,18927,143287,82570,15075,7854,90146,72,11,10,7
2021-04-20T23:59:59+02:00,8,3,2825,3313,6856,9986,7475,13030,9262,17951,13567,18585,17061,17892,30638,39357,10527,20022,540,735,1447,2738,2009,4541,2885,6735,4327,6087,4212,4187,7523,10262,9955,18776,134431,79658,14830,7221,89076,67,11,10,5
2021-04-19T23:59:59+02:00,8,3,2811,3305,6809,9945,7423,12995,9186,17877,13430,18470,16728,17511,30606,39322,10526,20018,480,695,1328,2643,1910,4443,2752,6577,4130,5895,3959,3884,5696,7844,9740,18381,134119,73844,14635,6436,88198,64,11,10,5
2021-04-18T23:59:59+02:00,8,3,2795,3291,6733,9919,7318,12946,8989,17810,12594,18342,15319,16105,30538,39261,10523,20011,474,689,1318,2635,1895,4432,2719,6548,4069,5846,3883,3813,5286,7220,9695,18298,133906,72357,14492,6390,84086,60,11,10,5
2021-04-17T23:59:59+02:00,8,3,2785,3287,6716,9897,7288,12925,8957,17771,12562,18322,15266,16055,30484,39189,10522,20011,474,687,1318,2634,1894,4428,2715,6543,4066,5842,3882,3811,5281,7219,9694,18297,133552,72322,14491,6390,83984,60,11,10,5
2021-04-16T23:59:59+02:00,8,3,2772,3273,6682,9882,7237,12886,8882,17719,12454,18220,15021,15778,29966,38542,10519,20004,474,685,1312,2629,1885,4426,2710,6537,4058,5834,3877,3805,5264,7189,9694,18295,132031,72225,14484,6379,83312,57,11,10,5
2021-04-15T23:59:59+02:00,8,3,2720,3216,6549,9781,7048,12708,8539,17446,11980,17755,13965,14561,27852,35735,10503,19981,465,679,1307,2603,1870,4403,2687,6509,4015,5781,3822,3729,5233,7138,9686,18283,126116,71909,14208,6243,80006,46,10,10,5
2021-04-14T23:59:59+02:00,7,1,2664,3166,6455,9686,6904,12548,8267,17179,11550,17292,12785,13178,23143,29658,10485,19927,461,673,1293,2593,1858,4386,2665,6484,3972,5744,3775,3678,5173,7084,9658,18247,113741,71617,14175,6091,76960,24,10,9,5
2021-04-13T23:59:59+02:00,7,1,2612,3132,6327,9600,6753,12415,7988,16930,11126,16871,10122,10256,20071,25495,10463,19885,445,648,1245,2550,1805,4323,2556,6382,3793,5582,3562,3493,5027,6946,9649,18225,105332,71272,13981,4927,70722,20,10,9,5
2021-04-12T23:59:59+02:00,7,1,2591,3118,6267,9572,6647,12328,7796,16802,10879,16664,8759,8763,19251,24524,10462,19876,439,639,1225,2535,1789,4300,2522,6340,3740,5530,3501,3445,4992,6905,9644,18203,105214,71131,13927,4590,65147,16,10,9,5
2021-04-11T23:59:59+02:00,7,1,2563,3110,6171,9545,6532,12291,7631,16752,10680,16559,7488,7485,17525,22547,10460,19873,439,639,1224,2533,1789,4299,2522,6340,3738,5525,3497,3444,4986,6903,9644,18203,105145,71121,13921,4580,58135,12,10,9,5
2021-04-10T23:59:59+02:00,7,1,2562,3108,6161,9540,6523,12286,7626,16747,10673,16550,7480,7473,17516,22541,10460,19873,438,636,1222,2530,1788,4297,2520,6335,3735,5524,3488,3430,4978,6889,9644,18203,105063,71061,13920,4573,58126,12,9,9,5
2021-04-09T23:59:59+02:00,7,1,2500,3010,6026,9330,6366,12024,7366,16339,10361,16051,7323,7268,17400,22361,10459,19871,433,631,1204,2518,1761,4282,2489,6286,3656,5445,3375,3320,4840,6800,9639,18200,104594,70979,13891,3879,55560,10,9,9,5
2021-04-08T23:59:59+02:00,7,1,2421,2938,5930,9211,6263,11896,7195,16153,10105,15863,7129,7009,16141,20901,10448,19841,426,626,1192,2486,1736,4246,2462,6213,3604,5379,3301,3273,4761,6695,9617,18155,100945,70537,13537,3615,54952,9,9,9,5
2021-04-07T23:59:59+02:00,7,1,2394,2902,5857,9140,6175,11821,7062,16054,9863,15712,6832,6682,13826,17953,10427,19794,421,625,1182,2473,1723,4223,2448,6173,3537,5320,3230,3221,4706,6636,9610,18127,94791,70264,13376,3372,54317,8,9,9,5
2021-04-06T23:59:59+02:00,7,1,2377,2869,5761,9074,6084,11742,6909,15941,9623,15529,6475,6319,11727,15352,10400,19735,418,618,1175,2446,1711,4200,2422,6135,3473,5255,3146,3171,4661,6582,9605,18111,89763,70021,13076,3091,53070,8,7,9,5
2021-04-05T23:59:59+02:00,7,1,2369,2860,5743,9057,6072,11723,6896,15922,9603,15504,6351,6221,10446,14063,10400,19734,414,610,1171,2431,1705,4184,2406,6105,3440,5214,3116,3134,4640,6536,9599,18095,89683,69831,13040,2954,50234,7,6,9,5
2021-04-04T23:59:59+02:00,7,1,2369,2860,5740,9054,6070,11723,6894,15922,9601,15503,6346,6217,10446,14061,10400,19734,414,609,1171,2430,1705,4184,2405,6105,3440,5214,3116,3134,4638,6536,9599,18095,89674,69827,13038,2953,50221,7,6,9,5
2021-04-03T23:59:59+02:00,7,1,2367,2852,5732,9047,6065,11719,6891,15918,9598,15501,6343,6212,10439,14058,10400,19734,414,609,1171,2430,1705,4184,2405,6105,3440,5213,3116,3134,4638,6536,9599,18095,89617,69826,13037,2953,50215,7,6,9,5
2021-04-02T23:59:59+02:00,7,1,2365,2850,5726,9040,6063,11716,6887,15917,9594,15499,6339,6206,10425,14029,10399,19733,412,607,1170,2430,1704,4183,2404,6105,3439,5206,3090,3117,4628,6527,9599,18095,89534,69749,13034,2952,50214,7,6,8,5
2021-04-01T23:59:59+02:00,7,1,2344,2847,5695,9011,6020,11674,6844,15862,9539,15443,6246,6109,10130,13682,10376,19685,410,591,1167,2424,1697,4172,2388,6088,3413,5185,3027,3068,4568,6455,9524,17982,88547,69196,13013,2949,49942,7,5,8,5
2021-03-31T23:59:59+02:00,7,1,2310,2820,5619,8945,5952,11581,6741,15750,9405,15309,6101,5966,9580,12944,10334,19595,405,585,1161,2413,1690,4156,2381,6075,3393,5151,2995,3035,4521,6396,9468,17881,86573,68747,12800,2947,49575,7,4,8,4
2021-03-30T23:59:59+02:00,7,1,2290,2804,5572,8887,5889,11506,6670,15652,9307,15165,5915,5752,8676,11607,10259,19414,403,583,1158,2409,1677,4139,2363,6053,3359,5107,2938,2967,4434,6297,9337,17642,83505,68046,12419,2809,49439,7,4,6,3
2021-03-29T23:59:59+02:00,6,1,2223,2750,5469,8776,5781,11356,6501,15421,9075,14910,5556,5377,6737,9073,10039,18994,396,579,1147,2398,1664,4127,2338,6026,3329,5050,2868,2902,4316,6193,9134,17310,77416,67093,11609,2673,49011,7,4,5,3
2021-03-28T23:59:59+02:00,6,1,2201,2737,5425,8717,5705,11278,6414,15335,8957,14791,5432,5225,6096,8144,9973,18878,387,573,1132,2382,1639,4100,2291,5964,3273,4958,2783,2823,4200,6048,9062,17173,75122,66633,11351,2147,48833,4,4,5,3
2021-03-27T23:59:59+01:00,6,1,2201,2731,5414,8711,5701,11263,6399,15313,8946,14778,5404,5198,6086,8141,9973,18877,387,573,1130,2381,1638,4095,2287,5961,3264,4951,2778,2820,4184,6023,8982,17026,75015,66326,11351,2146,48768,4,4,5,3
2021-03-26T23:59:59+01:00,6,1,2185,2711,5377,8673,5662,11214,6320,15243,8797,14629,5242,5049,5917,7961,9971,18869,383,565,1124,2368,1622,4066,2259,5925,3230,4897,2717,2757,4000,5767,8277,15851,74670,63692,10520,2108,48628,4,4,5,3
2021-03-25T23:59:59+01:00,6,0,2068,2630,5201,8458,5460,10938,6112,14943,8557,14341,5082,4895,5821,7842,9968,18861,374,551,1103,2342,1598,4037,2213,5867,3157,4819,2619,2655,3627,5273,7147,14117,74215,59604,9572,1888,47388,4,3,5,3
2021-03-24T23:59:59+01:00,6,0,1981,2582,5053,8298,5299,10745,5948,14705,8352,14109,4943,4736,5707,7726,9962,18852,370,540,1090,2314,1565,3981,2154,5802,3069,4718,2485,2540,3202,4656,5748,11896,73840,54581,8410,1542,46746,4,3,5,3
2021-03-23T23:59:59+01:00,6,0,1904,2529,4942,8175,5200,10603,5827,14512,8237,13941,4861,4650,5641,7667,9954,18834,359,515,1071,2279,1532,3923,2110,5712,2987,4627,2396,2445,2752,4024,3854,8686,73446,47872,7663,1394,46366,3,3,5,3
2021-03-22T23:59:59+01:00,6,0,1839,2470,4807,8039,5067,10428,5667,14279,8045,13727,4757,4536,5572,7558,9940,18791,332,498,1042,2241,1487,3850,2044,5602,2885,4476,2282,2293,2234,3342,1339,4565,72949,39347,6625,1160,45946,1,3,5,3
2021-03-21T23:59:59+01:00,6,0,1837,2464,4795,8024,5052,10418,5651,14262,8015,13703,4734,4521,5556,7546,9936,18791,331,498,1036,2227,1478,3821,2026,5564,2859,4426,2241,2245,2192,3301,1322,4520,72926,39207,6575,876,45803,1,2,5,3
2021-03-20T23:59:59+01:00,6,0,1837,2464,4794,8023,5051,10416,5650,14261,8008,13697,4733,4520,5548,7538,9936,18791,331,498,1036,2227,1478,3821,2026,5564,2858,4425,2240,2242,2192,3301,1322,4520,72915,39205,6575,872,45776,1,2,5,3
2021-03-19T23:59:59+01:00,6,0,1784,2216,4278,6728,4642,9434,5380,13704,7784,13295,4607,4423,5478,7472,9936,18791,330,498,1036,2227,1478,3820,2026,5563,2857,4425,2238,2241,2187,3295,1321,4518,72857,39190,6565,866,40529,1,2,5,3
2021-03-18T23:59:59+01:00,6,0,1729,1962,3860,5663,4112,8053,4562,11163,6427,9961,4241,4124,5276,7251,9915,18751,329,495,1029,2214,1471,3795,2000,5524,2832,4401,2217,2226,2162,3266,1316,4509,72427,38998,6503,784,28119,1,2,5,3
2021-03-17T23:59:59+01:00,6,0,1723,1953,3850,5637,4095,8023,4538,11099,6377,9889,4204,4077,5237,7207,9909,18728,326,494,1025,2206,1465,3786,1993,5509,2822,4375,2190,2199,2142,3251,1309,4495,72171,38847,6443,735,27931,1,2,5,3
2021-03-16T23:59:59+01:00,6,0,1701,1919,3791,5556,4024,7916,4409,10937,6172,9689,3981,3888,5097,7049,9903,18707,324,490,1024,2187,1460,3773,1984,5495,2813,4356,2182,2185,2130,3222,1301,4466,71860,38681,5168,706,27710,1,2,5,3
2021-03-15T23:59:59+01:00,6,0,1691,1899,3766,5522,3999,7879,4358,10868,6093,9604,3899,3821,5044,6989,9897,18682,321,486,1015,2170,1452,3767,1968,5459,2795,4328,2167,2153,2105,3160,1293,4428,71636,38462,4810,602,27566,1,0,5,3
2021-03-14T23:59:59+01:00,6,0,1685,1889,3758,5512,3994,7863,4349,10837,6085,9582,3892,3812,5039,6981,9896,18680,321,486,1013,2170,1447,3764,1965,5457,2777,4322,2161,2151,2094,3150,1289,4426,71604,38453,4794,537,27457,1,0,5,3
2021-03-13T23:59:59+01:00,6,0,1682,1884,3745,5489,3987,7854,4329,10826,6071,9566,3889,3809,5036,6978,9896,18680,321,486,1013,2170,1447,3764,1965,5456,2777,4321,2160,2150,2094,3148,1281,4421,71580,38434,4789,537,27353,1,0,5,3
2021-03-12T23:59:59+01:00,5,0,1643,1827,3231,5342,3472,7740,4195,10700,5845,9277,3723,3663,4895,6870,9871,18633,316,464,1009,2140,1439,3740,1945,5385,2724,4236,1981,1995,2034,3098,1274,4415,71368,37664,4069,529,25490,0,0,5,3
2021-03-11T23:59:59+01:00,5,0,1534,1691,2845,5081,3035,7484,3915,10287,5217,8383,3499,3487,4789,6753,9833,18583,315,463,1006,2127,1436,3720,1938,5366,2715,4219,1974,1987,2020,3081,1269,4397,70805,37542,3807,489,21804,0,0,5,3
2021-03-10T23:59:59+01:00,5,0,1504,1659,2806,5036,2999,7425,3859,10200,5109,8266,3373,3383,4674,6639,9790,18516,313,462,1004,2124,1434,3709,1934,5353,2703,4199,1957,1980,1995,3049,1258,4383,70396,37461,3477,394,21365,0,0,5,3
2021-03-09T23:59:59+01:00,5,0,1495,1643,2774,5011,2978,7381,3821,10140,5031,8186,3276,3300,4594,6550,9684,18306,310,461,1000,2118,1427,3696,1908,5331,2661,4169,1916,1955,1944,3021,1246,4374,69805,37431,3210,104,21155,0,0,5,3
2021-03-08T23:59:59+01:00,5,0,1480,1629,2744,4984,2952,7351,3798,10092,5007,8124,3235,3260,4520,6486,9510,18007,310,461,998,2114,1419,3680,1891,5298,2642,4141,1897,1936,1919,2998,1240,4355,69017,37283,3201,14,20961,0,0,5,3
2021-03-07T23:59:59+01:00,5,0,1467,1619,2714,4939,2918,7303,3765,10030,4964,8063,3200,3227,4455,6386,9434,17863,310,460,997,2113,1418,3675,1888,5288,2641,4136,1893,1933,1915,2994,1237,4347,68481,37231,3147,12,20719,0,0,5,3
2021-03-06T23:59:59+01:00,5,0,1466,1617,2708,4928,2915,7294,3757,10023,4946,8047,3190,3217,4432,6347,9346,17694,310,460,995,2110,1418,3673,1882,5279,2639,4134,1888,1925,1909,2992,1236,4344,68091,37181,3147,12,20689,0,0,5,2
2021-03-05T23:59:59+01:00,5,0,1393,1538,2610,4766,2858,7137,3672,9816,4845,7851,3140,3158,4216,6061,8642,16507,310,460,993,2108,1413,3668,1880,5278,2635,4127,1879,1921,1904,2989,1231,4341,65450,37124,3144,12,19616,0,0,5,2
2021-03-04T23:59:59+01:00,5,0,1220,1434,2440,4566,2687,6867,3504,9470,4587,7509,3024,3034,3855,5604,7480,14695,309,452,984,2084,1397,3628,1852,5225,2607,4080,1851,1896,1871,2934,1204,4295,61258,36656,3141,12,17577,0,0,5,2
2021-03-03T23:59:59+01:00,5,0,1187,1381,2361,4458,2627,6743,3417,9305,4490,7365,2938,2964,3482,5005,6097,12514,305,443,972,2061,1385,3600,1838,5175,2553,4026,1802,1861,1847,2905,1189,4267,56218,36216,3115,12,17002,0,0,4,2
2021-03-02T23:59:59+01:00,5,0,1153,1344,2301,4400,2576,6652,3335,9182,4353,7215,2824,2837,3000,4340,4102,9162,300,434,967,2034,1372,3556,1823,5120,2521,4000,1792,1847,1828,2879,1178,4240,49190,35878,2867,12,16721,0,0,3,2
2021-03-01T23:59:59+01:00,5,0,1094,1314,2239,4337,2503,6565,3241,9055,4211,7027,2693,2700,2432,3599,1394,4716,299,431,960,2022,1361,3537,1815,5105,2509,3984,1776,1837,1811,2860,1166,4212,40158,35672,2478,12,16486,0,0,3,2
2021-02-28T23:59:59+01:00,5,0,1060,1300,2197,4300,2473,6522,3193,8998,4149,6968,2626,2654,2384,3568,1386,4696,299,430,957,2017,1359,3524,1812,5091,2503,3976,1769,1826,1798,2849,1159,4197,40062,35553,2186,12,16228,0,0,3,2
2021-02-27T23:59:59+01:00,5,0,1018,1217,2132,4057,2415,6288,3129,8700,4058,6714,2571,2597,2364,3544,1383,4696,299,430,956,2017,1359,3524,1812,5090,2502,3976,1769,1825,1796,2849,1159,4197,39956,35547,2185,12,14744,0,0,3,2
2021-02-26T23:59:59+01:00,4,0,851,963,1930,3664,2253,5620,2912,7778,3747,5920,2522,2544,2346,3530,1380,4694,299,430,956,2014,1357,3522,1810,5089,2500,3975,1769,1822,1789,2848,1157,4190,39941,35514,2098,12,10616,0,0,3,2
2021-02-25T23:59:59+01:00,4,0,508,806,1650,3465,2070,5315,2716,7380,3520,5617,2441,2467,2306,3469,1376,4680,289,409,931,1964,1327,3453,1780,5008,2471,3911,1744,1795,1751,2804,1130,4150,39746,34905,1841,11,8200,0,0,3,2
2021-02-24T23:59:59+01:00,3,0,488,788,1615,3368,2008,5185,2656,7197,3454,5475,2375,2420,2271,3440,1367,4647,280,405,916,1930,1313,3399,1767,4947,2447,3866,1733,1777,1742,2785,1118,4123,39558,34544,1672,3,7524,0,0,3,2
2021-02-23T23:59:59+01:00,3,0,469,752,1554,3265,1953,5045,2578,7066,3368,5370,2315,2361,2236,3383,1352,4616,278,401,911,1915,1306,3369,1758,4916,2426,3834,1713,1757,1722,2750,1103,4070,39412,34225,1401,3,6870,0,0,3,2
2021-02-22T23:59:59+01:00,2,0,453,721,1499,3164,1914,4906,2519,6848,3307,5226,2307,2265,2221,3304,1348,4571,277,398,908,1904,1298,3342,1741,4880,2412,3804,1694,1738,1695,2722,1088,4025,39201,33924,1138,1,6233,0,0,3,2
2021-02-21T23:59:59+01:00,2,0,445,683,1441,3022,1866,4756,2466,6689,3224,5122,2271,2232,2194,3284,1338,4566,277,397,905,1896,1297,3333,1737,4870,2408,3795,1692,1735,1694,2720,1088,4024,39159,33866,905,1,5534,0,0,3,2
2021-02-20T23:59:59+01:00,2,0,441,678,1433,3018,1860,4756,2463,6686,3220,5118,2268,2231,2194,3283,1337,4566,277,397,905,1895,1297,3332,1737,4870,2407,3794,1691,1734,1691,2720,1087,4022,39155,33854,901,1,5495,0,0,3,2
2021-02-19T23:59:59+01:00,1,0,420,641,1404,2956,1833,4702,2422,6586,3133,5000,2088,2069,2131,3234,1332,4560,275,396,903,1893,1296,3331,1737,4865,2404,3793,1689,1732,1689,2719,1087,4021,38403,33829,882,1,5224,0,0,3,1
2021-02-18T23:59:59+01:00,1,0,395,585,1299,2713,1729,4458,2284,6324,3031,4818,2059,2053,2115,3217,1327,4552,275,390,895,1860,1287,3292,1719,4817,2385,3757,1677,1721,1672,2707,1075,4003,38329,33531,809,1,3819,0,0,3,1
2021-02-17T23:59:59+01:00,1,0,379,554,1260,2583,1673,4283,2214,6081,2972,4669,2040,2034,2092,3197,1312,4543,266,373,860,1775,1244,3163,1658,4658,2311,3621,1600,1652,1598,2597,1026,3886,38173,32287,758,1,2953,0,0,3,1
2021-02-16T23:59:59+01:00,1,0,361,524,1205,2463,1623,4147,2135,5896,2891,4533,2031,2030,2084,3190,1307,4532,258,356,839,1694,1189,3027,1597,4454,2239,3444,1550,1598,1537,2497,999,3758,38113,31035,728,1,2109,0,0,3,1
2021-02-15T23:59:59+01:00,1,0,351,502,1132,2319,1578,4074,2103,5843,2863,4492,2012,2014,2063,3160,1300,4512,251,337,816,1649,1157,2951,1541,4319,2168,3324,1475,1534,1483,2390,957,3581,38008,29932,618,1,1690,0,0,3,1
2021-02-14T23:59:59+01:00,1,0,343,497,1108,2263,1515,3910,2061,5751,2832,4453,2006,2012,2052,3151,1298,4505,244,332,798,1622,1141,2912,1499,4267,2130,3294,1459,1513,1459,2354,942,3539,37989,29504,553,1,1213,0,0,3,1
2021-02-13T23:59:59+01:00,1,0,343,497,1107,2263,1515,3909,2059,5750,2832,4453,2005,2010,2051,3151,1297,4502,244,332,798,1622,1141,2912,1498,4265,2130,3294,1457,1510,1458,2353,942,3538,37978,29493,553,1,1212,0,0,2,1
2021-02-12T23:59:59+01:00,1,0,339,494,1090,2254,1510,3895,2054,5741,2829,4447,1991,2000,2045,3138,1292,4499,243,331,792,1617,1135,2903,1481,4246,2111,3281,1444,1494,1443,2322,935,3505,37911,29282,545,1,1161,0,0,2,1
2021-02-11T23:59:59+01:00,1,0,319,470,1026,2156,1456,3768,1960,5477,2744,4328,1961,1967,2005,3073,1267,4443,223,305,743,1512,1055,2677,1357,3889,1927,2974,1257,1287,1275,2046,829,3155,37522,26510,508,1,389,0,0,2,1
2021-02-10T23:59:59+01:00,1,0,313,461,1004,2116,1418,3689,1906,5315,2649,4147,1892,1917,1963,3035,1249,4417,199,259,650,1323,928,2294,1169,3285,1688,2559,1098,1113,1129,1802,722,2815,37116,23032,373,1,1,0,0,2,1
2021-02-09T23:59:59+01:00,1,0,307,451,996,2084,1402,3637,1862,5248,2582,4091,1836,1881,1895,2982,1228,4396,165,199,551,1063,780,1850,964,2675,1425,2147,952,953,941,1523,606,2402,36816,19196,60,0,1,0,0,2,1
2021-02-08T23:59:59+01:00,1,0,306,449,993,2077,1392,3620,1854,5225,2563,4075,1822,1869,1877,2964,1221,4371,114,164,451,850,617,1434,765,2025,1149,1661,766,777,749,1205,483,1953,36660,15163,16,0,1,0,0,2,1
2021-02-07T23:59:59+01:00,1,0,306,449,992,2075,1391,3615,1851,5222,2556,4072,1816,1860,1861,2957,1217,4365,105,145,401,704,543,1259,686,1810,1053,1514,693,697,673,1084,418,1736,36591,13521,13,0,0,0,0,2,1
2021-02-06T23:59:59+01:00,1,0,306,449,991,2074,1391,3612,1851,5220,2556,4069,1816,1859,1856,2955,1214,4363,105,144,396,701,538,1235,670,1791,1042,1492,690,693,668,1080,417,1732,36568,13395,13,0,0,0,0,2,0
2021-02-05T23:59:59+01:00,1,0,306,448,989,2071,1387,3603,1847,5206,2550,4063,1815,1858,1848,2947,1205,4350,101,137,381,683,521,1206,638,1739,994,1429,653,643,623,1006,391,1644,36479,12790,13,0,0,0,0,2,0
2021-02-04T23:59:59+01:00,1,0,299,431,978,2039,1368,3550,1828,5129,2535,4015,1799,1838,1823,2912,1188,4319,76,106,282,461,360,813,454,1176,682,970,505,469,482,795,305,1312,36037,9249,13,0,0,0,0,2,0
2021-02-03T23:59:59+01:00,1,0,295,422,960,2012,1352,3512,1815,5080,2501,3972,1779,1815,1807,2888,1175,4305,60,82,236,395,290,634,347,919,522,724,339,325,346,568,218,959,35676,6965,13,0,0,0,0,2,0
2021-02-02T23:59:59+01:00,1,0,290,415,954,1984,1344,3480,1804,5034,2478,3937,1761,1799,1781,2847,1154,4258,39,63,181,312,243,485,265,736,377,556,235,208,221,377,150,627,35306,5075,13,0,0,0,0,2,0
2021-02-01T23:59:59+01:00,1,0,289,413,949,1977,1341,3464,1796,5014,2470,3918,1754,1788,1766,2832,1148,4245,19,39,134,227,168,310,169,490,236,321,119,105,96,184,69,277,35150,2963,13,0,0,0,0,2,0
2021-01-31T23:59:59+01:00,1,0,288,412,947,1970,1338,3455,1793,4995,2466,3903,1750,1780,1762,2825,1146,4236,18,34,116,199,151,268,152,410,200,277,100,91,88,157,61,243,35052,2565,13,0,0,0,0,2,0
2021-01-30T23:59:59+01:00,1,0,288,412,947,1970,1338,3455,1793,4995,2466,3903,1749,1780,1762,2824,1146,4235,18,34,115,199,151,266,149,407,199,276,99,90,88,157,61,243,35049,2552,13,0,0,0,0,2,0
2021-01-29T23:59:59+01:00,1,0,286,409,945,1968,1337,3447,1787,4986,2463,3900,1743,1773,1753,2814,1139,4214,16,33,114,190,142,258,137,379,168,249,72,66,79,136,56,211,34951,2306,13,0,0,0,0,1,0
2021-01-28T23:59:59+01:00,1,0,282,401,925,1913,1313,3383,1762,4924,2435,3839,1721,1753,1722,2783,1121,4179,0,0,9,19,8,18,11,46,7,22,7,3,7,9,2,13,34444,181,12,0,0,0,0,1,0
2021-01-27T23:59:59+01:00,1,0,277,383,892,1833,1279,3269,1700,4801,2375,3739,1665,1705,1678,2717,1085,4097,0,0,4,6,5,11,7,20,3,12,6,3,7,9,2,12,33487,107,8,0,0,0,0,1,0
2021-01-26T23:59:59+01:00,1,0,271,374,882,1820,1265,3231,1683,4744,2345,3673,1634,1673,1641,2647,1068,4015,0,0,4,6,5,11,7,20,3,12,6,3,7,9,2,12,32960,107,6,0,0,0,0,1,0
2021-01-25T23:59:59+01:00,1,0,260,350,840,1701,1195,3067,1593,4473,2241,3464,1576,1620,1589,2563,1022,3847,0,0,1,3,1,3,4,3,3,5,6,3,6,8,2,12,31399,60,2,0,0,0,0,1,0
2021-01-24T23:59:59+01:00,1,0,257,347,829,1682,1185,3045,1562,4440,2215,3443,1565,1612,1579,2552,1017,3840,0,0,1,2,1,3,4,3,3,5,6,3,6,8,2,12,31168,59,2,0,0,0,0,1,0
2021-01-23T23:59:59+01:00,1,0,257,347,829,1682,1184,3044,1562,4436,2214,3442,1564,1612,1578,2551,1016,3835,0,0,1,2,1,3,4,3,3,5,6,3,6,8,2,12,31151,59,2,0,0,0,0,1,0
2021-01-22T23:59:59+01:00,1,0,256,345,823,1679,1180,3039,1559,4429,2202,3437,1552,1601,1572,2532,1011,3816,0,0,1,2,1,3,4,3,3,5,6,3,6,8,2,12,31031,59,2,0,0,0,0,1,0
2021-01-21T23:59:59+01:00,1,0,245,335,796,1613,1155,2912,1503,4268,2122,3302,1454,1499,1440,2369,932,3635,0,0,1,2,1,3,4,2,3,5,4,2,5,8,1,12,29578,53,2,0,0,0,0,1,0
2021-01-20T23:59:59+01:00,1,0,222,291,724,1456,1065,2598,1367,3808,1949,2948,1333,1353,1320,2174,861,3415,0,0,1,2,1,3,4,2,3,5,4,2,5,8,1,12,26882,53,2,0,0,0,0,1,0
2021-01-19T23:59:59+01:00,1,0,191,235,625,1208,919,2152,1147,3191,1668,2518,1153,1155,1094,1838,716,2902,0,0,1,1,1,2,4,1,2,5,4,2,5,8,1,12,22710,49,2,0,0,0,0,1,0
2021-01-18T23:59:59+01:00,1,0,133,185,491,947,710,1637,879,2321,1298,1906,903,924,875,1457,560,2313,0,0,0,0,0,0,0,0,1,2,2,1,0,0,0,0,17538,6,1,0,0,0,0,1,0
2021-01-17T23:59:59+01:00,1,0,120,159,431,776,625,1415,778,2068,1186,1717,839,845,795,1321,501,2106,0,0,0,0,0,0,0,0,0,1,0,0,0,0,0,0,15682,1,0,0,0,0,0,1,0
2021-01-16T23:59:59+01:00,1,0,120,158,427,775,623,1407,768,2064,1178,1710,837,840,790,1310,493,2091,0,0,0,0,0,0,0,0,0,0,0,0,0,0,0,0,15592,0,0,0,0,0,0,0,0
2021-01-15T23:59:59+01:00,1,0,110,152,415,754,597,1369,736,1986,1117,1629,793,788,747,1225,463,1977,0,0,0,0,0,0,0,0,0,0,0,0,0,0,0,0,14859,0,0,0,0,0,0,0,0
2021-01-14T23:59:59+01:00,1,0,76,112,298,487,395,884,508,1278,762,1068,579,546,543,903,353,1501,0,0,0,0,0,0,0,0,0,0,0,0,0,0,0,0,10294,0,0,0,0,0,0,0,0
2021-01-13T23:59:59+01:00,1,0,59,85,246,410,319,667,378,978,556,761,365,344,362,614,246,1037,0,0,0,0,0,0,0,0,0,0,0,0,0,0,0,0,7428,0,0,0,0,0,0,0,0
2021-01-12T23:59:59+01:00,0,0,48,69,200,352,257,542,278,804,405,596,245,217,227,406,166,691,0,0,0,0,0,0,0,0,0,0,0,0,0,0,0,0,5503,0,0,0,0,0,0,0,0
2021-01-11T23:59:59+01:00,0,0,32,50,174,303,210,441,218,647,297,420,150,126,129,248,88,397,0,0,0,0,0,0,0,0,0,0,0,0,0,0,0,0,3930,0,0,0,0,0,0,0,0
2021-01-10T23:59:59+01:00,0,0,24,41,152,254,180,363,179,536,248,359,129,106,114,204,77,320,0,0,0,0,0,0,0,0,0,0,0,0,0,0,0,0,3286,0,0,0,0,0,0,0,0
2021-01-09T23:59:59+01:00,0,0,24,41,151,252,179,361,177,530,247,358,128,105,114,204,77,320,0,0,0,0,0,0,0,0,0,0,0,0,0,0,0,0,3268,0,0,0,0,0,0,0,0
2021-01-08T23:59:59+01:00,0,0,22,40,149,243,171,351,164,499,218,332,104,89,109,189,71,298,0,0,0,0,0,0,0,0,0,0,0,0,0,0,0,0,3049,0,0,0,0,0,0,0,0
2021-01-07T23:59:59+01:00,0,0,1,0,4,9,8,13,10,6,16,11,10,9,14,21,2,32,0,0,0,0,0,0,0,0,0,0,0,0,0,0,0,0,166,0,0,0,0,0,0,0,0
2021-01-06T23:59:59+01:00,0,0,0,0,1,3,1,5,5,2,3,6,6,2,7,10,1,14,0,0,0,0,0,0,0,0,0,0,0,0,0,0,0,0,66,0,0,0,0,0,0,0,0
2021-01-05T23:59:59+01:00,0,0,0,0,1,3,1,5,5,2,3,5,6,2,6,9,1,13,0,0,0,0,0,0,0,0,0,0,0,0,0,0,0,0,62,0,0,0,0,0,0,0,0
2021-01-04T23:59:59+01:00,0,0,0,0,1,3,1,4,4,2,3,5,6,2,5,8,1,13,0,0,0,0,0,0,0,0,0,0,0,0,0,0,0,0,58,0,0,0,0,0,0,0,0
2021-01-03T23:59:59+01:00,0,0,0,0,1,2,1,4,4,2,3,5,5,2,5,8,1,13,0,0,0,0,0,0,0,0,0,0,0,0,0,0,0,0,56,0,0,0,0,0,0,0,0
2021-01-02T23:59:59+01:00,0,0,0,0,1,2,1,4,4,2,3,5,5,2,5,8,1,13,0,0,0,0,0,0,0,0,0,0,0,0,0,0,0,0,56,0,0,0,0,0,0,0,0
2021-01-01T23:59:59+01:00,0,0,0,0,1,2,1,3,4,2,3,5,5,2,5,8,1,13,0,0,0,0,0,0,0,0,0,0,0,0,0,0,0,0,55,0,0,0,0,0,0,0,0
2020-12-31T23:59:59+01:00,0,0,0,0,1,2,1,3,4,2,3,5,5,2,5,8,1,13,0,0,0,0,0,0,0,0,0,0,0,0,0,0,0,0,55,0,0,0,0,0,0,0,0
2020-12-30T23:59:59+01:00,0,0,0,0,1,2,1,3,4,2,3,5,5,2,5,8,1,13,0,0,0,0,0,0,0,0,0,0,0,0,0,0,0,0,55,0,0,0,0,0,0,0,0
2020-12-29T23:59:59+01:00,0,0,0,0,1,1,1,2,4,1,2,5,5,2,5,8,1,13,0,0,0,0,0,0,0,0,0,0,0,0,0,0,0,0,51,0,0,0,0,0,0,0,0
2020-12-28T23:59:59+01:00,0,0,0,0,1,1,1,1,2,0,1,5,4,1,1,0,0,2,0,0,0,0,0,0,0,0,0,0,0,0,0,0,0,0,20,0,0,0,0,0,0,0,0
2020-12-27T23:59:59+01:00,0,0,0,0,1,1,1,1,2,0,0,3,2,0,1,0,0,2,0,0,0,0,0,0,0,0,0,0,0,0,0,0,0,0,14,0,0,0,0,0,0,0,0
