Datum,<24_1_m,<24_1_w,25-34_1_m,25-34_1_w,35-44_1_m,35-44_1_w,45-54_1_m,45-54_1_w,55-64_1_m,55-64_1_w,65-74_1_m,65-74_1_w,75-84_1_m,75-84_1_w,>84_1_m,>84_1_w,<24_2_m,<24_2_w,25-34_2_m,25-34_2_w,35-44_2_m,35-44_2_w,45-54_2_m,45-54_2_w,55-64_2_m,55-64_2_w,65-74_2_m,65-74_2_w,75-84_2_m,75-84_2_w,>84_2_m,>84_2_w,bp_1,bp_2,mo_1,mo_2,az_1,az_2,ja
2021-05-15T23:59:59+02:00,7671,8034,15063,15740,17808,21476,25460,30821,36389,39003,42968,48316,31794,41771,8979,17776,1391,1756,2815,4506,3305,6733,4699,9555,6115,7920,5251,5258,11210,15534,8409,16624,274140,87686,33595,13478,99788,8371,1546
2021-05-14T23:59:59+02:00,7458,7606,14738,15281,17512,21051,25125,30366,36172,38700,42946,48293,31785,41767,8979,17775,1330,1696,2765,4419,3270,6636,4645,9403,6049,7810,5226,5217,11201,15529,8409,16623,273136,87619,33450,13468,97480,7653,1488
2021-05-13T23:59:59+02:00,7050,7250,14050,14778,16835,20458,24316,29668,35465,38085,42715,47986,31727,41672,8976,17767,1162,1616,2611,4328,3178,6535,4537,9265,5956,7707,5196,5192,11190,15513,8407,16620,267001,87502,33253,13391,97303,6879,1241
2021-05-12T23:59:59+02:00,6589,6916,13084,14135,15869,19713,23743,29279,35190,37821,42557,47811,31706,41652,8973,17764,1157,1615,2605,4321,3167,6532,4532,9256,5951,7701,5191,5189,11189,15511,8406,16619,261029,87454,33245,13382,97300,6878,1228
2021-05-11T23:59:59+02:00,6182,6673,12423,13634,14069,18226,20825,26743,33062,35619,41683,46757,31451,41282,8954,17725,1088,1511,2496,4169,3075,6325,4422,8979,5856,7517,5127,5130,11153,15459,8399,16604,244389,87042,32971,13184,96890,6026,1058
2021-05-10T23:59:59+02:00,6024,6575,12154,13528,13755,18012,19867,26092,31954,34758,41207,46207,31405,41220,8949,17709,1049,1429,2399,4029,2995,6161,4307,8751,5761,7370,5099,5107,11142,15442,8396,16596,239228,86955,32821,13141,96615,5185,752
2021-05-09T23:59:59+02:00,5542,6294,11040,13057,12810,17673,18900,25767,31503,34509,41164,46146,31383,41209,8946,17704,1018,1392,2308,3923,2902,6018,4182,8587,5679,7289,5089,5093,11139,15440,8393,16594,234212,86932,32751,13099,96287,4618,397
2021-05-08T23:59:59+02:00,5528,6284,11023,13038,12790,17660,18871,25730,31467,34467,41157,46140,31382,41205,8946,17704,1013,1385,2296,3918,2897,6018,4178,8580,5675,7287,5088,5088,11136,15437,8393,16594,233962,86905,32750,13099,96286,4585,394
2021-05-07T23:59:59+02:00,5414,6193,10798,12866,12497,17442,18190,25077,30577,33585,41018,45959,31336,41147,8943,17700,985,1349,2257,3868,2855,5970,4119,8524,5597,7242,5044,5043,11125,15429,8393,16593,231510,86777,30869,13097,96188,4344,175
2021-05-06T23:59:59+02:00,4962,5897,10149,12478,11754,16782,16512,23558,28103,31215,40532,45441,31205,40969,8932,17683,921,1280,2127,3650,2705,5681,3935,8131,5435,7001,5002,4997,11108,15405,8391,16585,223127,86619,27611,12785,95400,2916,34
2021-05-05T23:59:59+02:00,4613,5645,9538,12028,11059,16196,15388,22482,25105,28343,39868,44599,30990,40685,8917,17649,898,1244,2068,3523,2649,5528,3838,7906,5343,6891,4958,4944,11081,15373,8389,16583,210469,86374,27430,12647,95180,2169,26
2021-05-04T23:59:59+02:00,4212,5120,8889,11376,10289,15353,14046,21164,21321,24703,38909,43555,30700,40261,8899,17620,874,1209,2011,3406,2583,5402,3751,7751,5256,6780,4932,4915,11054,15349,8387,16580,193827,86182,27412,12387,95157,1650,21
2021-05-03T23:59:59+02:00,3952,4664,8474,10868,9822,14739,13485,20519,20655,24106,38687,43333,30633,40175,8896,17606,858,1169,1947,3305,2530,5294,3698,7634,5207,6703,4920,4905,11040,15333,8384,16575,188109,86048,27400,12380,95095,1064,10
2021-05-02T23:59:59+02:00,3948,4661,8457,10861,9813,14733,13466,20508,20642,24100,38686,43332,30632,40174,8895,17606,851,1146,1918,3224,2483,5195,3651,7510,5189,6646,4918,4903,11039,15329,8384,16573,188031,86031,27389,12351,95088,571,6
2021-05-01T23:59:59+02:00,3945,4649,8444,10853,9806,14724,13458,20505,20634,24092,38686,43330,30632,40174,8895,17606,851,1146,1917,3224,2483,5195,3651,7510,5189,6646,4918,4903,11039,15329,8384,16573,187951,86031,27389,12351,95088,571,5
2021-04-30T23:59:59+02:00,3918,4618,8405,10822,9764,14690,13394,20462,20523,23907,38433,43047,30615,40157,8894,17606,846,1142,1907,3217,2481,5186,3649,7503,5186,6641,4916,4900,11035,15328,8384,16573,187046,86010,27120,12348,95084,531,5
2021-04-29T23:59:59+02:00,3623,4421,7964,10560,9258,14410,12899,20091,19305,22552,36039,40393,30429,39866,8885,17577,832,1122,1853,3151,2440,5119,3582,7365,5097,6555,4888,4867,11015,15295,8382,16568,181658,85824,21619,12191,94990,111,5
2021-04-28T23:59:59+02:00,3447,4347,7697,10445,8865,14236,12524,19852,18750,22007,32395,36237,30247,39629,8875,17558,811,1104,1826,3106,2396,5075,3547,7311,5036,6492,4827,4811,10969,15246,8380,16558,170696,85628,21467,11770,94947,96,1
2021-04-27T23:59:59+02:00,3345,4275,7437,10312,8527,14074,12022,19612,18210,21417,26955,30182,29955,39230,8858,17532,794,1090,1798,3067,2362,5028,3499,7257,4978,6415,4780,4749,10937,15197,8377,16551,155611,85434,21446,11351,94885,93,1
2021-04-26T23:59:59+02:00,3278,4236,7297,10251,8363,14008,11787,19550,17712,21033,26935,30156,29945,39222,8858,17532,770,1061,1739,3006,2300,4982,3436,7175,4882,6312,4686,4680,10874,15126,8376,16548,155048,85327,21227,10532,93887,93,1
2021-04-25T23:59:59+02:00,3232,4212,7134,10203,8129,13959,11459,19509,16037,19523,26375,29598,29896,39166,8858,17529,770,1059,1732,3003,2294,4979,3434,7170,4878,6302,4684,4677,10867,15118,8376,16548,154573,85310,21216,10495,89029,85,1
2021-04-24T23:59:59+02:00,3225,4204,7120,10193,8121,13951,11445,19500,16017,19505,26337,29537,29893,39163,8858,17529,770,1059,1732,3002,2293,4979,3434,7170,4878,6302,4684,4676,10865,15117,8376,16548,154383,85304,21213,10495,89001,85,1
2021-04-23T23:59:59+02:00,3203,4184,7084,10152,8077,13904,11377,19443,15951,19429,25930,29047,29862,39119,8856,17526,760,1050,1715,2994,2276,4953,3377,7128,4776,6200,4543,4549,10709,14934,8370,16535,153221,85021,21074,9762,88848,85,1
2021-04-22T23:59:59+02:00,3111,4078,6884,9976,7510,13466,10064,18593,14529,18458,23981,26664,29688,38911,8841,17502,687,986,1617,2892,2162,4812,3210,6964,4595,6010,4406,4384,10198,14282,8343,16471,148518,83122,15835,8826,87902,70,1
2021-04-21T23:59:59+02:00,3051,4026,6754,9891,7309,13314,9681,18345,14059,17984,21515,23578,29458,38612,8824,17482,633,956,1545,2812,2072,4717,3082,6825,4433,5840,4225,4217,9636,13517,8309,16400,141699,81347,15068,7808,87115,63,1
2021-04-20T23:59:59+02:00,3001,3982,6654,9805,7173,13201,9413,18122,13564,17531,18192,19622,29213,38224,8812,17451,596,922,1469,2742,1995,4638,2976,6701,4303,5690,4039,4013,8785,12315,8253,16277,133072,78477,14826,7178,86061,58,1
2021-04-19T23:59:59+02:00,2985,3973,6611,9767,7117,13166,9342,18050,13422,17402,17881,19264,29185,38194,8811,17447,519,876,1368,2649,1894,4542,2843,6537,4113,5509,3789,3721,6975,9893,8076,15939,132771,72760,14631,6429,85214,53,1
2021-04-18T23:59:59+02:00,2964,3959,6531,9741,7008,13117,9124,17984,12541,17245,16565,17893,29133,38146,8807,17440,514,871,1359,2640,1877,4535,2809,6511,4057,5457,3714,3655,6573,9278,8042,15874,132564,71329,14490,6386,81143,50,1
2021-04-17T23:59:59+02:00,2956,3957,6519,9727,6978,13091,9086,17950,12514,17222,16510,17843,29088,38082,8806,17440,514,869,1359,2638,1876,4532,2804,6506,4055,5452,3713,3653,6568,9278,8041,15873,132234,71294,14490,6386,81044,50,1
2021-04-16T23:59:59+02:00,2939,3941,6484,9710,6929,13055,9007,17890,12385,17098,16233,17523,28636,37504,8805,17435,514,867,1354,2633,1868,4530,2799,6499,4049,5444,3708,3648,6551,9250,8041,15871,130740,71202,14482,6376,80351,47,1
2021-04-15T23:59:59+02:00,2882,3874,6352,9604,6733,12874,8660,17617,11853,16540,15060,16105,26794,35097,8790,17417,505,856,1350,2612,1853,4505,2775,6471,4003,5387,3657,3575,6522,9202,8033,15861,124925,70891,14207,6238,77119,37,1
2021-04-14T23:59:59+02:00,2815,3820,6264,9504,6589,12713,8388,17354,11340,16023,13743,14489,22450,29478,8777,17377,502,849,1341,2605,1841,4487,2750,6448,3965,5345,3604,3531,6468,9146,8011,15835,112824,70623,14174,6087,74125,17,1
2021-04-13T23:59:59+02:00,2756,3781,6136,9417,6451,12583,8092,17108,10871,15560,10984,11348,19703,25763,8757,17345,482,820,1296,2560,1785,4430,2635,6340,3783,5177,3390,3352,6338,9021,8003,15821,104633,70296,13980,4923,68041,13,1
2021-04-12T23:59:59+02:00,2729,3764,6074,9383,6346,12492,7897,16976,10593,15338,9313,9495,19286,25252,8756,17338,474,809,1280,2544,1764,4411,2602,6297,3730,5124,3329,3309,6306,8979,7999,15802,104514,70163,13925,4584,62592,11,1
2021-04-11T23:59:59+02:00,2695,3752,5980,9358,6228,12454,7733,16924,10388,15230,7217,7296,18437,24233,8754,17336,474,809,1279,2542,1764,4411,2602,6297,3728,5121,3324,3308,6300,8977,7999,15802,104448,70154,13919,4574,55648,9,0
2021-04-10T23:59:59+02:00,2693,3750,5970,9353,6220,12449,7728,16919,10377,15219,7211,7286,18430,24229,8754,17336,474,806,1277,2539,1763,4409,2599,6294,3725,5120,3315,3295,6293,8965,7999,15802,104367,70099,13918,4567,55639,9,0
2021-04-09T23:59:59+02:00,2619,3628,5840,9153,6055,12178,7465,16492,10069,14732,7077,7113,18324,24065,8753,17334,469,799,1259,2530,1738,4391,2563,6246,3645,5034,3187,3186,6176,8879,7995,15799,103905,70024,13889,3865,53103,7,0
2021-04-08T23:59:59+02:00,2546,3552,5748,9029,5953,12051,7292,16319,9833,14543,6892,6844,17089,22648,8743,17308,461,793,1247,2500,1713,4353,2535,6182,3590,4977,3118,3138,6099,8774,7977,15765,100311,69609,13533,3607,52546,6,0
2021-04-07T23:59:59+02:00,2512,3512,5678,8958,5867,11986,7157,16215,9595,14394,6580,6496,14825,19772,8725,17268,455,791,1235,2486,1703,4330,2519,6145,3520,4917,3048,3087,6044,8718,7971,15738,94251,69335,13372,3367,51917,5,0
2021-04-06T23:59:59+02:00,2486,3476,5596,8895,5785,11913,7000,16095,9364,14206,6105,6020,12931,17366,8701,17215,453,782,1228,2464,1693,4305,2487,6102,3452,4854,2970,3041,6001,8666,7965,15722,89370,69093,13072,3087,50712,5,0
2021-04-05T23:59:59+02:00,2477,3464,5581,8879,5773,11893,6986,16079,9346,14181,5927,5855,11725,16153,8700,17214,447,773,1226,2449,1686,4290,2467,6070,3417,4814,2944,3001,5983,8626,7959,15707,89297,68904,13038,2951,47898,4,0
2021-04-04T23:59:59+02:00,2477,3464,5579,8876,5771,11893,6984,16079,9344,14181,5922,5851,11725,16151,8700,17214,447,773,1226,2449,1686,4290,2466,6070,3417,4814,2944,3001,5981,8626,7958,15707,89288,68900,13038,2951,47885,4,0
2021-04-03T23:59:59+02:00,2476,3455,5571,8869,5765,11890,6982,16076,9341,14178,5919,5847,11719,16148,8700,17214,447,773,1226,2449,1686,4290,2466,6070,3417,4813,2944,3001,5981,8626,7958,15707,89232,68899,13038,2951,47880,4,0
2021-04-02T23:59:59+02:00,2474,3452,5566,8866,5763,11889,6979,16076,9336,14176,5916,5841,11705,16120,8699,17213,447,773,1225,2449,1685,4290,2466,6070,3416,4808,2933,2996,5979,8622,7958,15707,89156,68870,13035,2950,47880,4,0
2021-04-01T23:59:59+02:00,2451,3445,5538,8835,5719,11844,6936,16023,9276,14118,5823,5745,11413,15770,8680,17174,445,759,1223,2441,1679,4280,2450,6056,3386,4785,2878,2953,5909,8535,7897,15611,88164,68336,13013,2947,47613,4,0
2021-03-31T23:59:59+02:00,2415,3411,5461,8765,5652,11750,6830,15915,9144,13977,5687,5606,10859,15024,8643,17097,438,751,1218,2430,1673,4265,2442,6040,3366,4753,2846,2920,5850,8460,7856,15530,86188,67889,12799,2945,47249,4,0
2021-03-30T23:59:59+02:00,2390,3390,5412,8707,5594,11670,6758,15817,9044,13829,5495,5391,9950,13669,8581,16947,435,749,1212,2424,1663,4251,2423,6018,3329,4706,2784,2848,5750,8346,7748,15316,83109,67192,12417,2806,47118,4,0
2021-03-29T23:59:59+02:00,2316,3330,5311,8593,5488,11520,6595,15587,8810,13575,5145,5020,7994,11119,8399,16586,427,743,1201,2417,1648,4237,2402,5990,3292,4648,2719,2787,5605,8212,7579,15021,77060,66254,11618,2670,46710,4,0
2021-03-28T23:59:59+02:00,2293,3317,5266,8526,5411,11447,6510,15499,8692,13453,5023,4872,7359,10202,8344,16489,418,736,1186,2399,1625,4209,2350,5926,3231,4551,2633,2713,5485,8058,7519,14899,74809,65790,11359,2145,46535,3,0
2021-03-27T23:59:59+01:00,2292,3312,5256,8519,5407,11434,6494,15477,8681,13440,4996,4845,7349,10200,8344,16488,418,736,1184,2398,1624,4203,2344,5923,3224,4545,2629,2709,5460,8009,7448,14775,74703,65481,11359,2145,46472,3,0
2021-03-26T23:59:59+01:00,2274,3287,5220,8482,5366,11386,6412,15400,8529,13287,4828,4695,7198,10039,8343,16480,414,728,1178,2382,1604,4174,2320,5890,3187,4488,2570,2646,5123,7549,6897,13803,74366,62842,10523,2108,46337,3,0
2021-03-25T23:59:59+01:00,2164,3202,5047,8264,5200,11118,6210,15116,8315,13020,4690,4553,7121,9937,8340,16474,406,712,1158,2359,1577,4143,2279,5835,3114,4412,2466,2544,4487,6690,6032,12434,73924,58757,9584,1889,45263,2,0
2021-03-24T23:59:59+01:00,2060,3141,4919,8100,5033,10926,6042,14871,8116,12802,4561,4406,7019,9828,8335,16467,402,701,1144,2331,1543,4093,2225,5764,3027,4320,2340,2433,3775,5641,4944,10684,73564,53823,8423,1542,44639,2,0
2021-03-23T23:59:59+01:00,1979,3082,4814,7981,4944,10782,5921,14683,8004,12644,4482,4325,6958,9775,8327,16451,390,674,1123,2294,1515,4032,2176,5676,2948,4232,2248,2338,3036,4559,3350,7921,73178,47118,7707,1393,44267,1,0
2021-03-22T23:59:59+01:00,1893,3009,4692,7848,4811,10607,5758,14435,7837,12454,4376,4220,6899,9674,8313,16412,361,654,1099,2255,1468,3965,2111,5566,2852,4073,2142,2201,2197,3427,1191,4284,72685,38688,6674,1158,43879,0,0
2021-03-21T23:59:59+01:00,1891,3002,4682,7833,4798,10595,5739,14419,7810,12432,4357,4203,6881,9665,8312,16412,360,654,1093,2242,1460,3932,2096,5531,2823,4022,2102,2154,2158,3385,1178,4243,72663,38549,6624,884,43744,0,0
2021-03-20T23:59:59+01:00,1891,3002,4682,7831,4797,10593,5738,14419,7802,12427,4355,4202,6874,9659,8312,16412,360,654,1093,2242,1460,3932,2096,5531,2821,4021,2101,2151,2158,3385,1178,4243,72655,38547,6624,879,43717,0,0
2021-03-19T23:59:59+01:00,1817,2658,4154,6578,4412,9631,5478,13891,7583,12075,4247,4118,6816,9603,8312,16412,359,654,1093,2242,1460,3931,2096,5530,2820,4021,2099,2149,2153,3380,1177,4241,72587,38532,6614,873,38584,0,0
2021-03-18T23:59:59+01:00,1742,2325,3722,5534,3873,8147,4605,11222,6294,9083,3956,3890,6637,9404,8292,16377,358,649,1085,2230,1454,3906,2067,5489,2796,4000,2082,2133,2128,3352,1173,4234,72156,38343,6548,793,26399,0,0
2021-03-17T23:59:59+01:00,1736,2314,3713,5509,3854,8119,4580,11153,6242,9008,3920,3844,6601,9366,8285,16352,354,647,1081,2223,1449,3897,2058,5472,2782,3974,2060,2105,2107,3339,1167,4218,71891,38189,6488,744,26217,0,0
2021-03-16T23:59:59+01:00,1705,2272,3661,5429,3780,8014,4441,10978,6034,8810,3697,3655,6475,9226,8280,16328,352,642,1080,2205,1444,3884,2048,5458,2772,3954,2052,2092,2094,3313,1160,4189,71579,38024,5206,715,26000,0,0
2021-03-15T23:59:59+01:00,1695,2248,3638,5396,3751,7976,4390,10913,5954,8729,3619,3594,6426,9169,8274,16304,349,636,1071,2190,1437,3879,2033,5419,2756,3930,2033,2056,2073,3255,1152,4153,71354,37813,4848,609,25874,0,0
2021-03-14T23:59:59+01:00,1694,2245,3632,5390,3746,7965,4381,10889,5948,8713,3611,3585,6422,9161,8273,16303,349,636,1068,2189,1434,3877,2030,5417,2737,3924,2029,2054,2060,3244,1149,4151,71322,37806,4832,542,25804,0,0
2021-03-13T23:59:59+01:00,1691,2237,3620,5373,3736,7958,4364,10877,5935,8700,3608,3582,6421,9159,8273,16303,349,636,1068,2189,1434,3877,2030,5416,2737,3923,2028,2052,2060,3243,1141,4146,71302,37787,4827,542,25708,0,0
2021-03-12T23:59:59+01:00,1648,2171,3057,5241,3313,7854,4236,10749,5710,8420,3453,3455,6303,9053,8250,16263,344,613,1063,2159,1425,3850,2012,5345,2674,3811,1858,1929,2005,3196,1137,4140,71138,37027,4097,534,23941,0,0
2021-03-11T23:59:59+01:00,1546,2029,2674,5008,2933,7625,3945,10327,5117,7604,3275,3321,6196,8933,8223,16224,343,613,1060,2145,1422,3831,2004,5323,2666,3796,1852,1922,1990,3177,1133,4124,70571,36906,3833,495,20576,0,0
2021-03-10T23:59:59+01:00,1518,1996,2640,4971,2903,7564,3891,10239,4999,7498,3147,3215,6084,8812,8194,16173,341,610,1058,2143,1420,3821,1999,5309,2653,3778,1836,1911,1964,3148,1123,4110,70167,36824,3501,400,20176,0,0
2021-03-09T23:59:59+01:00,1514,1985,2624,4946,2881,7523,3851,10178,4917,7418,3052,3133,5991,8709,8104,15981,338,608,1055,2136,1411,3808,1968,5285,2616,3750,1788,1885,1917,3123,1112,4101,69571,36796,3231,105,20005,0,0
2021-03-08T23:59:59+01:00,1503,1973,2602,4924,2861,7492,3832,10133,4890,7357,3015,3095,5893,8617,7955,15712,338,608,1052,2131,1404,3789,1950,5257,2597,3723,1771,1868,1892,3100,1107,4084,68782,36657,3223,14,19849,0,0
2021-03-07T23:59:59+01:00,1496,1963,2586,4889,2836,7451,3804,10078,4858,7304,2980,3063,5818,8500,7891,15588,338,607,1052,2130,1403,3781,1947,5250,2595,3718,1766,1865,1889,3096,1105,4078,68249,36608,3170,12,19686,0,0
2021-03-06T23:59:59+01:00,1494,1961,2581,4879,2832,7441,3794,10071,4843,7289,2969,3051,5784,8434,7815,15445,338,605,1050,2128,1403,3780,1941,5241,2593,3715,1760,1858,1884,3094,1105,4075,67855,36558,3170,12,19658,0,0
2021-03-05T23:59:59+01:00,1416,1879,2502,4723,2779,7282,3708,9868,4748,7107,2924,2999,5417,7943,7258,14451,338,605,1048,2125,1396,3776,1941,5239,2588,3709,1752,1855,1879,3091,1100,4071,65196,36501,3168,12,18640,0,0
2021-03-04T23:59:59+01:00,1280,1782,2369,4539,2624,7017,3559,9538,4502,6805,2827,2886,4766,7091,6379,13026,335,596,1036,2098,1383,3738,1914,5185,2564,3673,1724,1834,1848,3040,1078,4026,60983,36060,3166,12,16841,0,0
2021-03-03T23:59:59+01:00,1253,1735,2306,4435,2566,6894,3481,9377,4409,6680,2751,2820,4111,6061,5291,11294,332,586,1024,2072,1371,3712,1900,5135,2494,3618,1695,1803,1822,3012,1063,4001,55991,35628,3140,12,16333,0,0
2021-03-02T23:59:59+01:00,1225,1701,2267,4376,2525,6806,3396,9257,4272,6539,2642,2694,3324,4937,3594,8385,327,577,1017,2047,1362,3671,1883,5085,2466,3595,1686,1789,1800,2987,1053,3974,48930,35307,2891,12,16119,0,0
2021-03-01T23:59:59+01:00,1174,1669,2229,4318,2456,6725,3303,9125,4136,6350,2510,2571,2405,3695,1243,4434,325,574,1008,2036,1352,3652,1876,5068,2454,3581,1672,1779,1782,2968,1043,3947,39894,35105,2502,12,15947,0,0
2021-02-28T23:59:59+01:00,1160,1661,2205,4289,2440,6686,3259,9066,4073,6293,2446,2531,2364,3662,1237,4418,324,573,1007,2030,1350,3638,1872,5058,2449,3574,1665,1768,1769,2957,1036,3932,39803,34990,2209,12,15778,0,0
2021-02-27T23:59:59+01:00,1114,1546,2136,4061,2385,6456,3194,8756,3984,6060,2396,2478,2344,3643,1235,4418,324,573,1006,2030,1350,3638,1872,5057,2448,3574,1665,1767,1767,2957,1036,3932,39697,34984,2209,12,14300,0,0
2021-02-26T23:59:59+01:00,947,1270,1966,3664,2228,5780,2992,7827,3682,5347,2368,2450,2330,3632,1232,4416,324,573,1006,2027,1348,3636,1870,5056,2446,3573,1665,1764,1761,2954,1034,3927,39676,34952,2121,12,10334,0,0
2021-02-25T23:59:59+01:00,600,1098,1729,3471,2054,5489,2807,7426,3477,5073,2295,2383,2294,3578,1228,4402,317,551,989,1982,1332,3579,1843,4981,2416,3520,1642,1738,1728,2913,1010,3895,39480,34425,1864,11,8060,0,0
2021-02-24T23:59:59+01:00,577,1076,1692,3374,1996,5349,2739,7236,3413,4952,2236,2336,2259,3549,1222,4370,307,542,979,1961,1319,3530,1833,4925,2398,3478,1632,1721,1717,2894,1000,3871,39296,34104,1693,3,7387,0,0
2021-02-23T23:59:59+01:00,551,1027,1629,3277,1946,5211,2659,7107,3320,4850,2185,2282,2220,3494,1212,4343,306,537,974,1944,1312,3501,1824,4892,2372,3452,1617,1697,1694,2860,989,3820,39149,33788,1419,3,6745,0,0
2021-02-22T23:59:59+01:00,529,985,1579,3183,1905,5069,2598,6885,3265,4717,2178,2185,2206,3422,1208,4301,305,533,970,1931,1305,3474,1807,4859,2356,3421,1598,1676,1668,2831,977,3774,38945,33484,1154,1,6116,0,0
2021-02-21T23:59:59+01:00,519,926,1518,3045,1857,4921,2542,6724,3187,4625,2142,2153,2181,3404,1200,4296,305,531,966,1923,1305,3465,1803,4848,2352,3414,1597,1673,1667,2829,977,3773,38905,33427,922,1,5413,0,0
2021-02-20T23:59:59+01:00,514,920,1510,3042,1851,4921,2540,6720,3182,4622,2139,2152,2181,3403,1199,4296,305,531,966,1922,1305,3464,1803,4847,2351,3414,1596,1672,1663,2829,977,3771,38901,33415,917,1,5374,0,0
2021-02-19T23:59:59+01:00,489,880,1481,2980,1826,4863,2497,6617,3088,4482,1965,2022,2123,3357,1196,4290,303,530,965,1919,1304,3464,1803,4842,2348,3412,1594,1671,1661,2828,977,3770,38154,33390,898,1,5104,0,0
2021-02-18T23:59:59+01:00,453,800,1377,2751,1727,4614,2356,6344,2988,4327,1941,2006,2109,3340,1192,4284,303,525,955,1883,1296,3428,1786,4797,2332,3380,1584,1664,1646,2815,966,3754,38080,33113,826,1,3703,0,0
2021-02-17T23:59:59+01:00,439,750,1339,2633,1665,4436,2292,6104,2931,4208,1928,1990,2087,3322,1178,4275,292,503,918,1798,1255,3289,1722,4637,2258,3254,1507,1596,1572,2700,921,3650,37925,31871,775,1,2877,0,0
2021-02-16T23:59:59+01:00,414,708,1286,2518,1619,4306,2228,5938,2860,4106,1919,1984,2081,3317,1173,4264,284,478,887,1719,1203,3145,1662,4426,2190,3099,1455,1542,1513,2596,893,3530,37866,30621,744,1,2111,0,0
2021-02-15T23:59:59+01:00,399,667,1213,2387,1578,4230,2196,5890,2830,4068,1898,1967,2062,3287,1167,4246,275,455,864,1674,1171,3064,1601,4291,2121,2991,1381,1482,1459,2481,852,3360,37762,29521,631,1,1692,0,0
2021-02-14T23:59:59+01:00,389,660,1185,2315,1521,4070,2152,5810,2800,4031,1894,1965,2049,3277,1166,4240,268,447,845,1649,1152,3022,1562,4240,2083,2965,1364,1461,1434,2441,838,3321,37746,29091,564,1,1214,0,0
2021-02-13T23:59:59+01:00,388,660,1185,2315,1521,4069,2150,5809,2800,4031,1893,1963,2048,3277,1166,4237,268,447,845,1649,1152,3022,1561,4239,2082,2965,1363,1458,1433,2440,838,3320,37735,29081,564,1,1213,0,0
2021-02-12T23:59:59+01:00,382,656,1170,2306,1515,4056,2146,5799,2794,4026,1881,1953,2041,3264,1162,4234,266,445,840,1645,1146,3011,1540,4222,2066,2949,1349,1443,1420,2408,831,3288,37667,28868,556,1,1162,0,0
2021-02-11T23:59:59+01:00,358,625,1099,2206,1465,3919,2044,5536,2720,3927,1856,1928,1999,3199,1141,4183,243,411,794,1535,1063,2788,1422,3881,1876,2653,1169,1256,1262,2127,739,2966,37298,26185,518,0,389,0,0
2021-02-10T23:59:59+01:00,350,616,1072,2159,1425,3841,1989,5357,2616,3762,1803,1884,1955,3164,1122,4159,218,358,696,1332,932,2385,1223,3286,1657,2291,1019,1090,1115,1882,644,2646,36893,22774,380,0,1,0,0
2021-02-09T23:59:59+01:00,344,604,1062,2126,1410,3787,1940,5285,2555,3708,1740,1846,1888,3115,1104,4138,182,275,586,1066,783,1935,1016,2674,1397,1933,884,939,942,1583,539,2278,36590,19012,61,0,1,0,0
2021-02-08T23:59:59+01:00,343,602,1056,2118,1400,3771,1935,5259,2537,3695,1724,1833,1870,3098,1098,4114,127,227,478,857,627,1507,806,2036,1141,1518,709,761,751,1268,429,1852,36435,15094,17,0,1,0,0
2021-02-07T23:59:59+01:00,342,602,1056,2117,1399,3763,1931,5257,2531,3692,1717,1823,1854,3091,1093,4109,118,198,422,711,551,1328,722,1826,1052,1376,638,684,673,1147,370,1644,36363,13460,14,0,0,0,0
2021-02-06T23:59:59+01:00,342,601,1055,2116,1399,3761,1931,5255,2531,3689,1717,1822,1848,3089,1091,4107,117,197,418,708,548,1303,706,1804,1041,1363,636,679,668,1143,369,1641,36340,13341,14,0,0,0,0
2021-02-05T23:59:59+01:00,342,600,1053,2113,1397,3750,1927,5242,2524,3685,1717,1817,1839,3082,1083,4097,112,188,400,690,530,1275,676,1749,991,1300,602,627,620,1068,347,1558,36254,12733,14,0,0,0,0
2021-02-04T23:59:59+01:00,333,581,1042,2076,1379,3701,1906,5163,2508,3641,1702,1796,1811,3046,1067,4069,82,144,295,458,377,850,466,1183,679,887,472,460,480,837,275,1249,35807,9194,14,0,0,0,0
2021-02-03T23:59:59+01:00,327,568,1023,2052,1366,3659,1890,5111,2477,3601,1683,1774,1793,3025,1057,4055,65,116,245,393,303,657,369,921,507,653,317,326,350,599,195,907,35447,6923,14,0,0,0,0
2021-02-02T23:59:59+01:00,322,556,1019,2027,1356,3627,1879,5058,2451,3574,1669,1753,1764,2986,1039,4010,42,93,189,310,254,503,274,730,371,501,218,207,221,416,133,589,35076,5051,14,0,0,0,0
2021-02-01T23:59:59+01:00,321,552,1014,2020,1353,3610,1871,5037,2442,3558,1663,1742,1749,2970,1034,3998,22,62,141,222,174,326,174,479,236,287,104,114,99,198,64,263,34920,2965,14,0,0,0,0
2021-01-31T23:59:59+01:00,320,550,1012,2012,1350,3601,1867,5016,2438,3544,1660,1735,1745,2962,1031,3989,20,55,123,195,155,278,157,402,199,248,89,100,90,172,57,228,34818,2568,14,0,0,0,0
2021-01-30T23:59:59+01:00,320,550,1012,2012,1350,3601,1867,5016,2437,3544,1660,1735,1745,2961,1031,3988,20,55,123,195,155,276,154,400,198,247,89,100,90,172,57,228,34815,2559,14,0,0,0,0
2021-01-29T23:59:59+01:00,318,547,1011,2009,1348,3593,1862,5008,2434,3541,1653,1725,1736,2951,1026,3969,18,53,121,185,146,269,140,373,168,220,64,74,81,148,50,199,34717,2309,14,0,0,0,0
2021-01-28T23:59:59+01:00,313,537,989,1946,1327,3531,1835,4946,2405,3482,1631,1707,1707,2916,1010,3940,0,3,8,14,8,17,13,44,8,18,7,6,8,7,1,12,34209,174,13,0,0,0,0
2021-01-27T23:59:59+01:00,306,512,955,1867,1293,3414,1773,4822,2346,3393,1580,1664,1662,2843,976,3867,0,2,4,4,5,13,8,20,5,11,6,6,8,7,1,11,33264,111,9,0,0,0,0
2021-01-26T23:59:59+01:00,300,501,944,1854,1279,3375,1755,4761,2317,3336,1546,1632,1625,2770,961,3788,0,2,4,4,5,13,8,20,5,11,6,6,8,7,1,11,32737,111,7,0,0,0,0
2021-01-25T23:59:59+01:00,287,468,892,1739,1216,3196,1662,4489,2214,3149,1491,1581,1567,2679,921,3625,0,2,1,1,1,3,5,3,5,6,6,5,7,7,1,11,31174,64,2,0,0,0,0
2021-01-24T23:59:59+01:00,284,464,880,1719,1205,3174,1632,4454,2187,3132,1482,1572,1558,2668,915,3618,0,2,1,0,1,3,5,3,5,6,5,5,7,7,1,11,30942,62,2,0,0,0,0
2021-01-23T23:59:59+01:00,284,464,880,1719,1204,3173,1632,4450,2186,3131,1481,1572,1557,2667,914,3613,0,2,1,0,1,3,5,3,5,6,5,5,7,7,1,11,30925,62,2,0,0,0,0
2021-01-22T23:59:59+01:00,282,462,875,1716,1200,3166,1627,4445,2175,3124,1470,1561,1550,2647,909,3595,0,2,1,0,1,3,5,3,5,6,5,5,7,7,1,11,30802,62,2,0,0,0,0
2021-01-21T23:59:59+01:00,270,449,847,1644,1175,3039,1570,4280,2088,2991,1374,1466,1419,2469,840,3437,0,2,1,0,1,3,4,2,4,6,4,4,6,7,0,11,29356,55,2,0,0,0,0
2021-01-20T23:59:59+01:00,246,395,768,1482,1088,2724,1423,3823,1929,2690,1257,1323,1305,2286,780,3237,0,2,1,0,1,3,4,2,4,6,4,4,6,7,0,11,26754,55,2,0,0,0,0
2021-01-19T23:59:59+01:00,213,319,657,1225,941,2270,1201,3213,1650,2289,1076,1138,1097,1916,643,2772,0,1,1,0,1,2,4,1,3,6,3,4,6,7,0,11,22618,50,2,0,0,0,0
2021-01-18T23:59:59+01:00,149,256,516,955,729,1726,924,2332,1296,1759,842,908,873,1534,500,2205,0,0,0,0,0,0,0,0,2,2,1,1,0,0,0,0,17503,6,1,0,0,0,0
2021-01-17T23:59:59+01:00,135,219,450,786,642,1500,821,2089,1190,1582,786,828,788,1390,443,2013,0,0,0,0,0,0,0,0,0,1,0,0,0,0,0,0,15662,1,0,0,0,0,0
2021-01-16T23:59:59+01:00,134,218,447,785,640,1492,810,2085,1182,1576,785,823,782,1378,436,1999,0,0,0,0,0,0,0,0,0,0,0,0,0,0,0,0,15572,0,0,0,0,0,0
2021-01-15T23:59:59+01:00,124,209,432,767,614,1452,776,2005,1122,1494,742,769,736,1293,410,1889,0,0,0,0,0,0,0,0,0,0,0,0,0,0,0,0,14834,0,0,0,0,0,0
2021-01-14T23:59:59+01:00,83,151,310,486,414,923,524,1296,765,987,542,535,541,954,315,1433,0,0,0,0,0,0,0,0,0,0,0,0,0,0,0,0,10259,0,0,0,0,0,0
2021-01-13T23:59:59+01:00,65,120,254,410,333,693,400,981,542,689,332,343,371,651,217,985,0,0,0,0,0,0,0,0,0,0,0,0,0,0,0,0,7386,0,0,0,0,0,0
2021-01-12T23:59:59+01:00,52,102,208,351,269,562,290,804,398,537,223,221,231,448,150,663,0,0,0,0,0,0,0,0,0,0,0,0,0,0,0,0,5509,0,0,0,0,0,0
2021-01-11T23:59:59+01:00,37,78,181,302,221,460,222,637,294,378,134,137,128,270,83,380,0,0,0,0,0,0,0,0,0,0,0,0,0,0,0,0,3942,0,0,0,0,0,0
2021-01-10T23:59:59+01:00,27,69,160,246,188,380,181,528,249,322,115,115,113,226,72,306,0,0,0,0,0,0,0,0,0,0,0,0,0,0,0,0,3297,0,0,0,0,0,0
2021-01-09T23:59:59+01:00,27,69,160,244,187,379,180,523,248,321,115,115,113,226,72,306,0,0,0,0,0,0,0,0,0,0,0,0,0,0,0,0,3285,0,0,0,0,0,0
2021-01-08T23:59:59+01:00,25,67,157,234,179,370,165,494,220,295,93,97,107,210,66,284,0,0,0,0,0,0,0,0,0,0,0,0,0,0,0,0,3063,0,0,0,0,0,0
2021-01-07T23:59:59+01:00,1,3,4,7,8,12,11,6,17,12,9,12,16,20,1,31,0,0,0,0,0,0,0,0,0,0,0,0,0,0,0,0,170,0,0,0,0,0,0
2021-01-06T23:59:59+01:00,0,2,1,1,1,5,5,2,5,7,5,5,8,8,0,13,0,0,0,0,0,0,0,0,0,0,0,0,0,0,0,0,68,0,0,0,0,0,0
2021-01-05T23:59:59+01:00,0,2,1,1,1,5,5,2,5,6,5,5,7,7,0,12,0,0,0,0,0,0,0,0,0,0,0,0,0,0,0,0,64,0,0,0,0,0,0
2021-01-04T23:59:59+01:00,0,2,1,1,1,4,4,2,5,6,4,4,6,7,0,12,0,0,0,0,0,0,0,0,0,0,0,0,0,0,0,0,59,0,0,0,0,0,0
2021-01-03T23:59:59+01:00,0,2,1,0,1,4,4,2,5,6,3,4,6,7,0,12,0,0,0,0,0,0,0,0,0,0,0,0,0,0,0,0,57,0,0,0,0,0,0
2021-01-02T23:59:59+01:00,0,2,1,0,1,4,4,2,5,6,3,4,6,7,0,12,0,0,0,0,0,0,0,0,0,0,0,0,0,0,0,0,57,0,0,0,0,0,0
2021-01-01T23:59:59+01:00,0,2,1,0,1,3,4,2,5,6,3,4,6,7,0,12,0,0,0,0,0,0,0,0,0,0,0,0,0,0,0,0,56,0,0,0,0,0,0
2020-12-31T23:59:59+01:00,0,2,1,0,1,3,4,2,5,6,3,4,6,7,0,12,0,0,0,0,0,0,0,0,0,0,0,0,0,0,0,0,56,0,0,0,0,0,0
2020-12-30T23:59:59+01:00,0,2,1,0,1,3,4,2,5,6,3,4,6,7,0,12,0,0,0,0,0,0,0,0,0,0,0,0,0,0,0,0,56,0,0,0,0,0,0
2020-12-29T23:59:59+01:00,0,1,1,0,1,2,4,1,4,6,3,4,6,7,0,12,0,0,0,0,0,0,0,0,0,0,0,0,0,0,0,0,52,0,0,0,0,0,0
2020-12-28T23:59:59+01:00,0,1,1,0,1,1,2,0,3,5,2,1,1,0,0,2,0,0,0,0,0,0,0,0,0,0,0,0,0,0,0,0,20,0,0,0,0,0,0
2020-12-27T23:59:59+01:00,0,1,1,0,1,1,2,0,1,3,1,0,1,0,0,2,0,0,0,0,0,0,0,0,0,0,0,0,0,0,0,0,14,0,0,0,0,0,0
