Datum,<24_1_m,<24_1_w,25-34_1_m,25-34_1_w,35-44_1_m,35-44_1_w,45-54_1_m,45-54_1_w,55-64_1_m,55-64_1_w,65-74_1_m,65-74_1_w,75-84_1_m,75-84_1_w,>84_1_m,>84_1_w,<24_2_m,<24_2_w,25-34_2_m,25-34_2_w,35-44_2_m,35-44_2_w,45-54_2_m,45-54_2_w,55-64_2_m,55-64_2_w,65-74_2_m,65-74_2_w,75-84_2_m,75-84_2_w,>84_2_m,>84_2_w,bp_1,bp_2,mo_1,mo_2,az_1,az_2,ja
2021-05-10T23:59:59+02:00,5768,6452,11877,13380,13552,17875,19572,25910,31571,34416,40828,45790,31367,41164,8945,17699,1036,1419,2381,4006,2979,6118,4281,8693,5745,7339,5069,5089,11079,15375,8385,16578,237559,86670,32189,13123,95701,5062,717
2021-05-09T23:59:59+02:00,5309,6175,10789,12916,12642,17545,18662,25595,31147,34189,40788,45733,31346,41155,8944,17695,1006,1383,2293,3901,2888,5975,4162,8530,5663,7263,5059,5077,11077,15374,8384,16577,232689,86651,32120,13081,95439,4498,382
2021-05-08T23:59:59+02:00,5297,6165,10773,12905,12628,17535,18636,25566,31124,34161,40782,45729,31345,41154,8944,17695,1001,1377,2282,3897,2883,5975,4159,8527,5660,7261,5058,5073,11076,15373,8384,16577,232502,86637,32119,13081,95438,4465,380
2021-05-07T23:59:59+02:00,5186,6076,10563,12746,12346,17328,18003,24963,30292,33329,40646,45551,31299,41096,8942,17691,974,1343,2243,3848,2841,5928,4100,8472,5582,7216,5014,5028,11065,15365,8384,16576,230073,86514,30447,13079,95375,4224,162
2021-05-06T23:59:59+02:00,4741,5790,9926,12366,11616,16686,16348,23464,27877,31006,40172,45037,31169,40925,8931,17675,916,1278,2120,3642,2696,5664,3926,8113,5432,6990,4973,4983,11049,15341,8382,16568,221855,86361,27193,12767,94647,2911,34
2021-05-05T23:59:59+02:00,4403,5546,9338,11928,10933,16112,15241,22397,24922,28163,39516,44206,30958,40647,8916,17641,893,1242,2061,3515,2640,5513,3830,7889,5340,6880,4929,4930,11022,15310,8381,16566,209399,86121,27015,12629,94427,2165,26
2021-05-04T23:59:59+02:00,4016,5041,8716,11294,10170,15276,13911,21083,21157,24537,38564,43172,30670,40231,8898,17612,869,1207,2004,3399,2575,5387,3745,7736,5253,6769,4904,4901,10995,15286,8379,16563,192925,85935,26998,12370,94404,1646,21
2021-05-03T23:59:59+02:00,3760,4590,8310,10806,9711,14675,13359,20455,20495,23948,38342,42952,30603,40145,8895,17598,853,1167,1940,3298,2522,5279,3692,7619,5204,6692,4892,4891,10981,15270,8376,16558,187306,85801,26986,12363,94342,1060,10
2021-05-02T23:59:59+02:00,3756,4587,8293,10799,9702,14669,13340,20444,20482,23942,38341,42951,30602,40144,8894,17598,846,1144,1911,3217,2476,5180,3645,7494,5186,6635,4890,4889,10980,15266,8376,16556,187228,85785,26975,12334,94335,566,6
2021-05-01T23:59:59+02:00,3753,4575,8280,10791,9695,14660,13332,20441,20474,23934,38341,42949,30602,40144,8894,17598,846,1144,1910,3217,2476,5180,3645,7494,5186,6635,4890,4889,10980,15266,8376,16556,187148,85785,26975,12334,94335,566,5
2021-04-30T23:59:59+02:00,3726,4544,8241,10760,9653,14626,13268,20398,20363,23749,38088,42666,30585,40127,8893,17598,841,1140,1900,3210,2474,5171,3643,7487,5183,6630,4888,4886,10976,15265,8376,16556,186243,85764,26706,12331,94331,526,5
2021-04-29T23:59:59+02:00,3437,4354,7824,10503,9157,14351,12781,20035,19181,22451,35757,40087,30404,39847,8884,17569,827,1120,1846,3144,2433,5105,3576,7351,5094,6545,4861,4855,10956,15233,8374,16551,180902,85586,21478,12174,94237,106,5
2021-04-28T23:59:59+02:00,3264,4281,7578,10395,8779,14179,12416,19798,18628,21914,32210,36050,30227,39617,8874,17550,807,1102,1820,3104,2390,5064,3542,7300,5033,6483,4801,4799,10911,15185,8372,16544,170238,85410,21326,11755,94195,91,1
2021-04-27T23:59:59+02:00,3163,4210,7327,10263,8446,14017,11916,19558,18093,21325,26892,30095,29937,39221,8857,17525,790,1088,1792,3065,2357,5017,3494,7246,4976,6406,4754,4738,10880,15136,8369,16537,155406,85218,21305,11338,94133,88,1
2021-04-26T23:59:59+02:00,3096,4171,7188,10203,8290,13952,11683,19496,17614,20954,26872,30069,29927,39213,8857,17525,766,1059,1733,3005,2295,4971,3431,7164,4880,6303,4660,4669,10817,15065,8368,16534,154843,85112,21086,10519,93180,88,1
2021-04-25T23:59:59+02:00,3050,4147,7025,10155,8056,13903,11355,19455,15939,19443,26311,29511,29878,39157,8857,17522,766,1057,1726,3002,2289,4968,3429,7159,4876,6294,4658,4666,10810,15057,8368,16534,154367,85095,21075,10482,88321,81,1
2021-04-24T23:59:59+02:00,3043,4139,7011,10145,8048,13895,11341,19446,15919,19425,26273,29450,29875,39154,8857,17522,766,1057,1726,3001,2288,4968,3429,7159,4876,6294,4658,4665,10808,15056,8368,16534,154177,85089,21072,10482,88293,81,1
2021-04-23T23:59:59+02:00,3022,4118,6975,10104,8004,13848,11273,19389,15855,19349,25866,28960,29844,39110,8855,17519,756,1048,1709,2993,2271,4942,3372,7117,4774,6193,4517,4538,10652,14873,8362,16521,153016,84806,20935,9750,88139,81,1
2021-04-22T23:59:59+02:00,2932,4013,6777,9931,7449,13415,10001,18553,14466,18396,23922,26581,29670,38902,8840,17495,683,984,1611,2891,2157,4802,3205,6955,4594,6003,4381,4373,10142,14222,8335,16457,148323,82908,15824,8819,87195,67,1
2021-04-21T23:59:59+02:00,2873,3961,6647,9846,7249,13263,9629,18306,14006,17923,21480,23528,29443,38606,8823,17475,629,954,1539,2811,2068,4707,3077,6817,4432,5834,4200,4206,9580,13457,8301,16386,141594,81136,15056,7801,86407,60,1
2021-04-20T23:59:59+02:00,2823,3918,6547,9760,7113,13150,9361,18083,13512,17474,18155,19573,29198,38218,8811,17444,592,920,1464,2741,1992,4628,2971,6693,4302,5685,4015,4002,8736,12262,8245,16263,132973,78284,14814,7171,85352,55,1
2021-04-19T23:59:59+02:00,2807,3909,6504,9722,7057,13115,9290,18011,13370,17345,17845,19215,29170,38188,8810,17440,515,874,1363,2648,1891,4532,2838,6529,4112,5504,3782,3717,6969,9885,8074,15927,132673,72685,14619,6422,84505,52,1
2021-04-18T23:59:59+02:00,2788,3895,6424,9697,6949,13068,9077,17945,12500,17189,16549,17880,29119,38141,8806,17433,510,869,1354,2639,1874,4526,2804,6503,4056,5452,3708,3651,6567,9271,8040,15862,132467,71257,14478,6379,80514,49,1
2021-04-17T23:59:59+02:00,2780,3893,6412,9683,6919,13042,9039,17911,12474,17166,16494,17830,29074,38077,8805,17433,510,867,1354,2637,1873,4523,2799,6498,4053,5447,3707,3649,6562,9271,8039,15861,132137,71221,14478,6379,80416,49,1
2021-04-16T23:59:59+02:00,2763,3877,6377,9666,6870,13006,8960,17851,12345,17042,16217,17510,28623,37499,8804,17428,510,865,1349,2632,1865,4521,2794,6491,4048,5438,3702,3644,6545,9243,8039,15859,130644,71129,14470,6369,79723,46,1
2021-04-15T23:59:59+02:00,2706,3810,6245,9561,6674,12825,8613,17578,11813,16485,15045,16092,26782,35092,8789,17410,501,854,1345,2611,1850,4496,2770,6464,4002,5382,3651,3571,6516,9195,8031,15849,124833,70820,14194,6231,76492,36,1
2021-04-14T23:59:59+02:00,2639,3756,6157,9461,6530,12664,8341,17315,11300,15968,13728,14476,22438,29473,8776,17370,498,847,1336,2604,1838,4478,2745,6441,3964,5340,3598,3527,6463,9139,8011,15823,112732,70555,14161,6080,73498,16,1
2021-04-13T23:59:59+02:00,2581,3717,6029,9375,6392,12534,8045,17069,10833,15506,10971,11335,19692,25758,8756,17337,478,818,1291,2559,1782,4421,2630,6333,3782,5172,3385,3348,6334,9015,8003,15809,104546,70229,13967,4918,67416,12,1
2021-04-12T23:59:59+02:00,2554,3700,5968,9341,6287,12443,7850,16937,10556,15284,9301,9483,19275,25247,8755,17330,470,807,1275,2544,1762,4402,2597,6290,3729,5119,3324,3305,6302,8973,7999,15790,104427,70096,13912,4580,61971,11,1
2021-04-11T23:59:59+02:00,2520,3688,5874,9316,6171,12405,7687,16885,10351,15176,7206,7284,18426,24228,8753,17328,470,807,1274,2542,1762,4402,2597,6290,3727,5116,3319,3304,6296,8971,7999,15790,104364,70087,13906,4570,55028,9,0
2021-04-10T23:59:59+02:00,2518,3686,5864,9311,6163,12400,7682,16880,10340,15165,7200,7274,18419,24224,8753,17328,470,804,1272,2539,1761,4400,2594,6287,3724,5115,3310,3291,6289,8959,7999,15790,104283,70032,13905,4563,55019,9,0
2021-04-09T23:59:59+02:00,2444,3564,5734,9111,5998,12130,7419,16453,10032,14678,7066,7101,18313,24060,8752,17326,466,797,1254,2530,1736,4382,2558,6239,3645,5030,3182,3182,6172,8873,7995,15787,103821,69959,13876,3862,52484,7,0
2021-04-08T23:59:59+02:00,2371,3488,5642,8987,5896,12003,7246,16280,9796,14489,6881,6833,17079,22643,8742,17300,458,791,1242,2500,1711,4344,2530,6175,3590,4973,3113,3134,6095,8768,7977,15753,100229,69544,13520,3604,51927,6,0
2021-04-07T23:59:59+02:00,2338,3448,5573,8916,5810,11939,7112,16177,9558,14340,6569,6485,14815,19767,8724,17260,452,789,1230,2486,1701,4321,2514,6138,3520,4913,3043,3083,6040,8712,7971,15726,94174,69270,13359,3364,51298,5,0
2021-04-06T23:59:59+02:00,2312,3412,5491,8853,5729,11866,6955,16057,9328,14153,6094,6010,12921,17361,8700,17207,450,780,1223,2464,1692,4296,2482,6095,3452,4850,2965,3037,5997,8660,7965,15710,89297,69029,13059,3084,50093,5,0
2021-04-05T23:59:59+02:00,2303,3400,5476,8838,5717,11846,6941,16041,9310,14128,5916,5845,11715,16148,8699,17206,444,771,1221,2449,1685,4281,2462,6063,3417,4810,2939,2997,5979,8620,7959,15695,89225,68840,13025,2948,47279,4,0
2021-04-04T23:59:59+02:00,2303,3400,5474,8835,5715,11846,6939,16041,9308,14128,5911,5841,11715,16146,8699,17206,444,771,1221,2449,1685,4281,2461,6063,3417,4810,2939,2997,5977,8620,7958,15695,89216,68836,13025,2948,47266,4,0
2021-04-03T23:59:59+02:00,2302,3391,5466,8828,5709,11843,6937,16038,9305,14125,5908,5837,11709,16143,8699,17206,444,771,1221,2449,1685,4281,2461,6063,3417,4809,2939,2997,5977,8620,7958,15695,89160,68835,13025,2948,47261,4,0
2021-04-02T23:59:59+02:00,2300,3388,5461,8825,5707,11842,6934,16038,9300,14123,5905,5831,11695,16115,8698,17205,444,771,1220,2449,1684,4281,2461,6063,3416,4804,2928,2992,5975,8616,7958,15695,89084,68806,13022,2947,47261,4,0
2021-04-01T23:59:59+02:00,2277,3381,5433,8794,5663,11798,6891,15985,9240,14065,5812,5735,11403,15765,8679,17166,442,757,1218,2441,1678,4271,2445,6049,3386,4781,2873,2949,5906,8529,7897,15599,88093,68273,13000,2944,46994,4,0
2021-03-31T23:59:59+02:00,2243,3349,5359,8726,5596,11707,6786,15878,9109,13927,5678,5597,10850,15019,8642,17089,435,749,1213,2430,1672,4256,2437,6033,3366,4749,2841,2916,5847,8454,7856,15518,86117,67826,12786,2942,46652,4,0
2021-03-30T23:59:59+02:00,2218,3328,5311,8668,5538,11627,6714,15780,9008,13779,5487,5382,9942,13664,8580,16939,432,747,1207,2424,1662,4242,2418,6011,3329,4702,2779,2844,5747,8340,7748,15304,83040,67129,12404,2803,46521,4,0
2021-03-29T23:59:59+02:00,2144,3268,5210,8554,5432,11477,6552,15550,8774,13525,5137,5012,7987,11114,8398,16579,424,741,1197,2417,1647,4228,2397,5984,3292,4644,2714,2783,5602,8206,7579,15009,76994,66193,11605,2667,46114,4,0
2021-03-28T23:59:59+02:00,2121,3255,5165,8487,5355,11404,6467,15462,8656,13403,5016,4864,7352,10197,8343,16482,415,734,1182,2399,1624,4200,2345,5920,3231,4547,2628,2709,5482,8052,7519,14887,74743,65729,11347,2142,45939,3,0
2021-03-27T23:59:59+01:00,2120,3250,5155,8480,5351,11391,6451,15440,8645,13390,4989,4837,7342,10195,8343,16481,415,734,1180,2398,1623,4194,2339,5917,3224,4541,2624,2705,5457,8003,7448,14763,74637,65420,11347,2142,45876,3,0
2021-03-26T23:59:59+01:00,2102,3225,5119,8443,5310,11343,6369,15363,8493,13238,4822,4687,7191,10034,8342,16474,411,726,1174,2382,1604,4165,2315,5884,3187,4484,2565,2642,5120,7543,6897,13791,74302,62782,10512,2105,45741,3,0
2021-03-25T23:59:59+01:00,1992,3140,4946,8225,5144,11075,6167,15079,8280,12971,4684,4545,7114,9932,8339,16468,403,710,1155,2359,1577,4134,2274,5829,3114,4408,2461,2540,4486,6684,6032,12422,73861,58700,9573,1886,44667,2,0
2021-03-24T23:59:59+01:00,1888,3079,4818,8061,4978,10883,5999,14834,8081,12754,4555,4398,7012,9823,8334,16460,399,699,1141,2331,1543,4085,2220,5758,3027,4316,2335,2429,3774,5636,4943,10673,73501,53768,8413,1539,44043,2,0
2021-03-23T23:59:59+01:00,1808,3020,4713,7942,4890,10740,5878,14647,7969,12596,4476,4317,6951,9770,8326,16444,387,672,1120,2294,1515,4024,2171,5670,2948,4228,2243,2334,3035,4555,3349,7912,73116,47066,7700,1390,43671,1,0
2021-03-22T23:59:59+01:00,1722,2947,4591,7809,4758,10565,5715,14400,7802,12406,4370,4212,6892,9669,8312,16405,360,652,1097,2255,1468,3958,2106,5560,2852,4069,2137,2197,2195,3423,1191,4278,72624,38643,6668,1155,43283,0,0
2021-03-21T23:59:59+01:00,1720,2940,4580,7794,4745,10553,5696,14384,7775,12384,4351,4195,6874,9660,8311,16405,359,652,1091,2242,1460,3926,2093,5525,2823,4018,2097,2150,2156,3381,1178,4237,72602,38504,6618,884,43147,0,0
2021-03-20T23:59:59+01:00,1720,2940,4580,7792,4744,10551,5695,14384,7767,12379,4349,4194,6867,9654,8311,16405,359,652,1091,2242,1460,3926,2093,5525,2821,4017,2096,2147,2156,3381,1178,4237,72594,38502,6618,879,43120,0,0
2021-03-19T23:59:59+01:00,1648,2596,4055,6540,4359,9590,5436,13857,7549,12032,4241,4110,6809,9598,8311,16405,358,652,1091,2242,1460,3925,2093,5524,2820,4017,2094,2145,2151,3376,1177,4235,72540,38487,6608,873,37988,0,0
2021-03-18T23:59:59+01:00,1574,2263,3623,5496,3821,8106,4563,11189,6261,9040,3950,3883,6630,9399,8291,16370,357,647,1083,2230,1454,3900,2064,5483,2796,3996,2077,2129,2126,3348,1173,4228,72110,38298,6542,793,25807,0,0
2021-03-17T23:59:59+01:00,1568,2252,3614,5471,3802,8078,4538,11120,6209,8965,3914,3837,6594,9361,8284,16345,353,645,1079,2223,1449,3891,2055,5466,2782,3970,2055,2101,2105,3335,1167,4212,71845,38144,6482,744,25625,0,0
2021-03-16T23:59:59+01:00,1537,2210,3562,5391,3729,7973,4399,10945,6001,8767,3691,3648,6468,9221,8279,16321,351,640,1078,2205,1444,3878,2045,5452,2772,3950,2047,2088,2092,3309,1160,4183,71534,37979,5200,715,25408,0,0
2021-03-15T23:59:59+01:00,1527,2186,3539,5358,3700,7935,4348,10880,5921,8686,3613,3587,6420,9165,8273,16297,348,634,1069,2190,1437,3873,2030,5413,2756,3926,2028,2052,2071,3251,1152,4147,71309,37768,4844,609,25282,0,0
2021-03-14T23:59:59+01:00,1526,2183,3533,5352,3695,7924,4339,10856,5915,8670,3605,3578,6416,9157,8272,16296,348,634,1066,2189,1434,3871,2027,5411,2737,3920,2024,2050,2058,3240,1149,4145,71277,37761,4828,542,25212,0,0
2021-03-13T23:59:59+01:00,1523,2175,3521,5335,3685,7917,4322,10844,5902,8657,3602,3575,6415,9155,8272,16296,348,634,1066,2189,1434,3871,2027,5410,2737,3919,2023,2048,2058,3239,1141,4140,71257,37742,4823,542,25116,0,0
2021-03-12T23:59:59+01:00,1480,2109,2959,5203,3262,7813,4194,10716,5678,8377,3447,3448,6298,9049,8249,16256,343,611,1061,2159,1425,3844,2010,5339,2674,3807,1854,1925,2004,3193,1138,4134,71093,36987,4096,534,23349,0,0
2021-03-11T23:59:59+01:00,1413,1980,2595,4981,2891,7591,3911,10297,5092,7573,3271,3317,6192,8929,8222,16217,342,611,1058,2145,1422,3825,2002,5317,2666,3792,1848,1918,1989,3174,1134,4118,70527,36866,3832,495,20113,0,0
2021-03-10T23:59:59+01:00,1385,1947,2561,4944,2861,7530,3857,10209,4974,7467,3143,3211,6080,8808,8193,16166,340,608,1056,2143,1420,3815,1997,5303,2653,3774,1832,1907,1963,3145,1124,4104,70123,36784,3500,400,19713,0,0
2021-03-09T23:59:59+01:00,1381,1936,2545,4919,2839,7489,3817,10148,4892,7387,3048,3129,5987,8705,8103,15974,337,606,1053,2136,1411,3802,1966,5279,2616,3746,1784,1881,1916,3120,1113,4095,69527,36756,3230,105,19542,0,0
2021-03-08T23:59:59+01:00,1370,1924,2523,4897,2819,7458,3798,10103,4865,7326,3011,3091,5889,8613,7954,15705,337,606,1050,2131,1404,3783,1948,5251,2597,3719,1767,1864,1891,3098,1108,4078,68738,36618,3222,14,19386,0,0
2021-03-07T23:59:59+01:00,1363,1914,2507,4862,2794,7417,3770,10048,4833,7273,2976,3059,5815,8496,7890,15581,337,605,1050,2130,1403,3776,1945,5244,2595,3714,1762,1861,1888,3094,1106,4072,68206,36570,3169,12,19223,0,0
2021-03-06T23:59:59+01:00,1361,1912,2502,4852,2790,7407,3760,10041,4818,7258,2965,3047,5781,8430,7814,15438,337,603,1048,2128,1403,3775,1939,5235,2593,3711,1756,1854,1883,3092,1106,4069,67812,36520,3169,12,19195,0,0
2021-03-05T23:59:59+01:00,1283,1830,2424,4697,2738,7248,3674,9838,4723,7076,2920,2995,5414,7939,7257,14444,337,603,1046,2125,1396,3771,1939,5233,2588,3705,1748,1851,1878,3089,1101,4065,65155,36463,3167,12,18178,0,0
2021-03-04T23:59:59+01:00,1167,1741,2300,4519,2588,6990,3530,9515,4482,6780,2824,2883,4764,7087,6378,13019,334,594,1034,2098,1383,3733,1912,5179,2564,3669,1720,1830,1847,3038,1079,4020,60945,36022,3165,12,16457,0,0
2021-03-03T23:59:59+01:00,1140,1694,2237,4415,2530,6868,3453,9354,4389,6655,2748,2817,4109,6057,5290,11288,331,584,1022,2072,1371,3707,1898,5129,2494,3614,1691,1799,1821,3010,1064,3995,55955,35590,3139,12,15950,0,0
2021-03-02T23:59:59+01:00,1112,1660,2198,4356,2489,6781,3368,9235,4252,6514,2639,2691,3322,4933,3593,8379,326,575,1015,2047,1362,3666,1881,5079,2466,3591,1682,1785,1799,2985,1054,3968,48895,35269,2890,12,15737,0,0
2021-03-01T23:59:59+01:00,1063,1628,2160,4299,2420,6700,3275,9103,4116,6325,2507,2568,2403,3691,1242,4428,325,573,1006,2036,1352,3647,1874,5062,2454,3577,1668,1775,1781,2966,1044,3941,39860,35069,2501,12,15567,0,0
2021-02-28T23:59:59+01:00,1049,1620,2136,4270,2404,6661,3232,9044,4053,6268,2443,2528,2362,3658,1236,4412,324,572,1005,2030,1350,3633,1870,5052,2449,3570,1661,1764,1768,2955,1037,3926,39769,34954,2208,12,15399,0,0
2021-02-27T23:59:59+01:00,1003,1505,2067,4042,2349,6431,3167,8734,3964,6035,2393,2475,2342,3639,1234,4412,324,572,1004,2030,1350,3633,1870,5051,2448,3570,1661,1763,1766,2955,1037,3926,39663,34948,2208,12,13921,0,0
2021-02-26T23:59:59+01:00,848,1230,1904,3647,2193,5757,2967,7807,3663,5324,2365,2447,2328,3628,1231,4410,324,572,1004,2027,1348,3631,1868,5050,2446,3569,1661,1760,1760,2952,1035,3921,39642,34916,2120,12,9987,0,0
2021-02-25T23:59:59+01:00,599,1097,1726,3470,2053,5482,2801,7418,3475,5070,2292,2380,2292,3574,1227,4396,317,551,987,1982,1332,3574,1841,4975,2416,3517,1639,1734,1727,2911,1011,3889,39446,34392,1863,11,8043,0,0
2021-02-24T23:59:59+01:00,576,1075,1689,3373,1995,5342,2733,7228,3411,4950,2233,2333,2257,3545,1221,4364,307,542,978,1961,1319,3525,1831,4919,2398,3475,1629,1717,1716,2892,1001,3865,39262,34072,1692,3,7371,0,0
2021-02-23T23:59:59+01:00,550,1026,1626,3276,1945,5204,2653,7099,3319,4848,2182,2279,2218,3490,1211,4337,306,537,973,1944,1312,3496,1822,4886,2372,3449,1614,1693,1693,2858,990,3814,39115,33756,1418,3,6730,0,0
2021-02-22T23:59:59+01:00,528,984,1577,3182,1904,5062,2592,6878,3264,4715,2175,2182,2204,3418,1207,4295,305,533,969,1931,1305,3469,1805,4853,2356,3418,1596,1672,1667,2829,978,3768,38912,33453,1153,1,6102,0,0
2021-02-21T23:59:59+01:00,518,925,1516,3044,1856,4914,2537,6717,3186,4623,2139,2150,2179,3400,1199,4290,305,531,965,1923,1305,3460,1801,4842,2352,3411,1595,1669,1666,2827,978,3767,38872,33396,922,1,5399,0,0
2021-02-20T23:59:59+01:00,513,919,1508,3041,1850,4914,2535,6713,3181,4620,2136,2149,2179,3399,1198,4290,305,531,965,1922,1305,3459,1801,4841,2351,3411,1594,1668,1662,2827,978,3765,38868,33384,917,1,5360,0,0
2021-02-19T23:59:59+01:00,488,879,1479,2979,1825,4856,2492,6610,3087,4480,1962,2019,2121,3353,1195,4284,303,530,964,1919,1304,3459,1801,4836,2348,3409,1592,1667,1660,2826,978,3764,38121,33359,898,1,5090,0,0
2021-02-18T23:59:59+01:00,452,799,1375,2750,1726,4607,2353,6338,2987,4325,1938,2003,2107,3336,1191,4278,303,525,954,1883,1296,3423,1784,4791,2332,3377,1582,1660,1645,2813,967,3748,38047,33082,826,1,3692,0,0
2021-02-17T23:59:59+01:00,438,749,1337,2633,1666,4431,2289,6101,2931,4206,1925,1988,2085,3318,1177,4269,292,503,917,1798,1255,3284,1720,4631,2258,3251,1505,1592,1571,2698,922,3645,37892,31841,775,1,2876,0,0
2021-02-16T23:59:59+01:00,413,707,1284,2518,1620,4301,2226,5936,2860,4104,1916,1982,2080,3314,1173,4258,284,478,887,1719,1203,3140,1660,4420,2190,3096,1453,1539,1512,2594,894,3526,37837,30594,744,1,2111,0,0
2021-02-15T23:59:59+01:00,398,666,1211,2387,1579,4225,2194,5888,2830,4066,1895,1965,2061,3284,1167,4240,275,455,864,1674,1171,3059,1599,4285,2121,2988,1379,1479,1458,2479,853,3356,37733,29494,631,1,1692,0,0
2021-02-14T23:59:59+01:00,388,659,1183,2315,1522,4065,2150,5808,2800,4029,1891,1963,2048,3274,1166,4234,268,447,845,1649,1152,3017,1560,4234,2083,2962,1362,1458,1433,2439,839,3317,37717,29064,564,1,1214,0,0
2021-02-13T23:59:59+01:00,387,659,1183,2315,1522,4064,2148,5807,2800,4029,1890,1961,2047,3274,1166,4231,268,447,845,1649,1152,3017,1559,4233,2082,2962,1361,1455,1432,2438,839,3316,37706,29054,564,1,1213,0,0
2021-02-12T23:59:59+01:00,381,655,1168,2306,1516,4051,2144,5797,2794,4024,1878,1951,2040,3261,1162,4228,266,445,840,1645,1146,3006,1538,4216,2066,2946,1347,1440,1419,2406,832,3284,37638,28841,556,1,1162,0,0
2021-02-11T23:59:59+01:00,357,624,1097,2206,1466,3915,2042,5534,2720,3925,1853,1926,1998,3196,1141,4177,243,411,794,1535,1063,2783,1420,3875,1876,2650,1167,1253,1261,2125,740,2962,37270,26158,518,0,389,0,0
2021-02-10T23:59:59+01:00,349,615,1070,2159,1425,3836,1987,5354,2616,3760,1800,1881,1954,3161,1122,4153,218,358,696,1332,933,2381,1221,3282,1657,2288,1017,1088,1114,1880,644,2642,36861,22751,380,0,1,0,0
2021-02-09T23:59:59+01:00,344,603,1060,2126,1410,3782,1938,5282,2555,3705,1738,1843,1887,3112,1104,4132,182,275,586,1066,784,1933,1016,2672,1398,1932,882,937,941,1581,539,2274,36559,18998,61,0,1,0,0
2021-02-08T23:59:59+01:00,343,602,1054,2118,1400,3766,1933,5256,2537,3692,1722,1830,1869,3095,1098,4108,127,227,478,857,628,1506,806,2034,1142,1518,709,760,751,1268,429,1852,36405,15092,17,0,1,0,0
2021-02-07T23:59:59+01:00,342,602,1054,2117,1399,3758,1929,5254,2531,3689,1715,1820,1853,3088,1093,4103,118,198,422,711,552,1327,722,1824,1053,1376,638,684,673,1147,370,1644,36333,13459,14,0,0,0,0
2021-02-06T23:59:59+01:00,342,601,1053,2116,1399,3756,1929,5252,2531,3686,1715,1819,1847,3086,1091,4101,117,197,418,708,549,1302,706,1802,1042,1363,636,679,668,1143,369,1641,36310,13340,14,0,0,0,0
2021-02-05T23:59:59+01:00,342,600,1051,2113,1397,3745,1925,5239,2524,3682,1715,1814,1838,3079,1083,4091,112,188,400,690,531,1274,676,1748,992,1300,602,627,620,1068,347,1558,36224,12733,14,0,0,0,0
2021-02-04T23:59:59+01:00,333,581,1040,2076,1379,3696,1904,5160,2508,3638,1700,1794,1810,3044,1067,4063,82,144,295,458,378,850,466,1183,680,887,472,460,480,837,275,1249,35779,9196,14,0,0,0,0
2021-02-03T23:59:59+01:00,327,568,1021,2052,1366,3654,1888,5108,2477,3598,1681,1772,1792,3023,1057,4049,65,116,245,393,303,657,369,921,508,653,317,326,350,599,195,907,35419,6924,14,0,0,0,0
2021-02-02T23:59:59+01:00,322,556,1017,2027,1356,3622,1877,5055,2451,3571,1667,1751,1763,2984,1039,4004,42,93,189,310,254,503,274,730,371,501,218,207,221,416,133,589,35048,5051,14,0,0,0,0
2021-02-01T23:59:59+01:00,321,552,1012,2020,1353,3605,1869,5034,2442,3555,1662,1740,1748,2968,1034,3992,22,62,141,222,174,326,174,479,236,287,104,114,99,198,64,263,34893,2965,14,0,0,0,0
2021-01-31T23:59:59+01:00,320,550,1010,2012,1350,3596,1865,5013,2438,3541,1659,1733,1744,2959,1031,3983,20,55,123,195,155,278,157,402,199,248,89,100,90,172,57,228,34790,2568,14,0,0,0,0
2021-01-30T23:59:59+01:00,320,550,1010,2012,1350,3596,1865,5013,2437,3541,1659,1733,1744,2958,1031,3982,20,55,123,195,155,276,154,400,198,247,89,100,90,172,57,228,34787,2559,14,0,0,0,0
2021-01-29T23:59:59+01:00,318,547,1009,2009,1348,3588,1860,5005,2434,3538,1652,1723,1735,2948,1026,3963,18,53,121,185,146,269,140,373,168,220,64,74,81,148,50,199,34689,2309,14,0,0,0,0
2021-01-28T23:59:59+01:00,313,537,987,1946,1327,3526,1833,4943,2405,3479,1630,1705,1706,2913,1010,3934,0,3,8,14,8,17,13,44,8,18,7,6,8,7,1,12,34181,174,13,0,0,0,0
2021-01-27T23:59:59+01:00,306,512,953,1867,1293,3409,1771,4819,2346,3390,1579,1662,1661,2841,976,3861,0,2,4,4,5,13,8,20,5,11,6,6,8,7,1,11,33237,111,9,0,0,0,0
2021-01-26T23:59:59+01:00,300,501,942,1854,1279,3370,1753,4758,2317,3333,1545,1630,1624,2768,961,3782,0,2,4,4,5,13,8,20,5,11,6,6,8,7,1,11,32710,111,7,0,0,0,0
2021-01-25T23:59:59+01:00,287,468,890,1739,1216,3191,1660,4486,2214,3146,1490,1579,1566,2677,921,3619,0,2,1,1,1,3,5,3,5,6,6,5,7,7,1,11,31147,64,2,0,0,0,0
2021-01-24T23:59:59+01:00,284,464,878,1719,1205,3169,1630,4451,2187,3129,1481,1570,1557,2666,915,3612,0,2,1,0,1,3,5,3,5,6,5,5,7,7,1,11,30915,62,2,0,0,0,0
2021-01-23T23:59:59+01:00,284,464,878,1719,1204,3168,1630,4447,2186,3128,1480,1570,1556,2665,914,3607,0,2,1,0,1,3,5,3,5,6,5,5,7,7,1,11,30898,62,2,0,0,0,0
2021-01-22T23:59:59+01:00,282,462,873,1716,1200,3161,1625,4442,2175,3121,1469,1559,1549,2645,909,3589,0,2,1,0,1,3,5,3,5,6,5,5,7,7,1,11,30775,62,2,0,0,0,0
2021-01-21T23:59:59+01:00,270,449,845,1644,1175,3034,1568,4277,2088,2988,1373,1464,1418,2467,840,3431,0,2,1,0,1,3,4,2,4,6,4,4,6,7,0,11,29329,55,2,0,0,0,0
2021-01-20T23:59:59+01:00,246,395,766,1482,1089,2720,1421,3821,1929,2687,1256,1322,1304,2284,779,3231,0,2,1,0,1,3,4,2,4,6,4,4,6,7,0,11,26730,55,2,0,0,0,0
2021-01-19T23:59:59+01:00,213,319,655,1225,942,2267,1201,3212,1650,2287,1075,1137,1096,1914,642,2766,0,1,1,0,1,2,4,1,3,6,3,4,6,7,0,11,22599,50,2,0,0,0,0
2021-01-18T23:59:59+01:00,149,256,514,955,730,1723,924,2331,1296,1757,841,907,872,1532,499,2199,0,0,0,0,0,0,0,0,2,2,1,1,0,0,0,0,17484,6,1,0,0,0,0
2021-01-17T23:59:59+01:00,135,219,448,786,643,1497,821,2088,1191,1580,785,828,787,1388,442,2007,0,0,0,0,0,0,0,0,0,1,0,0,0,0,0,0,15645,1,0,0,0,0,0
2021-01-16T23:59:59+01:00,134,218,445,785,641,1489,810,2084,1183,1574,784,823,781,1376,435,1993,0,0,0,0,0,0,0,0,0,0,0,0,0,0,0,0,15555,0,0,0,0,0,0
2021-01-15T23:59:59+01:00,124,209,430,767,615,1449,776,2005,1123,1492,741,769,735,1291,409,1883,0,0,0,0,0,0,0,0,0,0,0,0,0,0,0,0,14818,0,0,0,0,0,0
2021-01-14T23:59:59+01:00,83,151,308,486,415,921,524,1296,766,985,541,535,540,952,314,1427,0,0,0,0,0,0,0,0,0,0,0,0,0,0,0,0,10244,0,0,0,0,0,0
2021-01-13T23:59:59+01:00,65,120,253,410,333,691,400,981,543,687,331,343,370,649,216,979,0,0,0,0,0,0,0,0,0,0,0,0,0,0,0,0,7371,0,0,0,0,0,0
2021-01-12T23:59:59+01:00,52,102,208,351,269,562,290,804,398,537,223,221,231,448,150,663,0,0,0,0,0,0,0,0,0,0,0,0,0,0,0,0,5509,0,0,0,0,0,0
2021-01-11T23:59:59+01:00,37,78,181,302,221,460,222,637,294,378,134,137,128,270,83,380,0,0,0,0,0,0,0,0,0,0,0,0,0,0,0,0,3942,0,0,0,0,0,0
2021-01-10T23:59:59+01:00,27,69,160,246,188,380,181,528,249,322,115,115,113,226,72,306,0,0,0,0,0,0,0,0,0,0,0,0,0,0,0,0,3297,0,0,0,0,0,0
2021-01-09T23:59:59+01:00,27,69,160,244,187,379,180,523,248,321,115,115,113,226,72,306,0,0,0,0,0,0,0,0,0,0,0,0,0,0,0,0,3285,0,0,0,0,0,0
2021-01-08T23:59:59+01:00,25,67,157,234,179,370,165,494,220,295,93,97,107,210,66,284,0,0,0,0,0,0,0,0,0,0,0,0,0,0,0,0,3063,0,0,0,0,0,0
2021-01-07T23:59:59+01:00,1,3,4,7,8,12,11,6,17,12,10,12,16,20,1,31,0,0,0,0,0,0,0,0,0,0,0,0,0,0,0,0,171,0,0,0,0,0,0
2021-01-06T23:59:59+01:00,0,2,1,1,1,5,5,2,5,7,5,5,8,8,0,13,0,0,0,0,0,0,0,0,0,0,0,0,0,0,0,0,68,0,0,0,0,0,0
2021-01-05T23:59:59+01:00,0,2,1,1,1,5,5,2,5,6,5,5,7,7,0,12,0,0,0,0,0,0,0,0,0,0,0,0,0,0,0,0,64,0,0,0,0,0,0
2021-01-04T23:59:59+01:00,0,2,1,1,1,4,4,2,5,6,4,4,6,7,0,12,0,0,0,0,0,0,0,0,0,0,0,0,0,0,0,0,59,0,0,0,0,0,0
2021-01-03T23:59:59+01:00,0,2,1,0,1,4,4,2,5,6,3,4,6,7,0,12,0,0,0,0,0,0,0,0,0,0,0,0,0,0,0,0,57,0,0,0,0,0,0
2021-01-02T23:59:59+01:00,0,2,1,0,1,4,4,2,5,6,3,4,6,7,0,12,0,0,0,0,0,0,0,0,0,0,0,0,0,0,0,0,57,0,0,0,0,0,0
2021-01-01T23:59:59+01:00,0,2,1,0,1,3,4,2,5,6,3,4,6,7,0,12,0,0,0,0,0,0,0,0,0,0,0,0,0,0,0,0,56,0,0,0,0,0,0
2020-12-31T23:59:59+01:00,0,2,1,0,1,3,4,2,5,6,3,4,6,7,0,12,0,0,0,0,0,0,0,0,0,0,0,0,0,0,0,0,56,0,0,0,0,0,0
2020-12-30T23:59:59+01:00,0,2,1,0,1,3,4,2,5,6,3,4,6,7,0,12,0,0,0,0,0,0,0,0,0,0,0,0,0,0,0,0,56,0,0,0,0,0,0
2020-12-29T23:59:59+01:00,0,1,1,0,1,2,4,1,4,6,3,4,6,7,0,12,0,0,0,0,0,0,0,0,0,0,0,0,0,0,0,0,52,0,0,0,0,0,0
2020-12-28T23:59:59+01:00,0,1,1,0,1,1,2,0,3,5,2,1,1,0,0,2,0,0,0,0,0,0,0,0,0,0,0,0,0,0,0,0,20,0,0,0,0,0,0
2020-12-27T23:59:59+01:00,0,1,1,0,1,1,2,0,1,3,1,0,1,0,0,2,0,0,0,0,0,0,0,0,0,0,0,0,0,0,0,0,14,0,0,0,0,0,0
