Datum,<15_m,<15_w,15-24_1_m,15-24_1_w,25-34_1_m,25-34_1_w,35-44_1_m,35-44_1_w,45-54_1_m,45-54_1_w,55-64_1_m,55-64_1_w,65-74_1_m,65-74_1_w,75-84_1_m,75-84_1_w,>84_1_m,>84_1_w,<24_2_m,<24_2_w,25-34_2_m,25-34_2_w,35-44_2_m,35-44_2_w,45-54_2_m,45-54_2_w,55-64_2_m,55-64_2_w,65-74_2_m,65-74_2_w,75-84_2_m,75-84_2_w,>84_2_m,>84_2_w,bp_1,bp_2,mo_1,mo_2,az_1,az_2,ja,unb_1,unb_2
2021-08-02T23:59:59+02:00,2435,2237,30619,29810,47719,42526,49529,48347,60583,60966,71065,71804,52393,57984,36274,47031,11074,21054,15570,15093,29956,27211,36155,35588,52940,53569,65258,66326,49770,54978,34893,45161,10689,20226,541215,427432,75600,65691,105387,99610,21220,28,25
2021-08-01T23:59:59+02:00,2432,2234,30607,29805,47703,42517,49517,48339,60572,60957,71057,71798,52388,57976,36271,47031,11074,21054,15465,14987,29831,27107,33979,33846,52659,53333,65172,66264,49732,54940,34887,45145,10688,20224,541164,422334,75598,65688,105342,99591,21200,28,25
2021-07-31T23:59:59+02:00,2432,2234,30603,29801,47701,42515,49515,48339,60571,60957,71057,71796,52385,57974,36271,47031,11074,21053,15451,14977,29800,27089,33967,33839,52641,53325,65161,66259,49728,54935,34887,45144,10687,20223,541146,422195,75598,65687,105342,99589,21195,28,25
2021-07-30T23:59:59+02:00,2418,2229,30557,29757,47670,42494,49491,48314,60537,60928,71022,71777,52376,57965,36271,47031,11074,21052,15302,14705,29554,26791,33796,33603,52448,53048,65004,66065,49686,54889,34876,45134,10687,20222,540973,421847,75593,65678,105342,97807,21027,28,25
2021-07-29T23:59:59+02:00,2390,2209,30416,29669,47589,42436,49440,48250,60478,60888,70977,71731,52357,57946,36263,47015,11071,21047,15009,14439,29246,26587,32603,32716,51702,52457,64661,65814,49591,54800,34837,45078,10682,20215,540342,419224,75587,63164,105330,97667,20885,28,25
2021-07-28T23:59:59+02:00,2346,2172,30267,29561,47509,42370,49368,48182,60410,60810,70914,71675,52332,57909,36245,46995,11070,21042,14618,14078,28818,26280,32239,32392,50994,51855,64278,65491,49499,54700,34803,45021,10667,20199,539421,415175,75583,63111,105324,97280,20821,28,25
2021-07-27T23:59:59+02:00,2270,2105,30047,29319,47371,42212,49233,48055,60306,60695,70820,71594,52277,57849,36218,46958,11063,21035,14010,13455,28110,25693,31538,31777,49796,50802,63573,64945,49313,54498,34738,44907,10660,20181,537734,407255,75573,63086,105318,97189,20774,28,25
2021-07-26T23:59:59+02:00,2210,2053,29853,29092,47255,42086,49163,47973,60245,60633,70770,71550,52253,57817,36207,46945,11061,21026,13656,13092,27771,25421,30946,31378,48287,49478,62621,64137,49112,54298,34675,44828,10650,20169,536542,399788,75570,63081,105314,97159,20738,28,25
2021-07-25T23:59:59+02:00,1964,1856,29052,28442,46870,41782,48891,47696,60017,60422,70596,71395,52198,57744,36180,46903,11060,21020,13566,13034,27677,25360,30861,31314,48170,49416,62534,64089,49091,54282,34669,44820,10650,20168,532489,399176,75570,63074,105307,96999,20694,28,25
2021-07-24T23:59:59+02:00,1884,1789,28819,28228,46739,41697,48800,47612,59881,60316,70486,71327,52157,57718,36164,46883,11058,21020,13450,12942,27494,25247,30728,31203,47983,49270,62395,64008,49057,54259,34656,44804,10648,20166,531806,398610,75568,63071,105307,96997,19869,28,25
2021-07-23T23:59:59+02:00,1784,1681,28524,27939,46504,41557,48558,47417,59655,60137,70294,71213,52089,57653,36148,46848,11054,21012,13216,12728,27078,24944,30367,30913,47409,48794,62075,63786,48978,54200,34637,44761,10643,20158,530927,396272,75194,63018,105296,96995,18622,28,25
2021-07-22T23:59:59+02:00,1772,1674,28448,27862,46375,41423,48365,47217,59487,60004,70179,71089,52046,57617,36132,46832,11054,21012,12990,12479,26746,24613,30020,30597,45503,47249,61275,63089,48882,54099,34599,44718,10640,20148,530636,389635,74102,62871,105257,96774,18565,28,25
2021-07-21T23:59:59+02:00,1739,1637,28186,27658,45998,41094,47786,46668,58912,59532,69729,70709,51880,57457,36075,46779,11045,20999,12565,12046,26178,24072,29451,30032,41797,44026,59802,61830,48716,53921,34536,44636,10630,20121,530097,378067,70890,62370,105105,96334,17763,28,25
2021-07-20T23:59:59+02:00,1717,1622,28067,27529,45936,41037,47741,46632,58858,59483,69677,70665,51847,57431,36059,46753,11041,20991,12071,11523,25441,23384,28804,29285,38357,41043,58258,60372,48513,53701,34455,44544,10612,20101,529425,367717,70870,58994,105089,96212,17674,28,25
2021-07-19T23:59:59+02:00,1712,1621,28039,27494,45915,41024,47731,46619,58845,59468,69665,70663,51845,57427,36059,46750,11039,20991,12026,11495,25379,23351,28775,29253,38313,41011,58218,60345,48509,53693,34454,44541,10609,20100,529282,367407,70870,58981,105076,96163,17651,28,25
2021-07-18T23:59:59+02:00,1707,1616,28014,27468,45892,41015,47717,46606,58839,59458,69658,70654,51843,57426,36058,46748,11039,20990,11964,11470,25297,23312,28716,29220,38253,40984,58158,60305,48507,53689,34451,44540,10609,20100,529154,367077,70868,58952,105066,96043,17632,28,25
2021-07-17T23:59:59+02:00,1707,1614,27995,27455,45877,41006,47708,46602,58832,59453,69651,70650,51838,57423,36057,46748,11039,20990,11937,11459,25264,23276,28684,29200,38233,40967,58125,60281,48497,53681,34449,44540,10609,20100,529078,366831,70868,58950,105066,96041,17605,28,25
2021-07-16T23:59:59+02:00,1692,1595,27733,27268,45598,40844,47487,46431,58539,59255,69425,70509,51733,57352,36015,46714,11034,20988,11687,11266,24941,23040,28388,28973,37843,40696,57623,59861,48362,53570,34399,44492,10603,20096,528767,365637,70867,58948,104942,95769,15608,28,25
2021-07-15T23:59:59+02:00,1596,1486,27283,26893,45349,40615,47344,46319,58400,59145,69324,70424,51694,57311,36000,46692,11033,20982,11399,11044,24470,22702,28026,28702,37451,40420,55587,57827,48192,53370,34342,44408,10595,20085,526511,358753,70864,58863,104933,95557,15554,28,25
2021-07-14T23:59:59+02:00,1434,1358,26736,26374,45047,40329,47148,46136,58220,58949,69165,70279,51636,57253,35974,46662,11027,20977,11214,10859,24066,22350,27674,28384,36928,40021,54371,56654,48057,53221,34292,44344,10587,20063,523411,355070,70858,57205,104914,95411,15493,28,25
2021-07-13T23:59:59+02:00,1152,1058,25792,25483,44554,39922,46794,45819,57898,58669,68893,70032,51524,57129,35931,46609,11023,20962,10869,10522,23538,21811,27058,27801,35554,38831,50252,52762,47696,52832,34164,44196,10570,20035,518071,345861,70851,52010,104910,95305,15384,28,25
2021-07-12T23:59:59+02:00,690,661,24426,24236,43996,39449,46597,45606,57689,58476,68712,69863,51465,57039,35913,46584,11021,20954,10639,10413,23333,21674,26808,27667,35313,38666,49816,52347,47624,52748,34135,44162,10570,20029,512236,344418,70850,51984,104905,94242,15358,28,25
2021-07-11T23:59:59+02:00,687,656,24405,24216,43968,39429,46579,45595,57676,58466,68699,69861,51464,57036,35910,46580,11020,20954,10543,10328,23118,21552,26544,27568,35005,38585,49106,51862,46143,51170,34045,44056,10570,20027,512153,343914,70847,51939,104893,89145,15280,28,25
2021-07-10T23:59:59+02:00,685,651,24398,24210,43963,39421,46576,45592,57669,58465,68699,69860,51464,57036,35910,46580,11020,20954,10531,10320,23094,21533,26530,27559,34982,38580,49093,51857,46129,51154,34043,44055,10570,20027,512119,343811,70844,51938,104891,89089,15271,28,25
2021-07-09T23:59:59+02:00,678,641,23951,23751,43689,39185,46506,45532,57610,58424,68649,69835,51448,57024,35906,46572,11019,20954,10454,10149,23000,21345,26470,27350,34916,38365,49029,51754,46107,51130,34039,44052,10570,20027,510370,342590,70841,51925,104887,89046,15248,28,25
2021-07-08T23:59:59+02:00,614,574,22877,22752,42891,38584,46254,45332,57402,58281,68452,69697,51371,56960,35878,46549,11017,20946,10200,9959,22624,21093,26078,27089,34440,38054,48425,51236,45772,50765,33969,43975,10563,20005,505707,339029,70816,51777,104829,88432,15051,28,25
2021-07-07T23:59:59+02:00,563,526,21557,21360,42156,37897,46037,45113,57165,58095,68286,69539,51286,56878,35841,46496,11010,20932,9828,9654,21751,20503,24980,26300,32605,36685,47510,50351,45272,50228,33865,43836,10556,19987,500346,334104,70645,47405,104805,87520,14913,28,25
2021-07-06T23:59:59+02:00,505,463,20333,20081,41315,37253,45568,44766,56775,57793,67964,69286,51187,56755,35797,46445,11002,20923,9438,9276,20890,19910,24020,25647,31119,35492,46323,49158,44495,49452,33731,43660,10543,19967,495903,326812,68728,45304,104783,86255,14769,28,25
2021-07-05T23:59:59+02:00,469,435,18929,18707,40461,36454,45354,44548,56595,57591,67804,69159,51132,56701,35776,46416,11000,20916,9151,9023,20330,19532,23355,25229,30481,35065,45565,48545,43740,48663,33601,43473,10534,19955,490222,321048,68726,45282,104780,85227,14698,21,25
2021-07-04T23:59:59+02:00,462,429,17144,16669,40118,36225,45266,44475,56511,57522,67726,69090,51099,56675,35766,46396,10998,20914,9091,8971,20192,19467,23181,25151,30227,34986,44775,48417,42377,47317,33523,43399,10532,19949,485375,320588,68697,45237,104763,81115,14629,21,24
2021-07-03T23:59:59+02:00,462,428,17123,16649,40069,36177,45250,44460,56504,57518,67720,69083,51097,56672,35766,46396,10998,20913,9048,8930,20127,19399,23122,25088,30143,34907,44555,48241,42309,47243,33478,43340,10529,19949,485193,319634,68695,45236,104762,80937,14614,21,24
2021-07-02T23:59:59+02:00,441,405,17009,16544,39601,35803,45137,44363,56451,57476,67672,69053,51086,56666,35760,46384,10998,20912,8889,8764,19799,19121,22737,24710,29724,34495,43929,47596,42107,47015,33380,43204,10524,19945,483699,316645,68679,44201,104760,80503,14602,21,24
2021-07-01T23:59:59+02:00,391,365,16705,16268,37875,34473,44571,43865,56193,57269,67501,68885,51006,56575,35732,46344,10994,20904,8517,8373,18938,18418,21776,23859,28342,33311,40908,44637,41112,45937,32769,42478,10507,19916,478247,309188,68606,39323,104737,76984,14305,21,24
2021-06-30T23:59:59+02:00,344,322,16420,16025,35691,32654,43954,43239,55973,57075,67300,68696,50924,56483,35703,46291,10990,20888,8161,8037,18271,17797,20895,23032,27070,32058,36283,39781,40035,44796,32108,41691,10486,19891,471433,298749,68564,33308,104718,74099,14236,21,24
2021-06-29T23:59:59+02:00,305,285,16200,15826,34692,31577,43506,42796,55791,56917,67131,68548,50848,56409,35666,46246,10982,20881,7581,7432,17141,16865,19646,21816,25381,30388,33543,36664,37191,41756,31369,40807,10463,19853,467253,282599,68556,33261,104704,67961,14072,21,22
2021-06-28T23:59:59+02:00,295,266,16059,15671,32975,30158,43186,42503,55629,56779,67014,68443,50802,56356,35650,46225,10979,20869,7279,7171,16594,16490,19253,21502,24873,30004,32953,36166,35816,40272,30582,39873,10459,19842,462848,279557,68534,33211,104681,62580,13775,21,22
2021-06-27T23:59:59+02:00,295,266,16037,15648,32822,30071,43124,42474,55592,56770,66988,68435,50797,56352,35647,46224,10979,20868,7235,7144,16457,16423,19089,21440,24671,29931,32725,36027,34563,39004,28958,37953,10458,19841,462528,279388,68531,33172,104674,55717,13635,21,22
2021-06-26T23:59:59+02:00,293,264,16016,15628,32798,30055,43079,42434,55569,56756,66982,68432,50795,56351,35645,46223,10979,20868,7231,7132,16439,16411,19073,21432,24638,29909,32704,36006,34550,38992,28956,37950,10458,19841,462309,279197,68529,33172,104674,55712,13634,21,22
2021-06-25T23:59:59+02:00,288,263,15963,15583,32685,29956,42890,42276,55513,56712,66942,68408,50785,56340,35641,46222,10979,20868,7045,6856,16159,15903,18807,20780,24273,28974,32319,35287,34388,38776,28933,37920,10458,19841,461495,276533,68528,33163,104657,53403,13613,21,22
2021-06-24T23:59:59+02:00,268,250,15695,15386,32237,29670,41425,41034,55055,56358,66712,68251,50732,56285,35625,46195,10974,20858,6730,6632,15468,15460,17359,19766,22205,27423,31223,34394,33986,38356,28810,37740,10446,19827,456953,266871,68527,33111,104653,52979,12856,21,22
2021-06-23T23:59:59+02:00,254,233,15415,15097,31742,29270,39335,39213,54508,55822,66463,68031,50643,56177,35585,46149,10969,20845,6529,6469,15109,15183,16836,19319,21331,26627,29535,33045,33232,37511,28619,37500,10439,19812,449915,259115,68481,33021,104650,52267,12684,21,21
2021-06-22T23:59:59+02:00,232,198,15034,14708,31075,28639,35898,36172,53599,55026,66162,67727,50537,56055,35548,46093,10966,20831,6354,6258,14709,14858,16039,18603,19916,25314,27935,31394,32436,36538,28083,36896,10421,19781,439004,249045,68449,32939,104646,51158,12380,21,21
2021-06-21T23:59:59+02:00,217,192,14795,14537,30388,28181,33733,34212,53138,54603,65984,67610,50456,55981,35522,46071,10961,20826,6259,6175,14549,14741,15869,18469,19796,25203,27828,31309,32281,36399,26877,35671,10421,19778,432201,248376,68427,32893,104614,48199,12144,21,21
2021-06-20T23:59:59+02:00,212,191,14670,14451,28542,26907,33147,33782,53052,54513,65919,67577,50435,55955,35514,46068,10960,20824,5816,5884,13616,14112,15059,17892,19248,24848,27519,31115,32117,36224,26851,35640,10419,19774,428031,243480,68423,32856,104588,48129,11656,21,21
2021-06-19T23:59:59+02:00,206,186,14645,14418,28429,26826,33116,33755,53030,54497,65903,67566,50429,55946,35512,46063,10959,20822,5601,5725,13054,13701,14452,17416,18922,24647,27326,30944,32039,36124,26834,35626,10419,19774,427626,239960,68422,32854,104588,48126,11651,21,21
2021-06-18T23:59:59+02:00,204,179,14556,14333,28329,26761,31870,32848,52664,54190,65770,67474,50398,55912,35494,46037,10955,20818,5536,5651,12956,13617,14289,17294,18686,24420,26506,30280,31835,35888,26768,35551,10415,19767,427138,237024,65454,32748,104579,48074,11600,21,21
2021-06-17T23:59:59+02:00,190,163,14186,14072,27735,26516,31381,32588,51877,53624,65344,67208,50318,55813,35461,45996,10949,20806,5161,5391,12172,13146,13503,16683,17596,23495,24355,28316,31196,35155,26572,35274,10398,19753,423958,228037,65449,32470,104555,47396,10250,15,21
2021-06-16T23:59:59+02:00,162,135,13764,13674,27273,26162,30942,32232,51065,52921,64894,66822,50203,55694,35432,45939,10938,20794,4797,4952,11453,12471,12715,15993,16498,22378,21392,25454,30131,33953,26276,34871,10383,19712,419125,214023,65407,32442,104549,47001,9950,15,21
2021-06-15T23:59:59+02:00,101,82,13136,13059,26522,25584,30161,31639,49815,51859,64183,66298,50024,55499,35364,45827,10929,20775,4301,4322,10484,11538,11564,14615,14768,20677,17970,22157,28763,32518,25892,34352,10357,19668,411428,195433,65391,32327,104543,46693,9480,15,21
2021-06-14T23:59:59+02:00,71,61,12733,12687,26117,25259,29500,31176,48023,50392,63132,65465,49809,55274,35287,45751,10921,20763,4201,4269,10309,11411,11424,14484,14590,20557,17778,21999,28693,32438,25873,34325,10354,19667,403572,195005,65382,32055,104541,46388,8911,15,21
2021-06-13T23:59:59+02:00,70,60,12692,12643,26044,25227,29437,31149,47969,50367,63097,65442,49802,55271,35285,45748,10920,20760,4048,4192,9982,11283,11102,14373,14296,20447,17381,21656,27189,30803,25733,34130,10350,19656,403370,194273,65310,27400,104534,46181,8754,15,21
2021-06-12T23:59:59+02:00,70,59,12675,12627,26030,25217,29426,31137,47910,50297,63055,65406,49801,55268,35285,45748,10920,20760,4046,4182,9966,11269,11094,14359,14277,20430,17361,21647,27148,30758,25728,34124,10350,19656,403079,194090,65310,27398,104533,46140,8754,15,21
2021-06-11T23:59:59+02:00,68,56,12576,12496,25905,25103,29305,31013,47674,50072,62923,65287,49777,55242,35274,45737,10918,20758,3952,3914,9441,10081,10663,13451,13988,19875,17088,21170,26742,30338,25638,34042,10347,19654,401814,193050,65301,27394,104490,41363,8564,15,21
2021-06-10T23:59:59+02:00,61,49,12332,12284,25588,24823,28962,30746,46604,49058,62188,64718,49692,55148,35240,45685,10908,20745,3685,3550,8672,8834,9765,11809,12688,17128,15306,17580,25039,28423,25342,33743,10341,19630,396950,187565,65250,26955,104289,28674,8327,15,21
2021-06-09T23:59:59+02:00,48,37,12041,11962,25181,24418,28569,30350,44599,47236,61100,63780,49588,55028,35194,45631,10903,20727,3441,3431,8257,8581,9257,11490,12178,16739,14603,16988,21219,24124,25117,33442,10329,19604,388976,176050,65129,26613,104288,28139,7984,15,21
2021-06-08T23:59:59+02:00,42,26,11611,11432,24520,23795,27913,29688,41433,44393,59327,62149,49420,54838,35122,45541,10893,20705,3232,3295,7861,8323,8642,11118,11513,16314,13948,16346,15849,18190,24726,32917,10311,19576,376336,160891,65068,26280,104278,27837,7151,15,9
2021-06-07T23:59:59+02:00,37,19,11450,11243,24170,23521,27637,29482,38806,42465,58898,61787,49386,54807,35110,45520,10891,20699,3136,3227,7554,8148,8325,10942,10942,15865,13448,15869,15773,18112,24698,32867,10309,19569,370699,160577,64641,24460,104269,27439,6306,13,9
2021-06-06T23:59:59+02:00,34,18,11315,11137,23852,23292,27428,29310,37208,41279,58774,61709,49361,54779,35102,45506,10891,20697,3035,3178,7284,8060,8056,10779,10207,15184,12854,15251,15623,18001,24684,32844,10307,19569,370292,160464,61263,21311,104259,27274,5865,13,9
2021-06-05T23:59:59+02:00,34,17,11297,11120,23809,23257,27393,29284,37181,41265,58676,61624,49350,54773,35100,45504,10891,20694,3023,3167,7261,8028,8027,10763,10177,15170,12814,15227,15502,17837,24679,32836,10306,19568,369962,160040,61261,21310,104259,27259,5774,13,9
2021-06-04T23:59:59+02:00,34,15,11112,10861,23447,22793,27121,28887,36756,40816,58058,61084,49316,54732,35090,45486,10890,20688,2999,3150,7232,8012,8006,10745,10148,15145,12780,15193,15291,17631,24668,32815,10304,19567,368167,159457,58992,21297,104246,27162,5768,13,9
2021-06-03T23:59:59+02:00,32,14,10892,10645,22990,22400,26696,28552,35661,39989,55300,58734,49188,54574,35047,45423,10885,20673,2910,3070,7025,7859,7551,10449,9123,14519,11542,14498,14113,16167,24491,32598,10292,19548,364234,156116,54067,17595,104196,26856,5186,12,9
2021-06-02T23:59:59+02:00,32,14,10857,10612,22954,22366,26665,28527,35630,39948,55173,58576,49174,54551,35041,45416,10885,20672,2870,3041,6970,7841,7493,10416,8969,14480,11319,14436,12769,14695,24372,32426,10287,19541,363650,152325,54061,17584,104196,26840,5174,12,9
2021-06-01T23:59:59+02:00,19,7,10444,10270,22299,21859,25982,27945,34909,39371,52175,55431,48785,54141,34923,45254,10869,20646,2412,2682,5622,7158,6226,9842,7582,13811,10188,13475,8466,9145,23899,31746,10264,19483,352901,134170,53891,17217,104177,26264,4348,12,9
2021-05-31T23:59:59+02:00,18,6,10170,10042,21727,21462,25575,27695,34588,39167,50727,54035,48686,54016,34890,45213,10862,20638,2303,2558,5337,6913,5967,9622,7217,13571,9932,13316,8415,9083,23873,31699,10256,19470,348175,133402,53852,17098,104153,25705,3325,12,9
2021-05-30T23:59:59+02:00,17,6,10116,9994,21638,21424,25510,27662,34476,39096,50364,53695,48662,53991,34884,45207,10860,20635,2268,2528,5232,6835,5865,9554,7028,13483,9707,13220,8371,9036,23857,31692,10255,19465,346994,132808,53833,16925,104139,25402,3259,12,9
2021-05-29T23:59:59+02:00,16,6,10101,9983,21605,21406,25493,27650,34455,39083,50351,53677,48658,53987,34881,45206,10860,20635,2249,2474,5188,6710,5805,9422,6912,13286,9569,13000,8298,8946,23790,31625,10254,19464,346840,132531,53833,16874,104118,24335,3250,12,9
2021-05-28T23:59:59+02:00,16,6,10043,9915,21530,21298,25415,27532,34378,38983,50273,53579,48637,53969,34873,45196,10860,20631,2165,2209,4570,6169,5185,8700,6541,12323,9075,12006,8123,8749,23422,31145,10253,19461,345997,131041,53822,16776,104060,19034,3243,12,9
2021-05-27T23:59:59+02:00,15,6,9779,9667,21002,20920,24872,27174,33855,38605,49659,52971,48469,53776,34803,45121,10856,20612,1924,1941,3990,5648,4508,8098,6033,11558,8135,10688,7619,8091,21869,28996,10238,19439,341720,125399,53413,15642,103951,14664,3066,12,9
2021-05-26T23:59:59+02:00,15,6,9505,9421,20278,20352,24003,26503,32594,37577,48895,52268,48215,53487,34729,45007,10845,20588,1869,1871,3896,5521,4375,7935,5827,11297,7810,10306,7059,7365,19449,25575,10220,19396,337013,116947,50438,15388,103898,14504,2927,12,9
2021-05-25T23:59:59+02:00,14,6,9240,9187,19865,19995,23565,26112,32086,37063,48002,51292,47917,53172,34646,44867,10833,20558,1803,1823,3776,5424,4239,7790,5619,11075,7500,9987,6436,6527,15342,20222,10200,19338,331443,104810,50358,15344,103825,14160,2782,12,9
2021-05-24T23:59:59+02:00,13,6,9022,9031,19298,19707,22796,25725,30573,36045,47778,51119,47824,53071,34617,44837,10831,20557,1778,1808,3731,5390,4176,7748,5554,11016,7425,9931,6410,6503,15328,20213,10200,19338,329864,104694,46558,15332,103767,13869,2649,12,9
2021-05-23T23:59:59+02:00,13,6,8814,8824,18940,19415,22374,25377,30149,35724,47186,50608,47392,52616,34515,44691,10823,20548,1776,1807,3722,5385,4172,7745,5545,11006,7416,9922,6406,6492,15328,20211,10200,19338,325033,104639,46557,15330,103766,13850,2647,12,9
2021-05-22T23:59:59+02:00,13,6,8783,8787,18891,19372,22327,25345,30096,35694,47077,50538,47373,52594,34512,44682,10820,20548,1775,1804,3710,5372,4168,7739,5541,11000,7409,9918,6404,6490,15326,20211,10200,19338,324490,104607,46557,15330,103765,13829,2634,12,9
2021-05-21T23:59:59+02:00,12,6,8509,8434,18452,18857,21969,24703,29670,34885,46588,49873,47285,52472,34474,44639,10817,20543,1712,1763,3631,5333,4126,7705,5509,10955,7368,9869,6376,6464,15249,20114,10199,19337,319295,104296,46528,15329,103741,13468,2612,12,9
2021-05-20T23:59:59+02:00,12,6,7935,7883,17504,18064,20966,23785,28351,33688,44840,48053,46846,52012,34365,44485,10800,20524,1411,1602,3319,5044,3860,7317,5214,10476,6989,9416,6143,6210,13944,18579,10176,19298,307694,100561,46442,14849,103514,11126,2457,12,9
2021-05-19T23:59:59+02:00,12,6,7669,7568,16900,17460,20069,22912,27124,32433,43049,45965,46314,51456,34214,44265,10779,20494,1347,1518,3116,4829,3653,7066,4990,10123,6692,9085,5861,5878,11751,15745,10159,19239,296569,94357,46402,14378,103468,10075,2238,12,8
2021-05-18T23:59:59+02:00,11,6,7143,7024,15745,16435,18802,21663,25615,30805,40360,42734,45485,50511,33975,43960,10754,20452,1326,1492,3056,4758,3577,6947,4855,9990,6510,8873,5596,5603,10056,13580,10135,19184,280774,89236,45198,14328,103367,9839,2131,10,8
2021-05-17T23:59:59+02:00,11,6,7063,6963,15562,16325,18588,21494,25217,30478,38608,41097,45375,50433,33928,43894,10745,20429,1293,1469,3000,4713,3514,6888,4787,9888,6415,8772,5555,5563,10043,13563,10132,19176,280560,89170,40430,14046,103323,9658,1893,10,8
2021-05-16T23:59:59+02:00,10,5,6948,6911,15442,16237,18459,21388,25035,30364,35627,38328,45339,50398,33906,43870,10742,20424,1269,1452,2956,4673,3466,6831,4702,9820,6319,8692,5525,5526,10032,13547,10130,19173,280281,89123,34284,13778,103202,9552,1656,10,8
2021-05-15T23:59:59+02:00,10,5,6924,6880,15381,16179,18413,21348,24968,30321,35591,38287,45316,50371,33899,43865,10742,20424,1257,1426,2924,4600,3447,6762,4683,9739,6297,8642,5519,5521,10028,13546,10130,19173,279799,89069,34284,13774,103188,9204,1643,10,8
2021-05-14T23:59:59+02:00,10,5,6748,6512,15036,15681,18101,20931,24634,29859,35345,37935,45287,50340,33889,43860,10742,20422,1200,1365,2846,4496,3400,6660,4619,9588,6215,8513,5489,5477,10015,13537,10130,19172,278744,88984,34136,13755,100869,8401,1578,10,8
2021-05-13T23:59:59+02:00,10,5,6398,6196,14279,15097,17396,20303,23777,29117,34577,37265,44999,49997,33810,43735,10738,20411,1024,1281,2650,4387,3282,6539,4478,9422,6094,8370,5446,5439,10000,13521,10126,19167,272343,88838,33812,13674,100654,7419,1291,10,8
2021-05-12T23:59:59+02:00,10,5,5998,5924,13299,14420,16376,19502,23112,28681,34271,36984,44816,49803,33779,43704,10735,20408,1021,1279,2644,4382,3263,6535,4473,9412,6086,8365,5441,5434,9998,13516,10125,19166,266086,88781,33803,13664,100650,7414,1278,10,7
2021-05-11T23:59:59+02:00,10,5,5623,5700,12714,13974,14573,18063,20161,26156,31956,34657,43764,48543,33456,43232,10706,20359,959,1206,2528,4211,3157,6303,4354,9127,5971,8139,5370,5356,9956,13456,10117,19150,248806,88309,33526,13450,100212,6499,1098,10,7
2021-05-10T23:59:59+02:00,10,5,5475,5603,12442,13848,14223,17841,19359,25585,30578,33638,43232,47932,33399,43144,10698,20339,916,1147,2429,4050,3063,6101,4229,8863,5849,7943,5333,5327,9944,13440,10113,19141,243332,88202,33315,13389,99908,5507,786,10,7
2021-05-09T23:59:59+02:00,10,5,5069,5363,11249,13316,13223,17478,18338,25255,30035,33347,43176,47860,33374,43129,10695,20332,892,1117,2330,3946,2973,5962,4097,8688,5755,7838,5325,5313,9937,13436,10108,19138,238003,88157,33244,13347,99569,4919,428,10,7
2021-05-08T23:59:59+02:00,10,5,5058,5354,11227,13296,13198,17459,18308,25222,29995,33304,43168,47849,33373,43125,10695,20332,888,1111,2317,3938,2967,5962,4093,8682,5752,7835,5322,5310,9934,13431,10108,19138,237734,88129,33243,13347,99568,4885,423,10,7
2021-05-07T23:59:59+02:00,10,5,4958,5271,10999,13128,12906,17243,17702,24622,29048,32410,42977,47609,33317,43053,10691,20326,861,1080,2281,3883,2921,5916,4038,8628,5669,7782,5275,5263,9922,13422,10108,19137,235244,87994,31353,13344,99460,4636,208,10,7
2021-05-06T23:59:59+02:00,10,5,4543,4991,10331,12711,12147,16579,16098,23179,26500,30018,42274,46860,33151,42817,10675,20303,805,1025,2145,3633,2753,5607,3844,8155,5474,7460,5224,5210,9899,13394,10106,19129,226482,87812,28006,13030,98646,2969,48,10,7
2021-05-05T23:59:59+02:00,10,5,4230,4764,9736,12265,11428,15999,14996,22153,23652,27259,41297,45755,32869,42430,10657,20262,791,1003,2083,3508,2696,5452,3751,7944,5378,7324,5175,5155,9863,13356,10104,19126,213472,87553,27823,12892,98422,2220,40,10,7
2021-05-04T23:59:59+02:00,10,5,3880,4307,9067,11568,10657,15159,13692,20899,20049,23852,39949,44296,32497,41911,10634,20224,773,973,2017,3391,2626,5317,3659,7793,5283,7201,5137,5110,9834,13327,10102,19123,196409,87338,27805,12595,98398,1695,34,10,7
2021-05-03T23:59:59+02:00,10,4,3638,3885,8658,11074,10179,14534,13157,20244,19327,23206,39684,44045,32418,41808,10631,20209,759,944,1950,3286,2569,5210,3599,7679,5233,7114,5122,5099,9819,13310,10099,19118,190551,87198,27793,12587,98335,1099,22,10,7
2021-05-02T23:59:59+02:00,10,4,3635,3883,8640,11067,10170,14526,13136,20232,19310,23197,39683,44044,32417,41807,10630,20209,755,927,1920,3205,2523,5114,3552,7554,5213,7048,5118,5096,9818,13306,10099,19116,190464,87180,27780,12556,98328,606,18,10,7
2021-05-01T23:59:59+02:00,10,4,3633,3876,8628,11054,10162,14517,13129,20230,19299,23188,39683,44042,32417,41807,10630,20209,754,927,1919,3205,2523,5114,3552,7554,5213,7048,5118,5096,9818,13306,10098,19116,190384,87179,27779,12555,98328,606,17,10,7
2021-04-30T23:59:59+02:00,10,3,3610,3853,8582,11018,10119,14478,13068,20191,19196,23037,39415,43719,32396,41787,10629,20209,751,923,1906,3196,2522,5105,3549,7547,5211,7041,5115,5093,9814,13305,10098,19116,189460,87153,27510,12552,98323,566,17,10,7
2021-04-29T23:59:59+02:00,10,3,3344,3680,8149,10745,9571,14193,12576,19828,18459,22310,36357,40270,32136,41419,10617,20171,738,909,1858,3135,2473,5039,3483,7405,5119,6942,5078,5059,9792,13262,10096,19110,183921,86950,21674,12396,98217,132,16,10,7
2021-04-28T23:59:59+02:00,10,3,3183,3613,7885,10635,9171,14021,12201,19591,17974,21875,32568,35953,31918,41118,10604,20149,722,893,1832,3096,2428,4990,3446,7348,5054,6880,5017,4999,9740,13204,10093,19101,172761,86742,21521,11964,98170,122,11,9,7
2021-04-27T23:59:59+02:00,9,3,3102,3547,7625,10503,8818,13848,11716,19366,17496,21386,27006,29762,31541,40611,10583,20117,712,879,1800,3059,2393,4944,3393,7289,4998,6804,4966,4930,9705,13153,10090,19092,157418,86534,21499,11540,98102,119,11,9,6
2021-04-26T23:59:59+02:00,9,3,3049,3513,7484,10438,8652,13789,11485,19298,16972,20999,26973,29730,31527,40596,10583,20117,689,848,1732,2999,2327,4888,3327,7200,4905,6702,4869,4855,9623,13070,10088,19089,156841,86408,21281,10670,97075,119,11,9,6
2021-04-25T23:59:59+02:00,9,3,3011,3496,7322,10386,8414,13739,11153,19254,16147,20528,25417,28073,31472,40533,10583,20114,689,846,1725,2994,2320,4885,3321,7192,4901,6693,4866,4850,9615,13058,10088,19089,156356,86384,21271,10632,92007,102,11,9,6
2021-04-24T23:59:59+02:00,9,3,3007,3490,7306,10373,8403,13731,11139,19245,16130,20510,25374,28010,31469,40527,10582,20113,689,846,1725,2993,2320,4885,3320,7192,4901,6693,4866,4849,9613,13057,10088,19089,156154,86378,21267,10632,91980,102,11,9,6
2021-04-23T23:59:59+02:00,9,3,2989,3472,7264,10330,8358,13686,11073,19185,16070,20446,24951,27506,31436,40471,10579,20110,681,839,1707,2984,2304,4856,3268,7154,4803,6598,4729,4726,9446,12859,10082,19074,154965,86089,21127,9905,91826,102,11,9,6
2021-04-22T23:59:59+02:00,8,3,2910,3390,7072,10147,7816,13278,9865,18392,14518,19405,22937,25074,31225,40202,10560,20082,616,788,1592,2872,2179,4692,3107,6983,4619,6398,4574,4552,8936,12206,10046,18995,150166,84179,15833,8879,90865,83,11,9,6
2021-04-21T23:59:59+02:00,8,3,2857,3342,6949,10058,7605,13124,9499,18151,14047,18959,20434,21938,30928,39816,10543,20056,567,764,1513,2794,2093,4601,2981,6840,4458,6234,4388,4373,8368,11449,10003,18906,143171,82395,15070,7848,90057,75,11,8,6
2021-04-20T23:59:59+02:00,8,3,2817,3303,6843,9969,7467,13015,9248,17933,13556,18569,17047,17877,30615,39341,10526,20020,537,730,1440,2730,2006,4522,2881,6722,4322,6073,4203,4179,7508,10244,9935,18754,134325,79488,14825,7215,88988,70,11,8,5
2021-04-19T23:59:59+02:00,8,3,2803,3296,6796,9928,7415,12980,9172,17859,13419,18454,16714,17496,30583,39306,10525,20016,478,690,1322,2635,1907,4425,2749,6564,4125,5881,3950,3877,5683,7829,9720,18359,134014,73681,14630,6433,88110,67,11,8,5
2021-04-18T23:59:59+02:00,8,3,2787,3282,6720,9902,7309,12932,8976,17792,12583,18326,15305,16091,30515,39245,10522,20009,473,685,1313,2627,1892,4414,2716,6535,4064,5832,3874,3806,5273,7207,9675,18276,133800,72199,14487,6387,84001,63,11,8,5
2021-04-17T23:59:59+02:00,8,3,2777,3278,6703,9880,7279,12911,8944,17753,12551,18306,15252,16041,30461,39173,10521,20009,473,683,1313,2626,1891,4410,2712,6530,4061,5828,3873,3804,5268,7206,9674,18275,133446,72164,14486,6387,83899,63,11,8,5
2021-04-16T23:59:59+02:00,8,3,2764,3264,6669,9865,7228,12872,8869,17701,12443,18204,15007,15764,29943,38527,10518,20002,473,681,1307,2621,1882,4408,2707,6524,4053,5820,3868,3798,5251,7176,9674,18273,131926,72067,14479,6376,83227,60,11,8,5
2021-04-15T23:59:59+02:00,8,3,2713,3207,6536,9764,7040,12694,8527,17428,11969,17739,13951,14548,27830,35721,10502,19979,464,675,1302,2595,1867,4385,2684,6496,4010,5767,3813,3723,5220,7125,9666,18261,126012,71752,14203,6240,79926,49,10,8,5
2021-04-14T23:59:59+02:00,7,1,2657,3158,6442,9669,6896,12533,8256,17161,11539,17277,12772,13166,23125,29645,10484,19925,461,669,1289,2586,1855,4368,2662,6471,3967,5730,3766,3672,5160,7071,9638,18224,113646,71462,14170,6088,76880,27,10,7,5
2021-04-13T23:59:59+02:00,7,1,2605,3124,6314,9583,6745,12402,7978,16912,11116,16856,10112,10245,20055,25484,10462,19883,445,644,1241,2543,1802,4306,2553,6369,3788,5569,3553,3487,5015,6935,9629,18202,105244,71120,13977,4926,70646,23,10,7,5
2021-04-12T23:59:59+02:00,7,1,2584,3110,6254,9555,6639,12315,7786,16784,10869,16649,8749,8756,19235,24513,10461,19874,439,635,1222,2528,1786,4285,2520,6328,3735,5517,3492,3438,4980,6894,9624,18180,105126,70984,13923,4589,65075,18,10,7,5
2021-04-11T23:59:59+02:00,7,1,2556,3102,6158,9528,6524,12278,7621,16734,10670,16544,7480,7479,17510,22537,10459,19871,439,635,1221,2526,1786,4284,2520,6328,3733,5512,3488,3437,4974,6892,9624,18180,105057,70974,13917,4579,58068,14,10,7,5
2021-04-10T23:59:59+02:00,7,1,2555,3100,6148,9523,6515,12273,7616,16729,10663,16535,7472,7467,17501,22531,10459,19871,438,632,1219,2523,1785,4282,2518,6323,3730,5511,3479,3423,4966,6878,9624,18180,104975,70914,13916,4572,58059,14,9,7,5
2021-04-09T23:59:59+02:00,7,1,2493,3002,6013,9313,6358,12011,7358,16322,10351,16036,7315,7262,17385,22351,10458,19869,433,627,1201,2511,1758,4267,2487,6274,3652,5432,3367,3313,4828,6789,9619,18177,104506,70832,13887,3880,55496,12,9,7,5
2021-04-08T23:59:59+02:00,7,1,2414,2930,5917,9194,6255,11883,7187,16136,10095,15848,7120,7003,16126,20891,10447,19839,426,622,1189,2479,1733,4231,2460,6201,3600,5366,3294,3268,4749,6684,9597,18132,100857,70392,13532,3617,54888,11,9,7,5
2021-04-07T23:59:59+02:00,7,1,2387,2894,5844,9123,6168,11808,7054,16037,9853,15697,6824,6675,13813,17943,10426,19792,421,621,1179,2466,1720,4208,2446,6161,3533,5307,3223,3216,4694,6625,9590,18104,94705,70119,13371,3374,54254,10,9,7,5
2021-04-06T23:59:59+02:00,7,1,2370,2861,5748,9057,6077,11729,6901,15924,9613,15514,6468,6313,11719,15343,10399,19733,418,614,1172,2439,1708,4185,2420,6123,3469,5242,3139,3166,4649,6571,9585,18088,89682,69876,13071,3093,53010,10,7,7,5
2021-04-05T23:59:59+02:00,7,1,2362,2852,5730,9040,6065,11710,6888,15905,9593,15489,6344,6215,10438,14056,10399,19732,414,606,1168,2424,1702,4169,2404,6093,3436,5201,3109,3129,4628,6525,9579,18072,89603,69686,13035,2956,50175,9,6,7,5
2021-04-04T23:59:59+02:00,7,1,2362,2852,5727,9037,6063,11710,6886,15905,9591,15488,6339,6211,10438,14054,10399,19732,414,605,1168,2423,1702,4169,2403,6093,3436,5201,3109,3129,4626,6525,9579,18072,89594,69682,13033,2955,50162,9,6,7,5
2021-04-03T23:59:59+02:00,7,1,2360,2844,5719,9030,6058,11706,6883,15901,9588,15486,6336,6206,10432,14051,10399,19732,414,605,1168,2423,1702,4169,2403,6093,3436,5200,3109,3129,4626,6525,9579,18072,89537,69681,13032,2955,50157,9,6,7,5
2021-04-02T23:59:59+02:00,7,1,2359,2842,5713,9023,6056,11703,6879,15900,9584,15484,6332,6200,10418,14022,10398,19731,412,603,1167,2423,1701,4168,2402,6093,3435,5193,3083,3112,4616,6516,9579,18072,89454,69604,13029,2954,50156,9,6,7,5
2021-04-01T23:59:59+02:00,7,1,2338,2839,5683,8994,6013,11661,6836,15845,9529,15428,6239,6103,10123,13676,10375,19683,410,588,1164,2417,1694,4157,2386,6076,3409,5172,3021,3065,4557,6444,9504,17960,88468,69057,13008,2951,49885,9,5,7,5
2021-03-31T23:59:59+02:00,7,1,2304,2812,5608,8929,5945,11568,6733,15733,9396,15293,6094,5961,9573,12938,10333,19593,405,582,1158,2406,1687,4141,2380,6064,3389,5138,2989,3032,4510,6385,9448,17859,86497,68610,12795,2949,49518,9,4,7,4
2021-03-30T23:59:59+02:00,7,1,2284,2796,5561,8871,5882,11493,6662,15636,9298,15150,5909,5747,8670,11602,10258,19411,403,580,1155,2402,1674,4124,2362,6042,3355,5094,2932,2964,4423,6286,9318,17620,83433,67910,12414,2811,49382,9,4,5,3
2021-03-29T23:59:59+02:00,6,1,2217,2742,5458,8760,5774,11344,6494,15405,9067,14895,5551,5372,6731,9068,10038,18991,396,576,1144,2391,1661,4112,2337,6016,3326,5037,2862,2899,4306,6182,9117,17290,77345,66963,11604,2676,48956,9,4,5,3
2021-03-28T23:59:59+02:00,6,1,2196,2729,5415,8701,5698,11266,6407,15319,8949,14776,5427,5220,6091,8139,9972,18875,387,570,1129,2375,1636,4085,2290,5955,3270,4945,2777,2820,4190,6037,9045,17154,75054,66504,11346,2151,48778,6,4,5,3
2021-03-27T23:59:59+01:00,6,1,2196,2724,5404,8695,5694,11251,6392,15297,8938,14763,5399,5193,6081,8136,9972,18874,387,570,1127,2374,1635,4080,2286,5952,3261,4938,2772,2817,4174,6012,8965,17007,74948,66197,11346,2150,48713,6,4,5,3
2021-03-26T23:59:59+01:00,6,1,2180,2704,5367,8657,5655,11202,6313,15227,8789,14614,5237,5044,5912,7957,9970,18866,383,562,1121,2361,1619,4051,2258,5916,3227,4884,2711,2754,3991,5757,8260,15832,74604,63565,10515,2112,48573,6,4,5,3
2021-03-25T23:59:59+01:00,6,0,2063,2623,5191,8442,5453,10926,6105,14928,8549,14325,5077,4890,5816,7838,9967,18858,374,548,1100,2336,1595,4023,2212,5858,3154,4807,2613,2652,3618,5263,7130,14099,74148,59481,9567,1892,47334,6,3,5,3
2021-03-24T23:59:59+01:00,6,0,1977,2575,5043,8282,5292,10733,5941,14690,8346,14093,4937,4731,5702,7722,9961,18849,370,537,1087,2308,1562,3968,2153,5793,3066,4706,2480,2538,3195,4646,5732,11880,73774,54466,8406,1546,46692,6,3,5,3
2021-03-23T23:59:59+01:00,6,0,1901,2522,4932,8160,5193,10591,5820,14497,8231,13926,4855,4645,5636,7663,9953,18831,359,512,1067,2273,1529,3910,2109,5704,2984,4615,2391,2443,2745,4014,3843,8671,73382,47764,7659,1398,46313,4,3,5,3
2021-03-22T23:59:59+01:00,6,0,1836,2463,4798,8024,5060,10417,5660,14264,8039,13713,4751,4533,5567,7554,9939,18787,332,495,1038,2236,1484,3837,2044,5594,2882,4464,2278,2291,2229,3335,1339,4563,72889,39270,6621,1165,45893,2,3,5,3
2021-03-21T23:59:59+01:00,6,0,1834,2457,4786,8009,5046,10407,5644,14247,8009,13689,4728,4518,5551,7542,9935,18787,331,495,1032,2222,1475,3808,2026,5556,2856,4414,2237,2243,2187,3294,1322,4518,72866,39130,6571,881,45751,2,2,5,3
2021-03-20T23:59:59+01:00,6,0,1834,2457,4785,8008,5045,10405,5643,14246,8002,13683,4727,4517,5543,7534,9935,18787,331,495,1032,2222,1475,3808,2026,5556,2855,4413,2236,2240,2187,3294,1322,4518,72855,39128,6571,877,45724,2,2,5,3
2021-03-19T23:59:59+01:00,6,0,1781,2209,4269,6716,4636,9423,5373,13689,7778,13280,4603,4420,5473,7468,9935,18787,330,495,1032,2222,1475,3807,2026,5555,2854,4413,2234,2239,2182,3288,1321,4516,72797,39113,6561,871,40481,2,2,5,3
2021-03-18T23:59:59+01:00,6,0,1726,1958,3851,5654,4106,8044,4556,11151,6422,9949,4237,4121,5271,7248,9914,18747,329,492,1025,2209,1468,3782,2000,5516,2829,4389,2213,2224,2157,3259,1316,4507,72367,38921,6499,789,28088,2,2,5,3
2021-03-17T23:59:59+01:00,6,0,1720,1949,3841,5628,4089,8014,4532,11087,6372,9877,4200,4074,5232,7204,9908,18724,326,491,1021,2201,1462,3773,1993,5501,2819,4363,2186,2197,2137,3244,1309,4493,72111,38770,6439,740,27900,2,2,5,3
2021-03-16T23:59:59+01:00,6,0,1698,1915,3782,5547,4018,7908,4403,10926,6167,9677,3977,3886,5092,7045,9902,18703,324,487,1020,2182,1457,3760,1984,5487,2810,4344,2178,2183,2125,3216,1301,4464,71801,38605,5164,711,27680,2,2,5,3
2021-03-15T23:59:59+01:00,6,0,1688,1895,3757,5513,3993,7871,4352,10857,6088,9593,3895,3819,5039,6985,9896,18678,321,483,1011,2165,1449,3754,1968,5451,2792,4316,2163,2151,2100,3155,1293,4426,71578,38387,4806,607,27536,2,0,5,3
2021-03-14T23:59:59+01:00,6,0,1682,1885,3749,5503,3988,7855,4343,10826,6080,9571,3888,3810,5034,6977,9895,18676,320,483,1009,2165,1445,3751,1965,5449,2774,4310,2157,2149,2089,3145,1289,4424,71546,38379,4790,542,27427,1,0,5,3
2021-03-13T23:59:59+01:00,6,0,1679,1880,3736,5480,3981,7846,4323,10815,6066,9556,3885,3807,5031,6974,9895,18676,320,483,1009,2165,1445,3751,1965,5448,2774,4309,2156,2148,2089,3143,1281,4419,71522,38360,4785,542,27324,1,0,5,3
2021-03-12T23:59:59+01:00,5,0,1640,1823,3222,5333,3466,7732,4189,10689,5841,9267,3720,3661,4890,6866,9870,18629,315,461,1005,2135,1437,3727,1945,5377,2721,4224,1977,1993,2029,3093,1274,4413,71310,37590,4066,534,25462,0,0,5,3
2021-03-11T23:59:59+01:00,5,0,1532,1687,2839,5072,3029,7477,3909,10276,5214,8375,3496,3485,4784,6749,9832,18579,314,460,1002,2122,1434,3707,1938,5358,2712,4207,1971,1985,2015,3076,1269,4395,70747,37468,3804,495,21784,0,0,5,3
2021-03-10T23:59:59+01:00,5,0,1502,1656,2800,5027,2994,7418,3854,10190,5106,8258,3370,3381,4669,6635,9789,18512,312,459,1000,2119,1432,3696,1934,5345,2700,4187,1954,1978,1990,3044,1258,4381,70340,37387,3474,400,21347,0,0,5,3
2021-03-09T23:59:59+01:00,5,0,1493,1640,2768,5002,2973,7374,3816,10130,5028,8178,3273,3298,4589,6546,9683,18302,309,458,997,2113,1425,3684,1908,5323,2658,4157,1913,1953,1940,3016,1246,4372,69749,37359,3207,111,21137,0,0,5,3
2021-03-08T23:59:59+01:00,5,0,1478,1627,2738,4976,2947,7344,3793,10082,5004,8116,3232,3258,4516,6482,9509,18003,309,458,995,2109,1417,3668,1891,5290,2639,4129,1894,1934,1915,2993,1240,4353,68962,37211,3198,21,20945,0,0,5,3
2021-03-07T23:59:59+01:00,5,0,1465,1617,2708,4931,2913,7296,3760,10020,4961,8056,3197,3225,4451,6382,9433,17859,309,457,995,2108,1416,3663,1888,5280,2638,4124,1890,1931,1911,2989,1237,4345,68427,37160,3144,19,20703,0,0,5,3
2021-03-06T23:59:59+01:00,5,0,1464,1615,2702,4920,2910,7287,3752,10013,4943,8040,3187,3215,4428,6343,9345,17690,309,457,993,2105,1416,3661,1882,5271,2636,4122,1885,1923,1905,2987,1236,4342,68037,37110,3144,19,20673,0,0,5,2
2021-03-05T23:59:59+01:00,5,0,1391,1536,2604,4758,2853,7130,3667,9806,4842,7844,3137,3156,4212,6057,8641,16503,309,457,991,2103,1411,3656,1880,5270,2632,4115,1876,1919,1900,2984,1231,4339,65396,37053,3141,19,19600,0,0,5,2
2021-03-04T23:59:59+01:00,5,0,1218,1432,2434,4558,2682,6861,3499,9461,4584,7503,3021,3033,3851,5600,7479,14689,308,449,982,2079,1395,3616,1852,5217,2604,4069,1848,1894,1867,2929,1204,4293,61206,36586,3138,19,17561,0,0,5,2
2021-03-03T23:59:59+01:00,5,0,1185,1379,2356,4450,2622,6738,3412,9296,4487,7359,2936,2963,3480,5001,6096,12509,304,440,971,2056,1383,3588,1838,5167,2550,4015,1801,1859,1843,2900,1189,4265,56171,36149,3112,19,16987,0,0,4,2
2021-03-02T23:59:59+01:00,5,0,1151,1343,2296,4394,2571,6647,3332,9173,4350,7210,2822,2836,2998,4336,4101,9157,299,431,966,2030,1370,3544,1825,5112,2518,3990,1791,1845,1824,2874,1178,4238,49146,35815,2864,19,16709,0,0,3,2
2021-03-01T23:59:59+01:00,5,0,1092,1313,2235,4332,2499,6560,3238,9047,4208,7022,2691,2699,2430,3595,1394,4714,298,428,958,2017,1358,3525,1817,5096,2507,3974,1775,1835,1807,2855,1166,4210,40119,35609,2478,16,16474,0,0,3,2
2021-02-28T23:59:59+01:00,5,0,1058,1299,2193,4295,2469,6517,3190,8990,4146,6963,2624,2653,2382,3564,1386,4694,298,427,956,2012,1356,3512,1814,5082,2501,3966,1768,1824,1794,2844,1159,4195,40023,35491,2186,16,16216,0,0,3,2
2021-02-27T23:59:59+01:00,5,0,1016,1216,2128,4052,2411,6283,3126,8692,4055,6709,2569,2596,2362,3540,1383,4694,298,427,955,2012,1356,3512,1814,5081,2500,3966,1768,1823,1792,2844,1159,4195,39917,35485,2185,16,14732,0,0,3,2
2021-02-26T23:59:59+01:00,4,0,849,962,1926,3660,2249,5615,2909,7771,3744,5915,2520,2543,2344,3526,1380,4692,298,427,955,2009,1354,3510,1812,5080,2498,3965,1768,1820,1785,2843,1157,4188,39902,35452,2098,16,10606,0,0,3,2
2021-02-25T23:59:59+01:00,4,0,506,805,1646,3461,2066,5311,2713,7376,3518,5612,2439,2466,2304,3465,1376,4678,288,406,930,1959,1324,3441,1782,4999,2469,3901,1743,1793,1747,2800,1130,4148,39707,34844,1841,15,8195,0,0,3,2
2021-02-24T23:59:59+01:00,3,0,486,787,1611,3364,2004,5181,2653,7193,3452,5470,2374,2419,2269,3436,1367,4645,279,402,915,1926,1310,3387,1769,4939,2445,3856,1732,1775,1738,2781,1118,4121,39519,34485,1672,7,7520,0,0,3,2
2021-02-23T23:59:59+01:00,3,0,467,751,1550,3261,1949,5041,2575,7061,3366,5365,2314,2360,2234,3380,1352,4614,278,398,910,1911,1303,3358,1760,4908,2424,3824,1712,1755,1718,2746,1103,4068,39373,34168,1401,7,6866,0,0,3,2
2021-02-22T23:59:59+01:00,2,0,451,720,1495,3161,1910,4902,2517,6843,3305,5221,2306,2264,2219,3301,1348,4569,277,395,907,1900,1295,3331,1743,4872,2410,3794,1693,1736,1691,2718,1088,4023,39162,33867,1138,5,6231,0,0,3,2
2021-02-21T23:59:59+01:00,2,0,443,682,1437,3019,1863,4752,2464,6684,3222,5117,2270,2231,2192,3281,1338,4564,277,394,904,1892,1294,3322,1739,4862,2406,3785,1691,1733,1690,2716,1088,4022,39121,33809,905,5,5532,0,0,3,2
2021-02-20T23:59:59+01:00,2,0,439,677,1429,3015,1857,4752,2461,6681,3218,5113,2267,2230,2192,3280,1337,4564,277,394,904,1891,1294,3321,1739,4862,2405,3784,1690,1732,1687,2716,1087,4020,39117,33797,901,5,5493,0,0,3,2
2021-02-19T23:59:59+01:00,1,0,418,640,1400,2953,1830,4698,2420,6581,3131,4995,2087,2068,2129,3231,1332,4558,275,393,902,1889,1293,3320,1739,4857,2402,3783,1688,1730,1685,2715,1087,4019,38365,33772,882,5,5222,0,0,3,1
2021-02-18T23:59:59+01:00,1,0,393,584,1295,2710,1726,4454,2282,6319,3029,4813,2058,2052,2113,3214,1327,4550,275,387,894,1856,1284,3281,1721,4809,2383,3747,1676,1719,1668,2703,1075,4001,38291,33474,809,5,3817,0,0,3,1
2021-02-17T23:59:59+01:00,1,0,378,553,1256,2580,1671,4279,2212,6076,2970,4664,2039,2033,2090,3194,1312,4541,266,370,859,1771,1241,3152,1660,4650,2309,3611,1599,1650,1594,2593,1026,3884,38135,32230,758,5,2953,0,0,3,1
2021-02-16T23:59:59+01:00,1,0,360,523,1202,2460,1621,4143,2133,5891,2889,4528,2030,2029,2082,3187,1307,4530,258,353,838,1691,1186,3016,1599,4446,2237,3436,1549,1597,1534,2493,999,3756,38076,30983,728,5,2109,0,0,3,1
2021-02-15T23:59:59+01:00,1,0,350,501,1129,2316,1576,4070,2101,5838,2861,4487,2011,2013,2061,3157,1300,4510,251,335,815,1646,1154,2941,1543,4313,2166,3317,1474,1533,1480,2386,957,3579,37971,29885,618,5,1690,0,0,3,1
2021-02-14T23:59:59+01:00,1,0,342,496,1106,2260,1513,3906,2059,5746,2830,4448,2005,2011,2050,3148,1298,4503,244,330,797,1619,1138,2902,1501,4261,2128,3287,1458,1512,1456,2350,942,3537,37953,29457,553,5,1213,0,0,3,1
2021-02-13T23:59:59+01:00,1,0,342,496,1105,2260,1513,3905,2057,5745,2830,4448,2004,2009,2049,3148,1297,4500,244,330,797,1619,1138,2902,1500,4260,2128,3287,1456,1509,1455,2349,942,3536,37942,29447,553,5,1212,0,0,2,1
2021-02-12T23:59:59+01:00,1,0,338,493,1088,2251,1508,3891,2052,5736,2827,4442,1990,1999,2043,3135,1292,4497,243,329,791,1614,1132,2893,1483,4241,2109,3274,1443,1493,1440,2318,935,3503,37875,29236,545,5,1161,0,0,2,1
2021-02-11T23:59:59+01:00,1,0,318,469,1024,2153,1454,3764,1958,5472,2742,4323,1960,1966,2003,3070,1267,4441,223,303,742,1510,1052,2668,1359,3884,1925,2967,1256,1286,1272,2043,829,3153,37486,26467,508,5,389,0,0,2,1
2021-02-10T23:59:59+01:00,1,0,312,460,1002,2113,1416,3685,1904,5310,2647,4142,1891,1916,1961,3032,1249,4415,199,258,649,1322,926,2287,1171,3282,1686,2552,1098,1113,1127,1799,722,2813,37080,22999,373,5,1,0,0,2,1
2021-02-09T23:59:59+01:00,1,0,306,450,994,2081,1400,3633,1861,5243,2580,4086,1835,1880,1893,2979,1228,4394,165,199,551,1062,778,1843,964,2672,1423,2140,952,953,938,1520,606,2400,36781,19166,60,0,1,0,0,2,1
2021-02-08T23:59:59+01:00,1,0,305,448,991,2074,1390,3617,1853,5220,2562,4070,1821,1868,1875,2961,1221,4369,114,164,451,850,615,1429,765,2022,1147,1658,766,777,748,1202,483,1951,36627,15142,16,0,1,0,0,2,1
2021-02-07T23:59:59+01:00,1,0,305,448,990,2073,1389,3610,1850,5217,2555,4067,1815,1859,1859,2954,1217,4363,105,145,401,704,541,1256,686,1807,1051,1511,693,697,672,1082,418,1735,36557,13504,13,0,0,0,0,2,1
2021-02-06T23:59:59+01:00,1,0,305,448,989,2072,1389,3607,1850,5215,2555,4064,1815,1858,1854,2952,1214,4361,105,144,396,701,536,1232,670,1788,1040,1489,690,693,667,1078,417,1731,36534,13378,13,0,0,0,0,2,0
2021-02-05T23:59:59+01:00,1,0,305,447,987,2069,1385,3598,1846,5201,2549,4058,1814,1857,1846,2944,1205,4348,101,137,381,683,519,1203,638,1736,992,1426,653,643,622,1004,391,1643,36445,12773,13,0,0,0,0,2,0
2021-02-04T23:59:59+01:00,1,0,298,430,976,2037,1366,3545,1827,5124,2533,4010,1798,1837,1821,2909,1188,4317,76,106,282,461,358,810,454,1175,681,967,505,469,481,794,305,1312,36002,9237,13,0,0,0,0,2,0
2021-02-03T23:59:59+01:00,1,0,294,421,958,2010,1350,3507,1814,5075,2499,3967,1778,1814,1805,2885,1175,4303,60,82,236,395,289,631,347,919,521,721,339,325,346,567,218,959,35641,6956,13,0,0,0,0,2,0
2021-02-02T23:59:59+01:00,1,0,290,414,952,1982,1342,3475,1803,5029,2476,3932,1760,1798,1779,2844,1154,4256,39,63,181,312,242,483,265,736,377,554,235,208,221,376,150,627,35272,5069,13,0,0,0,0,2,0
2021-02-01T23:59:59+01:00,1,0,289,412,947,1975,1339,3459,1795,5009,2468,3913,1753,1787,1764,2829,1148,4243,19,39,134,227,167,308,169,490,236,320,119,105,96,184,69,277,35116,2959,13,0,0,0,0,2,0
2021-01-31T23:59:59+01:00,1,0,288,411,945,1968,1336,3450,1792,4990,2464,3898,1749,1779,1760,2822,1146,4234,18,34,116,199,150,267,152,410,200,276,100,91,88,157,61,243,35018,2562,13,0,0,0,0,2,0
2021-01-30T23:59:59+01:00,1,0,288,411,945,1968,1336,3450,1792,4990,2464,3898,1748,1779,1760,2821,1146,4233,18,34,115,199,150,265,149,407,199,275,99,90,88,157,61,243,35015,2549,13,0,0,0,0,2,0
2021-01-29T23:59:59+01:00,1,0,286,408,943,1966,1335,3442,1786,4981,2461,3895,1742,1772,1751,2811,1139,4212,16,33,114,190,141,257,137,379,168,248,72,66,79,136,56,211,34917,2303,13,0,0,0,0,1,0
2021-01-28T23:59:59+01:00,1,0,281,400,924,1910,1311,3378,1761,4919,2433,3833,1720,1752,1720,2780,1121,4177,0,0,9,19,8,17,11,46,7,21,7,3,7,9,2,13,34408,179,12,0,0,0,0,1,0
2021-01-27T23:59:59+01:00,1,0,276,382,891,1830,1277,3264,1699,4796,2373,3733,1664,1704,1676,2714,1085,4095,0,0,4,6,5,11,7,20,3,12,6,3,7,9,2,12,33451,107,8,0,0,0,0,1,0
2021-01-26T23:59:59+01:00,1,0,270,373,881,1817,1263,3226,1682,4739,2343,3669,1633,1672,1639,2644,1068,4013,0,0,4,6,5,11,7,20,3,12,6,3,7,9,2,12,32926,107,6,0,0,0,0,1,0
2021-01-25T23:59:59+01:00,1,0,259,349,839,1699,1193,3062,1592,4468,2240,3460,1574,1619,1587,2560,1022,3845,0,0,1,3,1,3,4,3,3,5,6,3,6,8,2,12,31366,60,2,0,0,0,0,1,0
2021-01-24T23:59:59+01:00,1,0,256,346,828,1680,1183,3040,1561,4435,2214,3439,1563,1611,1577,2549,1017,3838,0,0,1,2,1,3,4,3,3,5,6,3,6,8,2,12,31135,59,2,0,0,0,0,1,0
2021-01-23T23:59:59+01:00,1,0,256,346,828,1680,1182,3039,1561,4431,2213,3438,1562,1611,1576,2548,1016,3833,0,0,1,2,1,3,4,3,3,5,6,3,6,8,2,12,31118,59,2,0,0,0,0,1,0
2021-01-22T23:59:59+01:00,1,0,255,344,822,1677,1178,3034,1558,4424,2201,3433,1550,1600,1570,2529,1011,3814,0,0,1,2,1,3,4,3,3,5,6,3,6,8,2,12,30998,59,2,0,0,0,0,1,0
2021-01-21T23:59:59+01:00,1,0,244,334,795,1611,1153,2907,1502,4264,2121,3298,1452,1498,1438,2366,932,3633,0,0,1,2,1,3,4,2,3,5,4,2,5,8,1,12,29546,53,2,0,0,0,0,1,0
2021-01-20T23:59:59+01:00,1,0,221,290,722,1455,1063,2593,1367,3804,1948,2944,1331,1353,1318,2172,861,3413,0,0,1,2,1,3,4,2,3,5,4,2,5,8,1,12,26853,53,2,0,0,0,0,1,0
2021-01-19T23:59:59+01:00,1,0,190,234,624,1207,918,2147,1147,3189,1667,2514,1151,1155,1092,1836,716,2900,0,0,1,1,1,2,4,1,2,5,4,2,5,8,1,12,22685,49,2,0,0,0,0,1,0
2021-01-18T23:59:59+01:00,1,0,132,185,490,946,709,1633,879,2320,1297,1903,901,924,873,1455,560,2311,0,0,0,0,0,0,0,0,1,2,2,1,0,0,0,0,17517,6,1,0,0,0,0,1,0
2021-01-17T23:59:59+01:00,1,0,119,159,430,775,624,1413,778,2067,1185,1714,837,845,793,1319,501,2105,0,0,0,0,0,0,0,0,0,1,0,0,0,0,0,0,15664,1,0,0,0,0,0,1,0
2021-01-16T23:59:59+01:00,1,0,119,158,426,774,622,1405,768,2063,1177,1707,835,840,788,1308,493,2090,0,0,0,0,0,0,0,0,0,0,0,0,0,0,0,0,15574,0,0,0,0,0,0,0,0
2021-01-15T23:59:59+01:00,1,0,109,152,414,753,596,1367,736,1985,1116,1626,791,788,745,1223,463,1976,0,0,0,0,0,0,0,0,0,0,0,0,0,0,0,0,14841,0,0,0,0,0,0,0,0
2021-01-14T23:59:59+01:00,1,0,75,112,297,486,395,882,508,1278,761,1065,577,546,542,902,353,1501,0,0,0,0,0,0,0,0,0,0,0,0,0,0,0,0,10281,0,0,0,0,0,0,0,0
2021-01-13T23:59:59+01:00,1,0,58,85,245,409,319,665,378,978,556,758,363,344,362,613,246,1037,0,0,0,0,0,0,0,0,0,0,0,0,0,0,0,0,7417,0,0,0,0,0,0,0,0
2021-01-12T23:59:59+01:00,0,0,47,69,200,351,257,540,278,804,405,593,243,217,227,405,166,691,0,0,0,0,0,0,0,0,0,0,0,0,0,0,0,0,5493,0,0,0,0,0,0,0,0
2021-01-11T23:59:59+01:00,0,0,32,50,174,303,210,439,218,647,297,419,149,126,129,248,88,397,0,0,0,0,0,0,0,0,0,0,0,0,0,0,0,0,3926,0,0,0,0,0,0,0,0
2021-01-10T23:59:59+01:00,0,0,24,41,152,254,180,362,179,536,248,358,128,106,114,204,77,320,0,0,0,0,0,0,0,0,0,0,0,0,0,0,0,0,3283,0,0,0,0,0,0,0,0
2021-01-09T23:59:59+01:00,0,0,24,41,151,252,179,360,177,530,247,357,127,105,114,204,77,320,0,0,0,0,0,0,0,0,0,0,0,0,0,0,0,0,3265,0,0,0,0,0,0,0,0
2021-01-08T23:59:59+01:00,0,0,22,40,149,243,171,350,164,499,218,331,103,89,109,189,71,298,0,0,0,0,0,0,0,0,0,0,0,0,0,0,0,0,3046,0,0,0,0,0,0,0,0
2021-01-07T23:59:59+01:00,0,0,1,0,4,9,8,13,10,6,16,11,10,9,14,21,2,32,0,0,0,0,0,0,0,0,0,0,0,0,0,0,0,0,166,0,0,0,0,0,0,0,0
2021-01-06T23:59:59+01:00,0,0,0,0,1,3,1,5,5,2,3,6,6,2,7,10,1,14,0,0,0,0,0,0,0,0,0,0,0,0,0,0,0,0,66,0,0,0,0,0,0,0,0
2021-01-05T23:59:59+01:00,0,0,0,0,1,3,1,5,5,2,3,5,6,2,6,9,1,13,0,0,0,0,0,0,0,0,0,0,0,0,0,0,0,0,62,0,0,0,0,0,0,0,0
2021-01-04T23:59:59+01:00,0,0,0,0,1,3,1,4,4,2,3,5,6,2,5,8,1,13,0,0,0,0,0,0,0,0,0,0,0,0,0,0,0,0,58,0,0,0,0,0,0,0,0
2021-01-03T23:59:59+01:00,0,0,0,0,1,2,1,4,4,2,3,5,5,2,5,8,1,13,0,0,0,0,0,0,0,0,0,0,0,0,0,0,0,0,56,0,0,0,0,0,0,0,0
2021-01-02T23:59:59+01:00,0,0,0,0,1,2,1,4,4,2,3,5,5,2,5,8,1,13,0,0,0,0,0,0,0,0,0,0,0,0,0,0,0,0,56,0,0,0,0,0,0,0,0
2021-01-01T23:59:59+01:00,0,0,0,0,1,2,1,3,4,2,3,5,5,2,5,8,1,13,0,0,0,0,0,0,0,0,0,0,0,0,0,0,0,0,55,0,0,0,0,0,0,0,0
2020-12-31T23:59:59+01:00,0,0,0,0,1,2,1,3,4,2,3,5,5,2,5,8,1,13,0,0,0,0,0,0,0,0,0,0,0,0,0,0,0,0,55,0,0,0,0,0,0,0,0
2020-12-30T23:59:59+01:00,0,0,0,0,1,2,1,3,4,2,3,5,5,2,5,8,1,13,0,0,0,0,0,0,0,0,0,0,0,0,0,0,0,0,55,0,0,0,0,0,0,0,0
2020-12-29T23:59:59+01:00,0,0,0,0,1,1,1,2,4,1,2,5,5,2,5,8,1,13,0,0,0,0,0,0,0,0,0,0,0,0,0,0,0,0,51,0,0,0,0,0,0,0,0
2020-12-28T23:59:59+01:00,0,0,0,0,1,1,1,1,2,0,1,5,4,1,1,0,0,2,0,0,0,0,0,0,0,0,0,0,0,0,0,0,0,0,20,0,0,0,0,0,0,0,0
2020-12-27T23:59:59+01:00,0,0,0,0,1,1,1,1,2,0,0,3,2,0,1,0,0,2,0,0,0,0,0,0,0,0,0,0,0,0,0,0,0,0,14,0,0,0,0,0,0,0,0
