Datum,<24_1_m,<24_1_w,25-34_1_m,25-34_1_w,35-44_1_m,35-44_1_w,45-54_1_m,45-54_1_w,55-64_1_m,55-64_1_w,65-74_1_m,65-74_1_w,75-84_1_m,75-84_1_w,>84_1_m,>84_1_w,<24_2_m,<24_2_w,25-34_2_m,25-34_2_w,35-44_2_m,35-44_2_w,45-54_2_m,45-54_2_w,55-64_2_m,55-64_2_w,65-74_2_m,65-74_2_w,75-84_2_m,75-84_2_w,>84_2_m,>84_2_w,bp_1,bp_2,mo_1,mo_2,az_1,az_2,ja
2021-04-29T23:59:59+02:00,3384,4312,7740,10418,8980,14199,12469,19829,18735,22125,35063,39409,30085,39507,8932,17705,781,1078,1779,3066,2355,5032,3399,7222,4810,6269,4519,4573,10688,14941,8400,16627,179453,85214,20746,10193,92692,131,1
2021-04-28T23:59:59+02:00,3214,4245,7506,10320,8617,14035,12122,19611,18213,21625,31577,35427,29910,39284,8924,17686,767,1067,1757,3040,2327,5007,3376,7184,4766,6225,4485,4542,10656,14915,8399,16624,169050,85079,20616,9935,92649,122,1
2021-04-27T23:59:59+02:00,3113,4175,7254,10189,8288,13881,11627,19374,17684,21046,26308,29536,29620,38893,8907,17661,752,1054,1732,3006,2296,4961,3330,7133,4710,6150,4440,4481,10628,14867,8396,16618,154365,84911,20602,9522,92588,120,1
2021-04-26T23:59:59+02:00,3048,4137,7115,10131,8133,13820,11398,19315,17215,20682,26289,29509,29610,38885,8907,17661,728,1027,1677,2953,2235,4916,3271,7057,4628,6061,4353,4420,10575,14803,8395,16615,153799,84807,20407,8786,91648,120,1
2021-04-25T23:59:59+02:00,3004,4113,6954,10084,7898,13773,11069,19275,15600,19238,25742,28968,29567,38831,8907,17659,728,1025,1671,2951,2229,4913,3269,7052,4625,6052,4351,4417,10568,14795,8395,16615,153327,84794,20394,8748,86960,113,1
2021-04-24T23:59:59+02:00,2996,4105,6938,10071,7889,13766,11054,19265,15579,19221,25701,28905,29564,38826,8907,17659,728,1025,1671,2950,2228,4913,3269,7052,4625,6052,4351,4416,10567,14794,8395,16615,153123,84789,20391,8748,86931,113,1
2021-04-23T23:59:59+02:00,2974,4085,6904,10031,7846,13721,10986,19209,15515,19144,25293,28415,29533,38781,8905,17656,725,1022,1667,2946,2223,4904,3254,7043,4600,6024,4319,4380,10476,14664,8390,16603,151952,84510,20267,8616,86778,113,1
2021-04-22T23:59:59+02:00,2886,3985,6709,9861,7324,13298,9807,18409,14202,18240,23383,26063,29364,38579,8891,17632,655,961,1571,2852,2112,4768,3095,6881,4429,5847,4196,4223,9982,14039,8363,16543,147303,82690,15482,7762,85847,64,1
2021-04-21T23:59:59+02:00,2833,3940,6595,9785,7147,13169,9474,18186,13801,17815,21020,23102,29146,38304,8875,17612,604,933,1505,2775,2035,4685,2984,6748,4285,5704,4040,4082,9437,13291,8329,16472,140736,80922,15010,6929,85057,57,1
2021-04-20T23:59:59+02:00,2785,3900,6495,9703,7016,13060,9220,17966,13347,17373,17762,19225,28908,37924,8863,17581,569,900,1430,2706,1960,4606,2878,6626,4156,5556,3856,3877,8614,12140,8272,16348,132355,78140,14768,6301,84004,52,1
2021-04-19T23:59:59+02:00,2771,3892,6453,9666,6963,13028,9151,17896,13209,17245,17453,18871,28879,37895,8863,17576,494,857,1335,2613,1859,4513,2749,6466,3970,5383,3626,3593,6902,9828,8106,16017,132066,72680,14580,5581,83164,49,1
2021-04-18T23:59:59+02:00,2754,3878,6374,9641,6857,12981,8960,17832,12378,17096,16258,17619,28831,37851,8859,17570,489,852,1326,2605,1843,4507,2715,6440,3916,5333,3554,3527,6509,9219,8073,15954,131859,71272,14438,5543,79441,46,1
2021-04-17T23:59:59+02:00,2747,3876,6363,9628,6832,12959,8928,17803,12357,17077,16201,17570,28787,37786,8858,17570,489,850,1326,2603,1842,4504,2710,6434,3913,5328,3553,3526,6504,9219,8072,15953,131559,71236,14438,5543,79344,46,1
2021-04-16T23:59:59+02:00,2728,3862,6328,9611,6785,12923,8850,17745,12228,16956,15919,17246,28357,37215,8857,17565,489,847,1321,2598,1834,4502,2705,6428,3908,5319,3548,3520,6487,9192,8071,15951,130094,71143,14427,5533,78653,43,1
2021-04-15T23:59:59+02:00,2673,3799,6196,9506,6591,12743,8505,17473,11701,16404,14755,15839,26551,34834,8842,17547,482,837,1318,2579,1819,4478,2680,6401,3862,5264,3497,3449,6456,9142,8062,15938,124348,70835,14149,5394,75461,34,1
2021-04-14T23:59:59+02:00,2607,3744,6108,9410,6450,12586,8241,17216,11196,15893,13443,14240,22380,29395,8828,17506,479,830,1310,2572,1808,4460,2655,6380,3827,5222,3442,3405,6401,9084,8042,15914,112660,70572,14113,5242,72469,16,1
2021-04-13T23:59:59+02:00,2553,3703,5989,9329,6321,12458,7954,16977,10738,15442,10736,11142,19631,25689,8808,17472,472,810,1291,2543,1778,4419,2601,6310,3756,5139,3374,3343,6352,9033,8035,15900,104484,70249,13918,4894,66539,12,1
2021-04-12T23:59:59+02:00,2528,3688,5929,9296,6219,12370,7761,16847,10471,15221,9087,9311,19215,25178,8807,17465,465,799,1277,2532,1760,4402,2571,6269,3707,5094,3316,3304,6327,9001,8033,15889,104370,70148,13874,4586,61148,11,1
2021-04-11T23:59:59+02:00,2496,3678,5842,9271,6113,12335,7607,16797,10275,15118,7184,7272,18409,24201,8806,17462,465,799,1276,2530,1760,4402,2570,6269,3706,5091,3311,3303,6323,8998,8033,15889,104307,70140,13864,4576,54695,9,0
2021-04-10T23:59:59+02:00,2494,3676,5832,9266,6106,12331,7602,16792,10264,15108,7177,7262,18401,24196,8806,17462,465,796,1273,2527,1759,4399,2567,6266,3704,5090,3302,3290,6316,8984,8033,15889,104225,70082,13863,4569,54687,9,0
2021-04-09T23:59:59+02:00,2423,3554,5703,9067,5949,12066,7348,16374,9961,14630,7046,7091,18293,24032,8805,17460,461,790,1253,2518,1734,4381,2531,6218,3628,5004,3175,3181,6203,8898,8028,15885,103780,70006,13833,3875,52189,7,0
2021-04-08T23:59:59+02:00,2354,3477,5612,8941,5849,11940,7181,16205,9730,14442,6861,6822,17061,22613,8795,17433,453,784,1241,2493,1709,4344,2504,6154,3571,4949,3103,3133,6127,8792,8010,15849,100202,69597,13482,3613,51632,6,0
2021-04-07T23:59:59+02:00,2323,3436,5545,8870,5763,11878,7047,16105,9496,14291,6554,6477,14803,19752,8777,17392,447,783,1229,2479,1699,4320,2488,6117,3502,4889,3033,3083,6072,8736,8004,15822,94185,69325,13319,3373,51005,5,0
2021-04-06T23:59:59+02:00,2297,3400,5462,8808,5684,11806,6888,15984,9262,14104,6077,6006,12912,17358,8753,17340,445,774,1222,2457,1690,4294,2457,6075,3434,4826,2956,3038,6028,8686,7998,15807,89331,69087,13016,3095,49794,5,0
2021-04-05T23:59:59+02:00,2288,3388,5447,8794,5673,11786,6874,15969,9244,14079,5900,5844,11740,16180,8752,17339,440,765,1220,2441,1683,4279,2437,6042,3399,4786,2929,2998,6009,8645,7992,15791,89260,68894,12982,2958,47055,4,0
2021-04-04T23:59:59+02:00,2288,3388,5447,8791,5671,11786,6872,15969,9243,14078,5895,5841,11740,16179,8752,17339,440,765,1220,2441,1683,4279,2436,6042,3399,4786,2929,2998,6006,8644,7991,15791,89254,68888,12982,2958,47043,4,0
2021-04-03T23:59:59+02:00,2287,3378,5439,8785,5665,11784,6869,15966,9240,14075,5891,5836,11735,16177,8752,17339,440,765,1220,2441,1683,4279,2436,6042,3399,4785,2929,2998,6006,8644,7991,15791,89198,68887,12982,2958,47038,4,0
2021-04-02T23:59:59+02:00,2285,3376,5435,8782,5663,11783,6865,15965,9235,14073,5886,5830,11722,16148,8751,17338,440,765,1219,2441,1682,4279,2436,6042,3398,4780,2918,2993,6004,8641,7991,15791,89119,68859,12980,2957,47038,4,0
2021-04-01T23:59:59+02:00,2261,3369,5407,8750,5619,11739,6822,15911,9175,14015,5791,5734,11429,15800,8731,17297,437,750,1217,2434,1677,4269,2420,6028,3368,4757,2863,2950,5935,8551,7930,15693,88127,68321,12954,2954,46769,4,0
2021-03-31T23:59:59+02:00,2226,3336,5335,8682,5554,11649,6718,15806,9045,13877,5659,5595,10873,15050,8694,17219,430,742,1211,2423,1671,4254,2413,6012,3348,4725,2831,2917,5874,8476,7889,15609,86148,67868,12743,2953,46427,4,0
2021-03-30T23:59:59+02:00,2204,3317,5286,8622,5496,11570,6646,15707,8947,13730,5469,5379,9963,13690,8631,17069,427,740,1205,2417,1662,4240,2394,5990,3313,4678,2769,2843,5771,8360,7780,15393,83068,67162,12362,2816,46296,4,0
2021-03-29T23:59:59+02:00,2130,3258,5187,8507,5390,11421,6483,15478,8716,13477,5121,5008,8013,11142,8446,16702,419,733,1195,2410,1647,4226,2373,5964,3276,4620,2704,2780,5620,8225,7610,15094,77022,66214,11566,2678,45891,4,0
2021-03-28T23:59:59+02:00,2108,3245,5141,8443,5314,11349,6398,15390,8600,13357,5001,4860,7386,10226,8392,16606,410,726,1179,2392,1622,4198,2321,5900,3214,4523,2617,2706,5497,8070,7549,14970,74792,65739,11310,2152,45714,3,0
2021-03-27T23:59:59+01:00,2107,3240,5130,8436,5310,11337,6382,15365,8588,13343,4974,4835,7376,10224,8392,16604,410,726,1178,2392,1621,4193,2317,5897,3208,4517,2613,2702,5472,8020,7476,14845,74688,65432,11310,2152,45645,3,0
2021-03-26T23:59:59+01:00,2089,3214,5094,8400,5270,11289,6300,15287,8436,13191,4807,4687,7226,10062,8390,16597,406,718,1172,2376,1602,4164,2293,5864,3171,4461,2555,2640,5132,7557,6923,13870,74352,62785,10476,2116,45511,3,0
2021-03-25T23:59:59+01:00,1982,3131,4924,8188,5107,11024,6104,15005,8226,12931,4673,4549,7150,9961,8386,16591,398,702,1152,2352,1577,4134,2254,5811,3103,4383,2454,2541,4500,6702,6055,12501,73929,58720,9545,1897,44458,2,0
2021-03-24T23:59:59+01:00,1879,3070,4799,8028,4949,10835,5939,14772,8030,12715,4544,4403,7048,9851,8381,16582,394,692,1137,2324,1546,4087,2200,5740,3018,4292,2328,2430,3789,5654,4969,10739,73585,53788,8390,1549,43850,2,0
2021-03-23T23:59:59+01:00,1801,3012,4700,7913,4862,10705,5819,14592,7919,12558,4466,4323,6986,9798,8373,16567,382,665,1116,2287,1520,4026,2152,5653,2938,4204,2235,2335,3050,4572,3368,7973,73199,47078,7680,1397,43515,1,0
2021-03-22T23:59:59+01:00,1724,2938,4584,7788,4734,10543,5666,14358,7762,12377,4367,4222,6930,9706,8361,16536,355,646,1094,2249,1474,3960,2089,5545,2843,4045,2129,2197,2208,3439,1208,4330,72741,38648,6677,1163,43178,0,0
2021-03-21T23:59:59+01:00,1722,2930,4573,7774,4721,10531,5648,14342,7735,12358,4348,4205,6911,9696,8360,16536,354,646,1088,2236,1466,3928,2076,5510,2814,3994,2089,2150,2169,3396,1195,4289,72722,38508,6626,892,43042,0,0
2021-03-20T23:59:59+01:00,1721,2930,4573,7772,4720,10529,5647,14342,7727,12353,4346,4204,6904,9688,8360,16536,354,646,1088,2236,1466,3928,2076,5510,2812,3993,2088,2147,2169,3396,1195,4289,72712,38506,6626,887,43014,0,0
2021-03-19T23:59:59+01:00,1644,2585,4048,6519,4334,9576,5391,13821,7510,12003,4236,4119,6848,9633,8359,16536,353,646,1088,2236,1466,3927,2076,5509,2811,3993,2086,2145,2163,3390,1194,4287,72659,38490,6616,880,37887,0,0
2021-03-18T23:59:59+01:00,1572,2254,3617,5474,3796,8092,4522,11160,6221,9014,3945,3890,6666,9431,8339,16501,352,641,1080,2224,1460,3902,2047,5468,2787,3972,2069,2129,2138,3362,1190,4280,72231,38301,6548,800,25715,0,0
2021-03-17T23:59:59+01:00,1566,2242,3608,5450,3777,8063,4497,11092,6170,8939,3907,3844,6628,9393,8332,16475,348,639,1076,2218,1455,3892,2038,5451,2773,3946,2047,2100,2117,3346,1184,4264,71961,38146,6487,748,25535,0,0
2021-03-16T23:59:59+01:00,1535,2203,3559,5371,3705,7963,4360,10919,5971,8747,3683,3654,6505,9253,8327,16451,346,634,1075,2200,1450,3879,2028,5437,2763,3926,2040,2087,2104,3320,1177,4233,71652,37980,5214,719,25340,0,0
2021-03-15T23:59:59+01:00,1526,2179,3536,5338,3677,7925,4310,10854,5892,8666,3606,3595,6458,9197,8321,16426,343,628,1066,2185,1443,3874,2013,5398,2747,3902,2020,2051,2082,3262,1169,4197,71428,37768,4862,612,25216,0,0
2021-03-14T23:59:59+01:00,1526,2176,3531,5333,3672,7914,4300,10830,5887,8649,3598,3587,6454,9189,8320,16425,343,628,1063,2184,1439,3872,2010,5396,2728,3896,2015,2049,2069,3251,1165,4195,71397,37760,4846,543,25148,0,0
2021-03-13T23:59:59+01:00,1523,2170,3516,5316,3661,7905,4283,10818,5874,8634,3595,3583,6452,9186,8320,16425,343,628,1063,2184,1439,3872,2010,5394,2728,3895,2015,2047,2069,3249,1157,4190,71370,37740,4841,543,25050,0,0
2021-03-12T23:59:59+01:00,1479,2106,2955,5185,3241,7802,4154,10689,5651,8353,3437,3454,6337,9079,8296,16382,338,605,1058,2154,1430,3844,1993,5322,2665,3785,1846,1923,2016,3203,1152,4182,71198,36981,4118,535,23284,0,0
2021-03-11T23:59:59+01:00,1413,1975,2594,4966,2868,7585,3874,10264,5065,7543,3261,3323,6230,8958,8268,16340,337,605,1055,2140,1427,3825,1985,5299,2657,3770,1840,1916,2001,3183,1148,4166,70627,36859,3849,495,20051,0,0
2021-03-10T23:59:59+01:00,1385,1943,2559,4928,2838,7523,3820,10175,4948,7437,3133,3216,6116,8834,8239,16288,335,602,1053,2138,1425,3815,1980,5285,2644,3753,1824,1905,1974,3155,1139,4152,70218,36779,3515,400,19649,0,0
2021-03-09T23:59:59+01:00,1381,1931,2542,4904,2817,7479,3781,10116,4867,7356,3040,3133,6020,8731,8148,16093,332,601,1050,2131,1416,3802,1949,5261,2607,3725,1776,1880,1927,3130,1129,4143,69620,36753,3243,106,19476,0,0
2021-03-08T23:59:59+01:00,1370,1918,2523,4882,2796,7447,3762,10073,4840,7297,3001,3093,5915,8638,7998,15818,332,600,1047,2126,1410,3783,1931,5232,2588,3698,1759,1863,1902,3108,1123,4126,68812,36614,3234,14,19325,0,0
2021-03-07T23:59:59+01:00,1363,1908,2509,4853,2774,7411,3741,10022,4813,7248,2968,3062,5841,8523,7933,15693,332,599,1047,2125,1409,3776,1927,5225,2586,3693,1754,1861,1899,3104,1121,4120,68277,36566,3184,12,19201,0,0
2021-03-06T23:59:59+01:00,1360,1905,2505,4845,2770,7401,3732,10015,4798,7234,2957,3050,5807,8456,7855,15549,332,597,1045,2123,1409,3775,1921,5216,2584,3690,1748,1854,1894,3102,1121,4117,67879,36516,3184,12,19176,0,0
2021-03-05T23:59:59+01:00,1282,1825,2429,4689,2718,7244,3647,9812,4702,7053,2913,2999,5436,7962,7296,14552,332,597,1043,2120,1403,3771,1921,5214,2579,3684,1741,1851,1889,3099,1116,4113,65217,36461,3182,12,18160,0,0
2021-03-04T23:59:59+01:00,1168,1738,2305,4516,2579,6993,3513,9497,4466,6761,2816,2889,4785,7111,6415,13127,329,588,1030,2094,1390,3733,1894,5161,2556,3648,1713,1831,1859,3050,1094,4067,61016,36025,3180,12,16483,0,0
2021-03-03T23:59:59+01:00,1139,1691,2241,4412,2525,6872,3435,9335,4374,6637,2739,2823,4130,6077,5329,11378,326,578,1018,2069,1378,3708,1880,5111,2486,3592,1684,1800,1833,3023,1079,4041,56013,35594,3153,12,15971,0,0
2021-03-02T23:59:59+01:00,1111,1656,2202,4352,2485,6786,3351,9217,4239,6496,2630,2697,3340,4948,3619,8454,321,570,1011,2044,1368,3666,1863,5061,2458,3569,1675,1786,1811,2998,1069,4014,48921,35272,2904,12,15758,0,0
2021-03-01T23:59:59+01:00,1062,1627,2165,4294,2416,6706,3260,9086,4103,6307,2498,2571,2419,3706,1260,4482,321,568,1003,2033,1358,3647,1856,5043,2446,3555,1661,1776,1793,2979,1058,3987,39860,35072,2512,12,15590,0,0
2021-02-28T23:59:59+01:00,1048,1619,2142,4265,2401,6668,3217,9028,4040,6250,2434,2531,2378,3673,1254,4466,320,567,1002,2027,1356,3633,1852,5033,2441,3548,1654,1765,1780,2968,1051,3972,39771,34957,2218,12,15425,0,0
2021-02-27T23:59:59+01:00,1003,1503,2072,4039,2345,6438,3154,8718,3951,6017,2384,2479,2358,3654,1252,4466,320,567,1001,2027,1356,3633,1852,5032,2440,3548,1654,1764,1778,2968,1051,3972,39665,34951,2218,12,13950,0,0
2021-02-26T23:59:59+01:00,847,1229,1909,3644,2190,5759,2954,7792,3651,5305,2356,2451,2343,3643,1249,4464,320,566,1001,2024,1354,3631,1850,5031,2438,3547,1654,1761,1773,2965,1049,3967,39643,34919,2130,12,10013,0,0
2021-02-25T23:59:59+01:00,597,1097,1728,3467,2051,5482,2788,7403,3464,5049,2284,2384,2308,3589,1245,4450,313,544,984,1977,1339,3574,1822,4956,2407,3494,1632,1735,1740,2923,1024,3935,39448,34389,1874,10,8064,0,0
2021-02-24T23:59:59+01:00,572,1073,1691,3370,1993,5342,2720,7211,3400,4929,2225,2337,2273,3559,1238,4418,304,536,975,1956,1325,3525,1813,4900,2389,3453,1622,1719,1729,2904,1015,3912,39264,34073,1702,4,7385,0,0
2021-02-23T23:59:59+01:00,548,1022,1628,3273,1942,5205,2639,7082,3307,4827,2174,2283,2233,3503,1228,4389,303,531,970,1939,1318,3497,1804,4868,2363,3428,1607,1695,1706,2868,1004,3861,39116,33758,1425,4,6742,0,0
2021-02-22T23:59:59+01:00,526,980,1581,3177,1901,5063,2578,6861,3252,4695,2166,2186,2219,3431,1224,4347,302,527,965,1926,1309,3470,1790,4836,2348,3397,1589,1674,1679,2840,993,3815,38912,33459,1161,1,6114,0,0
2021-02-21T23:59:59+01:00,513,921,1519,3036,1852,4914,2523,6698,3174,4603,2130,2154,2195,3413,1216,4342,302,525,961,1918,1309,3461,1786,4825,2344,3390,1588,1671,1678,2838,993,3814,38872,33402,931,1,5400,0,0
2021-02-20T23:59:59+01:00,508,915,1511,3033,1846,4914,2521,6694,3169,4600,2128,2153,2195,3411,1215,4341,302,525,961,1917,1309,3460,1786,4824,2343,3390,1587,1670,1674,2838,993,3812,38867,33390,926,1,5361,0,0
2021-02-19T23:59:59+01:00,484,876,1484,2971,1821,4855,2478,6590,3075,4461,1954,2022,2137,3365,1210,4334,300,524,960,1914,1307,3460,1786,4819,2340,3388,1585,1669,1672,2837,993,3811,38116,33364,906,1,5095,0,0
2021-02-18T23:59:59+01:00,448,793,1375,2742,1722,4606,2340,6318,2975,4304,1930,2006,2123,3348,1206,4328,300,519,951,1877,1299,3424,1769,4774,2324,3356,1575,1662,1657,2824,981,3794,38041,33085,834,1,3689,0,0
2021-02-17T23:59:59+01:00,434,742,1337,2625,1666,4430,2276,6082,2919,4185,1916,1991,2100,3329,1192,4319,290,496,915,1791,1258,3283,1704,4617,2251,3232,1502,1594,1585,2709,936,3691,37886,31853,781,1,2876,0,0
2021-02-16T23:59:59+01:00,410,698,1282,2509,1620,4301,2213,5917,2849,4083,1907,1985,2095,3325,1189,4308,282,471,883,1712,1206,3139,1644,4405,2183,3079,1450,1539,1524,2605,907,3572,37832,30600,750,1,2109,0,0
2021-02-15T23:59:59+01:00,395,656,1208,2379,1579,4225,2181,5868,2820,4045,1886,1968,2075,3295,1183,4290,273,449,860,1666,1174,3062,1586,4275,2114,2972,1375,1478,1470,2489,866,3400,37726,29508,636,1,1691,0,0
2021-02-14T23:59:59+01:00,385,649,1179,2307,1521,4063,2137,5789,2790,4008,1882,1966,2062,3285,1181,4284,265,443,841,1641,1155,3020,1546,4223,2077,2946,1358,1457,1445,2449,852,3359,37710,29076,567,1,1211,0,0
2021-02-13T23:59:59+01:00,384,649,1179,2307,1521,4062,2135,5788,2790,4008,1881,1964,2061,3285,1181,4281,265,443,841,1641,1155,3020,1545,4222,2076,2946,1357,1454,1444,2448,852,3358,37699,29066,567,1,1210,0,0
2021-02-12T23:59:59+01:00,376,645,1165,2297,1517,4049,2131,5778,2784,4003,1870,1954,2054,3272,1177,4278,263,441,836,1637,1149,3009,1523,4205,2060,2930,1343,1439,1431,2416,845,3326,37632,28852,559,1,1159,0,0
2021-02-11T23:59:59+01:00,353,615,1093,2199,1467,3913,2029,5514,2710,3904,1845,1929,2012,3207,1156,4227,241,406,788,1527,1066,2786,1404,3864,1871,2635,1164,1252,1273,2137,752,2996,37264,26162,521,0,388,0,0
2021-02-10T23:59:59+01:00,345,606,1065,2153,1426,3834,1974,5334,2606,3738,1792,1884,1968,3172,1136,4203,215,353,691,1326,935,2384,1206,3264,1653,2270,1013,1084,1126,1891,655,2673,36853,22739,382,0,1,0,0
2021-02-09T23:59:59+01:00,340,595,1055,2121,1412,3780,1925,5261,2546,3683,1730,1846,1901,3124,1119,4182,178,271,583,1062,785,1938,1001,2655,1395,1911,876,931,952,1589,549,2300,36558,18976,61,0,1,0,0
2021-02-08T23:59:59+01:00,339,594,1049,2113,1403,3764,1920,5235,2528,3670,1713,1832,1883,3107,1113,4158,124,224,476,854,628,1510,794,2018,1135,1498,701,753,760,1276,435,1874,36403,15060,17,0,1,0,0
2021-02-07T23:59:59+01:00,338,594,1049,2112,1402,3756,1916,5233,2522,3667,1706,1823,1867,3100,1108,4152,116,195,420,708,553,1331,709,1809,1046,1358,631,677,680,1152,374,1664,36331,13423,14,0,0,0,0
2021-02-06T23:59:59+01:00,338,593,1048,2111,1402,3754,1916,5231,2522,3664,1706,1822,1861,3098,1106,4150,115,194,416,706,550,1306,693,1787,1035,1345,629,673,675,1148,373,1661,36308,13306,14,0,0,0,0
2021-02-05T23:59:59+01:00,338,591,1046,2108,1401,3743,1912,5218,2515,3660,1706,1817,1853,3091,1098,4140,111,186,398,688,532,1278,663,1734,985,1282,595,621,627,1071,351,1578,36223,12700,14,0,0,0,0
2021-02-04T23:59:59+01:00,330,573,1036,2070,1383,3694,1891,5139,2499,3616,1691,1797,1825,3057,1081,4112,81,143,291,455,378,850,454,1169,672,869,465,455,485,841,277,1266,35780,9151,14,0,0,0,0
2021-02-03T23:59:59+01:00,324,560,1017,2046,1370,3651,1875,5088,2468,3577,1672,1775,1807,3036,1071,4098,64,115,242,391,304,658,362,915,509,644,316,324,354,599,198,916,35421,6911,14,0,0,0,0
2021-02-02T23:59:59+01:00,319,549,1013,2022,1360,3620,1864,5034,2442,3551,1658,1754,1778,2996,1052,4053,42,92,187,310,255,505,270,726,372,495,217,207,222,416,134,597,35051,5047,14,0,0,0,0
2021-02-01T23:59:59+01:00,318,545,1008,2015,1357,3603,1856,5014,2434,3535,1653,1743,1763,2979,1047,4040,22,62,139,220,175,328,170,476,237,281,103,114,99,198,63,267,34896,2954,14,0,0,0,0
2021-01-31T23:59:59+01:00,317,543,1006,2007,1353,3594,1852,4993,2430,3521,1650,1736,1759,2970,1044,4030,20,56,123,196,155,280,156,404,201,244,88,99,90,172,57,233,34791,2574,14,0,0,0,0
2021-01-30T23:59:59+01:00,317,543,1006,2007,1353,3594,1852,4993,2429,3521,1650,1736,1759,2969,1044,4028,20,56,123,196,155,278,153,402,200,243,88,99,90,172,57,233,34787,2565,14,0,0,0,0
2021-01-29T23:59:59+01:00,315,540,1005,2004,1350,3586,1847,4985,2426,3518,1643,1726,1750,2960,1039,4009,18,54,121,186,146,271,139,375,170,218,63,73,81,148,50,204,34689,2317,14,0,0,0,0
2021-01-28T23:59:59+01:00,310,530,983,1940,1329,3524,1820,4923,2397,3459,1621,1708,1721,2925,1022,3981,0,3,8,14,8,18,13,44,9,17,7,6,8,7,1,12,34181,175,12,0,0,0,0
2021-01-27T23:59:59+01:00,303,505,948,1860,1295,3405,1758,4799,2337,3370,1570,1663,1675,2853,988,3908,0,2,4,4,5,14,8,20,5,10,6,6,8,7,1,11,33228,111,9,0,0,0,0
2021-01-26T23:59:59+01:00,298,494,938,1846,1281,3367,1741,4740,2310,3316,1540,1631,1640,2779,973,3828,0,2,4,4,5,14,8,20,5,10,6,6,8,7,1,11,32715,111,7,0,0,0,0
2021-01-25T23:59:59+01:00,286,462,885,1730,1217,3189,1648,4468,2207,3129,1484,1580,1581,2686,934,3664,0,2,1,1,1,4,5,3,5,5,6,5,7,7,1,11,31148,64,2,0,0,0,0
2021-01-24T23:59:59+01:00,282,458,873,1710,1206,3167,1618,4434,2180,3113,1475,1571,1572,2675,928,3657,0,2,1,0,1,4,5,3,5,5,5,5,7,7,1,11,30917,62,2,0,0,0,0
2021-01-23T23:59:59+01:00,282,458,873,1710,1205,3166,1618,4430,2179,3112,1474,1571,1571,2674,927,3652,0,2,1,0,1,4,5,3,5,5,5,5,7,7,1,11,30900,62,2,0,0,0,0
2021-01-22T23:59:59+01:00,280,456,868,1707,1200,3159,1612,4425,2168,3105,1463,1560,1564,2654,922,3634,0,2,1,0,1,4,5,3,5,5,5,5,7,7,1,11,30775,62,2,0,0,0,0
2021-01-21T23:59:59+01:00,269,442,838,1635,1175,3032,1555,4260,2081,2972,1367,1465,1433,2478,852,3471,0,2,1,0,1,4,4,2,4,5,4,4,6,7,0,11,29323,55,2,0,0,0,0
2021-01-20T23:59:59+01:00,242,390,760,1475,1089,2719,1407,3800,1923,2670,1250,1320,1318,2297,790,3269,0,2,1,0,1,3,4,2,4,5,4,4,6,7,0,11,26717,54,2,0,0,0,0
2021-01-19T23:59:59+01:00,210,315,652,1220,941,2267,1187,3193,1645,2269,1067,1133,1107,1924,652,2796,0,1,1,0,1,2,4,1,3,5,3,4,6,7,0,11,22576,49,2,0,0,0,0
2021-01-18T23:59:59+01:00,148,253,512,951,730,1727,915,2318,1288,1740,832,902,879,1541,507,2225,0,0,0,0,0,0,0,0,2,2,1,1,0,0,0,0,17467,6,1,0,0,0,0
2021-01-17T23:59:59+01:00,135,216,446,782,644,1503,811,2076,1182,1564,776,824,792,1393,448,2032,0,0,0,0,0,0,0,0,0,1,0,0,0,0,0,0,15624,1,0,0,0,0,0
2021-01-16T23:59:59+01:00,134,215,443,782,642,1495,800,2072,1174,1558,775,820,786,1381,441,2017,0,0,0,0,0,0,0,0,0,0,0,0,0,0,0,0,15535,0,0,0,0,0,0
2021-01-15T23:59:59+01:00,125,207,428,764,616,1455,766,1995,1114,1476,732,766,741,1293,415,1908,0,0,0,0,0,0,0,0,0,0,0,0,0,0,0,0,14801,0,0,0,0,0,0
2021-01-14T23:59:59+01:00,84,150,304,483,414,924,515,1284,756,969,532,532,545,955,319,1446,0,0,0,0,0,0,0,0,0,0,0,0,0,0,0,0,10212,0,0,0,0,0,0
2021-01-13T23:59:59+01:00,66,119,250,407,334,696,396,977,541,680,329,344,373,648,223,991,0,0,0,0,0,0,0,0,0,0,0,0,0,0,0,0,7374,0,0,0,0,0,0
2021-01-12T23:59:59+01:00,53,101,206,349,270,564,287,800,398,532,221,220,232,447,154,674,0,0,0,0,0,0,0,0,0,0,0,0,0,0,0,0,5508,0,0,0,0,0,0
2021-01-11T23:59:59+01:00,37,78,179,299,221,462,219,634,292,372,133,137,128,270,85,386,0,0,0,0,0,0,0,0,0,0,0,0,0,0,0,0,3932,0,0,0,0,0,0
2021-01-10T23:59:59+01:00,27,70,159,246,188,381,181,531,250,318,114,114,113,226,74,311,0,0,0,0,0,0,0,0,0,0,0,0,0,0,0,0,3303,0,0,0,0,0,0
2021-01-09T23:59:59+01:00,27,70,159,244,187,380,180,526,249,317,114,114,113,226,74,311,0,0,0,0,0,0,0,0,0,0,0,0,0,0,0,0,3291,0,0,0,0,0,0
2021-01-08T23:59:59+01:00,25,68,156,234,179,371,165,497,222,293,92,96,107,210,67,289,0,0,0,0,0,0,0,0,0,0,0,0,0,0,0,0,3071,0,0,0,0,0,0
2021-01-07T23:59:59+01:00,1,3,4,7,8,12,11,6,17,11,9,12,16,20,1,31,0,0,0,0,0,0,0,0,0,0,0,0,0,0,0,0,169,0,0,0,0,0,0
2021-01-06T23:59:59+01:00,0,2,1,1,1,5,5,2,5,6,5,5,8,8,0,13,0,0,0,0,0,0,0,0,0,0,0,0,0,0,0,0,67,0,0,0,0,0,0
2021-01-05T23:59:59+01:00,0,2,1,1,1,5,5,2,5,5,5,5,7,7,0,12,0,0,0,0,0,0,0,0,0,0,0,0,0,0,0,0,63,0,0,0,0,0,0
2021-01-04T23:59:59+01:00,0,2,1,1,1,4,4,2,5,5,4,4,6,7,0,12,0,0,0,0,0,0,0,0,0,0,0,0,0,0,0,0,58,0,0,0,0,0,0
2021-01-03T23:59:59+01:00,0,2,1,0,1,4,4,2,5,5,3,4,6,7,0,12,0,0,0,0,0,0,0,0,0,0,0,0,0,0,0,0,56,0,0,0,0,0,0
2021-01-02T23:59:59+01:00,0,2,1,0,1,4,4,2,5,5,3,4,6,7,0,12,0,0,0,0,0,0,0,0,0,0,0,0,0,0,0,0,56,0,0,0,0,0,0
2021-01-01T23:59:59+01:00,0,2,1,0,1,3,4,2,5,5,3,4,6,7,0,12,0,0,0,0,0,0,0,0,0,0,0,0,0,0,0,0,55,0,0,0,0,0,0
2020-12-31T23:59:59+01:00,0,2,1,0,1,3,4,2,5,5,3,4,6,7,0,12,0,0,0,0,0,0,0,0,0,0,0,0,0,0,0,0,55,0,0,0,0,0,0
2020-12-30T23:59:59+01:00,0,2,1,0,1,3,4,2,5,5,3,4,6,7,0,12,0,0,0,0,0,0,0,0,0,0,0,0,0,0,0,0,55,0,0,0,0,0,0
2020-12-29T23:59:59+01:00,0,1,1,0,1,2,4,1,4,5,3,4,6,7,0,12,0,0,0,0,0,0,0,0,0,0,0,0,0,0,0,0,51,0,0,0,0,0,0
2020-12-28T23:59:59+01:00,0,1,1,0,1,1,2,0,3,5,2,1,1,0,0,2,0,0,0,0,0,0,0,0,0,0,0,0,0,0,0,0,20,0,0,0,0,0,0
2020-12-27T23:59:59+01:00,0,1,1,0,1,1,2,0,1,3,1,0,1,0,0,2,0,0,0,0,0,0,0,0,0,0,0,0,0,0,0,0,14,0,0,0,0,0,0
