Datum,0,<15_1_m,<15_1_w,15-24_1_m,15-24_1_w,25-34_1_m,25-34_1_w,35-44_1_m,35-44_1_w,45-54_1_m,45-54_1_w,55-64_1_m,55-64_1_w,65-74_1_m,65-74_1_w,75-84_1_m,75-84_1_w,>84_1_m,>84_1_w,<15_2_m,<15_2_w,15-24_2_m,15-24_2_w,25-34_2_m,25-34_2_w,35-44_2_m,35-44_2_w,45-54_2_m,45-54_2_w,55-64_2_m,55-64_2_w,65-74_2_m,65-74_2_w,75-84_2_m,75-84_2_w,>84_2_m,>84_2_w,bp_1,bp_2,mo_1,mo_2,az_1,az_2,ja,unb_1,unb_2,0
2021/12/14,0,12863,12067,48247,45131,63273,56885,62261,59929,71754,70812,79658,79112,55942,61730,38209,49583,11930,22845,7270,6832,43705,41293,59043,52360,58685,56148,68414,67280,76896,76231,54510,60076,37316,48333,11521,21943,675503,628204,80945,77837,105823,101844,39913,58,58,0
2021/12/13,0,12678,11879,48145,45033,63163,56763,62189,59835,71686,70750,79572,79024,55882,61674,38170,49535,11917,22808,7162,6718,43495,41122,58861,52161,58524,55985,68285,67142,76799,76120,54463,59999,37288,48288,11517,21919,674143,626281,80779,77754,105823,101844,39911,58,58,0
2021/12/12,0,12596,11819,48012,44956,63054,56659,62113,59746,71609,70690,79494,78964,55832,61621,38136,49508,11910,22790,7079,6647,43236,40933,58602,51932,58329,55845,68135,67034,76679,76028,54411,59948,37271,48261,11513,21911,673090,624252,80641,77732,105823,101844,39908,58,58,0
2021/12/11,0,12308,11533,47961,44920,63034,56620,62095,59718,71585,70673,79485,78953,55829,61612,38132,49504,11908,22789,7041,6590,43056,40779,58417,51801,58205,55754,68053,66959,76610,75972,54386,59931,37266,48248,11511,21908,672269,622949,80612,77728,105823,101844,39908,58,58,0
2021/12/10,0,11434,10716,47880,44851,62976,56534,62042,59665,71538,70624,79447,78917,55800,61589,38124,49481,11904,22781,6944,6497,42815,40544,58206,51612,58034,55590,67881,66824,76530,75889,54362,59906,37259,48227,11509,21904,669972,621012,80555,77713,105823,101844,39906,58,58,0
2021/12/09,0,11162,10466,47745,44711,62866,56372,61949,59543,71469,70542,79381,78818,55759,61536,38100,49446,11892,22753,6753,6328,42452,40204,57869,51271,57743,55324,67630,66587,76360,75722,54295,59833,37238,48180,11505,21889,668269,617729,80469,77652,105823,101842,39902,58,58,0
2021/12/08,0,10960,10243,47680,44649,62780,56283,61879,59465,71415,70462,79334,78763,55732,61509,38084,49424,11885,22738,6658,6240,42236,40049,57684,51081,57569,55173,67470,66436,76213,75590,54238,59777,37223,48139,11496,21870,667136,615801,80379,77541,105823,101842,39900,58,58,0
2021/12/07,0,10832,10114,47627,44591,62734,56238,61842,59435,71390,70424,79298,78737,55728,61495,38070,49408,11885,22734,6599,6202,42034,39868,57488,50920,57425,55059,67374,66345,76137,75535,54219,59741,37215,48126,11496,21867,666473,614316,80340,77535,105823,101842,39899,58,58,0
2021/12/06,0,10580,9850,47531,44489,62673,56156,61795,59355,71349,70353,79239,78670,55699,61452,38050,49382,11879,22718,6467,6081,41685,39557,57182,50632,57188,54829,67177,66161,75958,75367,54153,59678,37184,48089,11488,21857,665183,611449,80281,77501,105822,101839,39886,58,58,0
2021/12/05,0,10460,9732,47480,44412,62613,56070,61751,59309,71306,70317,79192,78624,55674,61427,38043,49361,11878,22711,6372,6007,41354,39304,56822,50363,56961,54642,67003,66012,75835,75267,54122,59640,37173,48067,11484,21850,664377,609023,80230,77475,105822,101839,39883,58,58,0
2021/12/04,0,10243,9528,47464,44401,62595,56058,61742,59301,71301,70309,79183,78615,55668,61424,38043,49361,11876,22709,6359,5997,41315,39272,56767,50328,56929,54619,66986,65997,75823,75258,54121,59639,37170,48063,11483,21849,663848,608726,80220,77469,105822,101839,39883,58,58,0
2021/12/03,0,9791,9157,47416,44363,62546,56022,61709,59267,71273,70280,79161,78589,55655,61409,38039,49349,11875,22706,6335,5975,41231,39180,56658,50254,56866,54565,66930,65961,75772,75232,54109,59630,37167,48059,11483,21847,662675,608010,80179,77464,105822,101839,39883,58,58,0
2021/12/02,0,9514,8889,47325,44291,62451,55902,61616,59178,71206,70200,79102,78516,55632,61371,38016,49319,11867,22683,6219,5858,40914,38938,56338,49991,56584,54343,66697,65773,75622,75090,54066,59578,37141,48020,11473,21838,661222,605320,80106,77387,105822,101839,39880,58,57,0
2021/12/01,0,9327,8679,47247,44220,62386,55829,61542,59100,71146,70134,79041,78438,55595,61325,38001,49285,11860,22664,6151,5805,40746,38825,56180,49816,56430,54217,66552,65651,75531,74979,54029,59528,37124,47995,11470,21826,660016,603722,80054,77357,105822,101839,39880,57,57,0
2021/11/30,0,9072,8414,47187,44173,62305,55743,61463,59022,71092,70071,78978,78361,55562,61276,37980,49263,11850,22642,6066,5742,40588,38697,56002,49636,56300,54061,66406,65514,75427,74864,53980,59469,37097,47955,11464,21811,658683,601975,80024,77330,105821,101838,39879,57,57,0
2021/11/29,0,8822,8197,47114,44102,62220,55654,61404,58941,71050,70022,78926,78297,55531,61241,37967,49240,11847,22630,6028,5696,40422,38499,55764,49468,56135,53914,66265,65403,75316,74762,53932,59432,37081,47921,11463,21803,657507,600240,79955,77295,105821,101837,39875,57,57,0
2021/11/28,0,8724,8093,47057,44041,62146,55580,61353,58882,71007,69964,78881,78258,55508,61220,37951,49213,11844,22618,6002,5673,40350,38413,55643,49381,56046,53845,66200,65342,75271,74725,53912,59414,37067,47913,11461,21799,656653,599413,79949,77280,105821,101837,39870,57,57,0
2021/11/27,0,8692,8067,47035,44023,62125,55553,61330,58859,70984,69950,78866,78243,55499,61217,37951,49212,11844,22617,5995,5665,40324,38392,55624,49373,56029,53835,66190,65336,75261,74719,53910,59411,37066,47913,11461,21799,656381,599259,79948,77280,105821,101837,39870,57,57,0
2021/11/26,0,8552,7969,46952,43963,62074,55490,61284,58810,70931,69906,78836,78215,55491,61195,37949,49203,11841,22613,5978,5656,40274,38359,55572,49331,55984,53795,66154,65307,75233,74697,53907,59405,37063,47911,11461,21799,655594,598848,79945,77276,105820,101837,39868,57,57,0
2021/11/25,0,8291,7738,46792,43845,61922,55305,61150,58690,70805,69778,78746,78118,55441,61139,37918,49173,11837,22601,5879,5531,39914,38016,55224,49006,55713,53551,65902,65112,75098,74593,53871,59366,37050,47886,11459,21786,653623,595969,79931,77226,105820,101837,39868,57,57,0
2021/11/24,0,8153,7613,46658,43746,61794,55168,61044,58561,70712,69675,78635,78014,55397,61075,37893,49126,11824,22566,5838,5487,39828,37929,55122,48888,55619,53440,65820,65013,75028,74534,53855,59324,37038,47860,11455,21777,652010,594902,79919,77201,105820,101837,39858,57,57,0
2021/11/23,0,7998,7471,46532,43628,61669,54995,60940,58419,70593,69556,78520,77905,55333,60997,37864,49074,11815,22545,5796,5441,39708,37836,54963,48758,55503,53356,65714,64914,74950,74455,53811,59276,37025,47834,11449,21766,650223,593622,79909,77185,105820,101836,39855,57,57,0
2021/11/22,0,7889,7367,46359,43512,61523,54834,60782,58307,70493,69441,78442,77810,55296,60935,37844,49036,11811,22526,5747,5391,39433,37636,54653,48551,55292,53186,65524,64769,74854,74383,53779,59237,37014,47817,11443,21759,648600,591569,79897,77163,105820,101836,39843,57,57,0
2021/11/21,0,7805,7295,46256,43417,61404,54727,60659,58230,70403,69361,78369,77740,55262,60891,37831,49023,11808,22516,5718,5362,39324,37554,54535,48467,55200,53119,65453,64703,74815,74337,53761,59222,37009,47801,11441,21754,647404,590683,79885,77158,105820,101836,39841,57,57,0
2021/11/20,0,7783,7269,46194,43349,61320,54655,60587,58183,70356,69324,78330,77712,55245,60875,37826,49016,11807,22515,5714,5360,39301,37541,54509,48453,55178,53099,65438,64696,74805,74333,53760,59218,37004,47800,11440,21754,646763,590519,79883,77158,105820,101836,39833,57,57,0
2021/11/19,0,7687,7174,46000,43173,61144,54470,60435,58024,70215,69229,78244,77637,55220,60849,37820,49000,11805,22509,5700,5344,39240,37490,54468,48420,55132,53060,65410,64670,74779,74319,53758,59206,37001,47797,11439,21751,645087,590134,79872,77149,105817,101834,39810,57,57,0
2021/11/18,0,7482,6968,45599,42845,60815,54100,60125,57758,69926,68995,78079,77468,55156,60774,37794,48947,11800,22488,5630,5277,38967,37238,54223,48217,54918,52883,65216,64514,74651,74255,53719,59163,36985,47766,11430,21742,641630,588001,79843,77123,105816,101832,39781,57,57,0
2021/11/17,0,7337,6846,45264,42606,60521,53833,59901,57538,69731,68803,77920,77308,55095,60716,37777,48896,11789,22471,5593,5248,38871,37169,54111,48127,54844,52816,65142,64454,74597,74197,53691,59136,36969,47744,11423,21736,638951,587143,79785,77087,105816,101831,39750,57,57,0
2021/11/16,0,7199,6731,45008,42403,60254,53571,59687,57335,69550,68623,77786,77164,55025,60641,37747,48844,11774,22443,5531,5196,38702,37019,53982,47992,54732,52707,65041,64363,74511,74123,53656,59088,36938,47712,11419,21723,636417,585735,79762,77072,105816,101831,39740,57,57,0
2021/11/15,0,7053,6605,44478,42005,59808,53206,59384,57062,69277,68396,77593,76988,54960,60565,37702,48797,11771,22433,5487,5148,38510,36845,53781,47832,54554,52577,64905,64244,74432,74053,53629,59054,36930,47692,11416,21714,632804,584186,79741,77057,105816,101831,39672,57,57,0
2021/11/14,0,6974,6536,44238,41831,59600,53025,59191,56909,69129,68265,77480,76919,54937,60530,37691,48779,11768,22426,5441,5103,38339,36712,53599,47679,54418,52473,64782,64148,74374,73982,53597,59031,36922,47673,11415,21709,630980,582797,79720,77050,105816,101831,39662,57,57,0
2021/11/13,0,6970,6530,44223,41820,59584,53012,59181,56899,69123,68259,77469,76915,54935,60529,37690,48777,11767,22426,5441,5101,38336,36712,53597,47679,54414,52469,64777,64144,74368,73979,53592,59027,36920,47665,11413,21708,630865,582742,79719,77050,105813,101831,39662,57,57,0
2021/11/12,0,6913,6489,44087,41683,59436,52916,59059,56793,69033,68191,77401,76877,54922,60514,37683,48765,11762,22421,5438,5093,38310,36693,53570,47663,54389,52457,64754,64130,74352,73968,53586,59022,36918,47662,11411,21706,629745,582553,79705,77049,105813,101831,39632,57,57,0
2021/11/11,0,6734,6300,43412,41168,58818,52407,58591,56414,68656,67856,77126,76688,54860,60445,37656,48725,11753,22410,5384,5031,38127,36560,53419,47528,54268,52346,64639,64029,74275,73921,53554,58993,36906,47644,11410,21695,625010,581330,79664,77024,105808,101831,39487,57,57,0
2021/11/10,0,6631,6209,42995,40871,58409,52058,58292,56169,68398,67605,76949,76520,54791,60381,37634,48686,11745,22399,5364,5005,38032,36498,53344,47453,54201,52271,64585,63973,74216,73880,53523,58959,36890,47622,11405,21688,621856,580632,79649,77012,105808,101829,39379,57,57,0
2021/11/09,0,6560,6158,42891,40779,58283,51916,58176,56032,68267,67486,76864,76423,54749,60337,37620,48661,11738,22383,5338,4977,37959,36454,53299,47392,54148,52182,64529,63894,74138,73803,53492,58922,36872,47596,11398,21669,620481,579990,79615,76816,105806,101828,39371,57,57,0
2021/11/08,0,6425,6044,42156,40116,57542,51308,57623,55591,67852,67102,76579,76152,54631,60245,37592,48621,11730,22369,5309,4955,37854,36349,53141,47269,54058,52101,64459,63803,74057,73745,53463,58888,36861,47580,11395,21664,615140,579173,79592,76802,105805,101828,39091,57,57,0
2021/11/07,0,6369,6005,41992,39980,57347,51147,57478,55482,67753,67028,76527,76102,54613,60225,37584,48615,11728,22364,5291,4940,37779,36277,53068,47186,54002,52058,64428,63750,74031,73722,53451,58876,36851,47573,11394,21657,613866,578595,79537,76774,105805,101827,39081,57,57,0
2021/11/06,0,6364,5996,41974,39962,57327,51132,57463,55472,67743,67019,76521,76099,54611,60225,37582,48615,11728,22363,5289,4940,37778,36275,53066,47182,54000,52056,64423,63749,74029,73720,53449,58874,36851,47572,11394,21657,613727,578569,79536,76773,105805,101827,39078,57,57,0
2021/11/05,0,6348,5976,41932,39933,57290,51082,57415,55441,67719,67002,76494,76086,54606,60219,37579,48613,11728,22361,5281,4935,37754,36267,53057,47171,53992,52049,64411,63737,74022,73711,53445,58872,36849,47568,11394,21657,613379,578461,79533,76770,105805,101827,39057,57,57,0
2021/11/04,0,6224,5829,41395,39441,56702,50615,56966,55073,67294,66675,76277,75944,54568,60169,37566,48583,11722,22353,5221,4871,37548,36128,52853,47023,53819,51916,64252,63618,73920,73641,53413,58847,36835,47545,11383,21649,609525,577300,79462,76744,105804,101826,38555,57,57,0
2021/11/03,0,6188,5784,41304,39374,56587,50518,56867,54988,67221,66607,76231,75900,54558,60150,37557,48566,11717,22348,5177,4837,37478,36065,52805,46974,53775,51860,64206,63575,73877,73605,53397,58822,36822,47525,11379,21641,608641,576672,79442,76739,105803,101823,38529,57,57,0
2021/11/02,0,6140,5734,41169,39263,56421,50398,56749,54883,67095,66528,76162,75841,54533,60128,37547,48554,11716,22337,5106,4765,37344,35911,52655,46817,53655,51738,64118,63473,73792,73519,53349,58776,36802,47492,11376,21631,607426,575240,79421,76702,105803,101823,38497,57,57,0
2021/11/01,0,6055,5656,40678,38893,55890,50049,56382,54628,66815,66325,76020,75751,54499,60102,37540,48547,11713,22328,5073,4724,37202,35796,52524,46724,53539,51653,64020,63411,73729,73474,53336,58763,36792,47477,11373,21624,604418,574494,79396,76660,105803,101821,38202,57,57,0
2021/10/31,0,6053,5656,40671,38887,55886,50046,56378,54624,66810,66321,76017,75749,54498,60102,37540,48547,11713,22328,5073,4723,37199,35793,52524,46723,53537,51652,64016,63409,73729,73474,53336,58763,36792,47477,11373,21624,604380,574481,79393,76660,105803,101821,38198,57,57,0
2021/10/30,0,6049,5654,40668,38887,55879,50043,56377,54622,66808,66320,76016,75747,54498,60102,37540,48547,11713,22328,5073,4723,37199,35793,52524,46722,53536,51651,64015,63408,73728,73474,53335,58763,36792,47477,11373,21624,604353,574475,79393,76660,105803,101821,38197,57,57,0
2021/10/29,0,6046,5648,40650,38869,55865,50025,56360,54611,66789,66312,75999,75742,54496,60098,37539,48546,11711,22328,5071,4720,37188,35778,52522,46716,53532,51646,64011,63401,73720,73466,53330,58762,36791,47474,11372,21623,604195,574396,79390,76657,105803,101819,38194,57,57,0
2021/10/28,0,5947,5548,40121,38512,55395,49691,55953,54312,66448,66083,75826,75636,54459,60069,37534,48527,11709,22318,5009,4673,37007,35662,52360,46599,53391,51537,63865,63319,73636,73419,53304,58736,36777,47456,11370,21616,601078,573418,79351,76637,105798,101817,37807,57,57,0
2021/10/27,0,5922,5527,40068,38453,55323,49635,55896,54260,66384,66054,75803,75616,54443,60057,37528,48515,11708,22312,4985,4647,36956,35620,52308,46562,53359,51501,63821,63269,73601,73393,53281,58716,36771,47445,11367,21604,600514,572914,79339,76625,105798,101811,37799,57,57,0
2021/10/26,0,5874,5492,39960,38358,55220,49532,55822,54193,66317,65986,75749,75575,54429,60041,37518,48501,11705,22307,4933,4604,36851,35478,52211,46476,53290,51419,63768,63208,73541,73339,53247,58694,36757,47421,11361,21590,599612,571927,79337,76616,105798,101810,37778,57,57,0
2021/10/25,0,5812,5424,39726,38122,54940,49328,55569,54031,66097,65843,75647,75496,54407,60011,37511,48491,11705,22304,4920,4595,36794,35416,52126,46421,53222,51378,63719,63168,73497,73307,53238,58678,36751,47416,11359,21587,597775,571613,79337,76614,105798,101808,37500,57,57,0
2021/10/24,0,5781,5395,39643,38037,54863,49250,55511,53992,66052,65816,75628,75477,54402,60002,37506,48488,11703,22300,4887,4579,36732,35354,52080,46374,53186,51337,63682,63139,73475,73275,53230,58664,36740,47408,11357,21585,597171,571126,79335,76607,105798,101806,37488,57,57,0
2021/10/23,0,5781,5395,39642,38036,54861,49250,55509,53989,66052,65816,75628,75477,54402,60001,37506,48488,11703,22300,4887,4579,36732,35353,52080,46374,53186,51335,63682,63139,73474,73275,53230,58664,36740,47408,11357,21585,597162,571123,79335,76607,105798,101806,37487,57,57,0
2021/10/22,0,5778,5390,39615,38018,54841,49235,55498,53982,66038,65804,75619,75470,54398,59998,37506,48486,11702,22300,4882,4570,36717,35339,52069,46354,53177,51324,63665,63130,73460,73265,53220,58657,36739,47405,11356,21583,597027,570971,79324,76606,105798,101803,37475,57,57,0
2021/10/21,0,5702,5310,39362,37821,54568,49047,55285,53830,65855,65681,75522,75414,54381,59981,37499,48476,11699,22295,4796,4498,36491,35129,51883,46194,53007,51193,63534,63008,73376,73206,53196,58621,36727,47387,11352,21577,595327,569488,79290,76569,105798,101802,37259,57,57,0
2021/10/20,0,5678,5296,39326,37794,54548,49024,55268,53801,65829,65656,75497,75396,54373,59970,37490,48461,11698,22288,4777,4478,36472,35099,51861,46162,52983,51162,63511,62986,73351,73179,53178,58599,36721,47374,11349,21570,595005,569141,79283,76559,105798,101802,37253,57,57,0
2021/10/19,0,5644,5266,39271,37756,54511,48984,55228,53768,65793,65623,75470,75369,54357,59949,37482,48447,11694,22285,4754,4456,36419,35051,51818,46108,52949,51124,63474,62952,73313,73139,53166,58575,36699,47359,11344,21560,594520,568604,79278,76555,105798,101797,37247,57,57,0
2021/10/18,0,5609,5238,39131,37622,54387,48885,55146,53685,65725,65581,75413,75333,54347,59933,37475,48433,11692,22284,4687,4395,36272,34906,51694,45985,52867,51032,63427,62889,73253,73090,53141,58540,36689,47342,11339,21554,593643,567562,79265,76527,105798,101797,37159,57,57,0
2021/10/17,0,5603,5230,39121,37611,54372,48869,55143,53675,65719,65569,75406,75328,54344,59929,37472,48430,11691,22279,4677,4384,36252,34876,51673,45961,52850,51010,63413,62872,73236,73076,53130,58528,36684,47335,11338,21545,593520,567311,79265,76521,105797,101796,37155,57,57,0
2021/10/16,0,5603,5230,39120,37611,54370,48868,55140,53673,65719,65569,75406,75328,54344,59929,37472,48430,11691,22279,4674,4381,36247,34872,51669,45958,52846,51006,63411,62868,73234,73075,53129,58527,36683,47334,11338,21543,593514,567269,79265,76521,105797,101796,37152,57,57,0
2021/10/15,0,5598,5227,39102,37597,54352,48855,55134,53668,65702,65563,75399,75316,54336,59927,37468,48423,11690,22279,4666,4379,36234,34870,51663,45950,52841,51000,63406,62861,73229,73069,53125,58523,36680,47333,11338,21542,593380,567204,79265,76519,105797,101789,37140,57,57,0
2021/10/14,0,5540,5168,38962,37478,54217,48753,55042,53587,65633,65479,75337,75263,54305,59906,37460,48407,11683,22264,4548,4263,35949,34540,51443,45725,52689,50827,63261,62714,73133,72991,53068,58476,36656,47302,11333,21533,592350,565105,79248,76480,105797,101775,37035,57,56,0
2021/10/13,0,5500,5134,38927,37435,54184,48717,55015,53553,65607,65454,75316,75237,54293,59894,37454,48399,11679,22260,4517,4236,35909,34499,51417,45684,52653,50791,63227,62678,73100,72961,53044,58460,36647,47279,11332,21522,591945,564670,79234,76443,105797,101759,37028,57,56,0
2021/10/12,0,5465,5111,38853,37390,54125,48648,54974,53505,65573,65419,75281,75200,54277,59877,37444,48383,11673,22250,4497,4210,35851,34446,51370,45629,52618,50755,63190,62636,73060,72914,53019,58431,36624,47255,11325,21509,591353,564074,79228,76437,105797,101756,37016,57,56,0
2021/10/11,0,5411,5059,38690,37257,53991,48533,54869,53419,65499,65357,75233,75171,54265,59858,37433,48372,11671,22246,4405,4129,35623,34228,51184,45438,52483,50621,63094,62522,72975,72850,52980,58393,36612,47235,11322,21500,590396,562492,79226,76434,105797,101751,36861,57,56,0
2021/10/10,0,5392,5049,38643,37217,53948,48492,54849,53388,65480,65337,75217,75151,54262,59853,37429,48369,11670,22240,4387,4122,35590,34208,51162,45411,52465,50604,63084,62510,72962,72836,52976,58384,36607,47225,11319,21496,590069,562273,79222,76426,105795,101747,36846,57,56,0
2021/10/09,0,5392,5048,38643,37217,53948,48492,54849,53388,65480,65337,75217,75151,54262,59853,37429,48369,11670,22240,4387,4122,35589,34208,51161,45411,52465,50604,63082,62510,72962,72836,52976,58384,36607,47225,11319,21496,590068,562272,79222,76424,105795,101746,36846,57,56,0
2021/10/08,0,5384,5035,38624,37197,53934,48476,54841,53383,65469,65328,75205,75142,54260,59850,37427,48364,11669,22239,4380,4113,35575,34188,51149,45396,52458,50593,63073,62503,72956,72830,52974,58382,36605,47221,11319,21494,589923,562153,79222,76422,105795,101745,36833,57,56,0
2021/10/07,0,5315,4948,38448,37041,53808,48349,54729,53278,65368,65236,75136,75093,54242,59813,37403,48340,11662,22227,4229,3944,35201,33837,50900,45085,52259,50326,62875,62308,72787,72672,52907,58312,36580,47174,11309,21478,588599,559934,79189,75655,105794,101738,36800,57,56,0
2021/10/06,0,5279,4920,38402,37000,53775,48312,54684,53240,65318,65201,75110,75071,54223,59800,37396,48324,11656,22218,4209,3927,35160,33801,50876,45058,52238,50302,62845,62293,72762,72655,52885,58282,36561,47154,11302,21466,588120,559552,79183,75653,105792,101735,36780,57,56,0
2021/10/05,0,5247,4895,38321,36923,53710,48249,54633,53174,65255,65144,75064,75023,54185,59773,37376,48292,11647,22186,4178,3898,35093,33729,50829,44995,52203,50257,62792,62255,72722,72615,52853,58244,36531,47101,11295,21443,587365,558869,79163,75652,105792,101733,36723,57,56,0
2021/10/04,0,5184,4837,38105,36754,53539,48131,54521,53066,65185,65074,74998,74975,54155,59739,37361,48274,11638,22171,4066,3761,34784,33380,50582,44750,52016,50079,62632,62102,72605,72517,52797,58183,36477,47046,11283,21424,586273,556605,79151,75651,105790,101733,36439,57,56,0
2021/10/03,0,5173,4823,38081,36730,53504,48094,54496,53052,65168,65056,74986,74962,54147,59725,37356,48261,11638,22166,4051,3756,34732,33344,50530,44706,51978,50031,62590,62065,72564,72485,52780,58159,36465,47030,11281,21416,586018,556124,79149,75651,105787,101722,36410,57,56,0
2021/10/02,0,5171,4814,38077,36723,53496,48090,54493,53049,65165,65055,74982,74959,54147,59723,37356,48261,11638,22166,4050,3756,34730,33342,50522,44704,51974,50030,62588,62065,72563,72484,52780,58158,36465,47030,11281,21416,585980,556115,79149,75650,105787,101722,36395,57,56,0
2021/10/01,0,5163,4797,38032,36694,53463,48060,54470,53024,65134,65039,74955,74942,54137,59718,37353,48258,11635,22164,4046,3753,34710,33330,50505,44696,51960,50016,62575,62057,72546,72472,52771,58152,36462,47028,11279,21414,585732,556031,79147,75648,105784,101716,36321,57,56,0
2021/09/30,0,5072,4734,37822,36488,53293,47896,54325,52894,65029,64919,74885,74884,54122,59688,37342,48240,11632,22157,3969,3678,34567,33176,50412,44570,51883,49901,62490,61965,72479,72413,52759,58122,36453,47003,11276,21404,584194,555448,79128,75039,105781,101711,36266,56,56,0
2021/09/29,0,5049,4713,37787,36447,53244,47848,54287,52847,64997,64881,74855,74855,54105,59665,37330,48229,11628,22145,3953,3661,34539,33140,50382,44544,51860,49880,62469,61935,72457,72392,52750,58113,36448,46993,11274,21396,583731,555158,79116,75035,105781,101706,36231,56,56,0
2021/09/28,0,5026,4689,37727,36390,53203,47795,54252,52803,64954,64837,74810,74820,54067,59629,37311,48206,11620,22134,3939,3644,34483,33101,50349,44514,51833,49857,62443,61914,72420,72362,52721,58075,36426,46966,11271,21384,583172,554763,79114,75028,105781,101702,36153,56,56,0
2021/09/27,0,4950,4629,37529,36211,53017,47628,54130,52692,64851,64730,74711,74742,54039,59601,37299,48188,11619,22123,3806,3486,34060,32714,50041,44190,51602,49608,62245,61727,72288,72236,52680,58015,36405,46935,11269,21374,582114,552253,79095,75027,105781,101699,35646,56,56,0
2021/09/26,0,4947,4623,37507,36180,52987,47609,54116,52676,64835,64720,74699,74732,54032,59590,37298,48185,11619,22118,3797,3479,34045,32707,50027,44172,51594,49598,62231,61721,72280,72229,52676,58007,36404,46930,11267,21370,581937,552134,79075,75019,105779,101697,35629,56,55,0
2021/09/25,0,4944,4620,37501,36176,52984,47605,54112,52673,64833,64716,74695,74730,54031,59587,37297,48184,11619,22117,3797,3478,34042,32707,50027,44172,51594,49597,62231,61720,72278,72229,52676,58006,36404,46930,11267,21370,581894,552129,79073,75019,105779,101697,35625,56,55,0
2021/09/24,0,4941,4617,37482,36161,52963,47591,54090,52661,64814,64705,74681,74720,54024,59584,37294,48180,11619,22113,3793,3472,34032,32692,50012,44162,51574,49582,62218,61714,72260,72220,52669,57999,36398,46923,11267,21368,581773,552022,79073,75017,105776,101696,35565,56,55,0
2021/09/23,0,4811,4497,37076,35741,52605,47257,53797,52384,64572,64488,74495,74589,53962,59528,37265,48136,11610,22093,3760,3429,33848,32523,49788,44009,51405,49476,62067,61608,72144,72144,52631,57974,36374,46902,11265,21360,579426,551344,79029,74993,105776,101693,34622,56,55,0
2021/09/22,0,4782,4474,37033,35684,52537,47178,53730,52326,64505,64435,74436,74536,53933,59505,37257,48119,11608,22088,3743,3417,33811,32481,49744,43951,51346,49425,62012,61568,72097,72110,52613,57956,36368,46891,11263,21359,578987,551086,79022,74990,105773,101692,34332,55,55,0
2021/09/21,0,4766,4451,36974,35635,52470,47113,53683,52277,64438,64384,74378,74481,53890,59473,37243,48094,11603,22079,3722,3403,33778,32429,49710,43903,51305,49380,61964,61530,72058,72069,52584,57932,36357,46873,11262,21352,578432,550719,79013,74988,105771,101685,34164,55,55,0
2021/09/20,0,4662,4387,36635,35328,52146,46803,53445,52050,64225,64193,74219,74368,53825,59418,37222,48059,11596,22073,3517,3215,33265,31994,49332,43563,51017,49073,61709,61318,71891,71917,52528,57867,36334,46828,11255,21342,576577,548002,79008,74983,105770,101679,33247,55,54,0
2021/09/19,0,4650,4382,36622,35317,52134,46794,53429,52038,64213,64188,74209,74357,53822,59412,37219,48056,11595,22073,3507,3207,33244,31976,49327,43552,51008,49061,61695,61307,71879,71907,52522,57863,36333,46826,11255,21339,576469,547876,79001,74979,105767,101678,33221,55,54,0
2021/09/18,0,4650,4382,36619,35316,52132,46793,53429,52037,64213,64188,74208,74357,53822,59412,37219,48056,11595,22073,3506,3207,33241,31976,49323,43550,51008,49061,61695,61307,71878,71907,52521,57863,36333,46826,11255,21339,576466,547870,79001,74979,105767,101678,33215,55,54,0
2021/09/17,0,4643,4369,36603,35291,52110,46773,53418,52018,64196,64179,74193,74338,53813,59405,37216,48051,11594,22072,3505,3203,33231,31959,49311,43539,51004,49052,61691,61303,71870,71895,52514,57861,36333,46825,11255,21337,576300,547817,79001,74979,105767,101676,33162,55,54,0
2021/09/16,0,4492,4217,36234,34927,51854,46473,53205,51753,64012,63995,74035,74188,53758,59345,37199,48016,11591,22060,3437,3162,33101,31853,49229,43431,50925,48969,61630,61248,71819,71862,52498,57847,36324,46813,11254,21333,573859,546978,78544,74899,105766,101671,33133,55,54,0
2021/09/15,0,4449,4179,36166,34853,51809,46418,53139,51698,63961,63946,73995,74145,53740,59324,37189,48006,11590,22054,3394,3130,33048,31803,49179,43378,50867,48919,61583,61204,71789,71831,52490,57826,36314,46804,11254,21327,573485,546642,78456,74884,105766,101658,32902,55,54,0
2021/09/14,0,4408,4139,36103,34799,51759,46348,53097,51647,63915,63901,73950,74103,53715,59305,37174,47987,11588,22050,3348,3102,32981,31731,49133,43329,50833,48873,61529,61166,71753,71788,52467,57802,36305,46790,11253,21324,572942,546084,78388,74877,105765,101651,32841,55,54,0
2021/09/13,0,4258,3961,35733,34365,51484,46028,52879,51413,63705,63691,73814,73977,53660,59235,37136,47953,11587,22042,3058,2849,32514,31260,48899,43079,50652,48671,61382,60983,71612,71677,52414,57743,36289,46754,11247,21314,570335,543092,77961,74798,105764,101645,32808,55,54,0
2021/09/12,0,4249,3951,35709,34349,51468,46005,52861,51396,63691,63674,73805,73967,53657,59229,37131,47952,11587,22041,3041,2841,32488,31243,48882,43061,50642,48663,61370,60968,71595,71664,52407,57735,36283,46751,11244,21314,570184,542932,77945,74790,105753,101630,32787,55,53,0
2021/09/11,0,4246,3948,35705,34345,51467,46003,52855,51389,63689,63669,73803,73961,53653,59224,37131,47950,11587,22041,3038,2840,32479,31239,48879,43058,50638,48659,61367,60964,71592,71660,52405,57733,36283,46749,11244,21314,570157,542910,77945,74790,105753,101630,32758,55,53,0
2021/09/10,0,4245,3947,35588,34245,51271,45850,52666,51247,63513,63555,73668,73871,53615,59185,37111,47932,11585,22036,3028,2830,32349,31128,48679,42893,50444,48521,61177,60842,71457,71566,52363,57690,36261,46728,11241,21309,570097,542756,77943,74787,105752,101626,31285,55,52,0
2021/09/09,0,4217,3908,35508,34175,51215,45780,52605,51158,63454,63497,73628,73833,53591,59157,37097,47913,11583,22032,2995,2799,32256,31060,48637,42843,50392,48480,61135,60808,71416,71534,52344,57676,36253,46713,11240,21305,569483,542274,77907,74780,105732,101604,31176,55,52,0
2021/09/08,0,4192,3888,35475,34132,51190,45749,52587,51131,63420,63465,73607,73810,53584,59142,37090,47902,11583,22029,2977,2783,32199,31030,48598,42817,50364,48448,61099,60780,71400,71514,52331,57664,36243,46702,11238,21298,569134,541912,77907,74779,105732,101592,31150,55,52,0
2021/09/07,0,4179,3874,35435,34088,51157,45718,52563,51105,63394,63440,73571,73780,53572,59126,37073,47888,11581,22023,2955,2765,32152,30979,48562,42781,50325,48412,61075,60750,71366,71485,52318,57648,36234,46689,11235,21294,568756,541492,77906,74777,105732,101584,31120,55,52,0
2021/09/06,0,4003,3690,34957,33618,50781,45326,52296,50804,63166,63199,73411,73630,53508,59045,37054,47848,11578,22014,2914,2710,31944,30795,48356,42623,50182,48271,60961,60631,71270,71398,52271,57602,36218,46670,11231,21281,565948,540632,77906,74775,105732,101580,30289,55,52,0
2021/09/05,0,3995,3678,34938,33603,50777,45317,52284,50796,63154,63189,73396,73625,53503,59037,37048,47841,11576,22010,2906,2700,31924,30776,48337,42609,50169,48263,60950,60621,71260,71393,52265,57590,36215,46665,11230,21279,565810,540494,77905,74773,105732,101566,30267,55,52,0
2021/09/04,0,3995,3678,34937,33603,50777,45317,52283,50795,63154,63189,73396,73625,53503,59037,37048,47841,11576,22010,2906,2700,31923,30774,48337,42609,50167,48261,60950,60621,71259,71393,52265,57590,36215,46665,11230,21279,565809,540490,77905,74771,105732,101566,30265,55,52,0
2021/09/03,0,3947,3631,34773,33467,50623,45192,52172,50680,63005,63066,73271,73525,53463,58989,37027,47820,11572,22007,2829,2611,31647,30583,48134,42440,49994,48095,60744,60449,71114,71247,52211,57533,36190,46642,11228,21275,565668,540355,77307,73525,105721,101553,29481,55,52,0
2021/09/02,0,3921,3601,34713,33419,50588,45151,52139,50647,62964,63026,73232,73498,53442,58977,37018,47802,11572,22001,2812,2586,31577,30521,48083,42390,49953,48051,60689,60397,71073,71220,52193,57518,36181,46634,11227,21270,565252,539960,77285,73521,105721,101442,29400,55,52,0
2021/09/01,0,3905,3587,34684,33386,50565,45123,52121,50625,62944,62993,73205,73480,53433,58968,37015,47794,11572,22000,2784,2567,31522,30481,48050,42362,49922,48025,60657,60373,71050,71189,52174,57500,36171,46627,11227,21267,564987,539606,77281,73515,105719,101415,29360,55,52,0
2021/08/31,0,3878,3573,34644,33337,50538,45087,52093,50593,62916,62961,73175,73448,53412,58946,37007,47782,11569,21999,2775,2555,31462,30447,48023,42337,49899,48007,60629,60357,71035,71162,52160,57490,36168,46620,11224,21260,564592,539327,77281,73511,105718,101406,29314,55,52,0
2021/08/30,0,3652,3363,34053,32817,50114,44704,51743,50247,62624,62699,72969,73271,53329,58860,36976,47735,11566,21991,2717,2495,31173,30183,47725,42102,49672,47837,60443,60225,70881,71059,52092,57445,36149,46589,11221,21253,561586,538228,77281,73508,105717,101396,28077,54,52,0
2021/08/29,0,3646,3355,34031,32797,50096,44694,51727,50227,62614,62685,72959,73255,53321,58855,36974,47728,11566,21989,2711,2494,31153,30162,47701,42075,49651,47820,60426,60207,70869,71048,52089,57436,36146,46588,11221,21251,561441,538107,77279,73506,105716,101352,28031,54,52,0
2021/08/28,0,3646,3355,34028,32797,50089,44693,51726,50225,62614,62682,72957,73254,53319,58853,36974,47728,11566,21989,2711,2491,31144,30153,47695,42073,49648,47817,60424,60203,70866,71046,52088,57432,36146,46588,11221,21251,561431,538071,77279,73505,105716,101352,28017,54,52,0
2021/08/27,0,3642,3349,34019,32778,50085,44686,51714,50218,62606,62677,72940,73248,53315,58850,36973,47727,11565,21988,2703,2488,31126,30135,47686,42060,49638,47808,60416,60195,70854,71045,52086,57431,36145,46587,11220,21251,561355,537992,77279,73503,105716,101349,27978,54,52,0
2021/08/26,0,3617,3321,33978,32725,50058,44650,51672,50169,62560,62653,72909,73217,53305,58840,36966,47725,11564,21984,2629,2394,30828,29865,47465,41848,49462,47652,60299,60094,70771,70973,52051,57397,36128,46563,11218,21247,561004,536161,77252,73497,105715,101284,27890,54,52,0
2021/08/25,0,3576,3297,33927,32680,50032,44602,51635,50138,62521,62618,72873,73193,53295,58822,36961,47710,11563,21983,2366,2173,30072,29163,47021,41436,49137,47360,60076,59869,70595,70822,51984,57321,36106,46528,11209,21239,560566,531830,77252,73494,105715,101261,27841,54,51,0
2021/08/24,0,3536,3275,33868,32623,50001,44560,51606,50090,62475,62569,72829,73145,53274,58797,36948,47697,11561,21975,2289,2109,29838,28939,46889,41303,49026,47254,59983,59775,70510,70723,51938,57275,36086,46516,11205,21236,560076,530388,77248,73488,105713,101227,27740,54,51,0
2021/08/23,0,3231,3006,33232,32002,49573,44161,51264,49785,62148,62273,72536,72913,53177,58709,36909,47634,11550,21966,2229,2056,29415,28547,46501,41006,48783,47043,59712,59566,70285,70575,51862,57205,36062,46473,11199,21230,557002,528932,77244,73485,105711,101222,26060,54,50,0
2021/08/22,0,3220,2998,33221,31996,49563,44151,51255,49779,62143,62266,72531,72911,53173,58706,36907,47632,11550,21965,2225,2053,29389,28529,46480,40997,48773,47031,59701,59558,70278,70571,51853,57201,36059,46470,11199,21230,556936,528829,77240,73476,105706,101208,26034,53,50,0
2021/08/21,0,3218,2998,33216,31994,49561,44150,51254,49776,62140,62265,72530,72910,53173,58706,36907,47632,11550,21965,2224,2051,29375,28517,46474,40994,48767,47027,59697,59558,70278,70570,51852,57201,36059,46470,11199,21230,556921,528789,77240,73469,105706,101208,26027,53,50,0
2021/08/20,0,3202,2987,33092,31899,49368,44014,51081,49666,61959,62136,72382,72828,53124,58664,36892,47614,11547,21961,2197,2037,28833,28019,45995,40626,48486,46816,59440,59372,70071,70445,51766,57143,36029,46442,11195,21223,556694,527089,77239,73293,105706,100976,24727,52,50,0
2021/08/19,0,3175,2964,33040,31859,49334,43977,51032,49626,61914,62098,72333,72789,53098,58644,36885,47599,11543,21954,2109,1954,27889,27166,45210,40024,48058,46457,59105,59096,69794,70223,51666,57053,35987,46394,11190,21218,556277,522706,77204,72320,105701,100885,24632,52,50,0
2021/08/18,0,3154,2945,32988,31814,49297,43941,50993,49589,61868,62061,72288,72763,53069,58627,36871,47585,11542,21949,2010,1854,26594,25867,44283,39153,47352,45717,58422,58512,69307,69767,51478,56834,35911,46301,11178,21201,555839,517174,77183,69112,105698,100831,24574,52,50,0
2021/08/17,0,3130,2922,32919,31750,49250,43873,50950,49554,61821,62016,72250,72723,53046,58603,36858,47572,11539,21944,1881,1744,25308,24477,43412,38461,46750,45235,57888,58070,68874,69441,51342,56650,35835,46221,11163,21187,555287,511558,77178,67028,105697,100795,24508,52,50,0
2021/08/16,0,3118,2901,32902,31730,49224,43849,50940,49536,61801,61998,72228,72709,53036,58595,36856,47561,11537,21940,1789,1659,23869,23088,42510,37620,46469,44941,57662,57809,68667,69282,51269,56564,35804,46177,11161,21173,555055,505199,77175,66995,105693,100781,24488,52,50,0
2021/08/15,0,3110,2889,32887,31713,49210,43842,50930,49525,61784,61981,72213,72697,53032,58586,36853,47561,11537,21940,1505,1402,21443,20637,41753,37078,46101,44566,57330,57508,68380,69025,51155,56460,35767,46121,11158,21163,554915,496454,77174,66815,105683,100765,24468,52,50,0
2021/08/14,0,3110,2888,32882,31710,49204,43841,50927,49523,61779,61978,72209,72689,53032,58586,36852,47561,11537,21940,1503,1394,21416,20610,41714,37046,46084,44551,57315,57496,68367,69014,51153,56457,35766,46120,11158,21162,554904,496259,77173,66814,105683,100765,24438,52,50,0
2021/08/13,0,3096,2871,32838,31681,49180,43828,50905,49506,61746,61947,72187,72669,53026,58579,36849,47556,11536,21937,1478,1369,21296,20523,41624,36948,46020,44498,57266,57456,68326,68981,51136,56445,35757,46111,11157,21160,554746,495659,77172,66811,105682,100744,24287,52,50,0
2021/08/12,0,3078,2841,32791,31632,49148,43786,50867,49476,61691,61920,72151,72634,53011,58561,36832,47547,11535,21934,1394,1309,20823,20210,40670,36132,45651,44168,57046,57276,68150,68817,51063,56362,35727,46067,11153,21153,554339,491416,77168,66807,105679,100699,24199,52,50,0
2021/08/11,0,3036,2810,32733,31587,49115,43754,50842,49451,61663,61889,72123,72606,52989,58536,36820,47538,11534,21927,1170,1129,19928,19324,39341,34944,45047,43589,56683,56948,67856,68543,50941,56226,35689,46008,11151,21140,553925,483992,77162,66802,105679,100676,24137,52,50,0
2021/08/10,0,3020,2791,32679,31540,49084,43721,50810,49418,61643,61848,72085,72561,52967,58521,36809,47515,11533,21922,924,885,18899,18359,37243,33078,44160,42713,56228,56549,67467,68197,50791,56073,35628,45912,11145,21120,553459,473747,77161,66799,105678,100656,24119,52,50,0
2021/08/09,0,3005,2784,32649,31516,49055,43701,50782,49399,61623,61831,72065,72540,52957,58512,36804,47505,11531,21921,494,474,17475,16947,34264,30659,43492,42078,55819,56186,67133,67869,50649,55925,35578,45863,11139,21102,553205,461566,77159,66794,105673,100644,24093,52,49,0
2021/08/08,0,3002,2784,32636,31502,49043,43694,50777,49393,61612,61823,72061,72539,52956,58509,36804,47502,11531,21920,491,471,17447,16917,34241,30643,43455,42048,55805,56173,67124,67864,50644,55920,35577,45860,11138,21101,553141,461379,77159,66788,105660,100625,24078,52,49,0
2021/08/07,0,3001,2779,32628,31491,49041,43686,50771,49391,61609,61820,72054,72537,52955,58507,36803,47502,11531,21920,488,467,17415,16882,34217,30624,43419,42017,55783,56155,67113,67857,50639,55918,35575,45860,11138,21100,553091,461142,77159,66785,105659,100624,24067,52,49,0
2021/08/06,0,2912,2687,32278,31263,48778,43492,50512,49161,61321,61616,71779,72370,52823,58404,36749,47449,11528,21911,480,465,17204,16738,33502,30140,42947,41648,55439,55927,66804,67679,50509,55824,35526,45823,11135,21093,553016,459457,76049,66493,105655,100621,22263,52,49,0
2021/08/05,0,2866,2648,32118,31143,48686,43404,50434,49105,61267,61570,71726,72329,52798,58385,36740,47431,11526,21909,452,432,16970,16486,31643,28706,41902,40694,55164,55580,66589,67506,50444,55747,35503,45784,11128,21084,552135,452646,76046,66418,105645,100492,22209,52,49,0
2021/08/04,0,2791,2572,31858,30951,48504,43267,50290,48998,61188,61493,71662,72271,52768,58345,36727,47416,11523,21904,426,409,16691,16239,31298,28481,40718,39619,54775,55248,66410,67353,50382,55665,35473,45756,11125,21077,550835,448319,76044,66398,105643,100419,21960,48,49,0
2021/08/03,0,2604,2391,31345,30485,48252,43021,50114,48806,61028,61322,71515,72124,52714,58273,36705,47387,11513,21890,376,345,16251,15792,30708,27951,38984,37998,54086,54601,66075,67040,50287,55536,35426,45704,11120,21068,547889,440639,76042,66390,105640,100398,21872,48,49,0
2021/08/02,0,2493,2296,31028,30198,48049,42839,49960,48678,60921,61216,71427,72041,52681,58241,36683,47368,11512,21887,334,312,15947,15519,30369,27595,36846,36174,53527,54086,65868,66865,50214,55450,35404,45676,11118,21064,545948,433794,76039,66385,105633,100289,21853,47,47,0
2021/08/01,0,2489,2292,31016,30189,48031,42826,49946,48669,60909,61206,71416,72035,52676,58232,36679,47368,11512,21887,321,302,15821,15394,30231,27479,34543,34321,53230,53832,65775,66796,50173,55409,35398,45657,11117,21062,545883,428343,76035,66380,105586,100263,21829,47,46,0
2021/07/31,0,2489,2292,31011,30185,48028,42824,49944,48668,60908,61206,71416,72033,52673,58230,36679,47368,11512,21886,320,302,15806,15381,30196,27451,34530,34312,53212,53824,65762,66791,50169,55405,35398,45656,11116,21061,545863,428184,76035,66379,105585,100259,21824,47,46,0
2021/07/30,0,2475,2287,30963,30138,47996,42803,49920,48644,60874,61176,71380,72015,52664,58219,36679,47368,11512,21884,318,297,15644,15077,29930,27138,34347,34064,53011,53530,65597,66587,50123,55359,35388,45644,11116,21059,545687,427813,76029,66367,105582,98349,21654,47,46,0
2021/07/29,0,2443,2267,30805,30042,47911,42742,49868,48579,60812,61134,71333,71969,52644,58200,36671,47352,11509,21879,294,275,15326,14794,29617,26915,33058,33116,52225,52917,65241,66319,50024,55266,35345,45587,11111,21051,545012,425096,76022,63625,105571,98204,21510,47,46,0
2021/07/28,0,2396,2228,30652,29932,47826,42674,49793,48503,60738,61055,71266,71912,52621,58163,36652,47334,11508,21874,263,255,14920,14416,29175,26599,32687,32783,51515,52302,64847,65992,49929,55163,35310,45530,11095,21032,544057,420932,76018,63570,105563,97821,21444,47,46,0
2021/07/27,0,2318,2155,30412,29665,47675,42497,49650,48366,60626,60931,71166,71824,52562,58102,36624,47295,11501,21866,187,165,14276,13761,28407,25971,31938,32131,50262,51206,64114,65425,49741,54955,35242,45416,11088,21013,542229,412592,76008,63543,105558,97722,21395,47,46,0
2021/07/26,0,2257,2100,30208,29433,47557,42368,49575,48282,60561,60867,71114,71778,52536,58070,36612,47282,11499,21857,150,138,13913,13386,28046,25680,31322,31718,48702,49832,63136,64597,49536,54750,35175,45335,11078,21000,540993,404864,76005,63536,105554,97689,21359,47,46,0
2021/07/25,0,2011,1898,29389,28758,47163,42051,49287,47994,60327,60641,70930,71620,52479,57995,36585,47240,11498,21849,147,136,13816,13324,27948,25614,31237,31648,48581,49768,63047,64545,49513,54731,35168,45326,11078,20999,536804,404215,76005,63526,105547,97525,21314,47,46,0
2021/07/24,0,1930,1830,29133,28528,47014,41944,49168,47893,60169,60523,70801,71540,52430,57965,36567,47219,11496,21849,146,130,13682,13206,27748,25478,31075,31518,48367,49599,62883,64451,49469,54700,35153,45308,11076,20997,536106,403593,76002,63524,105546,97523,20300,47,46,0
2021/07/23,0,1815,1710,28803,28204,46769,41787,48913,47680,59917,60335,70598,71412,52354,57894,36548,47183,11492,21840,136,122,13429,12972,27318,25160,30691,31208,47762,49108,62553,64211,49384,54634,35131,45265,11071,20988,535103,401162,75626,63470,105535,97520,18945,47,46,0
2021/07/22,0,1803,1703,28721,28124,46629,41646,48697,47466,59739,60191,70478,71283,52311,57857,36532,47166,11492,21840,118,117,13199,12706,26977,24825,30336,30887,45834,47545,61746,63510,49288,54532,35092,45222,11068,20978,534783,394443,74477,63318,105492,97292,18881,47,46,0
2021/07/21,0,1769,1661,28457,27916,46241,41308,48105,46910,59155,59711,70021,70893,52140,57698,36475,47108,11483,21827,103,107,12773,12252,26391,24282,29760,30319,42094,44299,60258,62236,49118,54351,35028,45139,11058,20951,534224,382770,71208,62794,105338,96846,18063,47,46,0
2021/07/20,0,1746,1646,28337,27779,46176,41249,48056,46870,59099,59663,69967,70847,52106,57671,36458,47083,11477,21820,87,80,12274,11717,25653,23590,29103,29565,38638,41306,58712,60769,48913,54128,34947,45047,11040,20931,533532,372349,71186,59414,105320,96724,17967,47,46,0
2021/07/19,0,1741,1645,28309,27739,46153,41236,48041,46857,59086,59647,69955,70845,52104,57667,36458,47079,11475,21820,86,78,12225,11685,25586,23554,29067,29529,38592,41272,58671,60742,48909,54120,34946,45044,11037,20930,533385,372021,71185,59397,105303,96669,17940,46,46,0
2021/07/18,0,1737,1638,28284,27713,46127,41226,48028,46846,59079,59638,69948,70837,52102,57665,36457,47078,11475,21819,86,77,12162,11658,25500,23511,29006,29494,38531,41245,58610,60700,48907,54112,34943,45043,11037,20930,533262,371677,71183,59366,105294,96549,17914,46,46,0
2021/07/17,0,1737,1636,28262,27699,46114,41215,48015,46841,59071,59633,69940,70833,52098,57661,36456,47078,11475,21819,84,75,12134,11644,25465,23476,28970,29474,38508,41228,58573,60676,48897,54104,34941,45043,11037,20930,533182,371424,71182,59360,105291,96545,17884,46,46,0
2021/07/16,0,1722,1615,27996,27506,45824,41048,47783,46671,58770,59430,69707,70692,51991,57590,36412,47041,11470,21817,84,72,11883,11449,25129,23233,28662,29244,38107,40953,58063,60253,48760,53990,34888,44993,11031,20926,532865,370212,71181,59357,105158,96268,15837,46,46,0
2021/07/15,0,1624,1501,27532,27121,45562,40813,47633,46557,58629,59317,69603,70605,51950,57547,36397,47018,11469,21810,76,65,11581,11219,24645,22891,28292,28973,37713,40673,56012,58205,48589,53788,34829,44909,11023,20915,530534,363254,71179,59262,105150,96055,15781,46,46,0
2021/07/14,0,1457,1369,26965,26583,45256,40521,47428,46371,58445,59120,69443,70459,51888,57489,36372,46988,11463,21805,70,57,11387,11025,24236,22535,27938,28653,37189,40269,54791,57021,48450,53636,34779,44845,11015,20893,527359,359529,71173,57591,105131,95908,15715,46,46,0
2021/07/13,0,1170,1064,26014,25689,44764,40110,47070,46051,58122,58835,69170,70213,51777,57363,36329,46933,11458,21790,58,42,11043,10682,23704,21982,27314,28061,35806,39079,50652,53109,48085,53249,34648,44694,10998,20864,521976,350232,71166,52380,105128,95804,15608,46,46,0
2021/07/12,0,707,667,24637,24438,44205,39624,46870,45835,57909,58642,68987,70044,51715,57272,36312,46907,11456,21782,50,39,10806,10571,23498,21842,27061,27925,35555,38908,50208,52685,48010,53163,34617,44658,10998,20858,516096,348756,71165,52349,105122,94718,15583,45,46,0
2021/07/11,0,704,662,24617,24417,44174,39602,46852,45822,57895,58629,68973,70041,51714,57269,36309,46903,11455,21782,48,39,10709,10480,23277,21714,26792,27823,35244,38827,49492,52198,46522,51574,34527,44549,10998,20856,516007,348234,71161,52300,105107,89587,15502,45,46,0
2021/07/10,0,702,657,24610,24408,44169,39593,46849,45818,57889,58627,68973,70040,51714,57269,36309,46903,11455,21782,45,38,10696,10468,23255,21693,26778,27811,35222,38822,49478,52193,46507,51558,34525,44548,10998,20856,515967,348123,71159,52299,105106,89531,15492,45,46,0
2021/07/09,0,695,647,24159,23952,43893,39355,46782,45758,57828,58585,68922,70015,51698,57256,36306,46895,11454,21781,45,38,10614,10295,23159,21503,26716,27602,35153,38605,49412,52089,46484,51533,34521,44545,10998,20855,514214,346883,71154,52285,105100,89483,15470,45,46,0
2021/07/08,0,629,581,23075,22952,43098,38757,46532,45557,57621,58442,68725,69876,51620,57190,36278,46872,11452,21773,40,33,10357,10102,22781,21241,26318,27334,34673,38290,48803,51566,46145,51166,34451,44466,10991,20833,509551,343279,71127,52133,105042,88865,15267,45,46,0
2021/07/07,0,576,535,21753,21565,42358,38071,46307,45333,57381,58250,68558,69715,51536,57107,36240,46818,11444,21759,34,29,9984,9792,21909,20646,25205,26540,32835,36920,47882,50677,45645,50628,34344,44326,10983,20815,504169,338332,70954,47756,105021,87942,15119,45,45,0
2021/07/06,0,519,472,20521,20288,41508,37428,45828,44980,56985,57944,68230,69458,51437,56981,36196,46766,11436,21751,26,24,9590,9410,21041,20050,24239,25881,31349,35723,46679,49473,44863,49843,34208,44149,10970,20795,499697,330978,69020,45655,105001,86668,14967,45,45,0
2021/07/05,0,483,444,19107,18915,40641,36629,45609,44753,56801,57741,68069,69331,51381,56925,36175,46737,11434,21744,24,20,9296,9153,20483,19661,23569,25458,30709,35291,45919,48855,44107,49052,34078,43960,10961,20783,493977,325179,69016,45632,104993,85632,14891,44,45,0
2021/07/04,0,476,438,17316,16913,40301,36403,45521,44678,56715,57672,67988,69262,51348,56898,36165,46716,11432,21742,24,20,9234,9098,20342,19598,23396,25379,30446,35213,45122,48725,42740,47698,33999,43886,10959,20777,489152,324710,68990,45587,104977,81492,14822,44,45,0
2021/07/03,0,476,436,17294,16880,40251,36356,45502,44661,56710,57667,67980,69255,51346,56895,36165,46716,11432,21741,23,20,9189,9054,20273,19528,23333,25313,30363,35133,44901,48549,42671,47622,33954,43827,10956,20777,488953,323742,68988,45586,104976,81310,14803,44,45,0
2021/07/02,0,456,413,17177,16769,39786,35972,45386,44561,56656,57626,67931,69224,51334,56890,36159,46704,11432,21740,23,18,9026,8880,19947,19245,22940,24934,29945,34717,44273,47903,42467,47389,33855,43691,10950,20773,487441,320724,68970,44551,104974,80869,14788,44,44,0
2021/07/01,0,404,373,16869,16487,38054,34639,44812,44060,56393,57417,67756,69055,51255,56799,36131,46666,11429,21732,18,13,8649,8483,19083,18533,21970,24077,28557,33521,41238,44926,41469,46301,33240,42963,10933,20744,481960,313203,68894,39669,104952,77320,14482,44,44,0
2021/06/30,0,356,328,16581,16240,35869,32816,44190,43430,56166,57222,67553,68863,51174,56707,36102,46612,11425,21716,17,12,8286,8147,18407,17905,21080,23244,27274,32253,36588,40049,40390,45153,32579,42174,10912,20717,475123,302684,68848,33635,104932,74420,14404,44,44,0
2021/06/29,0,316,291,16355,16037,34876,31735,43736,42985,55985,57059,67382,68714,51097,56634,36063,46568,11417,21709,15,9,7702,7538,17276,16977,19823,22027,25572,30571,33839,36916,37539,42100,31834,41280,10888,20678,470918,286455,68840,33587,104918,68259,14240,44,43,0
2021/06/28,0,307,269,16206,15876,33165,30330,43415,42691,55818,56918,67265,68607,51051,56582,36045,46547,11414,21697,14,7,7397,7276,16717,16601,19430,21710,25062,30183,33248,36413,36160,40607,31046,40346,10884,20667,466509,283402,68815,33535,104897,62849,13939,44,43,0
2021/06/27,0,307,269,16185,15850,33011,30241,43349,42664,55780,56908,67237,68599,51047,56578,36042,46546,11414,21696,13,7,7353,7246,16576,16532,19264,21647,24860,30109,33018,36272,34901,39332,29415,38422,10883,20666,466188,283228,68811,33495,104891,55960,13790,44,43,0
2021/06/26,0,305,267,16160,15821,32987,30225,43303,42620,55755,56891,67231,68596,51046,56577,36040,46545,11414,21696,12,7,7348,7233,16556,16520,19247,21636,24828,30086,32998,36250,34887,39318,29413,38419,10883,20666,465948,283025,68808,33495,104891,55955,13789,44,43,0
2021/06/25,0,298,265,16099,15769,32867,30122,43108,42458,55698,56845,67189,68572,51036,56566,36036,46544,11414,21696,12,7,7159,6955,16269,16010,18976,20978,24458,29153,32609,35526,34725,39100,29390,38388,10883,20666,465095,280327,68803,33484,104874,53643,13767,44,43,0
2021/06/24,0,277,252,15825,15561,32403,29830,41636,41216,55232,56488,66955,68413,50981,56510,36020,46516,11409,21685,11,7,6837,6719,15560,15561,17522,19956,22371,27592,31502,34627,34318,38671,29266,38206,10871,20650,460519,270587,68798,33432,104870,53207,12979,44,42,0
2021/06/23,0,262,235,15541,15262,31898,29427,39537,39392,54689,55945,66705,68191,50892,56401,35980,46470,11404,21672,10,5,6629,6553,15199,15284,16995,19507,21484,26789,29796,33259,33559,37813,29074,37965,10864,20635,453448,262745,68745,33340,104865,52491,12802,44,42,0
2021/06/22,0,240,200,15160,14867,31233,28793,36104,36345,53777,55141,66402,67885,50786,56279,35941,46413,11400,21658,7,4,6446,6339,14797,14954,16192,18784,20065,25475,28190,31600,32755,36834,28533,37356,10846,20603,442517,252617,68711,33253,104858,51373,12495,44,42,0
2021/06/21,0,225,194,14917,14689,30550,28330,33944,34379,53312,54714,66223,67767,50704,56204,35916,46391,11395,21653,7,4,6348,6255,14636,14832,16019,18646,19942,25361,28076,31510,32599,36694,27321,36117,10846,20600,435686,251917,68689,33204,104832,48393,12257,44,42,0
2021/06/20,0,218,193,14791,14598,28649,26992,33333,33930,53222,54617,66154,67730,50681,56176,35908,46387,11394,21651,7,4,5892,5954,13692,14192,15184,18052,19385,25004,27758,31307,32432,36509,27294,36086,10844,20596,431301,246893,68684,33169,104829,48320,11768,43,42,0
2021/06/19,0,212,188,14766,14564,28531,26906,33303,33903,53200,54601,66138,67719,50675,56167,35906,46382,11393,21649,7,4,5679,5795,13130,13787,14578,17571,19055,24801,27563,31136,32353,36409,27277,36072,10844,20596,430887,243371,68682,33164,104829,48317,11763,43,42,0
2021/06/18,0,210,180,14676,14479,28422,26835,32051,33000,52834,54294,66004,67625,50644,56133,35888,46356,11389,21645,7,4,5612,5717,13029,13701,14411,17444,18817,24571,26742,30469,32146,36172,27211,35996,10840,20589,430377,240415,65717,33049,104818,48261,11711,43,42,0
2021/06/17,0,196,164,14296,14213,27833,26581,31561,32739,52046,53728,65579,67359,50563,56032,35854,46315,11383,21632,6,4,5230,5459,12245,13224,13619,16832,17727,23642,24583,28504,31501,35434,27011,35719,10823,20574,427167,231385,65709,32771,104794,47576,10363,42,42,0
2021/06/16,0,167,135,13865,13804,27371,26222,31117,32383,51235,53025,65123,66969,50444,55912,35825,46258,11372,21620,6,4,4865,5020,11529,12553,12825,16135,16622,22516,21608,25634,30429,34225,26714,35316,10808,20534,422296,217321,65663,32739,104786,47180,10061,42,42,0
2021/06/15,0,105,82,13231,13179,26624,25646,30337,31789,49982,51959,64412,66444,50266,55714,35758,46147,11363,21601,6,4,4367,4392,10563,11614,11669,14754,14891,20813,18176,22324,29054,32785,26326,34794,10783,20490,414589,198682,65641,32622,104780,46871,9588,42,42,0
2021/06/14,0,75,61,12823,12803,26213,25322,29671,31322,48188,50489,63361,65611,50050,55488,35681,46071,11355,21589,6,4,4265,4336,10386,11482,11524,14621,14712,20689,17979,22163,28980,32704,26308,34766,10779,20487,406711,198231,65631,32351,104779,46556,9011,42,42,0
2021/06/13,0,74,60,12778,12758,26140,25284,29608,31296,48132,50463,63326,65587,50045,55485,35679,46067,11354,21586,6,4,4109,4257,10059,11350,11200,14510,14411,20575,17577,21818,27464,31059,26167,34571,10775,20476,406501,197474,65555,27672,104772,46347,8853,42,42,0
2021/06/12,0,74,59,12760,12741,26125,25273,29596,31283,48072,50392,63283,65552,50044,55482,35679,46067,11354,21586,6,4,4106,4249,10044,11333,11191,14495,14392,20558,17555,21809,27423,31014,26162,34566,10775,20476,406204,197287,65554,27670,104770,46306,8853,42,42,0
2021/06/11,0,72,56,12660,12614,25998,25157,29471,31155,47833,50166,63151,65433,50020,55456,35668,46056,11352,21584,6,4,4013,3978,9526,10141,10763,13585,14102,19999,17282,21331,27014,30588,26070,34484,10772,20474,404926,196234,65544,27664,104729,41530,8662,42,42,0
2021/06/10,0,64,49,12418,12393,25673,24869,29121,30886,46759,49149,62416,64863,49935,55360,35634,46004,11342,21571,6,3,3743,3608,8756,8897,9869,11941,12795,17232,15489,17719,25287,28662,25772,34177,10766,20450,400031,190690,65487,27225,104524,28793,8423,42,41,0
2021/06/09,0,50,37,12121,12070,25262,24464,28724,30492,44745,47325,61327,63923,49831,55237,35587,45950,11337,21553,6,3,3492,3483,8329,8642,9357,11620,12278,16838,14776,17117,21445,24336,25544,33875,10754,20424,392045,179080,65358,26876,104522,28254,8069,42,40,0
2021/06/08,0,44,26,11689,11529,24591,23839,28065,29825,41573,44480,59549,62285,49660,55046,35513,45859,11327,21531,6,3,3282,3347,7928,8388,8736,11246,11616,16417,14116,16470,16055,18372,25151,33350,10736,20394,379352,163857,65295,26541,104512,27948,7231,42,36,0
2021/06/07,0,39,19,11524,11333,24239,23562,27780,29616,38945,42549,59119,61922,49626,55015,35501,45838,11325,21525,6,3,3186,3276,7624,8219,8416,11070,11043,15964,13612,15991,15976,18292,25120,33299,10734,20387,373676,163537,64868,24718,104502,27537,6390,42,36,0
2021/06/06,0,36,18,11388,11228,23920,23329,27570,29443,37350,41366,58994,61844,49602,54986,35494,45824,11325,21523,6,3,3086,3224,7349,8128,8149,10900,10300,15279,13011,15369,15821,18180,25106,33276,10732,20387,373271,163414,61493,21549,104491,27366,5944,42,33,0
2021/06/05,0,34,17,11369,11208,23875,23288,27533,29416,37320,41352,58893,61760,49592,54979,35492,45822,11325,21520,6,3,3073,3212,7323,8092,8117,10881,10267,15263,12964,15346,15699,18015,25101,33268,10731,20386,372925,162968,61490,21548,104491,27350,5848,42,33,0
2021/06/04,0,34,15,11187,10949,23513,22818,27254,29020,36890,40903,58272,61220,49558,54938,35483,45804,11323,21514,6,2,3048,3197,7295,8072,8093,10861,10236,15239,12930,15313,15486,17806,25090,33247,10729,20385,371116,162377,59221,21535,104477,27252,5840,42,31,0
2021/06/03,0,32,14,10967,10730,23047,22426,26826,28685,35789,40074,55509,58870,49428,54777,35440,45740,11318,21499,5,2,2956,3118,7086,7917,7636,10562,9202,14603,11677,14606,14300,16333,24910,33030,10717,20366,367155,159006,54297,17796,104426,26940,5254,40,30,0
2021/06/02,0,32,14,10928,10692,23010,22391,26792,28657,35752,40033,55380,58712,49415,54750,35433,45733,11318,21498,5,2,2913,3087,7029,7894,7573,10524,9041,14561,11449,14540,12939,14844,24792,32857,10713,20359,366555,155163,54291,17785,104425,26914,5230,40,30,0
2021/06/01,0,19,7,10509,10344,22352,21881,26106,28077,35029,39451,52377,55564,49026,54343,35314,45570,11302,21472,5,2,2457,2730,5675,7210,6297,9949,7640,13889,10311,13577,8619,9271,24312,32174,10690,20305,355790,136934,54108,17415,104406,26334,4400,40,30,0
2021/05/31,0,18,6,10228,10114,21775,21481,25698,27827,34706,39247,50923,54163,48927,54219,35280,45529,11295,21464,5,2,2348,2611,5385,6963,6033,9726,7274,13650,10053,13416,8567,9209,24286,32125,10682,20292,351045,136154,54061,17295,104375,25768,3380,40,30,0
2021/05/30,0,17,6,10171,10064,21680,21440,25633,27792,34594,39177,50557,53822,48902,54194,35274,45523,11293,21461,5,2,2310,2581,5278,6883,5933,9657,7086,13562,9827,13319,8520,9158,24270,32118,10681,20287,349855,135555,54039,17120,104358,25463,3309,40,30,0
2021/05/29,0,16,6,10157,10052,21646,21420,25616,27779,34573,39164,50544,53804,48898,54190,35271,45522,11293,21461,5,2,2289,2531,5235,6755,5872,9524,6969,13364,9688,13097,8449,9066,24203,32051,10680,20286,349697,135272,54039,17067,104337,24397,3300,40,30,0
2021/05/28,0,16,6,10096,9982,21570,21307,25533,27657,34495,39064,50465,53705,48875,54172,35262,45514,11293,21457,5,2,2207,2262,4622,6220,5246,8804,6601,12401,9192,12102,8270,8866,23831,31569,10679,20283,348835,133759,54026,16970,104277,19111,3293,39,29,0
2021/05/27,0,15,6,9826,9734,21039,20930,24988,27295,33970,38685,49851,53094,48703,53981,35192,45440,11289,21437,3,2,1964,1994,4048,5701,4569,8200,6090,11629,8242,10774,7763,8205,22263,29414,10663,20261,344540,128080,53613,15839,104173,14726,3111,39,29,0
2021/05/26,0,15,6,9547,9486,20321,20365,24115,26623,32707,37657,49086,52389,48448,53692,35115,45329,11277,21413,3,1,1906,1921,3949,5574,4435,8033,5881,11367,7915,10390,7198,7474,19820,25978,10643,20217,339817,119561,50647,15586,104120,14561,2969,39,28,0
2021/05/25,0,14,6,9282,9249,19906,20008,23676,26229,32194,37139,48192,51411,48149,53374,35028,45187,11265,21384,3,1,1841,1871,3829,5474,4295,7883,5672,11141,7598,10067,6571,6631,15676,20577,10622,20159,334221,107305,50564,15543,104046,14211,2824,39,28,0
2021/05/24,0,14,6,9067,9088,19337,19715,22900,25841,30685,36126,47967,51240,48057,53274,34999,45157,11263,21383,3,1,1815,1853,3781,5443,4229,7840,5604,11080,7521,10010,6544,6605,15662,20568,10622,20159,332630,107177,46775,15529,103985,13916,2691,39,27,0
2021/05/23,0,14,6,8859,8882,18982,19422,22477,25494,30264,35805,47376,50728,47623,52819,34896,45011,11255,21374,3,1,1813,1852,3772,5438,4224,7834,5593,11072,7510,10000,6538,6593,15662,20566,10622,20159,327804,107112,46773,15527,103983,13897,2689,39,27,0
2021/05/22,0,14,6,8827,8844,18930,19378,22430,25463,30211,35774,47268,50657,47604,52796,34893,45002,11252,21374,3,1,1811,1848,3757,5425,4220,7828,5588,11065,7503,9996,6535,6590,15659,20565,10622,20159,327255,107072,46773,15527,103983,13875,2674,39,27,0
2021/05/21,0,13,6,8550,8488,18488,18863,22065,24817,29784,34965,46779,49988,47515,52671,34855,44959,11249,21369,3,1,1746,1808,3680,5387,4175,7792,5555,11018,7460,9945,6505,6564,15580,20468,10621,20158,322035,106752,46742,15526,103959,13511,2650,39,27,0
2021/05/20,0,12,6,7978,7943,17543,18068,21057,23902,28463,33761,45030,48158,47073,52209,34747,44804,11231,21350,3,1,1446,1644,3369,5095,3909,7404,5255,10540,7077,9490,6270,6305,14261,18919,10598,20119,310419,102978,46654,15039,103731,11169,2493,39,26,0
2021/05/19,0,12,6,7712,7630,16939,17465,20154,23023,27230,32499,43233,46068,46542,51652,34596,44583,11210,21318,3,1,1380,1561,3169,4880,3696,7150,5028,10188,6779,9160,5983,5969,12042,16055,10580,20057,299263,96707,46611,14559,103684,10114,2276,39,25,0
2021/05/18,0,11,6,7184,7090,15788,16444,18884,21774,25722,30868,40542,42832,45712,50705,34359,44279,11185,21276,3,1,1357,1536,3107,4806,3620,7029,4893,10056,6598,8948,5717,5692,10332,13872,10556,20003,283473,91550,45408,14506,103574,9876,2169,38,25,0
2021/05/17,0,11,6,7104,7025,15603,16331,18666,21606,25320,30539,38788,41194,45600,50624,34311,44214,11175,21252,3,1,1323,1513,3050,4759,3555,6969,4823,9952,6501,8847,5675,5652,10318,13854,10552,19995,283241,91477,40640,14225,103527,9690,1925,37,25,0
2021/05/16,0,10,5,6989,6972,15480,16242,18535,21498,25138,30424,35803,38424,45563,50589,34289,44190,11172,21247,3,1,1300,1494,3006,4719,3505,6910,4738,9882,6407,8767,5643,5615,10305,13838,10550,19992,282955,91426,34489,13959,103406,9580,1686,35,24,0
2021/05/15,0,10,5,6964,6941,15419,16185,18489,21456,25070,30379,35767,38383,45540,50562,34282,44185,11172,21247,3,1,1287,1467,2974,4648,3486,6841,4719,9801,6384,8716,5637,5611,10300,13837,10550,19992,282469,91368,34488,13954,103392,9235,1673,35,24,0
2021/05/14,0,10,4,6791,6569,15067,15689,18175,21037,24732,29918,35520,38033,45511,50530,34272,44180,11172,21245,3,1,1227,1406,2893,4545,3433,6739,4654,9649,6301,8586,5608,5566,10287,13827,10550,19991,281395,91277,34337,13933,101083,8427,1606,35,23,0
2021/05/13,0,10,4,6435,6242,14309,15106,17462,20402,23868,29177,34750,37360,45224,50186,34193,44057,11168,21234,3,1,1057,1320,2696,4431,3315,6616,4512,9476,6176,8437,5565,5527,10269,13809,10546,19986,274972,91112,34005,13852,100865,7443,1313,33,22,0
2021/05/12,0,10,4,6038,5971,13337,14438,16444,19597,23200,28739,34441,37076,45043,49990,34162,44026,11165,21231,3,1,1053,1318,2689,4423,3297,6611,4507,9466,6167,8432,5557,5520,10266,13804,10544,19985,268729,91047,33993,13840,100861,7438,1297,33,21,0
2021/05/11,0,10,4,5660,5746,12745,13985,14645,18156,20243,26213,32125,34747,43987,48730,33836,43554,11136,21181,3,0,991,1243,2571,4248,3186,6371,4389,9177,6050,8205,5484,5439,10224,13742,10536,19967,251429,90567,33713,13618,100414,6506,1115,33,20,0
2021/05/10,0,10,4,5511,5645,12474,13858,14290,17931,19437,25643,30748,33724,43457,48115,33778,43465,11128,21162,3,0,948,1184,2472,4084,3092,6171,4263,8913,5926,8006,5445,5406,10212,13725,10532,19958,245943,90453,33500,13557,100103,5509,801,33,20,0
2021/05/09,0,10,4,5108,5407,11291,13328,13289,17569,18406,25310,30203,33434,43401,48042,33752,43451,11125,21154,3,0,923,1152,2373,3977,3002,6033,4131,8736,5832,7902,5436,5392,10205,13720,10527,19954,240623,90405,33425,13515,99761,4917,442,33,19,0
2021/05/08,0,10,4,5096,5399,11269,13308,13264,17549,18376,25276,30162,33390,43393,48030,33751,43447,11125,21154,3,0,919,1145,2360,3970,2997,6033,4127,8730,5829,7899,5433,5389,10202,13715,10527,19954,240352,90379,33423,13515,99758,4882,437,33,19,0
2021/05/07,0,10,4,4995,5314,11041,13140,12975,17327,17768,24675,29211,32497,43199,47789,33695,43375,11121,21148,3,0,889,1114,2326,3915,2952,5983,4074,8676,5744,7845,5385,5341,10189,13706,10527,19953,237840,90240,31536,13511,99650,4626,226,32,19,0
2021/05/06,0,10,4,4580,5029,10372,12722,12215,16660,16170,23229,26664,30102,42498,47040,33528,43138,11105,21127,3,0,830,1057,2192,3667,2784,5673,3879,8202,5545,7523,5333,5287,10166,13678,10525,19947,229066,90054,28193,13197,98833,2952,69,32,19,0
2021/05/05,0,10,4,4272,4798,9769,12275,11494,16074,15068,22200,23811,27341,41515,45932,33245,42752,11087,21085,3,0,814,1033,2129,3543,2726,5517,3786,7991,5449,7387,5282,5232,10128,13637,10523,19944,216024,89783,28007,13059,98610,2204,59,32,19,0
2021/05/04,0,10,4,3924,4346,9104,11583,10720,15234,13764,20947,20207,23931,40165,44469,32871,42229,11064,21046,3,0,796,1002,2060,3426,2655,5381,3693,7838,5352,7263,5243,5186,10097,13608,10521,19941,198964,89555,27989,12760,98582,1679,52,31,19,0
2021/05/03,0,10,4,3681,3927,8696,11089,10238,14609,13227,20292,19482,23281,39897,44216,32792,42125,11061,21031,3,0,783,972,1992,3323,2596,5273,3632,7723,5300,7176,5227,5173,10081,13590,10518,19935,193098,89406,27977,12749,98517,1088,35,31,19,0
2021/05/02,0,10,4,3679,3924,8675,11080,10228,14599,13204,20280,19464,23269,39893,44213,32791,42124,11060,21031,3,0,779,953,1961,3242,2549,5177,3585,7598,5280,7111,5223,5169,10080,13586,10518,19933,192997,89386,27964,12717,98508,598,28,31,18,0
2021/05/01,0,10,4,3676,3917,8662,11066,10219,14588,13196,20277,19450,23261,39893,44210,32790,42124,11060,21031,3,0,777,953,1959,3242,2548,5177,3585,7598,5280,7111,5223,5169,10080,13586,10517,19933,192906,89384,27962,12714,98508,598,27,31,18,0
2021/04/30,0,10,3,3653,3892,8618,11031,10175,14548,13134,20237,19348,23108,39624,43886,32769,42103,11059,21031,3,0,771,947,1943,3233,2547,5169,3581,7591,5278,7104,5220,5166,10076,13585,10517,19933,191978,89355,27692,12710,98502,556,26,31,17,0
2021/04/29,0,10,3,3385,3717,8182,10761,9625,14262,12634,19872,18610,22377,36559,40434,32506,41737,11048,20995,3,0,758,933,1893,3172,2497,5103,3515,7450,5187,7004,5179,5131,10053,13542,10515,19927,186410,89146,21860,12554,98394,123,23,30,16,0
2021/04/28,0,10,3,3218,3651,7914,10650,9228,14088,12253,19637,18125,21941,32771,36117,32288,41436,11035,20973,3,0,741,916,1866,3132,2452,5054,3477,7393,5120,6940,5113,5069,10001,13483,10512,19917,175237,88929,21706,12112,98347,115,18,30,15,0
2021/04/27,0,9,3,3138,3585,7651,10521,8875,13914,11767,19412,17643,21449,27199,29922,31912,40930,11014,20940,3,0,731,902,1834,3096,2415,5008,3423,7334,5065,6864,5063,4999,9965,13430,10508,19908,159871,88715,21684,11689,98281,112,18,30,14,0
2021/04/26,0,9,3,3081,3548,7507,10456,8707,13853,11537,19346,17117,21061,27162,29888,31898,40915,11014,20940,3,0,708,870,1763,3037,2347,4952,3355,7240,4967,6758,4963,4924,9886,13346,10506,19905,159281,88578,21466,10810,97248,111,18,29,13,0
2021/04/25,0,9,3,3044,3531,7347,10405,8470,13803,11204,19302,16284,20592,25607,28223,31844,40851,11014,20937,3,0,708,869,1757,3032,2339,4949,3349,7232,4962,6748,4959,4919,9878,13335,10506,19905,158795,88554,21457,10772,92171,95,18,29,11,0
2021/04/24,0,9,3,3040,3524,7332,10390,8458,13794,11189,19292,16261,20574,25561,28160,31841,40845,11013,20936,3,0,708,869,1757,3031,2339,4949,3347,7232,4962,6748,4959,4917,9876,13334,10506,19905,158579,88546,21453,10772,92143,95,18,29,11,0
2021/04/23,0,9,3,3022,3506,7291,10346,8411,13753,11121,19232,16199,20509,25137,27656,31808,40789,11010,20933,3,0,698,861,1739,3022,2323,4919,3295,7193,4862,6650,4819,4794,9704,13135,10500,19890,157385,88251,21316,10034,91987,94,18,29,10,0
2021/04/22,0,8,3,2942,3427,7098,10160,7872,13346,9908,18434,14643,19458,23117,25222,31595,40521,10991,20903,3,0,633,811,1626,2908,2196,4752,3135,7020,4677,6449,4662,4620,9191,12477,10463,19811,152564,86329,16016,9002,91024,75,18,26,10,0
2021/04/21,0,8,3,2890,3379,6972,10071,7660,13190,9539,18193,14170,19009,20599,22081,31293,40132,10972,20877,3,0,583,786,1547,2829,2109,4660,3008,6877,4514,6284,4477,4440,8618,11709,10417,19718,145542,84521,15239,7963,90213,67,18,26,10,0
2021/04/20,0,8,3,2850,3340,6865,9981,7520,13077,9287,17973,13677,18616,17203,18014,30978,39656,10955,20842,3,0,553,750,1474,2765,2022,4580,2905,6755,4379,6122,4288,4244,7748,10489,10347,19566,136672,81576,14993,7326,89136,62,18,26,8,0
2021/04/19,0,8,3,2835,3331,6817,9940,7467,13040,9210,17900,13538,18498,16865,17631,30945,39620,10953,20837,3,0,494,710,1351,2669,1922,4482,2770,6597,4182,5931,4033,3943,5886,8040,10128,19160,136342,75680,14797,6538,88255,58,18,26,7,0
2021/04/18,0,8,3,2819,3317,6740,9914,7362,12988,9012,17834,12698,18368,15450,16221,30877,39557,10949,20830,3,0,488,704,1339,2661,1907,4471,2737,6568,4121,5880,3957,3872,5470,7405,10080,19076,136118,74171,14654,6489,84131,54,18,26,7,0
2021/04/17,0,8,3,2808,3312,6721,9891,7331,12967,8980,17795,12665,18348,15398,16171,30824,39487,10948,20830,3,0,488,701,1339,2659,1906,4467,2733,6563,4118,5876,3955,3869,5465,7404,10079,19075,135762,74134,14650,6487,84031,54,18,26,7,0
2021/04/16,0,8,3,2795,3298,6688,9876,7277,12925,8904,17743,12556,18244,15149,15888,30305,38838,10945,20822,3,0,487,698,1334,2655,1897,4463,2727,6556,4110,5867,3949,3863,5448,7375,10077,19073,134226,74031,14642,6474,83353,52,18,25,7,0
2021/04/15,0,8,3,2742,3243,6556,9779,7087,12747,8560,17470,12081,17777,14089,14662,28182,36026,10926,20799,3,0,478,692,1330,2628,1883,4439,2704,6526,4068,5815,3891,3788,5415,7321,10069,19060,128294,73708,14367,6336,80034,42,17,25,7,0
2021/04/14,0,7,1,2686,3191,6461,9684,6940,12587,8287,17202,11647,17317,12907,13276,23462,29943,10905,20743,3,0,474,685,1316,2618,1870,4420,2682,6501,4026,5778,3843,3735,5352,7265,10038,19022,115887,73402,14332,6180,76986,22,17,24,7,0
2021/04/13,0,7,1,2635,3155,6333,9598,6787,12452,8008,16950,11220,16892,10241,10347,20373,25766,10881,20699,3,0,457,661,1269,2574,1818,4357,2575,6401,3844,5615,3631,3550,5200,7126,10029,18999,107429,73052,14137,5015,70738,18,17,24,7,0
2021/04/12,0,7,1,2614,3141,6273,9569,6680,12366,7815,16821,10971,16681,8876,8853,19551,24792,10879,20690,3,0,451,653,1250,2556,1801,4332,2541,6362,3794,5563,3567,3502,5165,7085,10024,18977,107298,72912,14082,4674,65159,16,17,24,7,0
2021/04/11,0,7,1,2586,3130,6176,9543,6564,12329,7650,16770,10768,16576,7602,7575,17819,22813,10877,20686,3,0,450,653,1249,2554,1801,4331,2541,6362,3790,5558,3562,3501,5159,7083,10024,18977,107223,72899,14075,4662,58134,14,16,24,7,0
2021/04/10,0,7,1,2584,3128,6166,9538,6555,12324,7644,16765,10761,16568,7593,7563,17809,22806,10877,20686,3,0,450,649,1246,2550,1800,4328,2539,6358,3786,5557,3553,3487,5151,7068,10024,18977,107136,72835,14075,4655,58125,14,15,24,7,0
2021/04/09,0,7,1,2522,3029,6029,9327,6400,12062,7389,16359,10447,16072,7434,7355,17690,22626,10876,20684,3,0,445,644,1228,2537,1774,4310,2507,6307,3707,5475,3434,3377,5008,6969,10019,18975,106651,72744,14045,3942,55575,12,14,24,7,0
2021/04/08,0,7,1,2443,2958,5933,9207,6296,11932,7217,16174,10191,15884,7236,7094,16423,21165,10866,20653,3,0,437,638,1212,2503,1748,4273,2478,6235,3652,5409,3356,3330,4927,6864,9997,18929,102988,72289,13691,3671,54964,11,13,24,7,0
2021/04/07,0,7,1,2415,2922,5860,9135,6203,11858,7084,16072,9948,15732,6938,6767,14094,18211,10845,20606,3,0,431,636,1201,2490,1735,4249,2464,6195,3584,5350,3283,3276,4868,6802,9988,18899,96809,72001,13531,3423,54323,10,13,22,7,0
2021/04/06,0,7,1,2398,2892,5760,9067,6112,11778,6930,15959,9705,15550,6581,6404,11981,15588,10818,20547,3,0,427,629,1192,2462,1724,4226,2438,6157,3519,5286,3197,3227,4822,6750,9982,18881,91746,71754,13231,3141,53068,10,11,22,6,0
2021/04/05,0,7,1,2390,2881,5740,9050,6101,11759,6913,15938,9685,15522,6455,6304,10702,14290,10817,20546,3,0,423,621,1188,2447,1718,4210,2422,6125,3486,5245,3168,3188,4801,6705,9975,18863,91660,71559,13192,3004,50218,9,10,21,6,0
2021/04/04,0,7,1,2390,2880,5737,9046,6099,11759,6911,15938,9682,15520,6450,6299,10702,14288,10817,20546,3,0,423,620,1188,2446,1718,4210,2421,6125,3486,5245,3167,3188,4798,6705,9974,18861,91650,71550,13189,3003,50205,9,10,18,6,0
2021/04/03,0,7,1,2386,2873,5730,9038,6093,11754,6906,15934,9679,15517,6447,6294,10695,14285,10817,20546,3,0,423,620,1188,2446,1718,4210,2421,6125,3486,5244,3167,3188,4798,6705,9974,18861,91590,71549,13186,3003,50198,9,10,18,6,0
2021/04/02,0,7,1,2384,2871,5725,9031,6089,11751,6901,15933,9674,15514,6443,6287,10680,14256,10816,20545,3,0,420,618,1187,2446,1717,4209,2419,6125,3485,5237,3142,3171,4788,6696,9974,18861,91501,71471,13183,3002,50197,9,10,17,6,0
2021/04/01,0,7,1,2362,2868,5695,9001,6046,11708,6860,15878,9618,15458,6349,6190,10382,13907,10793,20496,3,0,418,602,1184,2440,1710,4198,2403,6108,3458,5216,3074,3119,4725,6619,9896,18743,90509,70894,13159,2999,49925,9,9,17,5,0
2021/03/31,0,7,1,2328,2841,5620,8932,5977,11613,6758,15766,9484,15325,6206,6047,9830,13157,10746,20402,3,0,412,596,1178,2428,1703,4182,2396,6095,3438,5182,3042,3086,4675,6561,9838,18641,88516,70440,12943,2997,49558,9,6,17,4,0
2021/03/30,0,7,1,2308,2823,5572,8873,5914,11536,6684,15667,9387,15180,6017,5831,8915,11809,10668,20219,3,0,410,591,1173,2424,1690,4164,2378,6073,3404,5138,2984,3017,4583,6463,9706,18399,85414,69730,12561,2855,49418,9,3,15,3,0
2021/03/29,0,6,1,2241,2768,5469,8760,5804,11387,6516,15437,9151,14925,5656,5456,6959,9273,10442,19789,3,0,402,588,1162,2413,1676,4152,2352,6046,3374,5082,2914,2949,4460,6357,9498,18059,79285,68757,11753,2715,48985,9,3,14,3,0
2021/03/28,0,6,1,2219,2755,5425,8699,5729,11309,6428,15351,9033,14805,5530,5303,6310,8333,10375,19671,3,0,392,580,1146,2397,1649,4125,2305,5985,3318,4991,2830,2869,4344,6211,9422,17918,76968,68287,11494,2189,48803,5,3,14,1,0
2021/03/27,0,6,1,2218,2748,5416,8693,5725,11294,6413,15329,9022,14792,5502,5276,6299,8330,10375,19669,3,0,392,580,1144,2396,1648,4120,2301,5982,3309,4984,2824,2866,4328,6186,9340,17769,76859,67975,11494,2188,48738,5,3,14,1,0
2021/03/26,0,6,1,2201,2727,5379,8655,5686,11243,6335,15258,8871,14641,5335,5126,6128,8148,10372,19660,3,0,388,572,1136,2383,1632,4091,2273,5946,3275,4930,2763,2802,4139,5926,8620,16570,76509,65290,10654,2150,48594,5,3,12,1,0
2021/03/25,0,6,0,2084,2647,5200,8438,5484,10965,6128,14954,8629,14352,5171,4973,6031,8026,10369,19652,3,0,379,557,1115,2357,1609,4061,2227,5888,3200,4851,2664,2695,3761,5430,7455,14797,76046,61113,9697,1929,47352,4,2,12,1,0
2021/03/24,0,6,0,1999,2599,5049,8277,5322,10771,5962,14715,8422,14121,5030,4814,5916,7908,10363,19641,3,0,375,545,1102,2329,1576,4006,2168,5822,3111,4750,2527,2581,3327,4808,6028,12531,75662,56004,8533,1578,46706,4,2,12,1,0
2021/03/23,0,6,0,1923,2547,4936,8154,5221,10628,5840,14522,8303,13951,4947,4727,5848,7848,10356,19623,3,0,364,519,1082,2294,1543,3948,2124,5732,3029,4658,2438,2487,2874,4163,4072,9241,75267,49136,7779,1429,46320,3,2,12,1,0
2021/03/22,0,6,0,1861,2483,4798,8019,5085,10451,5679,14290,8111,13738,4839,4612,5778,7740,10339,19583,2,0,337,502,1054,2256,1498,3874,2058,5621,2927,4506,2321,2334,2340,3462,1467,4968,74763,40335,6741,1188,45895,1,2,11,1,0
2021/03/21,0,6,0,1859,2477,4787,8006,5070,10440,5663,14272,8081,13713,4817,4597,5761,7727,10334,19582,2,0,336,502,1049,2242,1489,3845,2040,5583,2901,4456,2280,2285,2298,3421,1450,4922,74738,40193,6688,904,45753,1,2,11,1,0
2021/03/20,0,6,0,1859,2477,4785,8005,5069,10438,5662,14271,8073,13707,4815,4594,5753,7718,10334,19582,2,0,336,501,1049,2242,1489,3845,2040,5583,2899,4455,2279,2282,2298,3421,1449,4922,74723,40189,6686,899,45726,1,2,11,1,0
2021/03/19,0,6,0,1805,2233,4276,6724,4662,9455,5392,13711,7851,13304,4688,4494,5682,7651,10333,19582,2,0,335,501,1049,2242,1489,3844,2039,5582,2898,4455,2277,2280,2292,3414,1447,4919,74659,40169,6672,892,40505,1,2,11,1,0
2021/03/18,0,6,0,1749,1979,3860,5666,4133,8079,4575,11170,6490,9968,4318,4192,5475,7427,10312,19543,2,0,334,498,1042,2229,1480,3819,2012,5544,2873,4431,2256,2264,2267,3385,1442,4909,74219,39975,6607,808,28104,1,2,10,1,0
2021/03/17,0,6,0,1743,1970,3848,5639,4116,8049,4551,11104,6439,9893,4278,4145,5431,7381,10304,19515,1,0,331,497,1038,2221,1474,3810,2005,5529,2863,4404,2229,2235,2245,3370,1435,4893,73948,39817,6541,759,27911,1,2,10,1,0
2021/03/16,0,6,0,1718,1937,3788,5556,4045,7943,4424,10942,6231,9695,4053,3955,5288,7222,10297,19491,1,0,328,493,1037,2202,1469,3797,1996,5513,2854,4384,2219,2220,2232,3340,1426,4862,73633,39640,5262,729,27684,1,2,10,1,0
2021/03/15,0,6,0,1708,1916,3764,5519,4019,7905,4373,10873,6151,9609,3966,3888,5231,7160,10288,19464,1,0,325,489,1028,2186,1461,3791,1980,5477,2836,4356,2204,2188,2207,3275,1415,4823,73398,39419,4894,621,27538,1,0,10,1,0
2021/03/14,0,6,0,1702,1906,3756,5509,4014,7888,4364,10842,6142,9586,3958,3877,5225,7152,10287,19462,1,0,325,489,1026,2186,1456,3788,1976,5475,2818,4350,2198,2185,2196,3264,1410,4821,73362,39410,4877,552,27427,1,0,10,1,0
2021/03/13,0,6,0,1698,1900,3741,5485,4007,7877,4344,10831,6127,9570,3955,3874,5222,7149,10287,19462,1,0,325,489,1026,2185,1456,3788,1976,5474,2818,4349,2197,2184,2196,3262,1401,4814,73335,39387,4872,552,27318,1,0,10,1,0
2021/03/12,0,5,0,1660,1842,3233,5339,3491,7760,4210,10706,5901,9277,3785,3727,5078,7035,10261,19413,1,0,320,467,1022,2155,1448,3763,1956,5403,2765,4264,2017,2029,2136,3212,1394,4808,73111,38615,4136,544,25466,0,0,10,1,0
2021/03/11,0,5,0,1554,1703,2851,5077,3051,7502,3929,10292,5268,8384,3555,3552,4969,6913,10221,19357,1,0,318,466,1019,2142,1445,3743,1949,5384,2756,4247,2010,2021,2121,3195,1388,4787,72524,38487,3869,504,21782,0,0,8,1,0
2021/03/10,0,5,0,1522,1669,2811,5032,3012,7443,3873,10204,5158,8267,3429,3446,4851,6798,10173,19290,1,0,316,465,1018,2138,1441,3732,1945,5370,2744,4226,1991,2013,2094,3162,1378,4772,72105,38398,3536,407,21334,0,0,8,1,0
2021/03/09,0,5,0,1512,1653,2774,5003,2990,7399,3834,10144,5076,8188,3328,3358,4767,6709,10064,19078,1,0,313,464,1014,2129,1434,3719,1919,5348,2702,4196,1948,1988,2040,3133,1366,4762,71495,38365,3265,110,21115,0,0,7,1,0
2021/03/08,0,5,0,1496,1638,2745,4974,2961,7368,3810,10096,5052,8126,3286,3318,4690,6647,9883,18774,1,0,312,464,1012,2125,1426,3703,1902,5315,2683,4168,1929,1969,2013,3110,1359,4743,70689,38215,3257,18,20916,0,0,7,1,0
2021/03/07,0,5,0,1483,1627,2715,4931,2926,7320,3774,10035,5010,8067,3252,3284,4624,6545,9805,18628,1,0,312,463,1011,2124,1425,3697,1899,5305,2682,4163,1925,1966,2009,3106,1355,4734,70148,38160,3203,16,20674,0,0,6,1,0
2021/03/06,0,5,0,1482,1626,2710,4919,2923,7311,3766,10028,4992,8051,3242,3274,4601,6506,9714,18456,1,0,312,463,1009,2121,1425,3695,1893,5296,2680,4161,1920,1958,2003,3104,1354,4731,69752,38110,3203,16,20645,0,0,6,0,0
2021/03/05,0,5,0,1409,1550,2611,4758,2866,7153,3681,9821,4892,7855,3192,3214,4381,6216,8992,17246,1,0,312,463,1007,2119,1421,3690,1891,5295,2677,4155,1912,1954,1998,3101,1349,4727,67058,38056,3200,16,19578,0,0,6,0,0
2021/03/04,0,5,0,1235,1443,2445,4558,2697,6882,3513,9477,4634,7513,3075,3086,4016,5757,7797,15402,1,0,310,455,998,2095,1405,3650,1863,5242,2649,4107,1883,1929,1965,3046,1321,4681,62792,37584,3197,16,17541,0,0,5,0,0
2021/03/03,0,5,0,1201,1390,2369,4450,2636,6759,3427,9310,4536,7369,2988,3016,3633,5151,6375,13170,1,0,306,446,987,2072,1393,3622,1849,5192,2594,4052,1833,1893,1937,3013,1305,4650,57643,37129,3169,16,16969,0,0,4,0,0
2021/03/02,0,5,0,1168,1351,2308,4391,2587,6666,3345,9186,4399,7220,2873,2891,3145,4480,4325,9760,1,0,301,436,982,2045,1380,3580,1834,5137,2562,4025,1823,1877,1917,2985,1291,4622,50495,36782,2918,16,16684,0,0,3,0,0
2021/03/01,0,5,0,1108,1322,2246,4330,2513,6578,3250,9057,4257,7032,2739,2754,2569,3731,1546,5209,1,0,300,433,975,2033,1369,3562,1826,5122,2549,4009,1805,1866,1901,2965,1280,4593,41267,36573,2527,16,16449,0,0,3,0,0
2021/02/28,0,5,0,1072,1307,2205,4294,2483,6533,3202,9000,4195,6974,2674,2706,2520,3700,1538,5189,1,0,300,432,972,2026,1367,3549,1823,5108,2543,3999,1798,1855,1888,2953,1272,4578,41171,36448,2233,16,16190,0,0,3,0,0
2021/02/27,0,5,0,1031,1225,2137,4053,2425,6299,3139,8702,4105,6721,2619,2649,2500,3676,1535,5189,1,0,300,432,971,2026,1367,3549,1823,5107,2542,3999,1798,1854,1886,2952,1272,4578,41063,36441,2232,16,14712,0,0,3,0,0
2021/02/26,0,4,0,865,975,1939,3664,2264,5638,2924,7784,3795,5929,2571,2595,2481,3660,1531,5186,1,0,300,432,971,2022,1365,3547,1821,5106,2540,3998,1798,1851,1879,2951,1270,4571,41044,36407,2143,16,10615,0,0,3,0,0
2021/02/25,0,4,0,532,818,1662,3464,2084,5333,2727,7387,3567,5628,2489,2515,2440,3599,1527,5171,1,0,291,411,946,1969,1334,3476,1789,5025,2511,3934,1773,1823,1839,2905,1241,4531,40848,35786,1881,13,8216,0,0,2,0,0
2021/02/24,0,3,0,511,799,1626,3366,2020,5201,2667,7205,3500,5487,2421,2468,2403,3570,1517,5135,1,0,282,406,930,1938,1320,3422,1776,4964,2487,3889,1762,1805,1830,2886,1229,4500,40653,35423,1709,4,7535,0,0,2,0,0
2021/02/23,0,3,0,490,761,1566,3262,1965,5060,2589,7074,3415,5382,2360,2410,2364,3511,1502,5100,1,0,280,402,925,1922,1313,3392,1767,4932,2466,3856,1742,1785,1810,2850,1213,4444,40496,35097,1435,3,6881,0,0,2,0,0
2021/02/22,0,2,0,474,730,1512,3162,1925,4920,2530,6855,3354,5237,2349,2311,2348,3431,1496,5055,1,0,279,399,922,1910,1305,3365,1749,4896,2451,3825,1722,1766,1782,2819,1198,4395,40279,34783,1169,1,6241,0,0,2,0,0
2021/02/21,0,2,0,465,691,1453,3018,1877,4770,2477,6695,3271,5134,2313,2278,2320,3411,1486,5049,1,0,279,398,919,1902,1304,3356,1744,4885,2447,3816,1720,1764,1781,2817,1198,4394,40234,34724,936,1,5538,0,0,2,0,0
2021/02/20,0,2,0,459,685,1444,3014,1872,4770,2474,6692,3266,5130,2310,2277,2320,3410,1484,5048,1,0,279,398,919,1901,1304,3355,1744,4885,2445,3815,1719,1763,1778,2817,1197,4392,40228,34711,931,1,5496,0,0,2,0,0
2021/02/19,0,1,0,436,648,1415,2952,1844,4713,2433,6592,3179,5012,2129,2114,2256,3361,1479,5042,1,0,277,397,918,1899,1303,3354,1744,4880,2442,3814,1718,1762,1776,2816,1197,4391,39474,34688,911,1,5219,0,0,2,0,0
2021/02/18,0,1,0,408,591,1310,2711,1740,4470,2296,6330,3075,4831,2100,2098,2240,3344,1474,5031,1,0,277,391,911,1866,1294,3314,1726,4832,2423,3776,1707,1750,1759,2804,1185,4371,39395,34386,837,1,3816,0,0,2,0,0
2021/02/17,0,1,0,391,559,1272,2578,1683,4295,2226,6089,3015,4682,2081,2079,2216,3324,1460,5021,1,0,266,374,875,1779,1250,3185,1666,4673,2348,3641,1628,1680,1682,2690,1131,4250,39238,33119,786,0,2946,0,0,2,0,0
2021/02/16,0,1,0,373,529,1219,2458,1633,4161,2147,5904,2934,4546,2072,2074,2208,3317,1454,5008,1,0,258,357,854,1697,1195,3047,1603,4470,2275,3462,1577,1625,1618,2587,1099,4113,39174,31838,755,0,2107,0,0,2,0,0
2021/02/15,0,1,0,363,507,1148,2318,1588,4086,2115,5851,2906,4505,2053,2058,2183,3286,1446,4987,1,0,252,338,830,1652,1163,2970,1547,4331,2202,3342,1500,1559,1560,2474,1052,3923,39067,30696,640,0,1692,0,0,2,0,0
2021/02/14,0,1,0,354,501,1124,2263,1525,3925,2074,5758,2875,4466,2047,2055,2171,3276,1443,4980,1,0,246,333,812,1623,1147,2930,1505,4279,2164,3312,1484,1538,1535,2437,1035,3877,39048,30258,571,0,1217,0,0,2,0,0
2021/02/13,0,1,0,354,501,1123,2263,1525,3924,2072,5757,2875,4466,2046,2053,2170,3276,1442,4977,1,0,246,333,811,1623,1147,2930,1504,4277,2164,3312,1482,1535,1534,2436,1035,3876,39037,30246,571,0,1216,0,0,1,0,0
2021/02/12,0,1,0,346,497,1105,2255,1520,3911,2067,5749,2872,4460,2032,2043,2164,3263,1437,4974,1,0,244,332,805,1618,1141,2921,1488,4259,2146,3299,1469,1519,1519,2404,1028,3839,38971,30032,563,0,1161,0,0,1,0,0
2021/02/11,0,1,0,323,473,1041,2159,1467,3784,1973,5485,2787,4341,2001,2010,2124,3195,1407,4916,1,0,223,304,754,1513,1061,2697,1362,3902,1957,2993,1280,1306,1345,2124,913,3467,38572,27202,526,0,388,0,0,1,0,0
2021/02/10,0,1,0,317,464,1020,2120,1428,3706,1919,5323,2693,4161,1930,1960,2076,3153,1385,4890,1,0,198,261,661,1325,932,2308,1175,3298,1714,2572,1117,1127,1193,1873,793,3093,38157,23641,386,0,2,0,0,1,0,0
2021/02/09,0,1,0,311,452,1012,2089,1413,3654,1875,5257,2627,4106,1872,1920,2004,3098,1364,4868,1,0,165,201,560,1064,782,1861,968,2685,1444,2158,965,966,994,1582,669,2641,37855,19706,65,0,2,0,0,1,0,0
2021/02/08,0,1,0,309,450,1009,2082,1402,3638,1867,5234,2607,4089,1858,1909,1985,3081,1358,4843,1,0,116,166,459,848,618,1442,769,2036,1165,1670,773,790,792,1246,532,2158,37699,15581,20,0,2,0,0,1,0,0
2021/02/07,0,1,0,309,450,1007,2081,1401,3633,1864,5231,2600,4086,1852,1900,1969,3073,1354,4835,1,0,106,147,410,703,544,1267,689,1820,1068,1522,696,709,709,1122,455,1914,37628,13882,17,0,0,0,0,1,0,0
2021/02/06,0,1,0,309,450,1006,2080,1401,3630,1864,5229,2600,4083,1852,1899,1964,3071,1351,4833,1,0,105,146,405,700,539,1243,673,1801,1057,1501,693,705,704,1118,454,1910,37605,13755,17,0,0,0,0,1,0,0
2021/02/05,0,1,0,309,449,1004,2076,1397,3621,1860,5215,2594,4077,1851,1898,1956,3062,1341,4819,1,0,101,138,389,682,522,1213,641,1749,1007,1438,656,654,655,1044,427,1816,37512,13133,17,0,0,0,0,1,0,0
2021/02/04,0,1,0,301,432,993,2044,1378,3567,1840,5138,2579,4029,1835,1877,1929,3027,1321,4786,1,0,77,107,288,461,363,819,457,1187,695,979,510,479,507,825,339,1454,37059,9548,17,0,0,0,0,1,0,0
2021/02/03,0,1,0,297,423,974,2018,1362,3529,1826,5089,2545,3986,1815,1854,1914,3003,1307,4770,1,0,60,82,243,393,293,641,348,926,535,729,341,334,369,585,247,1067,36695,7194,17,0,0,0,0,1,0,0
2021/02/02,0,1,0,292,416,968,1989,1354,3496,1815,5042,2522,3951,1797,1838,1886,2961,1285,4718,0,0,40,63,186,310,245,488,266,742,387,560,237,217,235,390,167,703,36313,5236,17,0,0,0,0,1,0,0
2021/02/01,0,1,0,291,414,963,1981,1351,3481,1807,5021,2513,3932,1789,1827,1872,2946,1281,4703,0,0,20,39,137,224,169,313,170,493,243,323,119,109,102,189,78,314,36155,3042,17,0,0,0,0,1,0,0
2021/01/31,0,1,0,290,413,961,1973,1348,3472,1804,5002,2509,3918,1785,1819,1868,2938,1278,4693,0,0,19,34,119,196,151,271,153,412,205,278,100,95,94,161,70,274,36054,2632,17,0,0,0,0,1,0,0
2021/01/30,0,1,0,290,413,961,1973,1348,3472,1804,5002,2509,3918,1784,1819,1868,2937,1278,4692,0,0,19,34,118,196,151,268,150,409,204,278,99,94,94,161,70,274,36051,2619,17,0,0,0,0,1,0,0
2021/01/29,0,1,0,288,410,960,1971,1347,3464,1798,4993,2506,3915,1778,1812,1859,2925,1271,4670,0,0,17,33,116,186,142,260,138,380,172,251,72,70,84,139,63,238,35950,2361,17,0,0,0,0,1,0,0
2021/01/28,0,1,0,285,401,941,1916,1323,3400,1773,4931,2478,3851,1756,1790,1827,2894,1252,4634,0,0,1,0,11,20,8,20,11,45,10,22,6,4,7,10,3,15,35437,193,15,0,0,0,0,1,0,0
2021/01/27,0,1,0,279,383,908,1835,1287,3286,1712,4808,2418,3751,1699,1741,1782,2825,1212,4546,0,0,1,0,6,6,5,12,7,19,6,12,4,4,7,10,3,14,34461,116,11,0,0,0,0,1,0,0
2021/01/26,0,1,0,274,373,898,1820,1273,3246,1694,4752,2387,3684,1666,1708,1743,2752,1194,4454,0,0,1,0,6,6,5,12,7,19,6,12,4,4,7,10,3,14,33911,116,7,0,0,0,0,1,0,0
2021/01/25,0,1,0,263,349,857,1701,1203,3082,1603,4481,2281,3476,1605,1655,1686,2664,1144,4267,0,0,1,0,2,3,1,4,4,2,6,5,4,4,6,9,2,14,32314,67,3,0,0,0,0,1,0,0
2021/01/24,0,1,0,259,346,846,1681,1193,3059,1572,4448,2255,3455,1594,1646,1674,2652,1138,4259,0,0,1,0,2,2,1,4,4,2,6,5,4,4,6,9,2,14,32074,66,3,0,0,0,0,1,0,0
2021/01/23,0,1,0,259,346,845,1681,1192,3058,1572,4444,2254,3454,1593,1646,1673,2651,1137,4254,0,0,1,0,2,2,1,4,4,2,6,5,4,4,6,9,2,14,32056,66,3,0,0,0,0,1,0,0
2021/01/22,0,1,0,258,344,838,1678,1188,3053,1569,4437,2241,3449,1581,1634,1667,2632,1131,4232,0,0,1,0,2,2,1,4,4,2,5,5,4,4,6,9,2,14,31930,65,3,0,0,0,0,0,0,0
2021/01/21,0,1,0,246,333,811,1610,1163,2926,1513,4275,2161,3314,1482,1530,1530,2464,1046,4041,0,0,1,0,1,2,1,4,4,2,4,5,4,3,5,9,1,14,30443,60,3,0,0,0,0,0,0,0
2021/01/20,0,1,0,224,292,737,1455,1071,2608,1378,3816,1988,2959,1359,1382,1406,2266,968,3800,0,0,1,0,1,2,1,4,4,2,3,5,4,3,5,9,1,14,27708,59,2,0,0,0,0,0,0,0
2021/01/19,0,1,0,193,235,635,1207,926,2163,1155,3199,1699,2528,1174,1178,1170,1922,806,3228,0,0,1,0,1,1,1,2,4,1,2,5,4,3,5,9,1,14,23417,54,2,0,0,0,0,0,0,0
2021/01/18,0,1,0,137,186,502,947,714,1647,887,2328,1322,1915,912,946,935,1516,630,2577,0,0,0,0,0,0,0,0,0,0,1,2,2,1,0,0,0,0,18101,6,1,0,0,0,0,0,0,0
2021/01/17,0,1,0,123,161,443,776,629,1424,785,2075,1207,1724,845,867,851,1378,556,2357,0,0,0,0,0,0,0,0,0,0,0,1,0,0,0,0,0,0,16202,1,0,0,0,0,0,0,0,0
2021/01/16,0,1,0,122,160,439,775,627,1416,775,2071,1198,1718,843,862,846,1367,548,2341,0,0,0,0,0,0,0,0,0,0,0,0,0,0,0,0,0,0,16109,0,0,0,0,0,0,0,0,0
2021/01/15,0,1,0,111,153,426,754,600,1377,743,1993,1136,1636,799,808,799,1278,517,2216,0,0,0,0,0,0,0,0,0,0,0,0,0,0,0,0,0,0,15347,0,0,0,0,0,0,0,0,0
2021/01/14,0,1,0,78,114,305,488,399,891,513,1286,778,1074,584,560,580,943,399,1686,0,0,0,0,0,0,0,0,0,0,0,0,0,0,0,0,0,0,10679,0,0,0,0,0,0,0,0,0
2021/01/13,0,1,0,60,86,255,410,323,675,380,983,571,764,368,357,394,638,284,1176,0,0,0,0,0,0,0,0,0,0,0,0,0,0,0,0,0,0,7725,0,0,0,0,0,0,0,0,0
2021/01/12,0,0,0,49,70,207,350,259,548,280,810,416,599,248,228,245,426,191,788,0,0,0,0,0,0,0,0,0,0,0,0,0,0,0,0,0,0,5714,0,0,0,0,0,0,0,0,0
2021/01/11,0,0,0,33,51,179,300,212,445,221,650,306,422,151,131,140,259,106,452,0,0,0,0,0,0,0,0,0,0,0,0,0,0,0,0,0,0,4058,0,0,0,0,0,0,0,0,0
2021/01/10,0,0,0,25,42,157,251,183,367,180,538,256,361,130,110,125,214,94,362,0,0,0,0,0,0,0,0,0,0,0,0,0,0,0,0,0,0,3395,0,0,0,0,0,0,0,0,0
2021/01/09,0,0,0,25,42,156,249,182,364,178,532,255,360,129,109,125,214,94,362,0,0,0,0,0,0,0,0,0,0,0,0,0,0,0,0,0,0,3376,0,0,0,0,0,0,0,0,0
2021/01/08,0,0,0,23,40,153,239,174,354,165,500,225,334,105,93,119,198,87,335,0,0,0,0,0,0,0,0,0,0,0,0,0,0,0,0,0,0,3144,0,0,0,0,0,0,0,0,0
2021/01/07,0,0,0,2,0,6,10,8,15,10,7,20,11,10,11,14,21,3,35,0,0,0,0,0,0,0,0,0,0,0,0,0,0,0,0,0,0,183,0,0,0,0,0,0,0,0,0
2021/01/06,0,0,0,1,0,3,4,1,7,5,2,6,6,6,4,7,10,1,16,0,0,0,0,0,0,0,0,0,0,0,0,0,0,0,0,0,0,79,0,0,0,0,0,0,0,0,0
2021/01/05,0,0,0,1,0,3,3,1,6,5,2,6,5,6,4,6,10,1,15,0,0,0,0,0,0,0,0,0,0,0,0,0,0,0,0,0,0,74,0,0,0,0,0,0,0,0,0
2021/01/04,0,0,0,1,0,2,3,1,5,4,2,6,5,6,4,5,9,1,15,0,0,0,0,0,0,0,0,0,0,0,0,0,0,0,0,0,0,69,0,0,0,0,0,0,0,0,0
2021/01/03,0,0,0,1,0,2,2,1,5,4,2,6,5,5,4,5,9,1,15,0,0,0,0,0,0,0,0,0,0,0,0,0,0,0,0,0,0,67,0,0,0,0,0,0,0,0,0
2021/01/02,0,0,0,1,0,2,2,1,5,4,2,6,5,5,4,5,9,1,15,0,0,0,0,0,0,0,0,0,0,0,0,0,0,0,0,0,0,67,0,0,0,0,0,0,0,0,0
2021/01/01,0,0,0,1,0,2,2,1,4,4,2,5,5,5,4,5,9,1,15,0,0,0,0,0,0,0,0,0,0,0,0,0,0,0,0,0,0,65,0,0,0,0,0,0,0,0,0
2020/12/31,0,0,0,1,0,2,2,1,4,4,2,4,5,5,4,5,9,1,15,0,0,0,0,0,0,0,0,0,0,0,0,0,0,0,0,0,0,64,0,0,0,0,0,0,0,0,0
2020/12/30,0,0,0,1,0,2,2,1,4,4,2,3,5,5,4,5,9,1,15,0,0,0,0,0,0,0,0,0,0,0,0,0,0,0,0,0,0,63,0,0,0,0,0,0,0,0,0
2020/12/29,0,0,0,0,0,1,1,1,2,4,1,2,5,5,4,5,9,1,15,0,0,0,0,0,0,0,0,0,0,0,0,0,0,0,0,0,0,56,0,0,0,0,0,0,0,0,0
2020/12/28,0,0,0,0,0,1,1,1,1,2,0,1,5,4,1,1,0,0,2,0,0,0,0,0,0,0,0,0,0,0,0,0,0,0,0,0,0,20,0,0,0,0,0,0,0,0,0
2020/12/27,0,0,0,0,0,1,1,1,1,2,0,0,3,2,0,1,0,0,2,0,0,0,0,0,0,0,0,0,0,0,0,0,0,0,0,0,0,14,0,0,0,0,0,0,0,0,0
