Datum,<15_m,<15_w,15-24_1_m,15-24_1_w,25-34_1_m,25-34_1_w,35-44_1_m,35-44_1_w,45-54_1_m,45-54_1_w,55-64_1_m,55-64_1_w,65-74_1_m,65-74_1_w,75-84_1_m,75-84_1_w,>84_1_m,>84_1_w,<24_2_m,<24_2_w,25-34_2_m,25-34_2_w,35-44_2_m,35-44_2_w,45-54_2_m,45-54_2_w,55-64_2_m,55-64_2_w,65-74_2_m,65-74_2_w,75-84_2_m,75-84_2_w,>84_2_m,>84_2_w,bp_1,bp_2,mo_1,mo_2,az_1,az_2,ja,unb_1,unb_2
2021-10-16T23:59:59+02:00,5590,5198,38932,37423,54201,48668,54970,53523,65556,65464,75260,75226,54257,59850,37431,48399,11682,22252,36051,34722,51506,45766,52660,50822,63227,62731,73053,72903,52986,58390,36585,47230,11306,21467,592269,565631,79156,76349,105551,101534,36876,32,28
2021-10-15T23:59:59+02:00,5585,5195,38915,37409,54183,48658,54964,53519,65542,65460,75253,75215,54249,59848,37427,48394,11681,22252,36039,34720,51500,45760,52658,50818,63222,62724,73050,72898,52982,58388,36581,47230,11306,21466,592147,565570,79156,76348,105551,101534,36865,32,28
2021-10-14T23:59:59+02:00,5527,5139,38782,37295,54054,48558,54874,53438,65477,65383,75187,75164,54217,59826,37417,48375,11676,22243,35761,34394,51284,45538,52509,50648,63079,62584,72956,72824,52926,58343,36558,47202,11301,21459,591142,563512,79139,76310,105551,101524,36770,32,28
2021-10-13T23:59:59+02:00,5487,5106,38749,37256,54026,48522,54847,53405,65452,65360,75168,75139,54205,59815,37409,48366,11672,22238,35721,34354,51259,45495,52474,50613,63045,62548,72924,72796,52903,58328,36549,47179,11300,21448,590750,563087,79128,76272,105551,101508,36763,32,28
2021-10-12T23:59:59+02:00,5454,5084,38676,37213,53968,48454,54806,53357,65420,65325,75131,75099,54190,59798,37399,48350,11666,22229,35666,34304,51216,45441,52439,50578,63011,62507,72887,72752,52880,58300,36528,47154,11294,21435,590161,562516,79126,76269,105551,101505,36751,32,28
2021-10-11T23:59:59+02:00,5400,5033,38517,37084,53838,48343,54705,53278,65347,65269,75084,75071,54178,59780,37387,48339,11664,22225,35440,34088,51034,45256,52312,50447,62917,62398,72803,72689,52841,58262,36512,47125,11289,21422,589236,560947,79126,76267,105551,101500,36599,32,28
2021-10-10T23:59:59+02:00,5381,5023,38473,37046,53796,48302,54685,53250,65330,65251,75069,75051,54175,59776,37383,48335,11663,22219,35407,34067,51013,45229,52294,50431,62906,62386,72790,72676,52837,58253,36507,47115,11286,21418,588921,560727,79123,76259,105551,101498,36583,32,28
2021-10-09T23:59:59+02:00,5381,5023,38473,37046,53796,48302,54685,53250,65330,65251,75069,75051,54175,59776,37383,48335,11663,22219,35406,34067,51013,45229,52294,50431,62904,62386,72790,72676,52837,58253,36507,47115,11286,21418,588921,560726,79123,76258,105551,101497,36583,32,28
2021-10-08T23:59:59+02:00,5373,5010,38455,37028,53783,48285,54678,53246,65319,65243,75056,75042,54173,59773,37381,48330,11662,22218,35392,34048,51001,45214,52289,50420,62895,62378,72784,72670,52835,58251,36506,47111,11286,21416,588780,560609,79123,76256,105551,101496,36571,32,28
2021-10-07T23:59:59+02:00,5307,4927,38285,36883,53662,48164,54573,53144,65222,65156,74988,74994,54153,59735,37358,48305,11655,22205,35024,33706,50754,44906,52090,50157,62699,62184,72614,72513,52770,58181,36478,47063,11273,21391,587504,558407,79094,75492,105549,101490,36539,32,28
2021-10-06T23:59:59+02:00,5272,4900,38239,36843,53629,48127,54530,53111,65177,65121,74963,74971,54136,59722,37351,48289,11649,22197,34983,33670,50732,44879,52069,50135,62670,62169,72589,72497,52748,58152,36460,47044,11266,21380,587041,558034,79089,75491,105549,101488,36518,32,28
2021-10-05T23:59:59+02:00,5240,4875,38162,36774,53570,48065,54481,53052,65116,65067,74921,74925,54099,59695,37331,48258,11640,22164,34919,33601,50686,44816,52036,50093,62617,62131,72549,72457,52716,58114,36431,46991,11258,21358,586317,557356,79070,75490,105549,101486,36469,32,28
2021-10-04T23:59:59+02:00,5179,4818,37950,36608,53403,47952,54368,52949,65049,64993,74856,74878,54069,59663,37316,48240,11631,22149,34618,33253,50445,44575,51854,49916,62456,61978,72434,72360,52658,58053,36377,46934,11246,21339,585241,555110,79061,75490,105549,101486,36190,32,28
2021-10-03T23:59:59+02:00,5168,4804,37928,36583,53371,47920,54345,52934,65032,64974,74847,74866,54062,59650,37311,48227,11631,22145,34565,33216,50396,44532,51816,49867,62413,61940,72394,72328,52641,58030,36365,46919,11244,21330,585002,554627,79058,75490,105545,101477,36163,32,28
2021-10-02T23:59:59+02:00,5166,4795,37925,36577,53364,47916,54344,52932,65030,64974,74845,74864,54062,59649,37311,48227,11631,22145,34563,33214,50388,44530,51814,49867,62411,61940,72394,72327,52641,58029,36365,46919,11244,21330,584972,554618,79058,75489,105545,101477,36152,32,28
2021-10-01T23:59:59+02:00,5158,4778,37880,36549,53332,47892,54320,52907,65000,64959,74819,74847,54052,59644,37308,48224,11628,22143,34544,33203,50370,44522,51800,49853,62398,61931,72377,72315,52632,58023,36362,46917,11242,21328,584731,554535,79056,75487,105545,101471,36078,32,28
2021-09-30T23:59:59+02:00,5069,4716,37675,36351,53166,47733,54179,52780,64898,64841,74749,74792,54037,59614,37297,48208,11625,22136,34402,33051,50277,44397,51725,49740,62313,61839,72312,72257,52620,57993,36354,46892,11239,21318,583230,553958,79038,74878,105542,101467,36027,31,28
2021-09-29T23:59:59+02:00,5047,4696,37643,36310,53122,47685,54142,52733,64867,64804,74719,74765,54020,59590,37285,48197,11621,22124,34375,33015,50250,44371,51703,49719,62293,61809,72290,72237,52611,57984,36349,46882,11236,21310,582778,553671,79026,74874,105542,101462,35995,31,28
2021-09-28T23:59:59+02:00,5024,4673,37584,36254,53082,47638,54107,52690,64823,64761,74675,74730,53983,59554,37266,48175,11612,22113,34319,32977,50219,44346,51678,49698,62267,61789,72254,72207,52581,57945,36327,46855,11233,21298,582225,553281,79024,74868,105542,101458,35924,31,28
2021-09-27T23:59:59+02:00,4949,4613,37384,36079,52898,47477,53986,52580,64719,64654,74577,74650,53954,59526,37254,48156,11610,22101,33897,32590,49912,44024,51449,49450,62070,61603,72125,72082,52540,57885,36306,46824,11231,21288,581173,550773,78998,74867,105542,101457,35425,31,28
2021-09-26T23:59:59+02:00,4946,4607,37364,36049,52870,47461,53972,52565,64704,64644,74565,74640,53947,59515,37253,48153,11610,22096,33883,32583,49900,44009,51444,49441,62057,61597,72117,72075,52536,57877,36305,46819,11229,21284,581000,550662,78981,74859,105542,101456,35409,31,28
2021-09-25T23:59:59+02:00,4943,4604,37358,36045,52867,47457,53968,52562,64702,64640,74561,74637,53946,59512,37252,48152,11610,22095,33880,32583,49899,44009,51444,49440,62057,61596,72115,72075,52536,57876,36305,46819,11229,21284,580956,550656,78979,74859,105542,101456,35405,31,28
2021-09-24T23:59:59+02:00,4940,4601,37340,36031,52846,47444,53947,52550,64683,64629,74547,74627,53939,59509,37249,48148,11610,22091,33870,32567,49884,44001,51425,49425,62044,61590,72096,72066,52529,57869,36299,46812,11229,21282,580840,550551,78979,74857,105539,101455,35344,31,28
2021-09-23T23:59:59+02:00,4811,4481,36935,35611,52493,47111,53654,52278,64441,64411,74364,74496,53879,59453,37217,48102,11601,22072,33683,32396,49665,43848,51256,49321,61894,61485,71980,71991,52493,57844,36274,46789,11227,21274,578511,549881,78935,74834,105539,101452,34397,30,28
2021-09-22T23:59:59+02:00,4784,4460,36893,35554,52427,47033,53588,52217,64374,64359,74305,74443,53850,59430,37209,48085,11599,22067,33647,32353,49622,43791,51197,49269,61839,61445,71932,71957,52474,57826,36268,46778,11225,21273,578078,549621,78927,74831,105536,101451,34108,30,28
2021-09-21T23:59:59+02:00,4768,4437,36836,35505,52361,46969,53543,52167,64307,64308,74247,74389,53807,59398,37196,48059,11594,22058,33616,32301,49590,43744,51158,49226,61793,61407,71893,71915,52443,57802,36257,46760,11224,21266,577525,549256,78918,74829,105534,101446,33944,30,28
2021-09-20T23:59:59+02:00,4664,4373,36501,35200,52040,46660,53308,51944,64097,64119,74088,74276,53743,59344,37175,48024,11587,22052,33105,31866,49212,43411,50873,48923,61539,61196,71726,71763,52387,57737,36234,46715,11217,21256,575687,546549,78913,74824,105533,101440,33034,30,28
2021-09-19T23:59:59+02:00,4651,4368,36488,35189,52029,46652,53294,51932,64084,64114,74080,74266,53740,59338,37172,48021,11586,22052,33084,31849,49208,43401,50865,48911,61525,61185,71714,71753,52381,57733,36233,46713,11217,21253,575581,546426,78906,74820,105532,101439,33009,30,28
2021-09-18T23:59:59+02:00,4651,4368,36486,35188,52027,46651,53294,51931,64084,64114,74080,74266,53740,59338,37172,48021,11586,22052,33081,31849,49204,43399,50865,48911,61525,61185,71714,71753,52381,57733,36233,46713,11217,21253,575579,546421,78906,74820,105532,101439,33004,30,28
2021-09-17T23:59:59+02:00,4644,4355,36472,35164,52006,46633,53283,51913,64070,64105,74065,74247,53731,59331,37169,48016,11585,22052,33074,31833,49192,43389,50861,48903,61524,61181,71706,71741,52374,57731,36233,46712,11217,21252,575417,546370,78906,74820,105531,101437,32959,30,28
2021-09-16T23:59:59+02:00,4494,4205,36103,34800,51750,46333,53070,51648,63886,63920,73908,74097,53676,59271,37153,47981,11580,22040,32945,31727,49110,43282,50782,48821,61462,61126,71655,71708,52359,57717,36223,46700,11216,21246,572977,545529,78448,74740,105530,101432,32932,30,28
2021-09-15T23:59:59+02:00,4451,4167,36035,34725,51706,46280,53003,51592,63836,63871,73870,74054,53658,59250,37143,47970,11579,22034,32892,31676,49059,43230,50725,48771,61416,61082,71625,71677,52351,57696,36213,46690,11216,21240,572605,545195,78362,74725,105530,101420,32699,30,28
2021-09-14T23:59:59+02:00,4410,4127,35972,34673,51655,46209,52962,51542,63790,63826,73826,74012,53633,59231,37128,47951,11577,22030,32828,31605,49015,43181,50691,48727,61362,61044,71590,71636,52329,57673,36204,46676,11215,21237,572064,544647,78292,74719,105530,101413,32640,30,28
2021-09-13T23:59:59+02:00,4259,3950,35605,34242,51383,45895,52747,51308,63580,63617,73691,73887,53578,59162,37091,47917,11576,22022,32364,31132,48780,42933,50508,48526,61214,60861,71448,71525,52276,57614,36188,46640,11209,21227,569477,541659,77867,74639,105529,101407,32608,30,28
2021-09-12T23:59:59+02:00,4250,3940,35582,34226,51368,45872,52729,51291,63566,63600,73682,73877,53575,59156,37086,47916,11576,22021,32339,31114,48765,42915,50498,48518,61203,60847,71432,71513,52270,57606,36182,46638,11206,21226,569327,541504,77851,74631,105518,101392,32588,30,28
2021-09-11T23:59:59+02:00,4247,3937,35578,34222,51367,45870,52724,51284,63564,63595,73680,73871,53571,59151,37086,47914,11576,22021,32330,31110,48762,42912,50495,48515,61200,60843,71429,71510,52268,57604,36182,46636,11206,21226,569300,541484,77851,74631,105518,101392,32560,30,28
2021-09-10T23:59:59+02:00,4246,3936,35465,34123,51171,45716,52533,51143,63387,63481,73546,73780,53533,59112,37066,47896,11574,22016,32204,31001,48564,42746,50297,48378,61011,60721,71295,71415,52226,57561,36160,46615,11203,21221,569243,541332,77849,74629,105517,101390,31086,30,28
2021-09-09T23:59:59+02:00,4218,3898,35386,34056,51114,45647,52472,51055,63329,63423,73506,73742,53510,59084,37052,47878,11572,22012,32110,30934,48520,42697,50246,48337,60970,60687,71252,71381,52208,57547,36153,46600,11202,21217,568637,540851,77814,74622,105499,101368,30975,30,28
2021-09-08T23:59:59+02:00,4193,3878,35353,34014,51090,45617,52454,51029,63295,63390,73485,73719,53503,59069,37045,47867,11572,22009,32052,30905,48481,42671,50218,48306,60934,60658,71236,71360,52195,57534,36143,46589,11199,21199,568291,540475,77814,74621,105499,101356,30949,30,28
2021-09-07T23:59:59+02:00,4180,3864,35313,33971,51060,45586,52430,51003,63270,63367,73449,73689,53491,59053,37029,47853,11570,22003,32005,30857,48447,42636,50178,48269,60909,60627,71203,71331,52182,57518,36134,46576,11196,21195,567919,540057,77814,74619,105499,101348,30920,30,28
2021-09-06T23:59:59+02:00,4004,3680,34834,33498,50683,45197,52164,50701,63044,63128,73291,73539,53427,58972,37010,47812,11567,21994,31796,30674,48245,42481,50035,48129,60796,60509,71108,71242,52135,57472,36118,46557,11191,21182,565110,539199,77814,74618,105499,101344,30093,30,28
2021-09-05T23:59:59+02:00,3996,3668,34817,33483,50680,45190,52152,50693,63032,63118,73276,73534,53422,58964,37004,47805,11565,21990,31778,30655,48226,42466,50022,48121,60785,60499,71098,71237,52129,57460,36116,46552,11190,21180,564975,539061,77813,74616,105499,101330,30073,30,28
2021-09-04T23:59:59+02:00,3996,3668,34816,33483,50678,45190,52151,50692,63032,63118,73276,73534,53422,58964,37004,47805,11565,21990,31777,30653,48225,42466,50020,48119,60785,60499,71097,71237,52129,57460,36116,46552,11190,21180,564973,539057,77813,74614,105499,101330,30070,30,28
2021-09-03T23:59:59+02:00,3948,3621,34652,33351,50525,45066,52040,50574,62882,62994,73151,73434,53382,58916,36983,47784,11561,21987,31503,30461,48024,42295,49849,47950,60579,60327,70952,71091,52075,57403,36091,46529,11188,21176,564834,538924,77215,73368,105488,101317,29285,30,28
2021-09-02T23:59:59+02:00,3922,3591,34593,33304,50491,45026,52008,50541,62841,62953,73113,73408,53362,58904,36974,47766,11561,21981,31434,30401,47974,42248,49808,47906,60524,60275,70911,71064,52057,57387,36082,46520,11187,21171,564424,538533,77193,73364,105488,101207,29205,30,28
2021-09-01T23:59:59+02:00,3906,3577,34567,33271,50468,44999,51989,50519,62821,62920,73084,73390,53353,58895,36970,47758,11561,21980,31384,30362,47941,42221,49778,47881,60493,60251,70888,71033,52037,57368,36072,46513,11187,21168,564156,538187,77190,73358,105488,101180,29165,30,28
2021-08-31T23:59:59+02:00,3879,3564,34527,33224,50441,44963,51961,50487,62793,62888,73054,73358,53333,58873,36962,47745,11558,21980,31324,30330,47912,42196,49756,47864,60466,60235,70873,71006,52023,57358,36069,46506,11184,21162,563765,537910,77190,73354,105487,101173,29119,30,28
2021-08-30T23:59:59+02:00,3653,3354,33938,32708,50017,44585,51609,50140,62502,62625,72847,73180,53249,58788,36932,47698,11555,21972,31042,30066,47612,41962,49528,47693,60284,60104,70718,70902,51955,57313,36051,46474,11181,21155,560760,536815,77190,73351,105486,101163,27887,30,28
2021-08-29T23:59:59+02:00,3647,3346,33917,32686,50002,44576,51595,50122,62491,62611,72837,73164,53241,58783,36930,47691,11555,21970,31024,30046,47590,41935,49507,47676,60267,60087,70706,70890,51952,57305,36048,46473,11181,21153,560618,536696,77188,73350,105485,101119,27844,30,28
2021-08-28T23:59:59+02:00,3647,3346,33914,32686,49997,44575,51594,50120,62489,62608,72835,73163,53240,58781,36930,47691,11555,21970,31015,30037,47585,41933,49504,47673,60264,60083,70703,70888,51951,57301,36048,46473,11181,21153,560609,536660,77188,73349,105485,101119,27830,30,28
2021-08-27T23:59:59+02:00,3643,3340,33906,32667,49994,44571,51582,50113,62482,62603,72818,73157,53236,58778,36929,47690,11554,21969,30997,30019,47577,41923,49494,47664,60257,60075,70691,70887,51949,57300,36047,46472,11180,21153,560535,536582,77188,73347,105485,101116,27795,30,28
2021-08-26T23:59:59+02:00,3618,3312,33865,32617,49967,44533,51540,50064,62436,62579,72785,73127,53226,58768,36922,47688,11553,21965,30700,29750,47359,41710,49319,47508,60141,59974,70606,70816,51915,57267,36030,46448,11178,21149,560183,534757,77161,73341,105484,101051,27708,30,28
2021-08-25T23:59:59+02:00,3577,3288,33815,32574,49940,44487,51504,50035,62397,62545,72749,73103,53217,58750,36916,47673,11552,21964,29943,29049,46919,41296,48993,47216,59916,59749,70430,70665,51848,57191,36008,46413,11169,21141,559751,530422,77161,73338,105484,101028,27661,30,28
2021-08-24T23:59:59+02:00,3537,3265,33756,32515,49908,44445,51476,49988,62352,62496,72705,73056,53196,58725,36903,47660,11550,21956,29709,28827,46786,41165,48885,47110,59824,59655,70345,70566,51802,57144,35987,46401,11165,21138,559259,528982,77158,73334,105482,100994,27561,30,28
2021-08-23T23:59:59+02:00,3233,3000,33121,31892,49482,44047,51134,49683,62023,62199,72412,72824,53099,58636,36864,47597,11539,21947,29290,28434,46399,40865,48644,46897,59552,59445,70120,70419,51726,57073,35962,46358,11159,21131,556191,527527,77155,73331,105481,100989,25876,30,28
2021-08-22T23:59:59+02:00,3222,2992,33111,31886,49473,44037,51126,49677,62018,62192,72407,72822,53096,58633,36862,47595,11539,21946,29266,28418,46380,40857,48635,46887,59541,59437,70113,70416,51717,57069,35959,46355,11159,21131,556126,527431,77151,73325,105477,100975,25851,30,28
2021-08-21T23:59:59+02:00,3220,2992,33106,31883,49471,44036,51125,49674,62015,62191,72406,72821,53096,58633,36862,47595,11539,21946,29253,28405,46375,40853,48629,46883,59537,59437,70113,70415,51716,57069,35959,46355,11159,21131,556111,527392,77151,73318,105477,100975,25843,30,28
2021-08-20T23:59:59+02:00,3204,2981,32982,31790,49279,43899,50951,49564,61833,62063,72260,72739,53048,58591,36847,47577,11536,21942,28714,27905,45894,40483,48347,46672,59279,59253,69909,70290,51631,57011,35929,46327,11155,21124,555885,525692,77151,73143,105477,100742,24544,30,28
2021-08-19T23:59:59+02:00,3177,2958,32932,31751,49245,43864,50903,49525,61788,62025,72211,72700,53022,58571,36840,47562,11532,21935,27773,27049,45108,39880,47921,46311,58946,58979,69634,70067,51531,56922,35887,46279,11150,21119,555472,521314,77116,72168,105472,100650,24452,30,28
2021-08-18T23:59:59+02:00,3156,2939,32885,31707,49209,43829,50864,49489,61744,61989,72164,72673,52993,58554,36826,47548,11531,21930,26478,25746,44180,39006,47214,45570,58267,58395,69146,69609,51343,56701,35810,46187,11138,21102,555040,515771,77095,68957,105469,100597,24397,30,28
2021-08-17T23:59:59+02:00,3132,2916,32816,31644,49165,43761,50821,49454,61698,61944,72128,72632,52970,58530,36813,47536,11528,21925,25187,24353,43306,38313,46614,45090,57734,57953,68713,69284,51208,56517,35735,46108,11122,21088,554491,510150,77090,66870,105468,100561,24335,30,28
2021-08-16T23:59:59+02:00,3121,2895,32799,31625,49142,43738,50812,49437,61678,61926,72107,72617,52960,58522,36811,47525,11526,21921,23749,22957,42404,37465,46338,44797,57508,57692,68506,69125,51135,56431,35704,46063,11120,21074,554263,503782,77087,66838,105466,100548,24317,30,28
2021-08-15T23:59:59+02:00,3113,2883,32785,31607,49131,43732,50801,49426,61662,61910,72092,72605,52956,58513,36808,47525,11526,21921,21321,20502,41650,36921,45971,44424,57176,57393,68221,68868,51024,56329,35667,46007,11117,21064,554126,495042,77086,66659,105456,100532,24299,30,28
2021-08-14T23:59:59+02:00,3113,2882,32780,31605,49127,43730,50798,49424,61657,61907,72088,72599,52956,58513,36807,47525,11526,21921,21295,20475,41613,36890,45954,44409,57162,57381,68209,68857,51022,56326,35666,46006,11117,21063,554119,494853,77085,66658,105456,100532,24269,30,28
2021-08-13T23:59:59+02:00,3099,2865,32737,31577,49104,43716,50776,49407,61624,61876,72066,72579,52950,58506,36804,47520,11525,21918,21177,20388,41525,36792,45892,44356,57114,57343,68169,68824,51005,56314,35657,45998,11116,21061,553962,494263,77084,66655,105455,100511,24119,30,28
2021-08-12T23:59:59+02:00,3081,2836,32690,31528,49072,43676,50738,49378,61570,61849,72030,72543,52934,58487,36787,47511,11524,21915,20707,20074,40572,35982,45522,44027,56896,57164,67992,68660,50933,56230,35627,45954,11111,21054,553553,490024,77080,66653,105453,100466,24034,30,28
2021-08-11T23:59:59+02:00,3039,2805,32633,31484,49038,43642,50714,49354,61543,61818,72002,72515,52912,58461,36775,47502,11523,21908,19811,19189,39243,34792,44917,43447,56535,56835,67699,68386,50811,56092,35590,45895,11109,21041,553138,482594,77074,66648,105453,100444,23974,30,28
2021-08-10T23:59:59+02:00,3023,2786,32580,31439,49006,43613,50685,49321,61524,61779,71964,72470,52890,58445,36764,47479,11522,21903,18786,18220,37143,32924,44030,42569,56080,56435,67308,68039,50661,55939,35529,45799,11104,21021,552682,472337,77073,66646,105452,100425,23957,30,28
2021-08-09T23:59:59+02:00,3007,2779,32551,31415,48982,43593,50658,49303,61504,61761,71944,72450,52880,58436,36759,47469,11520,21902,17365,16805,34157,30501,43365,41935,55671,56071,66975,67712,50517,55790,35478,45750,11099,21003,552431,460142,77071,66642,105448,100413,23934,30,28
2021-08-08T23:59:59+02:00,3004,2779,32538,31403,48971,43586,50653,49297,61493,61753,71940,72449,52879,58434,36759,47466,11520,21901,17337,16775,34136,30486,43328,41905,55657,56058,66966,67707,50512,55785,35477,45747,11098,21002,552370,459957,77071,66637,105436,100394,23919,30,28
2021-08-07T23:59:59+02:00,3003,2774,32531,31392,48969,43578,50647,49297,61491,61750,71933,72447,52878,58432,36758,47466,11520,21901,17308,16742,34110,30468,43293,41874,55636,56041,66955,67700,50507,55783,35475,45747,11098,21001,552323,459727,77071,66634,105436,100393,23908,30,28
2021-08-06T23:59:59+02:00,2914,2682,32183,31166,48709,43382,50388,49068,61202,61545,71658,72280,52746,58329,36704,47414,11517,21892,17098,16602,33394,29989,42821,41505,55293,55814,66645,67523,50377,55690,35426,45711,11095,20994,552252,458050,75961,66345,105432,100391,22105,30,28
2021-08-05T23:59:59+02:00,2868,2643,32024,31046,48617,43292,50308,49013,61149,61500,71605,72239,52720,58310,36695,47397,11515,21890,16866,16350,31532,28553,41776,40552,55018,55468,66433,67351,50313,55613,35403,45672,11088,20985,551369,451235,75958,66272,105423,100267,22052,30,28
2021-08-04T23:59:59+02:00,2793,2567,31756,30854,48420,43157,50156,48902,61069,61424,71542,72183,52690,58270,36682,47382,11512,21885,16577,16104,31175,28331,40584,39478,54629,55137,66257,67199,50250,55531,35373,45644,11085,20978,550074,446924,75957,66253,105421,100194,21766,27,27
2021-08-03T23:59:59+02:00,2605,2386,31242,30387,48171,42909,49981,48708,60907,61253,71396,72036,52636,58198,36660,47353,11502,21871,16140,15657,30588,27807,38851,37860,53937,54491,65923,66887,50153,55402,35326,45592,11080,20968,547116,439249,75957,66246,105418,100175,21684,27,27
2021-08-02T23:59:59+02:00,2494,2291,30926,30102,47969,42725,49829,48580,60800,61147,71308,71954,52603,58166,36638,47334,11501,21868,15834,15386,30250,27453,36712,36035,53378,53976,65716,66712,50081,55317,35304,45564,11078,20964,545174,432405,75954,66241,105413,100063,21668,27,27
2021-08-01T23:59:59+02:00,2491,2288,30915,30094,47950,42713,49818,48572,60787,61137,71298,71949,52599,58158,36634,47334,11501,21868,15711,15260,30113,27337,34408,34181,53081,53724,65622,66643,50041,55276,35297,45545,11077,20962,545120,426956,75953,66236,105366,100039,21641,27,27
2021-07-31T23:59:59+02:00,2491,2288,30910,30090,47948,42711,49816,48572,60786,61137,71298,71947,52596,58155,36634,47334,11501,21867,15696,15247,30079,27313,34396,34174,53063,53716,65610,66638,50037,55271,35297,45544,11076,20961,545101,426805,75953,66235,105365,100035,21636,27,27
2021-07-30T23:59:59+02:00,2477,2283,30864,30044,47916,42690,49792,48547,60752,61108,71263,71929,52587,58144,36634,47334,11501,21865,15536,14947,29814,26999,34215,33925,52862,53422,65444,66435,49990,55225,35286,45532,11076,20960,544929,426438,75947,66225,105362,98125,21466,27,27
2021-07-29T23:59:59+02:00,2445,2263,30707,29952,47833,42629,49738,48481,60691,61067,71218,71883,52568,58125,36626,47318,11498,21860,15220,14669,29499,26780,32928,32979,52078,52810,65089,66167,49891,55132,35243,45475,11071,20952,544264,423732,75940,63490,105351,97981,21321,27,27
2021-07-28T23:59:59+02:00,2398,2226,30553,29843,47750,42561,49665,48409,60617,60988,71151,71826,52544,58087,36608,47299,11497,21855,14818,14296,29058,26465,32557,32648,51368,52197,64697,65840,49796,55029,35209,45418,11055,20933,543313,419589,75936,63436,105345,97594,21257,27,27
2021-07-27T23:59:59+02:00,2320,2153,30312,29576,47598,42380,49520,48271,60507,60864,71051,71738,52486,58027,36580,47260,11489,21848,14173,13639,28291,25834,31805,31995,50116,51101,63966,65275,49608,54822,35141,45303,11048,20913,541481,411242,75926,63410,105339,97496,21208,27,27
2021-07-26T23:59:59+02:00,2259,2098,30109,29345,47480,42251,49445,48188,60442,60799,71000,71692,52460,57995,36568,47247,11487,21839,13809,13263,27933,25542,31187,31583,48561,49729,62990,64449,49402,54616,35073,45222,11038,20901,540247,403521,75923,63404,105335,97462,21173,27,27
2021-07-25T23:59:59+02:00,2014,1896,29290,28671,47086,41933,49158,47901,60207,60574,70816,71534,52404,57920,36541,47206,11486,21831,13717,13203,27838,25477,31102,31516,48440,49665,62903,64398,49380,54598,35066,45213,11038,20900,536063,402885,75923,63397,105328,97301,21128,27,27
2021-07-24T23:59:59+02:00,1933,1828,29032,28440,46936,41827,49040,47800,60050,60455,70687,71454,52355,57890,36523,47185,11484,21831,13582,13090,27637,25340,30940,31386,48227,49495,62739,64303,49336,54568,35051,45195,11036,20898,535367,402269,75920,63394,105327,97300,20110,27,27
2021-07-23T23:59:59+02:00,1818,1708,28701,28114,46689,41673,48783,47587,59801,60267,70483,71326,52280,57819,36504,47148,11480,21822,13327,12864,27204,25024,30555,31078,47627,49006,62410,64064,49252,54502,35029,45151,11031,20889,534365,399855,75543,63340,105316,97297,18753,27,27
2021-07-22T23:59:59+02:00,1806,1701,28623,28034,46549,41534,48569,47377,59623,60125,70364,71197,52237,57782,36488,47131,11480,21822,13097,12603,26871,24693,30202,30759,45698,47443,61604,63363,49156,54400,34991,45107,11028,20879,534057,393147,74394,63191,105273,97073,18692,27,27
2021-07-21T23:59:59+02:00,1772,1662,28358,27830,46163,41200,47976,46821,59037,59642,69907,70806,52065,57621,36430,47074,11471,21809,12674,12159,26291,24152,29628,30190,41966,44199,60116,62092,48987,54219,34927,45024,11018,20852,533502,381501,71119,62675,105119,96624,17878,27,27
2021-07-20T23:59:59+02:00,1749,1647,28239,27694,46098,41143,47928,46782,58981,59594,69854,70758,52031,57593,36414,47049,11466,21802,12176,11627,25554,23462,28975,29440,38508,41205,58567,60630,48784,53996,34845,44932,11000,20832,532813,371099,71097,59290,105102,96502,17784,27,27
2021-07-19T23:59:59+02:00,1744,1646,28211,27660,46076,41132,47915,46770,58968,59578,69842,70756,52029,57589,36414,47045,11464,21802,12130,11598,25488,23427,28942,29406,38463,41172,58525,60603,48780,53988,34844,44929,10997,20831,532672,370779,71097,59275,105087,96449,17759,27,27
2021-07-18T23:59:59+02:00,1740,1639,28186,27635,46053,41123,47903,46761,58962,59569,69835,70748,52027,57588,36413,47044,11464,21801,12068,11573,25402,23386,28882,29374,38402,41145,58465,60562,48778,53984,34841,44928,10997,20831,532551,370442,71095,59244,105079,96330,17740,27,27
2021-07-17T23:59:59+02:00,1740,1637,28165,27620,46039,41113,47892,46756,58954,59563,69828,70744,52023,57584,36412,47044,11464,21801,12040,11559,25368,23349,28849,29355,38380,41127,58430,60538,48768,53976,34839,44928,10997,20831,532471,370191,71094,59240,105078,96327,17710,27,27
2021-07-16T23:59:59+02:00,1725,1616,27899,27426,45751,40948,47663,46582,58654,59362,69596,70603,51917,57512,36368,47008,11459,21799,11787,11363,25035,23108,28546,29123,37980,40853,57922,60115,48631,53862,34787,44878,10991,20827,532156,368985,71093,59237,104946,96050,15667,27,27
2021-07-15T23:59:59+02:00,1627,1503,27436,27038,45489,40712,47517,46469,58513,59249,69493,70517,51876,57469,36353,46985,11458,21792,11489,11132,24555,22771,28177,28852,37588,40572,55873,58066,48460,53660,34729,44794,10983,20816,529828,362036,71092,59145,104938,95840,15612,27,27
2021-07-14T23:59:59+02:00,1460,1371,26870,26498,45183,40423,47313,46284,58329,59052,69332,70371,51814,57410,36328,46955,11452,21787,11296,10941,24147,22414,27824,28535,37066,40170,54653,56885,48322,53509,34678,44730,10975,20794,526652,358320,71086,57476,104919,95695,15549,27,27
2021-07-13T23:59:59+02:00,1173,1066,25916,25603,44691,40012,46954,45963,58004,58766,69059,70125,51703,57284,36285,46900,11448,21772,10952,10598,23617,21867,27201,27946,35685,38980,50520,52979,47958,53121,34548,44581,10958,20765,521259,349043,71080,52271,104916,95593,15443,27,27
2021-07-12T23:59:59+02:00,709,669,24542,24348,44131,39530,46753,45746,57791,58571,68876,69953,51641,57193,36268,46874,11446,21764,10717,10490,23416,21728,26946,27809,35435,38810,50078,52557,47883,53035,34519,44546,10958,20759,515373,347575,71079,52244,104910,94512,15418,26,27
2021-07-11T23:59:59+02:00,706,664,24523,24328,44101,39511,46735,45735,57777,58558,68862,69950,51639,57190,36265,46870,11445,21764,10621,10402,23196,21603,26680,27710,35125,38728,49364,52070,46398,51446,34429,44438,10958,20757,515287,347062,71075,52197,104896,89387,15340,26,27
2021-07-10T23:59:59+02:00,704,659,24515,24323,44096,39502,46733,45733,57771,58557,68862,69949,51639,57190,36265,46870,11445,21764,10608,10392,23173,21582,26666,27699,35103,38723,49350,52065,46384,51430,34427,44437,10958,20757,515254,346953,71074,52196,104894,89332,15330,26,27
2021-07-09T23:59:59+02:00,697,649,24067,23863,43816,39259,46667,45673,57711,58516,68810,69924,51622,57177,36261,46862,11444,21764,10527,10223,23078,21394,26605,27489,35035,38506,49284,51961,46362,51405,34423,44434,10958,20757,513491,345719,71070,52183,104888,89288,15308,26,27
2021-07-08T23:59:59+02:00,631,583,22979,22859,43019,38660,46417,45469,57503,58373,68613,69785,51545,57111,36233,46839,11442,21756,10270,10030,22703,21140,26210,27223,34554,38191,48674,51438,46024,51038,34353,44356,10951,20735,508811,342130,71045,52033,104831,88669,15105,26,27
2021-07-07T23:59:59+02:00,579,537,21657,21469,42279,37975,46193,45246,57263,58183,68446,69625,51461,57028,36196,46786,11434,21742,9900,9727,21826,20548,25099,26430,32715,36822,47753,50551,45523,50501,34246,44216,10942,20717,503428,337191,70871,47648,104810,87749,14965,26,26
2021-07-06T23:59:59+02:00,522,473,20421,20188,41423,37329,45716,44895,56867,57878,68117,69367,51362,56902,36152,46735,11426,21733,9510,9346,20961,19954,24133,25772,31228,35627,46554,49350,44744,49717,34110,44040,10929,20697,498936,329856,68937,45546,104790,86476,14818,26,26
2021-07-05T23:59:59+02:00,485,445,19010,18806,40559,36526,45499,44667,56684,57675,67956,69240,51306,56846,36131,46706,11424,21726,9220,9090,20404,19571,23464,25350,30588,35200,45794,48733,43989,48927,33980,43851,10920,20685,493206,324069,68934,45524,104783,85446,14745,24,26
2021-07-04T23:59:59+02:00,478,439,17222,16795,40217,36296,45411,44594,56598,57605,67877,69171,51274,56820,36121,46685,11422,21724,9159,9037,20265,19506,23292,25272,30330,35120,45000,48603,42626,47575,33901,43777,10918,20679,488376,323609,68907,45478,104768,81317,14674,24,26
2021-07-03T23:59:59+02:00,478,437,17200,16771,40168,36250,45392,44577,56593,57600,67871,69164,51272,56817,36121,46685,11422,21723,9115,8995,20197,19438,23230,25206,30247,35040,44779,48427,42557,47499,33856,43718,10915,20679,488189,322645,68905,45477,104767,81137,14656,24,26
2021-07-02T23:59:59+02:00,458,414,17082,16663,39701,35870,45277,44477,56539,57559,67823,69133,51260,56812,36115,46673,11422,21722,8953,8825,19870,19159,22840,24828,29829,34625,44153,47781,42355,47268,33757,43582,10909,20675,486681,319638,68887,44443,104765,80700,14643,24,26
2021-07-01T23:59:59+02:00,406,374,16774,16381,37966,34536,44704,43978,56280,57350,67649,68964,51180,56722,36087,46635,11418,21714,8580,8427,19007,18446,21873,23973,28443,33435,41123,44810,41358,46186,33144,42856,10892,20646,481200,312141,68812,39561,104743,77163,14339,24,26
2021-06-30T23:59:59+02:00,358,329,16484,16136,35779,32711,44082,43347,56056,57155,67444,68772,51099,56630,36058,46581,11414,21698,8220,8092,18333,17816,20984,23141,27167,32168,36478,39936,40277,45039,32483,42067,10871,20620,474355,301638,68766,33529,104723,74263,14265,24,26
2021-06-29T23:59:59+02:00,318,292,16262,15934,34782,31626,43631,42902,55874,56991,67272,68622,51023,56557,36019,46537,11406,21691,7637,7487,17205,16885,19730,21925,25466,30490,33732,36810,37423,41990,31739,41176,10848,20582,470147,285435,68758,33481,104709,68107,14101,24,25
2021-06-28T23:59:59+02:00,308,270,16113,15777,33069,30217,43309,42608,55710,56850,67155,68515,50977,56505,36001,46516,11403,21679,7332,7230,16647,16510,19337,21610,24959,30102,33144,36309,36045,40501,30951,40242,10844,20571,465734,282389,68733,33427,104687,62710,13804,24,25
2021-06-27T23:59:59+02:00,308,270,16092,15752,32919,30130,43247,42580,55673,56841,67129,68507,50973,56501,35998,46515,11403,21678,7288,7200,16511,16444,19173,21548,24758,30028,32917,36169,34787,39227,29324,38321,10843,20570,465415,282219,68730,33388,104682,55831,13665,24,25
2021-06-26T23:59:59+02:00,306,268,16069,15727,32895,30112,43201,42538,55649,56826,67123,68504,50972,56499,35995,46514,11403,21678,7284,7187,16492,16433,19157,21538,24725,30005,32897,36149,34773,39214,29322,38318,10843,20570,465182,282023,68727,33388,104682,55826,13664,24,25
2021-06-25T23:59:59+02:00,299,266,16010,15680,32775,30014,43009,42379,55592,56780,67081,68480,50962,56488,35991,46513,11403,21678,7098,6910,16208,15924,18888,20881,24355,29072,32509,35428,34612,38997,29299,38288,10843,20570,464345,279339,68724,33378,104665,53517,13642,24,25
2021-06-24T23:59:59+02:00,279,253,15737,15476,32316,29722,41539,41135,55128,56424,66848,68320,50908,56432,35975,46485,11398,21668,6777,6680,15508,15478,17438,19860,22276,27513,31408,34531,34208,38571,29175,38106,10831,20556,459769,269625,68721,33325,104661,53091,12868,24,25
2021-06-23T23:59:59+02:00,263,236,15456,15187,31815,29323,39436,39313,54584,55881,66597,68100,50819,56323,35935,46439,11393,21655,6570,6515,15143,15198,16911,19411,21393,26714,29708,33165,33450,37717,28984,37866,10824,20541,452710,261797,68672,33234,104657,52377,12692,24,25
2021-06-22T23:59:59+02:00,241,201,15078,14791,31146,28690,35997,36265,53671,55079,66293,67795,50712,56201,35896,46382,11389,21641,6390,6302,14736,14868,16106,18690,19973,25400,28101,31512,32650,36740,28444,37260,10806,20508,441769,251676,68639,33149,104651,51262,12385,24,25
2021-06-21T23:59:59+02:00,226,195,14835,14613,30457,28224,33834,34300,53207,54654,66114,67678,50631,56127,35871,46360,11384,21636,6295,6217,14576,14748,15936,18553,19852,25288,27991,31425,32495,36600,27235,36024,10806,20505,434935,250993,68617,33101,104620,48288,12150,24,25
2021-06-20T23:59:59+02:00,219,194,14711,14524,28556,26882,33222,33849,53118,54558,66046,67642,50608,56099,35863,46357,11383,21634,5844,5919,13630,14107,15103,17960,19296,24929,27674,31223,32329,36421,27209,35993,10804,20501,430551,245985,68613,33066,104617,48216,11661,23,25
2021-06-19T23:59:59+02:00,213,189,14685,14491,28441,26799,33193,33822,53096,54542,66030,67631,50602,56090,35861,46352,11382,21632,5631,5758,13070,13696,14495,17483,18970,24727,27479,31052,32250,36321,27192,35979,10804,20501,430144,242463,68611,33062,104617,48213,11656,23,25
2021-06-18T23:59:59+02:00,211,180,14595,14406,28337,26732,31942,32918,52730,54235,65896,67537,50571,56056,35843,46326,11378,21628,5564,5680,12969,13611,14331,17357,18734,24498,26659,30385,32044,36084,27126,35904,10800,20494,429641,239514,65645,32947,104607,48159,11605,23,25
2021-06-17T23:59:59+02:00,197,164,14220,14141,27746,26479,31454,32657,51941,53668,65470,67270,50490,55955,35809,46285,11372,21615,5185,5422,12183,13136,13542,16745,17642,23569,24498,28420,31402,35347,26927,35626,10783,20479,426435,230491,65640,32668,104583,47477,10254,21,25
2021-06-16T23:59:59+02:00,168,136,13791,13736,27281,26123,31010,32301,51128,52965,65015,66881,50371,55835,35780,46228,11361,21603,4820,4987,11465,12468,12750,16051,16541,22447,21529,25556,30333,34139,26629,35222,10768,20438,421568,216454,65593,32640,104576,47078,9955,21,25
2021-06-15T23:59:59+02:00,106,83,13159,13112,26534,25546,30227,31706,49876,51899,64303,66356,50193,55638,35713,46116,11352,21584,4326,4357,10499,11534,11595,14673,14812,20744,18097,22250,28961,32703,26242,34702,10743,20395,413855,197842,65573,32523,104571,46769,9483,21,25
2021-06-14T23:59:59+02:00,76,62,12754,12740,26123,25221,29565,31240,48083,50430,63252,65522,49977,55412,35636,46040,11344,21572,4226,4302,10323,11403,11453,14541,14635,20623,17904,22090,28889,32622,26224,34674,10739,20392,405982,197400,65563,32251,104570,46460,8913,21,25
2021-06-13T23:59:59+02:00,75,61,12713,12697,26052,25185,29503,31214,48030,50405,63217,65498,49971,55409,35634,46036,11343,21569,4070,4224,9996,11275,11131,14430,14338,20511,17503,21748,27375,30979,26084,34479,10735,20381,405782,196658,65487,27576,104563,46250,8759,21,25
2021-06-12T23:59:59+02:00,75,60,12695,12680,26036,25174,29492,31202,47970,50334,63175,65462,49970,55406,35634,46036,11343,21569,4068,4215,9981,11258,11122,14415,14319,20494,17482,21739,27334,30934,26079,34473,10735,20381,405485,196471,65487,27574,104561,46209,8759,21,25
2021-06-11T23:59:59+02:00,73,57,12594,12554,25912,25059,29370,31078,47732,50109,63043,65343,49946,55380,35623,46025,11341,21567,3975,3947,9464,10074,10693,13507,14031,19936,17209,21263,26925,30511,25988,34391,10732,20379,404215,195428,65478,27570,104521,41440,8571,21,25
2021-06-10T23:59:59+02:00,65,50,12350,12337,25594,24778,29025,30809,46658,49093,62308,64774,49861,55284,35589,45973,11331,21554,3706,3583,8698,8830,9798,11865,12730,17179,15424,17661,25205,28589,25691,34086,10726,20355,399339,189911,65421,27133,104319,28733,8333,21,24
2021-06-09T23:59:59+02:00,51,38,12056,12012,25188,24373,28628,30414,44648,47269,61216,63836,49756,55160,35542,45919,11325,21536,3459,3461,8274,8580,9287,11544,12214,16787,14712,17061,21368,24266,25465,33784,10714,20329,391352,178326,65293,26785,104317,28194,7984,21,24
2021-06-08T23:59:59+02:00,45,27,11626,11475,24518,23752,27970,29748,41475,44424,59442,62203,49585,54969,35468,45828,11315,21514,3251,3324,7873,8323,8669,11170,11551,16366,14055,16414,15987,18309,25074,33258,10696,20299,378678,163118,65230,26452,104307,27889,7148,21,20
2021-06-07T23:59:59+02:00,40,20,11464,11281,24168,23475,27688,29539,38848,42496,59013,61840,49551,54938,35456,45807,11313,21508,3154,3255,7567,8151,8350,10994,10978,15914,13550,15936,15910,18229,25043,33207,10694,20292,373018,162798,64803,24627,104298,27482,6305,21,20
2021-06-06T23:59:59+02:00,37,19,11328,11177,23846,23246,27478,29368,37250,41310,58887,61761,49527,54909,35448,45793,11313,21506,3052,3205,7295,8062,8084,10826,10239,15232,12953,15316,15758,18117,25029,33184,10692,20292,372612,162683,61421,21467,104287,27313,5862,21,19
2021-06-05T23:59:59+02:00,35,18,11310,11157,23802,23205,27443,29341,37222,41296,58787,61676,49516,54902,35446,45791,11313,21503,3040,3193,7271,8028,8053,10808,10209,15217,12910,15292,15635,17952,25024,33176,10691,20291,372267,162246,61418,21466,104287,27297,5770,21,19
2021-06-04T23:59:59+02:00,35,16,11127,10899,23442,22740,27166,28946,36794,40847,58167,61136,49482,54861,35436,45773,11311,21497,3016,3177,7242,8011,8031,10791,10178,15193,12876,15258,15423,17745,25013,33155,10689,20290,370469,161660,59148,21453,104273,27199,5764,21,19
2021-06-03T23:59:59+02:00,33,15,10906,10682,22983,22350,26741,28610,35696,40020,55405,58788,49353,54702,35393,45709,11306,21482,2923,3097,7035,7854,7575,10494,9149,14562,11626,14554,14240,16274,24834,32937,10677,20271,366520,158301,54228,17720,104222,26887,5183,21,18
2021-06-02T23:59:59+02:00,33,15,10868,10645,22948,22316,26707,28584,35665,39980,55278,58630,49339,54677,35387,45702,11306,21481,2882,3066,6980,7835,7514,10461,8993,14522,11401,14490,12884,14791,24716,32764,10672,20264,365927,154478,54222,17708,104221,26868,5170,21,18
2021-06-01T23:59:59+02:00,20,8,10452,10295,22294,21807,26020,28001,34943,39401,52276,55482,48950,54268,35269,45539,11290,21455,2426,2707,5629,7152,6241,9884,7596,13851,10267,13527,8573,9225,24236,32083,10649,20209,355164,136279,54042,17338,104202,26286,4341,21,18
2021-05-31T23:59:59+02:00,19,7,10176,10064,21717,21413,25611,27751,34621,39197,50827,54086,48852,54144,35236,45498,11283,21448,2316,2585,5339,6908,5978,9664,7232,13610,10011,13366,8522,9163,24210,32034,10641,20197,350430,135505,53999,17217,104178,25721,3322,21,18
2021-05-30T23:59:59+02:00,18,7,10120,10015,21625,21374,25546,27717,34508,39126,50461,53744,48826,54119,35230,45492,11281,21445,2279,2556,5236,6830,5878,9596,7043,13523,9785,13269,8478,9116,24194,32027,10640,20192,349240,134912,53978,17043,104161,25422,3254,21,18
2021-05-29T23:59:59+02:00,17,7,10106,10003,21591,21355,25529,27704,34487,39113,50448,53726,48822,54115,35227,45491,11281,21445,2260,2504,5193,6703,5818,9466,6927,13325,9646,13048,8407,9024,24127,31960,10639,20191,349083,134634,53978,16991,104140,24357,3245,21,18
2021-05-28T23:59:59+02:00,17,7,10047,9933,21515,21245,25448,27583,34409,39013,50369,53628,48801,54097,35218,45483,11281,21441,2177,2238,4581,6167,5198,8749,6560,12363,9152,12053,8229,8825,23756,31478,10638,20188,348228,133133,53965,16894,104083,19076,3239,20,17
2021-05-27T23:59:59+02:00,16,7,9781,9686,20990,20868,24904,27224,33885,38635,49759,53018,48631,53905,35149,45409,11277,21421,1936,1970,4005,5650,4520,8148,6050,11594,8206,10729,7723,8162,22192,29324,10623,20166,343949,127464,53556,15761,103977,14698,3063,20,17
2021-05-26T23:59:59+02:00,16,7,9506,9442,20269,20301,24030,26554,32622,37606,48994,52312,48377,53616,35073,45298,11265,21397,1879,1898,3910,5525,4387,7986,5842,11331,7879,10344,7160,7436,19752,25894,10603,20122,339231,118968,50584,15509,103924,14533,2926,20,16
2021-05-25T23:59:59+02:00,15,7,9243,9206,19857,19944,23593,26163,32112,37089,48100,51332,48079,53297,34985,45157,11253,21367,1811,1849,3790,5427,4250,7836,5632,11107,7564,10021,6534,6595,15611,20502,10583,20064,333644,106735,50502,15466,103851,14181,2782,20,16
2021-05-24T23:59:59+02:00,14,7,9027,9046,19288,19653,22822,25775,30600,36075,47875,51161,47987,53197,34956,45127,11251,21366,1786,1831,3744,5395,4185,7794,5566,11048,7488,9964,6508,6571,15597,20493,10583,20064,332062,106614,46706,15453,103790,13890,2649,20,15
2021-05-23T23:59:59+02:00,14,7,8820,8839,18932,19363,22400,25428,30176,35754,47283,50648,47553,52742,34853,44981,11243,21357,1784,1830,3734,5390,4181,7788,5556,11040,7478,9955,6503,6560,15597,20491,10583,20064,327233,106555,46704,15451,103789,13870,2647,20,15
2021-05-22T23:59:59+02:00,14,7,8789,8803,18882,19320,22354,25396,30123,35723,47175,50578,47534,52719,34850,44972,11240,21357,1783,1826,3722,5378,4177,7782,5551,11034,7471,9951,6500,6558,15594,20490,10583,20064,326690,106519,46704,15451,103788,13849,2634,20,15
2021-05-21T23:59:59+02:00,13,7,8516,8448,18441,18807,21992,24751,29696,34913,46688,49912,47445,52594,34812,44929,11237,21352,1719,1784,3645,5339,4133,7747,5519,10988,7430,9903,6470,6532,15516,20393,10582,20063,321484,106205,46673,15450,103764,13485,2612,20,15
2021-05-20T23:59:59+02:00,12,7,7943,7904,17497,18010,20985,23835,28375,33711,44942,48088,47005,52132,34704,44773,11219,21333,1420,1622,3335,5052,3867,7360,5220,10508,7049,9450,6236,6274,14197,18846,10558,20024,309878,102438,46586,14967,103535,11146,2456,20,15
2021-05-19T23:59:59+02:00,12,7,7678,7588,16892,17408,20085,22958,27146,32452,43148,46000,46474,51577,34553,44550,11198,21302,1354,1537,3133,4839,3661,7108,4994,10156,6754,9120,5952,5940,11984,15985,10540,19963,298733,96191,46547,14491,103489,10089,2239,20,14
2021-05-18T23:59:59+02:00,11,7,7152,7049,15740,16386,18814,21710,25639,30822,40457,42770,45644,50630,34317,44246,11173,21260,1333,1511,3074,4769,3585,6987,4860,10024,6573,8909,5685,5663,10279,13806,10515,19909,282949,91045,45342,14441,103384,9853,2133,19,14
2021-05-17T23:59:59+02:00,11,7,7074,6988,15559,16275,18598,21542,25239,30495,38708,41132,45534,50550,34269,44181,11163,21236,1300,1488,3019,4724,3521,6928,4791,9920,6480,8808,5643,5623,10265,13788,10511,19901,282730,90972,40575,14160,103341,9672,1896,19,14
2021-05-16T23:59:59+02:00,10,6,6959,6936,15438,16188,18469,21435,25059,30380,35726,38363,45498,50515,34247,44157,11160,21231,1277,1470,2974,4684,3473,6870,4708,9851,6386,8729,5612,5586,10253,13772,10509,19898,282449,90924,34426,13894,103221,9562,1662,19,14
2021-05-15T23:59:59+02:00,10,6,6934,6906,15377,16130,18423,21394,24992,30335,35690,38322,45475,50488,34240,44152,11160,21231,1265,1444,2942,4612,3454,6801,4689,9770,6364,8678,5606,5582,10248,13771,10509,19898,281965,90869,34425,13890,103207,9215,1649,19,14
2021-05-14T23:59:59+02:00,10,5,6761,6536,15028,15633,18110,20976,24655,29873,35445,37973,45446,50457,34230,44147,11160,21229,1206,1385,2863,4509,3407,6698,4625,9619,6281,8548,5576,5537,10235,13761,10509,19897,280901,90780,34276,13871,100895,8413,1583,19,13
2021-05-13T23:59:59+02:00,10,5,6406,6214,14268,15053,17404,20344,23797,29132,34674,37303,45159,50113,34151,44023,11156,21218,1034,1300,2668,4399,3290,6576,4484,9449,6159,8405,5533,5499,10218,13744,10505,19892,274490,90627,33945,13790,100679,7432,1297,19,13
2021-05-12T23:59:59+02:00,10,5,6009,5942,13295,14376,16383,19542,23133,28695,34367,37019,44976,49918,34120,43992,11153,21215,1031,1298,2661,4393,3272,6572,4479,9439,6151,8400,5526,5493,10216,13739,10504,19891,268238,90566,33934,13780,100675,7427,1284,19,12
2021-05-11T23:59:59+02:00,10,5,5631,5718,12707,13925,14579,18100,20180,26169,32051,34691,43921,48656,33795,43520,11124,21165,968,1224,2543,4220,3164,6334,4361,9151,6034,8174,5454,5413,10174,13677,10496,19873,250940,90087,33655,13562,100231,6501,1102,19,11
2021-05-10T23:59:59+02:00,10,5,5482,5619,12435,13799,14227,17876,19377,25600,30676,33668,43390,48042,33738,43431,11116,21146,925,1165,2444,4056,3069,6132,4236,8887,5912,7977,5417,5381,10162,13660,10492,19864,245465,89978,33444,13502,99923,5505,786,19,11
2021-05-09T23:59:59+02:00,10,5,5078,5380,11247,13271,13227,17515,18352,25269,30131,33379,43334,47970,33712,43417,11113,21138,901,1135,2345,3951,2979,5995,4104,8712,5818,7873,5408,5367,10155,13655,10487,19860,240148,89931,33372,13460,99580,4918,429,19,10
2021-05-08T23:59:59+02:00,10,5,5067,5372,11225,13252,13201,17496,18322,25236,30090,33336,43326,47959,33711,43413,11113,21138,898,1128,2333,3943,2974,5995,4100,8706,5815,7870,5405,5364,10152,13650,10487,19860,239880,89904,33370,13460,99579,4885,424,19,10
2021-05-07T23:59:59+02:00,10,5,4965,5289,10994,13084,12916,17276,17715,24635,29140,32442,43132,47718,33655,43341,11109,21132,870,1097,2299,3888,2932,5946,4046,8651,5731,7817,5358,5316,10140,13641,10487,19859,237379,89768,31478,13457,99470,4633,213,18,10
2021-05-06T23:59:59+02:00,10,5,4552,5005,10324,12668,12159,16610,16120,23191,26594,30051,42431,46969,33488,43104,11093,21109,813,1041,2163,3641,2763,5637,3852,8178,5532,7494,5307,5263,10117,13613,10485,19851,228615,89584,28141,13143,98654,2961,55,18,10
2021-05-05T23:59:59+02:00,10,5,4242,4778,9725,12223,11438,16027,15019,22162,23738,27290,41450,45863,33205,42717,11075,21067,798,1017,2100,3516,2705,5481,3758,7967,5436,7360,5258,5208,10080,13574,10483,19848,215584,89321,27957,13005,98431,2211,45,17,10
2021-05-04T23:59:59+02:00,10,5,3894,4325,9056,11532,10666,15187,13715,20910,20135,23883,40103,44402,32832,42194,11052,21028,780,987,2031,3400,2634,5346,3665,7815,5339,7237,5220,5162,10051,13545,10481,19845,198533,89101,27939,12706,98402,1685,39,16,10
2021-05-03T23:59:59+02:00,10,4,3652,3905,8649,11040,10185,14564,13181,20255,19412,23237,39837,44150,32753,42090,11049,21013,766,957,1965,3297,2576,5240,3606,7701,5288,7150,5204,5149,10036,13528,10478,19840,192680,88960,27927,12696,98339,1094,24,16,10
2021-05-02T23:59:59+02:00,10,4,3649,3904,8631,11032,10175,14556,13160,20243,19394,23227,39834,44149,32752,42089,11048,21013,762,941,1935,3215,2529,5144,3559,7576,5268,7086,5200,5146,10035,13524,10478,19838,192588,88942,27913,12664,98333,603,20,16,10
2021-05-01T23:59:59+02:00,10,4,3647,3897,8618,11018,10166,14545,13153,20241,19383,23218,39834,44147,32752,42089,11048,21013,761,941,1934,3215,2528,5144,3559,7576,5268,7086,5200,5146,10035,13524,10477,19838,192504,88941,27911,12662,98333,603,19,16,10
2021-04-30T23:59:59+02:00,10,3,3625,3871,8573,10983,10121,14506,13092,20202,19281,23067,39565,43824,32731,42068,11047,21013,757,936,1919,3207,2527,5136,3556,7569,5266,7079,5197,5143,10031,13523,10477,19838,191578,88914,27642,12659,98327,562,19,16,10
2021-04-29T23:59:59+02:00,10,3,3358,3697,8138,10711,9573,14221,12595,19837,18546,22338,36503,40372,32469,41703,11036,20977,744,922,1871,3146,2478,5070,3490,7428,5175,6980,5157,5108,10008,13480,10475,19832,186026,88707,21806,12504,98222,128,18,15,10
2021-04-28T23:59:59+02:00,10,3,3193,3631,7871,10601,9177,14048,12217,19603,18062,21903,32713,36056,32252,41401,11023,20955,727,906,1845,3107,2433,5021,3452,7370,5109,6916,5093,5046,9957,13421,10472,19822,174862,88493,21652,12065,98177,120,13,15,9
2021-04-27T23:59:59+02:00,9,3,3112,3565,7614,10472,8825,13874,11733,19378,17584,21411,27144,29862,31875,40893,11002,20922,717,892,1813,3070,2397,4975,3398,7311,5054,6840,5043,4976,9922,13368,10468,19813,159506,88280,21630,11642,98114,117,13,15,8
2021-04-26T23:59:59+02:00,9,3,3056,3530,7470,10407,8658,13814,11503,19312,17059,21025,27108,29828,31861,40878,11002,20922,694,860,1745,3011,2330,4920,3330,7221,4956,6735,4944,4901,9841,13284,10466,19810,158921,88147,21412,10767,97085,116,13,14,8
2021-04-25T23:59:59+02:00,9,3,3018,3514,7310,10356,8422,13764,11171,19269,16227,20554,25553,28167,31807,40814,11002,20919,694,859,1739,3006,2323,4917,3324,7213,4952,6726,4941,4896,9833,13273,10466,19810,158437,88124,21402,10730,92013,100,13,14,8
2021-04-24T23:59:59+02:00,9,3,3014,3508,7295,10342,8410,13756,11157,19259,16207,20536,25508,28104,31804,40808,11001,20918,694,859,1739,3005,2323,4917,3323,7213,4952,6726,4941,4895,9831,13272,10466,19810,158228,88118,21398,10730,91986,100,13,14,8
2021-04-23T23:59:59+02:00,9,3,2997,3491,7255,10300,8363,13714,11090,19200,16146,20471,25087,27600,31771,40752,10998,20915,684,851,1721,2996,2307,4888,3272,7175,4852,6629,4802,4772,9660,13073,10460,19795,157041,87825,21261,9996,91833,99,13,14,7
2021-04-22T23:59:59+02:00,8,3,2918,3412,7062,10115,7822,13306,9882,18403,14591,19426,23073,25166,31558,40482,10979,20885,619,801,1607,2883,2180,4723,3112,7003,4668,6428,4645,4598,9147,12415,10423,19716,152234,85905,15961,8966,90870,80,13,13,7
2021-04-21T23:59:59+02:00,8,3,2865,3363,6938,10027,7612,13151,9514,18162,14120,18978,20557,22029,31258,40093,10959,20859,571,777,1527,2804,2093,4632,2984,6860,4505,6263,4461,4418,8574,11647,10377,19623,145222,84100,15189,7927,90060,72,13,12,7
2021-04-20T23:59:59+02:00,8,3,2825,3324,6832,9938,7475,13040,9262,17944,13628,18586,17165,17970,30944,39619,10942,20824,541,742,1454,2740,2007,4553,2883,6739,4370,6102,4272,4223,7705,10430,10307,19471,136371,81164,14945,7293,88988,67,13,12,5
2021-04-19T23:59:59+02:00,8,3,2811,3315,6784,9898,7422,13004,9187,17870,13491,18470,16832,17589,30909,39580,10940,20819,482,702,1334,2645,1908,4455,2751,6581,4172,5911,4017,3921,5852,7994,10088,19066,136047,75292,14749,6509,88111,63,13,12,5
2021-04-18T23:59:59+02:00,8,3,2795,3301,6706,9872,7317,12953,8990,17803,12653,18340,15420,16183,30841,39517,10936,20812,476,696,1324,2637,1893,4444,2718,6552,4111,5861,3941,3850,5438,7363,10041,18982,135825,73793,14606,6460,83994,59,13,12,5
2021-04-17T23:59:59+02:00,8,3,2785,3297,6689,9849,7287,12932,8958,17764,12620,18320,15368,16133,30787,39445,10935,20812,476,693,1324,2636,1892,4440,2714,6547,4108,5857,3940,3848,5433,7362,10040,18981,135471,73757,14605,6460,83891,59,13,12,5
2021-04-16T23:59:59+02:00,8,3,2772,3283,6655,9834,7236,12893,8883,17712,12512,18217,15120,15851,30269,38796,10932,20804,476,690,1319,2631,1883,4438,2708,6541,4100,5849,3934,3842,5416,7333,10038,18979,133942,73656,14598,6449,83216,57,13,11,5
2021-04-15T23:59:59+02:00,8,3,2718,3228,6524,9736,7046,12714,8540,17439,12037,17751,14060,14628,28146,35988,10913,20781,467,684,1315,2605,1868,4415,2685,6513,4057,5796,3877,3768,5384,7281,10030,18966,128011,73338,14322,6311,79904,48,12,11,5
2021-04-14T23:59:59+02:00,7,1,2662,3177,6430,9642,6900,12554,8266,17171,11604,17288,12878,13244,23426,29905,10891,20725,463,677,1300,2595,1855,4396,2663,6488,4014,5759,3830,3716,5322,7226,10000,18928,115605,73036,14290,6157,76854,25,12,10,5
2021-04-13T23:59:59+02:00,7,1,2609,3142,6302,9557,6748,12419,7988,16920,11179,16863,10215,10318,20336,25731,10868,20681,447,653,1253,2552,1804,4334,2555,6387,3832,5597,3617,3531,5173,7087,9991,18905,107156,72688,14095,4995,70611,21,12,10,5
2021-04-12T23:59:59+02:00,7,1,2588,3128,6242,9528,6641,12333,7796,16791,10932,16655,8852,8827,19515,24756,10866,20672,441,644,1234,2536,1788,4310,2521,6347,3781,5545,3553,3483,5138,7046,9986,18883,107030,72548,14040,4657,65038,17,12,10,5
2021-04-11T23:59:59+02:00,7,1,2559,3118,6146,9502,6526,12296,7631,16740,10733,16552,7576,7550,17784,22780,10864,20669,441,644,1233,2534,1788,4309,2521,6347,3777,5540,3548,3482,5132,7044,9986,18883,106960,72537,14034,4645,58019,14,11,10,5
2021-04-10T23:59:59+02:00,7,1,2558,3116,6137,9497,6517,12291,7625,16735,10726,16544,7567,7538,17774,22773,10864,20669,441,640,1231,2531,1787,4306,2519,6343,3774,5539,3539,3468,5124,7030,9986,18883,106875,72477,14034,4638,58010,14,10,10,5
2021-04-09T23:59:59+02:00,7,1,2496,3018,6002,9290,6363,12028,7366,16327,10414,16049,7409,7333,17658,22593,10863,20667,436,635,1213,2518,1762,4288,2486,6293,3695,5458,3421,3358,4983,6935,9981,18881,106401,72390,14005,3929,55458,12,10,10,5
2021-04-08T23:59:59+02:00,7,1,2418,2946,5907,9171,6260,11898,7195,16142,10158,15860,7212,7073,16390,21134,10852,20636,429,629,1199,2484,1736,4251,2459,6220,3641,5392,3342,3311,4902,6830,9959,18835,102741,71935,13651,3661,54848,11,10,10,5
2021-04-07T23:59:59+02:00,7,1,2391,2910,5835,9099,6171,11823,7062,16042,9915,15709,6915,6747,14062,18181,10831,20589,423,628,1188,2471,1723,4227,2445,6180,3573,5333,3270,3258,4843,6768,9950,18806,96568,71649,13491,3415,54212,10,10,9,5
2021-04-06T23:59:59+02:00,7,1,2374,2878,5738,9032,6081,11744,6908,15929,9675,15527,6560,6383,11956,15565,10804,20530,420,621,1180,2444,1712,4204,2419,6142,3508,5269,3184,3208,4797,6715,9944,18788,91519,71404,13191,3131,52965,10,8,9,5
2021-04-05T23:59:59+02:00,7,1,2366,2868,5720,9015,6070,11725,6895,15910,9655,15501,6435,6283,10677,14269,10803,20529,416,614,1176,2429,1706,4188,2403,6110,3475,5228,3155,3171,4776,6670,9937,18770,91436,71212,13154,2994,50123,9,7,9,5
2021-04-04T23:59:59+02:00,7,1,2366,2868,5717,9011,6068,11725,6893,15910,9653,15500,6430,6279,10677,14267,10803,20529,416,613,1176,2428,1706,4188,2402,6110,3475,5228,3154,3171,4774,6670,9936,18769,91427,71205,13151,2993,50110,9,7,9,5
2021-04-03T23:59:59+02:00,7,1,2364,2861,5710,9003,6062,11721,6890,15906,9650,15497,6427,6274,10670,14264,10803,20529,416,613,1176,2428,1706,4188,2402,6110,3475,5227,3154,3171,4774,6670,9936,18769,91370,71204,13149,2993,50104,9,7,9,5
2021-04-02T23:59:59+02:00,7,1,2361,2859,5704,8996,6060,11718,6886,15905,9646,15495,6423,6267,10655,14235,10802,20528,414,611,1175,2428,1705,4187,2401,6110,3474,5220,3129,3154,4764,6661,9936,18769,91284,71128,13146,2992,50103,9,7,8,5
2021-04-01T23:59:59+02:00,7,1,2340,2856,5673,8966,6017,11675,6843,15850,9591,15439,6329,6170,10358,13886,10779,20478,412,595,1172,2422,1698,4176,2386,6093,3448,5199,3064,3105,4701,6585,9858,18651,90290,70559,13123,2989,49831,9,6,8,5
2021-03-31T23:59:59+02:00,7,1,2306,2829,5598,8899,5948,11581,6741,15738,9457,15305,6186,6027,9805,13138,10732,20384,407,589,1166,2411,1692,4160,2379,6080,3428,5165,3032,3072,4651,6526,9800,18549,88299,70105,12907,2987,49463,9,5,8,4
2021-03-30T23:59:59+02:00,7,1,2286,2812,5551,8842,5885,11507,6669,15639,9359,15161,5998,5813,8890,11792,10654,20199,405,586,1162,2407,1679,4143,2361,6058,3394,5120,2973,3003,4560,6428,9668,18308,85203,69397,12527,2846,49326,9,3,6,3
2021-03-29T23:59:59+02:00,6,1,2219,2757,5449,8730,5776,11360,6501,15408,9124,14906,5638,5438,6934,9260,10427,19769,398,582,1151,2396,1665,4131,2336,6031,3364,5064,2903,2937,4439,6322,9460,17968,79081,68426,11718,2709,48896,9,3,5,3
2021-03-28T23:59:59+02:00,6,1,2197,2744,5405,8670,5700,11282,6414,15322,9006,14786,5512,5285,6287,8322,10360,19651,389,576,1136,2380,1640,4104,2289,5971,3308,4973,2819,2857,4327,6184,9385,17828,76769,67974,11459,2184,48714,5,3,5,3
2021-03-27T23:59:59+01:00,6,1,2197,2737,5396,8664,5696,11267,6399,15300,8995,14774,5484,5258,6276,8318,10360,19649,389,576,1134,2379,1639,4099,2285,5968,3299,4966,2814,2854,4311,6160,9303,17680,76661,67665,11459,2183,48649,5,3,5,3
2021-03-26T23:59:59+01:00,6,1,2181,2716,5359,8625,5657,11217,6322,15230,8845,14623,5319,5109,6106,8137,10357,19640,385,568,1127,2366,1623,4070,2257,5932,3265,4912,2753,2790,4123,5901,8588,16482,76315,64989,10621,2145,48506,5,3,5,3
2021-03-25T23:59:59+01:00,6,0,2065,2636,5182,8411,5456,10941,6114,14929,8604,14335,5156,4956,6009,8016,10355,19632,376,554,1108,2340,1600,4040,2211,5874,3190,4833,2654,2683,3746,5406,7425,14710,75859,60821,9669,1923,47268,4,2,5,3
2021-03-24T23:59:59+01:00,6,0,1979,2587,5031,8249,5296,10746,5948,14690,8397,14103,5016,4797,5895,7898,10349,19621,372,543,1095,2312,1568,3985,2152,5809,3101,4733,2517,2568,3315,4789,6008,12462,75478,55751,8504,1572,46619,4,2,5,3
2021-03-23T23:59:59+01:00,6,0,1902,2536,4920,8126,5197,10603,5827,14499,8280,13934,4932,4711,5828,7838,10342,19602,361,518,1076,2277,1535,3927,2108,5719,3019,4641,2429,2474,2862,4146,4054,9183,75082,48900,7756,1424,46238,3,2,5,3
2021-03-22T23:59:59+01:00,6,0,1840,2473,4783,7991,5064,10426,5668,14266,8088,13721,4825,4596,5758,7731,10325,19561,334,501,1047,2239,1490,3853,2042,5608,2917,4490,2315,2322,2331,3451,1460,4934,74579,40144,6721,1186,45815,1,2,5,3
2021-03-21T23:59:59+01:00,6,0,1838,2467,4772,7977,5050,10416,5652,14249,8058,13696,4803,4581,5741,7718,10320,19560,333,501,1042,2225,1481,3824,2024,5570,2892,4440,2274,2273,2289,3410,1443,4888,74555,40002,6668,903,45674,1,2,5,3
2021-03-20T23:59:59+01:00,6,0,1838,2467,4771,7976,5049,10414,5651,14248,8050,13690,4802,4580,5733,7710,10320,19560,333,500,1042,2225,1481,3824,2024,5570,2890,4439,2273,2270,2289,3410,1442,4888,74543,39998,6668,898,45647,1,2,5,3
2021-03-19T23:59:59+01:00,6,0,1786,2226,4262,6698,4641,9432,5380,13691,7828,13288,4676,4482,5664,7643,10319,19560,332,500,1042,2225,1481,3823,2023,5569,2889,4439,2271,2269,2283,3404,1440,4886,74482,39981,6657,891,40436,1,2,5,3
2021-03-18T23:59:59+01:00,6,0,1731,1972,3848,5642,4112,8056,4565,11150,6469,9956,4306,4182,5458,7420,10298,19521,331,497,1035,2212,1474,3798,1996,5530,2864,4415,2250,2253,2258,3375,1435,4877,74047,39789,6592,807,28046,1,2,5,3
2021-03-17T23:59:59+01:00,6,0,1725,1964,3837,5616,4095,8026,4541,11086,6418,9882,4267,4135,5415,7374,10290,19493,328,496,1031,2204,1468,3789,1989,5515,2854,4389,2223,2224,2236,3360,1428,4861,73777,39632,6528,758,27858,1,2,5,3
2021-03-16T23:59:59+01:00,6,0,1702,1930,3778,5535,4026,7920,4414,10924,6211,9684,4043,3945,5272,7215,10283,19469,325,492,1030,2185,1463,3776,1980,5500,2845,4369,2214,2209,2223,3330,1419,4830,73462,39457,5253,728,27635,1,2,5,3
2021-03-15T23:59:59+01:00,6,0,1692,1910,3754,5499,4001,7883,4363,10855,6132,9598,3956,3878,5216,7153,10274,19442,322,488,1021,2169,1455,3770,1964,5464,2827,4341,2199,2177,2198,3265,1408,4791,73230,39236,4888,620,27489,1,0,5,3
2021-03-14T23:59:59+01:00,6,0,1686,1900,3745,5489,3996,7866,4354,10823,6123,9575,3948,3867,5211,7145,10273,19440,322,488,1019,2169,1450,3767,1961,5462,2809,4335,2193,2174,2187,3254,1403,4789,73195,39228,4870,551,27377,1,0,5,3
2021-03-13T23:59:59+01:00,6,0,1682,1894,3730,5466,3989,7856,4334,10812,6109,9559,3945,3864,5208,7142,10273,19440,322,488,1019,2169,1450,3767,1961,5461,2809,4334,2192,2173,2187,3252,1394,4784,73170,39208,4865,551,27269,1,0,5,3
2021-03-12T23:59:59+01:00,5,0,1645,1837,3222,5319,3475,7741,4200,10687,5883,9268,3774,3717,5065,7029,10247,19392,317,466,1015,2139,1442,3744,1942,5390,2756,4250,2013,2018,2127,3203,1387,4778,72952,38442,4130,543,25419,0,0,5,3
2021-03-11T23:59:59+01:00,5,0,1537,1699,2840,5061,3038,7484,3920,10274,5253,8376,3544,3541,4957,6908,10207,19336,316,465,1012,2126,1439,3724,1935,5371,2747,4233,2006,2010,2112,3186,1382,4758,72370,38317,3864,503,21741,0,0,5,3
2021-03-10T23:59:59+01:00,5,0,1507,1666,2801,5017,3000,7425,3863,10187,5144,8259,3419,3435,4839,6793,10159,19269,314,464,1011,2123,1435,3713,1931,5358,2735,4213,1987,2002,2085,3153,1372,4743,71952,38231,3532,406,21299,0,0,5,3
2021-03-09T23:59:59+01:00,5,0,1498,1650,2764,4990,2978,7381,3824,10128,5062,8180,3318,3349,4756,6704,10050,19057,311,463,1007,2117,1428,3700,1905,5336,2693,4183,1944,1977,2031,3124,1360,4733,71348,38201,3260,109,21081,0,0,5,3
2021-03-08T23:59:59+01:00,5,0,1483,1635,2735,4961,2949,7350,3801,10080,5038,8118,3276,3309,4679,6640,9869,18752,310,463,1005,2113,1420,3684,1888,5302,2674,4155,1925,1958,2004,3101,1353,4714,70542,38050,3251,17,20882,0,0,5,3
2021-03-07T23:59:59+01:00,5,0,1470,1625,2706,4917,2915,7302,3766,10019,4995,8057,3241,3275,4613,6538,9792,18607,310,462,1004,2112,1419,3678,1885,5292,2673,4150,1921,1955,2000,3097,1349,4705,70002,37995,3197,15,20639,0,0,5,3
2021-03-06T23:59:59+01:00,5,0,1469,1623,2700,4906,2912,7293,3758,10012,4977,8041,3231,3265,4590,6499,9701,18434,310,462,1002,2109,1419,3676,1879,5283,2671,4148,1916,1948,1995,3095,1348,4702,69605,37947,3197,15,20609,0,0,5,2
2021-03-05T23:59:59+01:00,5,0,1395,1546,2602,4745,2855,7135,3673,9805,4876,7845,3181,3205,4371,6210,8983,17224,310,462,1000,2107,1415,3671,1877,5282,2668,4142,1908,1944,1990,3092,1343,4698,66918,37893,3194,15,19539,0,0,5,2
2021-03-04T23:59:59+01:00,5,0,1221,1440,2435,4546,2687,6864,3505,9462,4618,7503,3065,3078,4006,5751,7787,15381,309,454,991,2084,1399,3631,1849,5229,2640,4095,1880,1919,1957,3037,1315,4652,62654,37425,3191,15,17504,0,0,5,2
2021-03-03T23:59:59+01:00,5,0,1187,1387,2357,4438,2626,6741,3419,9295,4520,7360,2978,3008,3624,5146,6369,13149,305,445,979,2062,1387,3603,1835,5179,2585,4040,1830,1883,1929,3004,1299,4623,57513,36972,3163,15,16929,0,0,4,2
2021-03-02T23:59:59+01:00,5,0,1155,1349,2296,4380,2577,6648,3337,9172,4383,7211,2864,2883,3135,4475,4321,9741,300,436,974,2035,1374,3560,1820,5124,2553,4013,1820,1867,1909,2975,1286,4595,50371,36625,2913,15,16645,0,0,3,2
2021-03-01T23:59:59+01:00,5,0,1096,1320,2234,4318,2504,6561,3242,9044,4241,7023,2733,2747,2561,3726,1543,5198,299,433,967,2023,1363,3542,1812,5109,2540,3997,1802,1856,1893,2956,1275,4566,41161,36417,2521,15,16411,0,0,3,2
2021-02-28T23:59:59+01:00,5,0,1062,1306,2193,4282,2474,6516,3194,8987,4179,6964,2668,2699,2512,3695,1535,5178,299,432,964,2017,1361,3529,1809,5095,2534,3988,1795,1845,1880,2944,1267,4552,41064,36295,2229,15,16153,0,0,3,2
2021-02-27T23:59:59+01:00,5,0,1021,1223,2125,4040,2417,6282,3131,8689,4089,6711,2613,2642,2492,3671,1532,5178,299,432,963,2017,1361,3529,1809,5094,2533,3988,1795,1844,1878,2944,1267,4552,40957,36289,2228,15,14673,0,0,3,2
2021-02-26T23:59:59+01:00,4,0,855,971,1927,3651,2255,5623,2916,7775,3779,5924,2565,2588,2473,3656,1528,5176,299,432,963,2014,1359,3527,1807,5093,2531,3987,1795,1841,1871,2943,1265,4545,40940,36256,2139,15,10584,0,0,3,2
2021-02-25T23:59:59+01:00,4,0,519,814,1649,3452,2075,5317,2720,7378,3552,5623,2483,2508,2432,3595,1524,5161,289,411,938,1964,1329,3457,1776,5012,2502,3923,1770,1813,1831,2897,1237,4504,40744,35640,1877,12,8183,0,0,2,2
2021-02-24T23:59:59+01:00,3,0,498,796,1614,3356,2013,5186,2660,7196,3486,5482,2415,2461,2396,3566,1514,5125,280,407,923,1932,1315,3403,1763,4951,2478,3879,1759,1795,1822,2878,1225,4473,40551,35278,1706,4,7508,0,0,2,2
2021-02-23T23:59:59+01:00,3,0,478,759,1554,3254,1958,5045,2582,7064,3401,5377,2355,2403,2357,3507,1499,5090,278,403,918,1917,1308,3372,1754,4919,2457,3847,1739,1775,1802,2842,1209,4417,40396,34953,1433,3,6855,0,0,2,2
2021-02-22T23:59:59+01:00,2,0,462,728,1500,3154,1919,4906,2523,6845,3340,5233,2345,2305,2341,3427,1493,5045,277,400,915,1905,1300,3345,1737,4883,2442,3817,1720,1756,1774,2811,1194,4368,40179,34642,1168,1,6219,0,0,2,2
2021-02-21T23:59:59+01:00,2,0,454,690,1442,3010,1871,4756,2470,6685,3258,5130,2309,2272,2313,3407,1483,5039,277,399,912,1897,1299,3336,1732,4873,2438,3808,1718,1753,1773,2809,1194,4367,40135,34583,935,1,5519,0,0,2,2
2021-02-20T23:59:59+01:00,2,0,450,684,1434,3006,1866,4756,2467,6682,3253,5126,2306,2271,2313,3406,1481,5039,277,399,912,1896,1299,3335,1732,4873,2437,3807,1717,1752,1770,2809,1193,4365,40130,34571,930,1,5480,0,0,2,2
2021-02-19T23:59:59+01:00,1,0,428,647,1405,2944,1839,4701,2426,6582,3166,5008,2126,2108,2249,3357,1476,5033,275,398,910,1894,1298,3334,1732,4868,2434,3806,1716,1751,1768,2808,1193,4364,39378,34548,910,1,5206,0,0,2,1
2021-02-18T23:59:59+01:00,1,0,402,590,1301,2704,1735,4459,2288,6320,3064,4827,2097,2092,2233,3340,1471,5022,275,392,902,1861,1289,3294,1714,4820,2415,3768,1705,1740,1751,2796,1181,4344,39300,34246,836,1,3808,0,0,2,1
2021-02-17T23:59:59+01:00,1,0,386,558,1263,2573,1678,4284,2218,6079,3005,4678,2078,2073,2209,3320,1457,5012,265,375,866,1775,1246,3165,1654,4661,2339,3633,1626,1671,1675,2685,1128,4222,39144,32986,785,0,2941,0,0,2,1
2021-02-16T23:59:59+01:00,1,0,368,528,1209,2454,1628,4150,2139,5894,2925,4542,2069,2068,2201,3313,1452,5000,258,358,845,1694,1191,3029,1592,4458,2268,3455,1575,1617,1611,2584,1096,4086,39083,31717,754,0,2102,0,0,2,1
2021-02-15T23:59:59+01:00,1,0,358,506,1137,2312,1583,4077,2107,5840,2897,4501,2050,2052,2176,3282,1444,4979,252,339,822,1649,1159,2953,1536,4321,2195,3335,1499,1553,1553,2472,1049,3898,38975,30585,639,0,1686,0,0,2,1
2021-02-14T23:59:59+01:00,1,0,349,500,1113,2257,1520,3916,2066,5748,2866,4462,2044,2049,2164,3272,1441,4972,246,334,804,1621,1143,2913,1494,4269,2157,3305,1483,1532,1528,2435,1032,3852,38956,30148,570,0,1212,0,0,2,1
2021-02-13T23:59:59+01:00,1,0,349,500,1112,2257,1520,3915,2064,5747,2866,4462,2043,2047,2163,3272,1440,4969,246,334,804,1621,1143,2913,1493,4267,2157,3305,1481,1529,1527,2434,1032,3851,38945,30137,570,0,1211,0,0,1,1
2021-02-12T23:59:59+01:00,1,0,342,497,1094,2249,1515,3902,2059,5739,2863,4456,2029,2037,2157,3259,1435,4966,244,333,798,1616,1137,2904,1478,4249,2139,3292,1468,1513,1512,2402,1025,3814,38879,29924,562,0,1158,0,0,1,1
2021-02-11T23:59:59+01:00,1,0,320,473,1031,2154,1462,3775,1965,5475,2779,4337,1998,2004,2117,3191,1405,4908,224,305,748,1512,1057,2680,1353,3892,1951,2986,1278,1302,1339,2124,912,3445,38481,27108,525,0,388,0,0,1,1
2021-02-10T23:59:59+01:00,1,0,314,464,1009,2114,1423,3697,1911,5314,2685,4157,1927,1955,2069,3149,1384,4882,199,260,654,1324,929,2298,1167,3289,1707,2567,1115,1125,1188,1873,794,3081,38068,23570,385,0,1,0,0,1,1
2021-02-09T23:59:59+01:00,1,0,308,453,1001,2083,1408,3645,1867,5247,2619,4102,1869,1915,1997,3094,1363,4860,166,200,555,1062,781,1853,962,2680,1437,2154,963,964,990,1583,670,2634,37766,19654,64,0,1,0,0,1,1
2021-02-08T23:59:59+01:00,1,0,306,451,998,2076,1397,3629,1859,5224,2599,4085,1855,1904,1978,3076,1357,4835,116,165,456,848,617,1436,764,2031,1159,1668,771,788,788,1249,533,2152,37609,15541,19,0,1,0,0,1,1
2021-02-07T23:59:59+01:00,1,0,306,451,997,2075,1396,3624,1856,5221,2592,4082,1849,1895,1962,3068,1353,4827,106,146,407,703,543,1261,685,1816,1062,1520,694,707,705,1125,456,1908,37538,13844,16,0,0,0,0,1,1
2021-02-06T23:59:59+01:00,1,0,306,451,996,2074,1396,3621,1856,5219,2592,4079,1849,1894,1957,3066,1350,4825,105,145,402,700,538,1237,669,1797,1051,1498,691,703,700,1121,455,1904,37515,13717,16,0,0,0,0,1,0
2021-02-05T23:59:59+01:00,1,0,306,450,994,2071,1392,3612,1852,5205,2586,4073,1848,1893,1949,3058,1340,4811,101,137,387,682,521,1207,637,1745,1001,1435,654,653,651,1047,428,1811,37424,13098,16,0,0,0,0,1,0
2021-02-04T23:59:59+01:00,1,0,299,433,983,2040,1373,3559,1833,5128,2571,4025,1832,1872,1922,3023,1320,4778,76,106,286,461,361,816,454,1181,689,976,508,477,506,827,339,1451,36975,9515,16,0,0,0,0,1,0
2021-02-03T23:59:59+01:00,1,0,295,424,965,2014,1357,3521,1819,5079,2537,3982,1812,1849,1907,2999,1306,4761,60,82,239,393,291,637,346,923,531,729,340,331,368,586,247,1063,36611,7167,16,0,0,0,0,1,0
2021-02-02T23:59:59+01:00,1,0,290,417,959,1986,1349,3488,1808,5032,2514,3947,1794,1833,1879,2957,1284,4710,39,63,183,311,243,485,265,739,383,561,236,214,234,391,167,699,36231,5213,16,0,0,0,0,1,0
2021-02-01T23:59:59+01:00,1,0,289,414,954,1978,1346,3472,1800,5011,2505,3928,1786,1822,1864,2942,1279,4696,19,39,136,225,167,311,169,490,240,324,119,109,102,189,77,314,36070,3030,16,0,0,0,0,1,0
2021-01-31T23:59:59+01:00,1,0,288,413,952,1971,1343,3463,1797,4992,2501,3913,1782,1814,1860,2934,1276,4686,18,34,118,197,150,270,152,411,203,279,100,95,94,161,69,274,35969,2625,16,0,0,0,0,1,0
2021-01-30T23:59:59+01:00,1,0,288,413,952,1971,1343,3463,1797,4992,2501,3913,1781,1814,1860,2933,1276,4685,18,34,117,197,150,267,149,408,202,278,99,94,94,161,69,274,35966,2611,16,0,0,0,0,1,0
2021-01-29T23:59:59+01:00,1,0,286,410,951,1969,1342,3455,1791,4983,2498,3910,1775,1807,1851,2921,1269,4663,16,33,116,188,141,259,137,380,170,251,72,70,84,139,62,238,35865,2356,16,0,0,0,0,1,0
2021-01-28T23:59:59+01:00,1,0,282,402,932,1915,1318,3391,1766,4921,2470,3848,1753,1787,1819,2890,1251,4627,0,0,10,19,8,19,11,45,8,22,6,4,7,10,3,15,35357,187,15,0,0,0,0,1,0
2021-01-27T23:59:59+01:00,1,0,276,384,899,1834,1283,3277,1705,4798,2410,3748,1696,1738,1774,2822,1212,4538,0,0,4,6,5,11,7,19,4,12,5,4,7,10,3,14,34383,111,11,0,0,0,0,1,0
2021-01-26T23:59:59+01:00,1,0,271,374,889,1820,1269,3238,1688,4742,2380,3681,1663,1706,1735,2750,1194,4447,0,0,4,6,5,11,7,19,4,12,5,4,7,10,3,14,33840,111,7,0,0,0,0,1,0
2021-01-25T23:59:59+01:00,1,0,261,350,847,1701,1199,3074,1597,4471,2274,3473,1602,1653,1678,2662,1143,4261,0,0,1,3,1,3,4,2,4,5,5,4,6,9,2,14,32243,63,3,0,0,0,0,1,0
2021-01-24T23:59:59+01:00,1,0,258,347,836,1681,1189,3051,1566,4438,2248,3452,1591,1644,1666,2650,1137,4253,0,0,1,2,1,3,4,2,4,5,5,4,6,9,2,14,32004,62,3,0,0,0,0,1,0
2021-01-23T23:59:59+01:00,1,0,258,347,836,1681,1188,3050,1566,4434,2247,3451,1590,1644,1665,2649,1136,4248,0,0,1,2,1,3,4,2,4,5,5,4,6,9,2,14,31987,62,3,0,0,0,0,1,0
2021-01-22T23:59:59+01:00,1,0,257,345,830,1678,1184,3045,1563,4427,2235,3446,1578,1632,1659,2630,1130,4226,0,0,1,2,1,3,4,2,4,5,5,4,6,9,2,14,31862,62,3,0,0,0,0,1,0
2021-01-21T23:59:59+01:00,1,0,246,335,803,1612,1159,2918,1507,4265,2155,3311,1479,1528,1522,2462,1046,4036,0,0,1,2,1,3,4,2,4,5,4,3,5,9,1,14,30381,58,3,0,0,0,0,1,0
2021-01-20T23:59:59+01:00,1,0,224,292,730,1456,1068,2604,1373,3806,1981,2955,1356,1381,1400,2263,969,3795,0,0,1,2,1,3,4,2,3,5,4,3,5,9,1,14,27651,57,2,0,0,0,0,1,0
2021-01-19T23:59:59+01:00,1,0,193,235,630,1207,924,2160,1150,3191,1692,2524,1172,1176,1164,1920,807,3225,0,0,1,1,1,2,4,1,2,5,4,3,5,9,1,14,23368,53,2,0,0,0,0,1,0
2021-01-18T23:59:59+01:00,1,0,136,185,498,946,713,1645,883,2324,1316,1912,911,944,930,1514,630,2575,0,0,0,0,0,0,0,0,1,2,2,1,0,0,0,0,18061,6,1,0,0,0,0,1,0
2021-01-17T23:59:59+01:00,1,0,122,159,439,776,628,1422,782,2071,1201,1722,844,864,845,1375,555,2351,0,0,0,0,0,0,0,0,0,1,0,0,0,0,0,0,16156,1,0,0,0,0,0,1,0
2021-01-16T23:59:59+01:00,1,0,121,158,435,775,626,1414,772,2067,1192,1715,842,859,840,1364,547,2335,0,0,0,0,0,0,0,0,0,0,0,0,0,0,0,0,16063,0,0,0,0,0,0,0,0
2021-01-15T23:59:59+01:00,1,0,110,151,423,754,599,1375,740,1989,1130,1633,798,806,793,1275,516,2211,0,0,0,0,0,0,0,0,0,0,0,0,0,0,0,0,15304,0,0,0,0,0,0,0,0
2021-01-14T23:59:59+01:00,1,0,76,112,302,488,398,890,511,1281,774,1072,584,559,577,942,399,1684,0,0,0,0,0,0,0,0,0,0,0,0,0,0,0,0,10650,0,0,0,0,0,0,0,0
2021-01-13T23:59:59+01:00,1,0,59,85,250,410,322,673,379,982,567,765,369,355,391,637,284,1174,0,0,0,0,0,0,0,0,0,0,0,0,0,0,0,0,7703,0,0,0,0,0,0,0,0
2021-01-12T23:59:59+01:00,0,0,48,69,204,351,258,545,279,808,412,599,248,226,243,424,190,786,0,0,0,0,0,0,0,0,0,0,0,0,0,0,0,0,5690,0,0,0,0,0,0,0,0
2021-01-11T23:59:59+01:00,0,0,32,51,177,301,211,443,220,648,302,422,151,131,140,259,105,452,0,0,0,0,0,0,0,0,0,0,0,0,0,0,0,0,4045,0,0,0,0,0,0,0,0
2021-01-10T23:59:59+01:00,0,0,24,42,155,252,182,365,179,537,252,361,130,110,125,214,93,362,0,0,0,0,0,0,0,0,0,0,0,0,0,0,0,0,3383,0,0,0,0,0,0,0,0
2021-01-09T23:59:59+01:00,0,0,24,42,154,250,181,362,177,531,251,360,129,109,125,214,93,362,0,0,0,0,0,0,0,0,0,0,0,0,0,0,0,0,3364,0,0,0,0,0,0,0,0
2021-01-08T23:59:59+01:00,0,0,22,40,152,241,173,352,164,500,221,334,105,93,119,198,86,335,0,0,0,0,0,0,0,0,0,0,0,0,0,0,0,0,3135,0,0,0,0,0,0,0,0
2021-01-07T23:59:59+01:00,0,0,1,0,4,9,8,14,10,7,18,11,10,11,14,21,3,35,0,0,0,0,0,0,0,0,0,0,0,0,0,0,0,0,176,0,0,0,0,0,0,0,0
2021-01-06T23:59:59+01:00,0,0,0,0,1,3,1,6,5,2,4,6,6,4,7,10,1,16,0,0,0,0,0,0,0,0,0,0,0,0,0,0,0,0,72,0,0,0,0,0,0,0,0
2021-01-05T23:59:59+01:00,0,0,0,0,1,3,1,5,5,2,4,5,6,4,6,10,1,15,0,0,0,0,0,0,0,0,0,0,0,0,0,0,0,0,68,0,0,0,0,0,0,0,0
2021-01-04T23:59:59+01:00,0,0,0,0,1,3,1,4,4,2,4,5,6,4,5,9,1,15,0,0,0,0,0,0,0,0,0,0,0,0,0,0,0,0,64,0,0,0,0,0,0,0,0
2021-01-03T23:59:59+01:00,0,0,0,0,1,2,1,4,4,2,4,5,5,4,5,9,1,15,0,0,0,0,0,0,0,0,0,0,0,0,0,0,0,0,62,0,0,0,0,0,0,0,0
2021-01-02T23:59:59+01:00,0,0,0,0,1,2,1,4,4,2,4,5,5,4,5,9,1,15,0,0,0,0,0,0,0,0,0,0,0,0,0,0,0,0,62,0,0,0,0,0,0,0,0
2021-01-01T23:59:59+01:00,0,0,0,0,1,2,1,3,4,2,4,5,5,4,5,9,1,15,0,0,0,0,0,0,0,0,0,0,0,0,0,0,0,0,61,0,0,0,0,0,0,0,0
2020-12-31T23:59:59+01:00,0,0,0,0,1,2,1,3,4,2,4,5,5,4,5,9,1,15,0,0,0,0,0,0,0,0,0,0,0,0,0,0,0,0,61,0,0,0,0,0,0,0,0
2020-12-30T23:59:59+01:00,0,0,0,0,1,2,1,3,4,2,3,5,5,4,5,9,1,15,0,0,0,0,0,0,0,0,0,0,0,0,0,0,0,0,60,0,0,0,0,0,0,0,0
2020-12-29T23:59:59+01:00,0,0,0,0,1,1,1,2,4,1,2,5,5,4,5,9,1,15,0,0,0,0,0,0,0,0,0,0,0,0,0,0,0,0,56,0,0,0,0,0,0,0,0
2020-12-28T23:59:59+01:00,0,0,0,0,1,1,1,1,2,0,1,5,4,1,1,0,0,2,0,0,0,0,0,0,0,0,0,0,0,0,0,0,0,0,20,0,0,0,0,0,0,0,0
2020-12-27T23:59:59+01:00,0,0,0,0,1,1,1,1,2,0,0,3,2,0,1,0,0,2,0,0,0,0,0,0,0,0,0,0,0,0,0,0,0,0,14,0,0,0,0,0,0,0,0
