Datum,<15_1_m,<15_1_w,15-24_1_m,15-24_1_w,25-34_1_m,25-34_1_w,35-44_1_m,35-44_1_w,45-54_1_m,45-54_1_w,55-64_1_m,55-64_1_w,65-74_1_m,65-74_1_w,75-84_1_m,75-84_1_w,>84_1_m,>84_1_w,<15_2_m,<15_2_w,15-24_2_m,15-24_2_w,25-34_2_m,25-34_2_w,35-44_2_m,35-44_2_w,45-54_2_m,45-54_2_w,55-64_2_m,55-64_2_w,65-74_2_m,65-74_2_w,75-84_2_m,75-84_2_w,>84_2_m,>84_2_w,bp_1,bp_2,mo_1,mo_2,az_1,az_2,ja,unb_1,unb_2
2021-12-02T23:59:59+01:00,9477,8850,47246,44236,62342,55804,61534,59089,71139,70140,79059,78465,55596,61326,38005,49300,11858,22674,6210,5851,40851,38887,56232,49903,56516,54261,66631,65705,75570,75049,54025,59538,37125,48002,11462,21818,660556,604719,80042,77327,105739,101775,39762,51,53
2021-12-01T23:59:59+01:00,9294,8650,47169,44168,62283,55735,61469,59019,71083,70081,79001,78391,55563,61281,37991,49270,11853,22655,6145,5798,40687,38780,56084,49731,56367,54139,66494,65589,75482,74939,53989,59488,37107,47978,11459,21808,659423,603170,79992,77304,105739,101775,39762,50,53
2021-11-30T23:59:59+01:00,9040,8386,47111,44122,62204,55650,61391,58943,71026,70018,78939,78316,55529,61231,37969,49249,11844,22635,6061,5735,40530,38652,55911,49555,56238,53984,66348,65456,75380,74823,53942,59429,37079,47940,11453,21796,658100,601445,79965,77280,105738,101774,39760,50,53
2021-11-29T23:59:59+01:00,8793,8171,47042,44053,62120,55561,61333,58864,70985,69968,78887,78254,55498,61196,37956,49227,11841,22624,6024,5690,40369,38458,55682,49391,56078,53838,66210,65349,75273,74721,53894,59395,37063,47906,11452,21788,656939,599753,79900,77246,105738,101773,39756,50,53
2021-11-28T23:59:59+01:00,8695,8068,46985,43992,62047,55488,61282,58805,70940,69910,78843,78216,55475,61175,37940,49200,11838,22612,5998,5667,40297,38372,55563,49304,55990,53770,66147,65289,75228,74684,53874,59377,37049,47898,11450,21784,656088,598933,79894,77231,105738,101773,39751,50,53
2021-11-27T23:59:59+01:00,8663,8044,46963,43974,62026,55461,61259,58782,70917,69896,78828,78200,55466,61172,37940,49199,11838,22611,5991,5659,40271,38351,55544,49296,55973,53760,66137,65283,75218,74678,53872,59374,37048,47898,11450,21784,655817,598779,79893,77231,105738,101773,39751,50,53
2021-11-26T23:59:59+01:00,8523,7947,46881,43914,61976,55399,61214,58733,70865,69853,78798,78172,55458,61150,37938,49190,11835,22607,5974,5651,40222,38320,55493,49254,55929,53720,66102,65255,75192,74656,53869,59368,37045,47896,11450,21784,655036,598377,79890,77227,105737,101773,39750,50,53
2021-11-25T23:59:59+01:00,8267,7715,46721,43796,61823,55213,61083,58614,70738,69727,78708,78074,55409,61095,37907,49161,11831,22595,5875,5526,39862,37978,55146,48930,55658,53477,65850,65063,75057,74552,53834,59329,37031,47870,11448,21771,653074,595504,79876,77177,105737,101773,39750,50,53
2021-11-24T23:59:59+01:00,8129,7592,46589,43698,61695,55076,60977,58485,70644,69624,78597,77971,55365,61032,37882,49115,11818,22562,5835,5482,39776,37892,55044,48814,55564,53367,65768,64969,74988,74494,53818,59287,37019,47844,11444,21762,651470,594449,79864,77152,105737,101773,39740,50,53
2021-11-23T23:59:59+01:00,7975,7452,46465,43580,61572,54902,60872,58343,70526,69505,78482,77860,55301,60953,37852,49064,11809,22541,5793,5436,39658,37798,54886,48686,55450,53285,65663,64870,74910,74416,53774,59239,37006,47818,11438,21751,649687,593179,79853,77136,105737,101772,39737,50,53
2021-11-22T23:59:59+01:00,7868,7348,46293,43467,61427,54745,60714,58234,70428,69390,78404,77766,55265,60891,37831,49025,11805,22522,5744,5386,39383,37598,54576,48480,55239,53115,65475,64727,74814,74344,53742,59200,36995,47801,11432,21744,648080,591131,79841,77114,105737,101772,39725,50,53
2021-11-21T23:59:59+01:00,7787,7278,46191,43373,61309,54638,60591,58160,70340,69310,78331,77697,55231,60847,37819,49012,11802,22512,5715,5357,39275,37517,54458,48396,55147,53049,65405,64661,74775,74300,53724,59185,36990,47785,11430,21739,646899,590251,79829,77109,105737,101772,39723,50,53
2021-11-20T23:59:59+01:00,7765,7252,46129,43305,61225,54566,60519,58113,70293,69273,78292,77669,55214,60831,37814,49005,11801,22511,5711,5355,39252,37504,54432,48382,55125,53029,65390,64654,74765,74296,53723,59181,36985,47784,11429,21739,646258,590087,79827,77109,105737,101772,39715,50,53
2021-11-19T23:59:59+01:00,7670,7157,45936,43130,61050,54382,60367,57955,70153,69180,78206,77594,55189,60805,37808,48989,11799,22505,5697,5339,39192,37453,54392,48349,55079,52993,65363,64629,74739,74282,53721,59169,36982,47781,11428,21736,644590,589708,79816,77100,105734,101770,39693,50,53
2021-11-18T23:59:59+01:00,7469,6954,45538,42803,60724,54014,60058,57691,69865,68946,78043,77427,55127,60730,37781,48936,11794,22484,5628,5272,38919,37202,54148,48146,54865,52816,65170,64472,74611,74217,53681,59126,36965,47751,11419,21727,641157,587575,79787,77074,105733,101768,39665,50,53
2021-11-17T23:59:59+01:00,7326,6835,45205,42565,60432,53750,59836,57472,69670,68753,77883,77266,55066,60674,37764,48886,11783,22468,5591,5243,38824,37133,54037,48056,54791,52750,65096,64412,74557,74160,53653,59099,36949,47729,11412,21722,638488,586722,79736,77038,105733,101767,39634,50,53
2021-11-16T23:59:59+01:00,7187,6721,44952,42362,60167,53490,59624,57270,69490,68575,77748,77123,54997,60602,37734,48835,11768,22440,5529,5191,38655,36982,53908,47921,54681,52642,64996,64323,74473,74086,53617,59051,36918,47697,11408,21709,635972,585318,79713,77025,105733,101767,39624,50,53
2021-11-15T23:59:59+01:00,7042,6598,44422,41964,59721,53126,59323,56997,69221,68350,77555,76948,54932,60527,37689,48789,11765,22430,5485,5143,38465,36809,53707,47762,54503,52513,64860,64204,74394,74016,53590,59017,36910,47677,11406,21700,632376,583774,79692,77012,105733,101767,39555,50,53
2021-11-14T23:59:59+01:00,6965,6529,44181,41790,59514,52947,59133,56845,69074,68220,77443,76878,54909,60493,37678,48772,11762,22423,5439,5098,38294,36676,53526,47609,54368,52409,64737,64108,74336,73945,53558,58994,36902,47658,11405,21695,630564,582387,79671,77005,105733,101767,39545,50,53
2021-11-13T23:59:59+01:00,6961,6523,44166,41779,59498,52934,59123,56835,69068,68214,77432,76874,54907,60492,37677,48770,11761,22423,5439,5096,38292,36676,53524,47609,54364,52405,64732,64104,74330,73942,53553,58990,36900,47650,11403,21694,630449,582333,79670,77005,105730,101767,39545,50,53
2021-11-12T23:59:59+01:00,6904,6483,44030,41642,59351,52838,59001,56729,68978,68146,77365,76836,54894,60477,37670,48758,11756,22418,5436,5088,38266,36657,53497,47593,54340,52393,64709,64090,74314,73931,53547,58984,36898,47647,11401,21692,629330,582143,79657,77004,105730,101767,39516,50,53
2021-11-11T23:59:59+01:00,6730,6295,43359,41128,58738,52331,58536,56352,68603,67812,77090,76648,54832,60408,37643,48718,11747,22407,5382,5026,38083,36524,53348,47459,54219,52282,64595,63990,74237,73883,53515,58955,36886,47629,11400,21681,624618,580922,79616,76979,105727,101767,39373,50,53
2021-11-10T23:59:59+01:00,6630,6204,42944,40832,58332,51983,58237,56108,68347,67560,76913,76482,54763,60344,37621,48680,11739,22396,5362,5000,37988,36462,53274,47384,54152,52208,64541,63934,74178,73843,53484,58921,36870,47607,11395,21674,621476,580224,79601,76967,105727,101765,39268,50,53
2021-11-09T23:59:59+01:00,6560,6153,42841,40741,58206,51842,58121,55972,68216,67443,76828,76386,54721,60301,37607,48655,11732,22380,5336,4972,37915,36418,53229,47323,54099,52120,64485,63856,74100,73766,53453,58884,36852,47581,11388,21655,620108,579583,79569,76772,105725,101764,39260,50,53
2021-11-08T23:59:59+01:00,6424,6039,42109,40081,57465,51237,57570,55532,67801,67061,76545,76115,54603,60210,37579,48615,11724,22366,5307,4950,37809,36314,53071,47201,54009,52037,64415,63767,74020,73708,53424,58850,36841,47565,11385,21650,614782,578767,79547,76759,105724,101764,38980,50,53
2021-11-07T23:59:59+01:00,6368,6000,41946,39946,57272,51078,57427,55424,67701,66987,76494,76065,54585,60190,37571,48609,11722,22362,5289,4935,37734,36242,52998,47119,53953,51994,64384,63714,73995,73685,53411,58838,36831,47558,11384,21643,613516,578189,79494,76732,105724,101763,38970,50,53
2021-11-06T23:59:59+01:00,6363,5991,41928,39928,57252,51064,57412,55414,67691,66978,76488,76062,54583,60190,37569,48609,11722,22361,5287,4935,37733,36240,52996,47115,53951,51992,64379,63713,73993,73683,53409,58836,36831,47557,11384,21643,613378,578163,79493,76731,105724,101763,38967,50,53
2021-11-05T23:59:59+01:00,6347,5971,41886,39899,57215,51014,57364,55384,67667,66961,76461,76049,54579,60184,37566,48607,11722,22359,5279,4930,37710,36232,52987,47104,53943,51985,64367,63701,73986,73674,53405,58834,36829,47553,11384,21643,613032,578056,79490,76728,105724,101763,38946,50,53
2021-11-04T23:59:59+01:00,6224,5825,41351,39409,56630,50550,56916,55017,67244,66634,76244,75908,54541,60135,37553,48577,11716,22351,5219,4866,37504,36094,52784,46956,53770,51852,64208,63582,73885,73604,53373,58809,36815,47531,11373,21637,609191,576899,79422,76702,105723,101762,38446,50,53
2021-11-03T23:59:59+01:00,6188,5780,41259,39342,56515,50453,56818,54932,67171,66568,76198,75864,54531,60116,37544,48560,11711,22346,5175,4832,37435,36031,52736,46907,53727,51797,64162,63539,73842,73568,53357,58784,36802,47511,11369,21629,608308,576273,79402,76697,105722,101759,38421,50,53
2021-11-02T23:59:59+01:00,6140,5730,41124,39230,56349,50333,56701,54824,67045,66489,76129,75805,54506,60092,37532,48548,11710,22336,5104,4760,37302,35878,52586,46750,53608,51677,64074,63437,73757,73482,53309,58739,36782,47478,11366,21619,607087,574847,79381,76660,105722,101759,38389,50,53
2021-11-01T23:59:59+01:00,6055,5652,40633,38861,55819,49984,56333,54569,66767,66287,75988,75715,54472,60064,37525,48541,11707,22327,5071,4719,37160,35764,52455,46657,53492,51592,63977,63375,73695,73437,53296,58726,36772,47463,11363,21612,604079,574102,79357,76618,105722,101757,38096,50,53
2021-10-31T23:59:59+01:00,6053,5652,40628,38855,55816,49981,56329,54565,66763,66284,75985,75713,54472,60064,37525,48541,11707,22327,5071,4718,37158,35761,52455,46656,53490,51591,63974,63374,73695,73437,53296,58726,36772,47463,11363,21612,604047,574092,79354,76618,105722,101757,38092,50,53
2021-10-30T23:59:59+02:00,6049,5650,40625,38855,55809,49978,56328,54563,66761,66283,75984,75711,54472,60064,37525,48541,11707,22327,5071,4718,37158,35761,52455,46655,53489,51590,63973,63373,73694,73437,53295,58726,36772,47463,11363,21612,604020,574086,79354,76618,105722,101757,38091,50,53
2021-10-29T23:59:59+02:00,6046,5644,40607,38837,55795,49960,56311,54553,66743,66276,75967,75706,54470,60061,37524,48540,11705,22327,5069,4715,37147,35747,52453,46650,53485,51585,63970,63366,73686,73429,53290,58725,36771,47460,11362,21611,603866,574010,79351,76615,105722,101755,38088,50,53
2021-10-28T23:59:59+02:00,5947,5544,40079,38481,55326,49626,55904,54252,66401,66047,75794,75600,54433,60032,37519,48521,11703,22317,5008,4668,36968,35630,52291,46533,53345,51477,63823,63285,73602,73382,53264,58699,36757,47442,11360,21604,600750,573037,79312,76595,105717,101753,37700,50,53
2021-10-27T23:59:59+02:00,5922,5523,40026,38422,55254,49570,55847,54201,66337,66018,75769,75580,54417,60020,37513,48509,11702,22311,4984,4642,36917,35589,52240,46496,53313,51441,63779,63234,73567,73356,53241,58679,36751,47431,11357,21592,600185,572535,79300,76582,105717,101747,37692,50,53
2021-10-26T23:59:59+02:00,5874,5488,39918,38327,55151,49466,55774,54134,66270,65951,75717,75540,54403,60004,37503,48495,11699,22306,4932,4599,36812,35447,52144,46410,53244,51359,63726,63173,73507,73302,53208,58658,36737,47407,11351,21578,599287,571550,79298,76574,105717,101746,37671,50,53
2021-10-25T23:59:59+02:00,5812,5420,39685,38091,54870,49262,55521,53972,66050,65808,75615,75461,54381,59974,37496,48485,11699,22303,4919,4590,36755,35385,52059,46355,53176,51319,63677,63133,73463,73270,53199,58642,36731,47402,11349,21575,597451,571238,79298,76572,105717,101744,37392,50,53
2021-10-24T23:59:59+02:00,5782,5391,39602,38006,54793,49185,55463,53933,66005,65781,75596,75442,54376,59965,37491,48482,11697,22299,4886,4574,36693,35323,52013,46309,53140,51278,63640,63104,73441,73238,53191,58628,36720,47394,11347,21573,596849,570752,79296,76565,105717,101742,37380,50,53
2021-10-23T23:59:59+02:00,5782,5391,39601,38005,54791,49185,55461,53930,66005,65781,75596,75442,54376,59964,37491,48482,11697,22299,4886,4574,36693,35322,52013,46309,53140,51276,63640,63104,73440,73238,53191,58628,36720,47394,11347,21573,596840,570749,79296,76565,105717,101742,37379,50,53
2021-10-22T23:59:59+02:00,5779,5386,39574,37987,54771,49170,55450,53923,65991,65769,75587,75435,54372,59961,37491,48480,11696,22299,4881,4565,36678,35308,52002,46289,53131,51265,63623,63095,73426,73228,53181,58621,36719,47391,11346,21571,596705,570597,79285,76564,105717,101739,37367,50,53
2021-10-21T23:59:59+02:00,5703,5306,39321,37790,54497,48982,55238,53771,65808,65647,75490,75379,54355,59944,37484,48470,11693,22294,4795,4493,36452,35098,51817,46129,52961,51134,63492,62974,73342,73169,53157,58585,36707,47373,11342,21565,595005,569114,79251,76528,105717,101738,37152,50,53
2021-10-20T23:59:59+02:00,5679,5292,39285,37763,54477,48959,55221,53742,65782,65622,75465,75361,54347,59933,37475,48455,11692,22287,4776,4473,36433,35068,51795,46098,52937,51104,63469,62952,73317,73142,53139,58563,36701,47360,11339,21558,594683,568769,79244,76518,105717,101738,37146,50,53
2021-10-19T23:59:59+02:00,5645,5262,39230,37725,54440,48919,55181,53708,65746,65589,75438,75334,54331,59912,37467,48441,11688,22284,4753,4451,36380,35021,51752,46044,52903,51066,63432,62918,73278,73102,53127,58539,36679,47345,11334,21548,594197,568232,79239,76514,105717,101733,37140,50,53
2021-10-18T23:59:59+02:00,5610,5234,39090,37591,54317,48820,55099,53625,65679,65548,75382,75299,54321,59896,37460,48427,11686,22283,4686,4390,36233,34876,51628,45922,52821,50974,63385,62855,73218,73053,53102,58504,36669,47328,11329,21542,593325,567191,79226,76486,105717,101733,37052,50,53
2021-10-17T23:59:59+02:00,5604,5226,39080,37580,54303,48804,55096,53615,65673,65536,75375,75294,54318,59892,37457,48424,11685,22278,4676,4379,36213,34846,51607,45898,52804,50952,63371,62838,73201,73039,53091,58492,36664,47321,11328,21533,593203,566940,79226,76480,105716,101732,37048,50,53
2021-10-16T23:59:59+02:00,5604,5226,39079,37580,54301,48803,55093,53613,65673,65536,75375,75294,54318,59892,37457,48424,11685,22278,4673,4376,36208,34842,51603,45895,52800,50948,63369,62834,73199,73038,53090,58491,36663,47320,11328,21531,593197,566898,79226,76480,105716,101732,37045,50,53
2021-10-15T23:59:59+02:00,5599,5223,39061,37566,54283,48790,55087,53608,65656,65530,75368,75282,54310,59890,37453,48417,11684,22278,4665,4374,36195,34840,51597,45887,52795,50942,63364,62827,73194,73032,53086,58487,36660,47319,11328,21530,593063,566833,79226,76478,105716,101725,37033,50,53
2021-10-14T23:59:59+02:00,5541,5164,38921,37446,54147,48689,54995,53527,65587,65446,75305,75227,54279,59869,37445,48401,11677,22263,4547,4258,35911,34510,51377,45662,52643,50769,63219,62680,73098,72954,53029,58440,36636,47288,11323,21521,592029,564735,79209,76439,105716,101711,36928,50,52
2021-10-13T23:59:59+02:00,5501,5130,38886,37403,54114,48653,54968,53493,65561,65421,75284,75201,54267,59857,37439,48393,11673,22259,4516,4231,35871,34469,51351,45621,52607,50733,63185,62644,73065,72924,53005,58424,36627,47265,11322,21510,591624,564300,79195,76402,105716,101695,36921,50,52
2021-10-12T23:59:59+02:00,5466,5107,38813,37358,54055,48584,54927,53446,65528,65387,75248,75164,54251,59840,37429,48377,11667,22249,4496,4205,35814,34416,51304,45566,52572,50697,63148,62602,73025,72877,52980,58395,36604,47241,11315,21497,591031,563705,79193,76396,105716,101692,36909,50,52
2021-10-11T23:59:59+02:00,5412,5055,38650,37225,53921,48469,54821,53360,65454,65325,75200,75135,54239,59821,37418,48366,11665,22245,4404,4124,35586,34198,51118,45375,52438,50563,63052,62488,72940,72813,52941,58357,36592,47221,11312,21489,590073,562125,79191,76393,105716,101687,36754,50,52
2021-10-10T23:59:59+02:00,5393,5045,38603,37185,53878,48428,54801,53329,65436,65305,75184,75115,54236,59816,37414,48363,11664,22239,4386,4117,35553,34178,51096,45348,52420,50546,63042,62476,72927,72799,52937,58348,36587,47211,11309,21485,589747,561906,79187,76385,105714,101683,36739,50,52
2021-10-09T23:59:59+02:00,5393,5044,38603,37185,53878,48428,54801,53329,65436,65305,75184,75115,54236,59816,37414,48363,11664,22239,4386,4117,35552,34178,51095,45348,52420,50546,63040,62476,72927,72799,52937,58348,36587,47211,11309,21485,589746,561905,79187,76383,105714,101682,36739,50,52
2021-10-08T23:59:59+02:00,5385,5031,38584,37165,53864,48412,54794,53325,65425,65296,75172,75106,54234,59813,37412,48358,11663,22238,4379,4108,35538,34158,51083,45333,52414,50535,63031,62469,72921,72793,52935,58346,36585,47207,11309,21483,589602,561786,79187,76381,105714,101681,36727,50,52
2021-10-07T23:59:59+02:00,5316,4944,38409,37010,53738,48285,54682,53221,65324,65204,75103,75057,54216,59776,37388,48334,11656,22225,4228,3939,35164,33807,50834,45022,52215,50268,62834,62274,72752,72635,52868,58276,36558,47157,11297,21458,588279,559552,79155,75614,105713,101674,36694,50,52
2021-10-06T23:59:59+02:00,5280,4916,38363,36969,53705,48248,54637,53183,65274,65169,75076,75035,54197,59763,37381,48318,11650,22216,4208,3922,35123,33771,50810,44994,52194,50244,62805,62259,72727,72618,52846,58246,36539,47137,11290,21446,587799,559170,79149,75612,105711,101671,36674,50,52
2021-10-05T23:59:59+02:00,5248,4891,38282,36892,53640,48185,54586,53118,65211,65112,75031,74987,54159,59735,37361,48286,11641,22184,4177,3893,35056,33699,50763,44931,52159,50200,62752,62221,72687,72578,52814,58208,36509,47084,11283,21423,587043,558487,79130,75611,105711,101669,36618,50,52
2021-10-04T23:59:59+02:00,5185,4833,38068,36723,53470,48067,54473,53011,65141,65043,74965,74939,54129,59701,37346,48268,11632,22169,4065,3756,34749,33350,50516,44687,51972,50022,62592,62069,72570,72479,52757,58147,36454,47028,11271,21404,585954,556222,79118,75610,105709,101669,36335,50,52
2021-10-03T23:59:59+02:00,5174,4819,38045,36699,53437,48030,54448,52997,65124,65025,74953,74926,54122,59688,37341,48255,11632,22164,4049,3752,34697,33314,50466,44643,51934,49974,62550,62032,72529,72447,52740,58123,36442,47012,11269,21396,585702,555741,79116,75610,105706,101658,36308,50,52
2021-10-02T23:59:59+02:00,5172,4810,38041,36692,53429,48026,54445,52994,65121,65024,74949,74923,54122,59686,37341,48255,11632,22164,4048,3752,34695,33312,50458,44641,51930,49973,62548,62032,72528,72446,52740,58122,36442,47012,11269,21396,585664,555732,79116,75609,105706,101658,36293,50,52
2021-10-01T23:59:59+02:00,5164,4793,37996,36664,53396,47997,54422,52969,65090,65008,74922,74906,54112,59681,37338,48252,11629,22162,4044,3749,34675,33300,50441,44633,51916,49959,62535,62024,72511,72434,52731,58116,36439,47010,11267,21394,585418,555648,79114,75607,105703,101652,36219,50,52
2021-09-30T23:59:59+02:00,5073,4730,37786,36458,53227,47832,54277,52839,64985,64889,74852,74848,54097,59651,37327,48234,11626,22155,3967,3674,34532,33147,50349,44507,51839,49844,62450,61932,72444,72375,52719,58086,36430,46985,11264,21384,583881,555067,79095,74998,105700,101647,36164,49,52
2021-09-29T23:59:59+02:00,5050,4709,37751,36417,53178,47784,54239,52792,64953,64851,74823,74820,54080,59628,37315,48223,11622,22143,3951,3657,34504,33111,50319,44481,51817,49823,62429,61902,72423,72355,52710,58077,36425,46975,11262,21376,583418,554778,79083,74994,105700,101642,36131,49,52
2021-09-28T23:59:59+02:00,5027,4685,37691,36360,53137,47731,54204,52748,64910,64807,74778,74785,54042,59592,37296,48200,11614,22132,3937,3640,34448,33072,50286,44451,51791,49800,62403,61881,72386,72325,52681,58039,36403,46948,11259,21364,582859,554384,79081,74987,105700,101638,36053,49,52
2021-09-27T23:59:59+02:00,4951,4625,37493,36182,52952,47565,54082,52638,64807,64700,74679,74707,54014,59564,37284,48182,11612,22121,3804,3482,34025,32685,49979,44128,51561,49551,62205,61694,72254,72199,52640,57979,36382,46917,11257,21354,581803,551876,79062,74986,105700,101635,35547,49,52
2021-09-26T23:59:59+02:00,4948,4619,37471,36151,52922,47546,54068,52622,64791,64690,74667,74697,54007,59553,37283,48179,11612,22116,3795,3475,34010,32678,49966,44112,51553,49541,62191,61688,72246,72192,52636,57971,36381,46912,11255,21350,581626,551759,79042,74978,105698,101633,35530,49,52
2021-09-25T23:59:59+02:00,4945,4616,37465,36147,52919,47542,54064,52619,64789,64686,74663,74695,54006,59550,37282,48178,11612,22115,3795,3474,34007,32678,49966,44112,51553,49540,62191,61687,72244,72192,52636,57970,36381,46912,11255,21350,581583,551754,79040,74978,105698,101633,35526,49,52
2021-09-24T23:59:59+02:00,4942,4613,37446,36132,52898,47528,54042,52607,64770,64675,74649,74685,53999,59547,37279,48174,11612,22111,3791,3468,33997,32663,49951,44102,51533,49525,62178,61681,72226,72183,52629,57963,36375,46905,11255,21348,581462,551647,79040,74976,105695,101632,35466,49,52
2021-09-23T23:59:59+02:00,4813,4493,37042,35712,52543,47194,53750,52332,64528,64458,74463,74555,53937,59491,37250,48130,11603,22091,3758,3426,33814,32494,49729,43949,51364,49419,62028,61575,72110,72106,52591,57938,36351,46884,11253,21340,579122,550971,78997,74952,105695,101629,34525,49,52
2021-09-22T23:59:59+02:00,4784,4470,36999,35655,52475,47116,53683,52274,64461,64405,74404,74502,53908,59468,37242,48113,11601,22086,3741,3414,33777,32452,49685,43891,51305,49368,61973,61535,72063,72072,52573,57920,36345,46873,11251,21339,578684,550713,78990,74949,105692,101628,34235,48,52
2021-09-21T23:59:59+02:00,4768,4447,36941,35606,52408,47051,53637,52225,64395,64354,74346,74448,53865,59436,37228,48088,11596,22077,3720,3400,33744,32400,49651,43843,51265,49323,61926,61497,72024,72031,52544,57896,36334,46855,11250,21332,578132,550346,78981,74947,105690,101622,34068,48,52
2021-09-20T23:59:59+02:00,4664,4383,36602,35299,52084,46741,53402,51998,64183,64163,74187,74335,53800,59381,37207,48053,11589,22071,3515,3212,33231,31965,49274,43503,50979,49016,61672,61285,71857,71879,52488,57831,36311,46810,11243,21322,576278,547630,78976,74942,105689,101616,33154,48,51
2021-09-19T23:59:59+02:00,4652,4378,36589,35288,52072,46732,53387,51986,64171,64158,74177,74324,53797,59375,37204,48050,11588,22071,3505,3204,33210,31948,49270,43492,50971,49004,61658,61274,71845,71869,52482,57827,36310,46808,11243,21319,576170,547506,78969,74938,105686,101615,33129,48,51
2021-09-18T23:59:59+02:00,4652,4378,36586,35287,52070,46731,53387,51985,64171,64158,74176,74324,53797,59375,37204,48050,11588,22071,3504,3204,33207,31948,49266,43490,50971,49004,61658,61274,71844,71869,52481,57827,36310,46808,11243,21319,576167,547500,78969,74938,105686,101615,33123,48,51
2021-09-17T23:59:59+02:00,4645,4365,36570,35262,52048,46711,53376,51966,64154,64149,74161,74305,53788,59368,37201,48045,11587,22070,3503,3200,33197,31931,49254,43479,50967,48995,61654,61270,71836,71857,52474,57825,36310,46807,11243,21317,576001,547447,78969,74938,105686,101613,33070,48,51
2021-09-16T23:59:59+02:00,4494,4213,36201,34898,51792,46412,53164,51701,63970,63965,74003,74155,53733,59308,37184,48010,11584,22058,3435,3159,33067,31825,49172,43372,50889,48912,61593,61215,71785,71824,52459,57811,36301,46795,11242,21313,573560,546609,78512,74858,105685,101608,33043,48,51
2021-09-15T23:59:59+02:00,4451,4175,36133,34824,51747,46358,53098,51645,63919,63916,73963,74112,53715,59287,37174,48000,11583,22052,3392,3127,33014,31775,49122,43319,50831,48862,61546,61171,71755,71793,52451,57790,36291,46786,11242,21307,573185,546273,78425,74843,105685,101595,32812,48,51
2021-09-14T23:59:59+02:00,4410,4135,36070,34770,51696,46288,53056,51594,63873,63871,73918,74070,53690,59268,37159,47981,11581,22048,3346,3099,32948,31704,49076,43270,50797,48816,61492,61133,71719,71751,52428,57766,36282,46772,11241,21304,572641,545718,78357,74836,105684,101588,32751,48,51
2021-09-13T23:59:59+02:00,4260,3957,35700,34336,51421,45969,52838,51360,63663,63661,73782,73944,53635,59198,37121,47947,11580,22040,3056,2846,32481,31234,48842,43020,50616,48614,61345,60950,71578,71640,52375,57707,36266,46736,11235,21294,570035,542727,77930,74757,105683,101582,32718,48,51
2021-09-12T23:59:59+02:00,4251,3947,35676,34320,51405,45946,52820,51343,63649,63644,73773,73934,53632,59192,37116,47946,11580,22039,3039,2838,32455,31217,48826,43002,50606,48606,61334,60935,71562,71627,52368,57699,36260,46734,11232,21294,569884,542571,77914,74749,105672,101567,32697,48,50
2021-09-11T23:59:59+02:00,4248,3944,35672,34316,51404,45944,52814,51336,63647,63639,73771,73928,53628,59187,37116,47944,11580,22039,3036,2837,32446,31213,48823,42999,50602,48602,61331,60931,71559,71623,52366,57697,36260,46732,11232,21294,569857,542549,77914,74749,105672,101567,32668,48,50
2021-09-10T23:59:59+02:00,4247,3943,35557,34216,51208,45791,52625,51194,63471,63525,73636,73838,53590,59148,37096,47926,11578,22034,3026,2827,32318,31102,48623,42834,50408,48464,61141,60809,71424,71529,52324,57654,36238,46711,11229,21289,569797,542395,77912,74746,105671,101563,31197,48,49
2021-09-09T23:59:59+02:00,4219,3904,35477,34146,51152,45721,52564,51105,63413,63467,73596,73800,53566,59120,37082,47907,11576,22030,2993,2796,32225,31034,48581,42784,50356,48423,61099,60775,71383,71497,52305,57640,36230,46696,11228,21285,569184,541913,77876,74739,105651,101541,31088,48,49
2021-09-08T23:59:59+02:00,4194,3884,35444,34104,51127,45690,52546,51078,63379,63435,73575,73777,53559,59105,37075,47896,11576,22027,2975,2780,32168,31004,48542,42758,50328,48391,61063,60747,71367,71477,52292,57628,36220,46685,11226,21278,568836,541551,77876,74738,105651,101529,31062,48,49
2021-09-07T23:59:59+02:00,4181,3870,35404,34060,51094,45659,52522,51052,63353,63410,73539,73747,53547,59089,37059,47882,11574,22021,2953,2762,32121,30953,48506,42722,50289,48354,61039,60717,71333,71448,52279,57612,36211,46672,11223,21274,568459,541130,77875,74736,105651,101521,31032,48,49
2021-09-06T23:59:59+02:00,4005,3686,34926,33590,50718,45268,52255,50751,63125,63169,73380,73597,53483,59008,37040,47842,11571,22012,2912,2707,31913,30769,48300,42564,50146,48213,60925,60598,71238,71361,52232,57566,36195,46653,11218,21261,565652,540269,77875,74734,105651,101517,30202,48,49
2021-09-05T23:59:59+02:00,3997,3674,34907,33575,50714,45260,52243,50743,63113,63159,73365,73592,53478,59000,37034,47835,11569,22008,2904,2697,31893,30750,48281,42550,50133,48205,60914,60588,71228,71356,52226,57554,36192,46648,11217,21259,565515,540131,77874,74732,105651,101503,30180,48,49
2021-09-04T23:59:59+02:00,3997,3674,34906,33575,50714,45260,52242,50742,63113,63159,73365,73592,53478,59000,37034,47835,11569,22008,2904,2697,31892,30748,48281,42550,50131,48203,60914,60588,71227,71356,52226,57554,36192,46648,11217,21259,565514,540127,77874,74730,105651,101503,30178,48,49
2021-09-03T23:59:59+02:00,3949,3627,34742,33439,50560,45135,52131,50627,62964,63036,73240,73492,53438,58952,37013,47814,11565,22005,2827,2608,31617,30557,48078,42381,49958,48037,60708,60416,71082,71210,52172,57497,36167,46625,11215,21255,565373,539993,77276,73484,105640,101490,29394,48,49
2021-09-02T23:59:59+02:00,3923,3597,34682,33391,50525,45094,52098,50594,62924,62996,73201,73465,53417,58940,37004,47796,11565,21999,2811,2583,31547,30495,48027,42332,49917,47993,60653,60364,71041,71183,52154,57482,36158,46617,11214,21250,564958,539599,77254,73480,105640,101380,29313,48,49
2021-09-01T23:59:59+02:00,3907,3583,34653,33358,50502,45066,52080,50572,62904,62963,73174,73447,53408,58931,37001,47788,11565,21998,2783,2564,31495,30455,47994,42304,49886,47968,60621,60340,71018,71152,52135,57464,36148,46610,11214,21247,564693,539249,77250,73474,105638,101353,29273,48,49
2021-08-31T23:59:59+02:00,3880,3569,34613,33310,50475,45030,52052,50540,62876,62931,73144,73415,53387,58909,36993,47776,11562,21997,2774,2552,31435,30421,47968,42279,49863,47950,60593,60324,71003,71125,52121,57454,36145,46603,11211,21240,564299,538971,77250,73470,105637,101344,29227,48,49
2021-08-30T23:59:59+02:00,3654,3359,34022,32791,50052,44647,51702,50194,62584,62669,72938,73238,53304,58823,36962,47729,11559,21989,2716,2492,31146,30157,47670,42044,49636,47780,60407,60192,70849,71022,52053,57408,36126,46572,11208,21233,561295,537871,77250,73467,105636,101334,27990,47,49
2021-08-29T23:59:59+02:00,3648,3351,34000,32771,50034,44638,51686,50174,62574,62655,72928,73222,53296,58818,36960,47722,11559,21987,2710,2491,31126,30136,47646,42017,49615,47763,60390,60175,70837,71011,52050,57399,36123,46571,11208,21231,561151,537751,77248,73465,105635,101290,27944,47,49
2021-08-28T23:59:59+02:00,3648,3351,33997,32771,50028,44637,51685,50172,62573,62652,72926,73221,53294,58816,36960,47722,11559,21987,2710,2488,31117,30127,47641,42015,49612,47760,60387,60171,70834,71009,52049,57395,36123,46571,11208,21231,561141,537715,77248,73464,105635,101290,27930,47,49
2021-08-27T23:59:59+02:00,3644,3345,33988,32752,50024,44631,51674,50165,62565,62647,72909,73215,53290,58813,36959,47721,11558,21986,2702,2485,31099,30109,47632,42004,49603,47751,60379,60163,70822,71008,52047,57394,36122,46570,11207,21231,561065,537637,77248,73462,105635,101287,27893,47,49
2021-08-26T23:59:59+02:00,3619,3317,33947,32699,49997,44595,51633,50117,62519,62623,72878,73184,53280,58803,36952,47719,11557,21982,2628,2391,30801,29839,47411,41792,49427,47596,60262,60062,70739,70936,52012,57360,36105,46546,11205,21227,560715,535806,77221,73456,105634,101222,27806,47,49
2021-08-25T23:59:59+02:00,3578,3293,33896,32654,49971,44547,51596,50086,62480,62588,72842,73160,53271,58785,36947,47704,11556,21981,2365,2170,30046,29137,46967,41380,49102,47304,60039,59837,70563,70785,51945,57284,36083,46511,11196,21219,560278,531476,77221,73453,105634,101199,27757,47,48
2021-08-24T23:59:59+02:00,3538,3271,33837,32597,49940,44505,51567,50039,62434,62539,72798,73114,53250,58760,36934,47691,11554,21973,2288,2106,29812,28913,46835,41248,48991,47197,59946,59743,70478,70687,51899,57238,36063,46499,11192,21216,559789,530034,77218,73447,105632,101165,27657,47,48
2021-08-23T23:59:59+02:00,3233,3002,33201,31977,49512,44106,51225,49734,62108,62243,72505,72882,53153,58671,36895,47628,11543,21964,2228,2053,29389,28521,46448,40951,48748,46986,59676,59534,70253,70539,51823,57167,36039,46456,11186,21210,556716,528579,77214,73444,105630,101160,25977,47,47
2021-08-22T23:59:59+02:00,3222,2994,33190,31971,49502,44096,51217,49728,62103,62236,72500,72880,53149,58668,36893,47626,11543,21963,2224,2050,29363,28503,46428,40942,48738,46974,59665,59526,70246,70535,51814,57163,36036,46453,11186,21210,556651,528477,77210,73435,105625,101146,25951,46,47
2021-08-21T23:59:59+02:00,3220,2994,33185,31969,49500,44095,51216,49725,62100,62235,72499,72879,53149,58668,36893,47626,11543,21963,2223,2048,29349,28491,46422,40939,48732,46970,59661,59526,70246,70534,51813,57163,36036,46453,11186,21210,556636,528437,77210,73428,105625,101146,25944,46,47
2021-08-20T23:59:59+02:00,3204,2983,33061,31874,49307,43959,51043,49615,61919,62106,72351,72797,53101,58626,36878,47608,11540,21959,2196,2034,28807,27993,45943,40571,48451,46759,59404,59341,70039,70409,51728,57105,36006,46425,11182,21203,556409,526737,77209,73253,105625,100914,24645,45,47
2021-08-19T23:59:59+02:00,3177,2960,33009,31834,49273,43922,50995,49575,61874,62068,72302,72758,53075,58606,36871,47593,11536,21952,2108,1952,27863,27140,45159,39970,48024,46400,59069,59065,69762,70187,51628,57015,35964,46377,11177,21198,555992,522357,77174,72280,105620,100823,24551,45,47
2021-08-18T23:59:59+02:00,3156,2941,32958,31790,49237,43886,50956,49539,61829,62031,72257,72731,53046,58589,36857,47579,11535,21947,2009,1854,26569,25841,44233,39099,47316,45660,58387,58481,69276,69731,51440,56796,35888,46284,11165,21181,555556,516829,77153,69072,105617,100767,24495,45,47
2021-08-17T23:59:59+02:00,3132,2918,32889,31726,49190,43818,50913,49504,61782,61986,72220,72691,53023,58565,36844,47567,11532,21942,1880,1744,25283,24451,43362,38407,46714,45179,57853,58039,68843,69405,51304,56612,35812,46204,11150,21167,555006,511214,77148,66988,105616,100731,24429,45,47
2021-08-16T23:59:59+02:00,3120,2897,32872,31706,49166,43794,50903,49486,61762,61968,72198,72677,53013,58557,36842,47556,11530,21938,1788,1659,23845,23062,42462,37566,46433,44886,57627,57778,68636,69246,51231,56526,35781,46160,11148,21153,554775,504858,77145,66955,105612,100717,24410,45,47
2021-08-15T23:59:59+02:00,3112,2885,32857,31689,49153,43787,50893,49475,61746,61951,72183,72665,53009,58548,36839,47556,11530,21938,1504,1402,21419,20611,41706,37025,46065,44511,57295,57477,68349,68989,51117,56422,35744,46104,11145,21143,554636,496114,77144,66775,105602,100701,24391,45,47
2021-08-14T23:59:59+02:00,3112,2884,32852,31686,49147,43786,50890,49473,61741,61948,72179,72657,53009,58548,36838,47556,11530,21938,1502,1394,21392,20584,41667,36993,46048,44496,57280,57465,68336,68978,51115,56419,35743,46103,11145,21142,554625,495919,77143,66774,105602,100701,24361,45,47
2021-08-13T23:59:59+02:00,3098,2867,32809,31657,49123,43773,50868,49456,61708,61917,72157,72637,53003,58541,36835,47551,11529,21935,1477,1369,21272,20497,41578,36894,45984,44443,57231,57425,68295,68945,51098,56407,35734,46094,11144,21140,554468,495319,77142,66771,105601,100680,24210,45,47
2021-08-12T23:59:59+02:00,3080,2837,32762,31608,49091,43731,50831,49426,61653,61890,72121,72602,52988,58522,36818,47542,11528,21932,1392,1309,20799,20184,40624,36078,45615,44113,57011,57245,68118,68781,51025,56324,35704,46050,11140,21133,554060,491073,77138,66767,105598,100635,24123,45,47
2021-08-11T23:59:59+02:00,3038,2806,32706,31563,49058,43699,50806,49402,61625,61859,72093,72574,52966,58496,36806,47533,11527,21925,1168,1129,19904,19299,39297,34890,45011,43534,56648,56917,67824,68507,50903,56188,35666,45991,11138,21120,553648,483652,77132,66762,105598,100612,24061,45,47
2021-08-10T23:59:59+02:00,3022,2787,32653,31516,49027,43666,50774,49369,61605,61818,72055,72529,52944,58481,36795,47510,11526,21920,922,885,18875,18334,37199,33025,44124,42658,56193,56518,67434,68161,50753,56035,35605,45895,11133,21100,553183,473408,77131,66759,105597,100592,24043,45,47
2021-08-09T23:59:59+02:00,3007,2780,32623,31492,48999,43646,50746,49350,61585,61801,72035,72508,52934,58472,36790,47500,11524,21919,492,474,17452,16922,34221,30606,43456,42025,55784,56155,67100,67833,50611,55886,35554,45845,11128,21082,552930,461228,77129,66754,105592,100580,24017,45,47
2021-08-08T23:59:59+02:00,3004,2780,32611,31479,48987,43639,50741,49344,61574,61793,72031,72507,52933,58469,36790,47497,11524,21918,489,471,17425,16892,34198,30591,43419,41995,55770,56142,67091,67828,50606,55881,35553,45842,11127,21081,552868,461043,77129,66748,105579,100561,24002,45,47
2021-08-07T23:59:59+02:00,3003,2775,32603,31468,48985,43631,50735,49342,61571,61790,72024,72505,52932,58467,36789,47497,11524,21918,486,467,17393,16857,34174,30572,43383,41964,55748,56124,67080,67821,50601,55879,35551,45842,11127,21080,552818,460806,77129,66745,105578,100560,23991,45,47
2021-08-06T23:59:59+02:00,2914,2683,32253,31240,48723,43437,50476,49112,61283,61586,71750,72338,52800,58364,36735,47444,11521,21909,478,465,17182,16713,33461,30088,42911,41595,55404,55896,66771,67643,50471,55785,35502,45805,11124,21073,552744,459122,76019,66453,105574,100557,22188,45,47
2021-08-05T23:59:59+02:00,2868,2644,32093,31120,48631,43348,50398,49057,61230,61541,71698,72297,52774,58345,36726,47426,11519,21907,450,432,16949,16461,31602,28656,41865,40642,55130,55550,66558,67470,50407,55708,35479,45766,11117,21064,551862,452311,76016,66378,105564,100433,22137,45,47
2021-08-04T23:59:59+02:00,2793,2568,31833,30928,48450,43211,50254,48950,61152,61464,71634,72239,52744,58305,36713,47411,11516,21902,424,409,16670,16214,31260,28431,40681,39568,54742,55218,66380,67318,50345,55626,35449,45738,11114,21057,550563,447991,76014,66358,105562,100360,21889,41,46
2021-08-03T23:59:59+02:00,2606,2387,31319,30462,48198,42965,50078,48758,60992,61293,71488,72092,52690,58233,36691,47382,11506,21888,374,345,16232,15768,30670,27902,38948,37947,54052,54572,66046,67005,50250,55497,35402,45686,11109,21047,547616,440313,76012,66350,105559,100341,21802,41,46
2021-08-02T23:59:59+02:00,2495,2292,31002,30175,47996,42783,49925,48630,60885,61187,71400,72009,52657,58201,36669,47363,11505,21885,332,312,15928,15496,30334,27548,36810,36123,53493,54057,65838,66830,50177,55411,35380,45658,11107,21043,545675,433469,76009,66345,105553,100235,21784,40,44
2021-08-01T23:59:59+02:00,2491,2288,30990,30166,47978,42770,49911,48621,60872,61177,71389,72003,52652,58192,36665,47363,11505,21885,319,302,15802,15371,30196,27432,34508,34271,53195,53803,65745,66761,50136,55370,35374,45639,11106,21041,545610,428020,76005,66340,105506,100209,21759,40,43
2021-07-31T23:59:59+02:00,2491,2288,30985,30162,47975,42768,49909,48620,60871,61177,71389,72001,52649,58190,36665,47363,11505,21884,318,302,15787,15358,30161,27404,34495,34262,53177,53795,65733,66756,50132,55366,35374,45638,11105,21040,545590,427862,76005,66339,105505,100205,21754,40,43
2021-07-30T23:59:59+02:00,2477,2283,30937,30115,47943,42747,49885,48596,60837,61147,71353,71983,52640,58179,36665,47363,11505,21882,316,297,15626,15054,29895,27091,34312,34015,52976,53501,65568,66553,50086,55320,35364,45626,11105,21038,545414,427491,75999,66328,105502,98297,21584,40,43
2021-07-29T23:59:59+02:00,2445,2263,30779,30019,47858,42686,49833,48531,60775,61105,71306,71937,52620,58160,36657,47347,11502,21877,293,275,15309,14771,29582,26869,33023,33067,52190,52888,65212,66285,49987,55227,35321,45569,11100,21030,544739,424777,75992,63586,105491,98152,21440,40,43
2021-07-28T23:59:59+02:00,2398,2226,30626,29909,47773,42618,49758,48456,60701,61026,71240,71881,52596,58122,36638,47328,11501,21872,262,255,14904,14393,29140,26553,32652,32735,51480,52273,64820,65958,49893,55124,35286,45512,11084,21011,543784,420616,75988,63531,105483,97769,21376,40,43
2021-07-27T23:59:59+02:00,2320,2153,30386,29642,47622,42441,49615,48319,60589,60902,71140,71793,52537,58061,36610,47289,11494,21864,186,165,14260,13738,28372,25925,31903,32083,50227,51177,64087,65391,49704,54916,35218,45398,11077,20992,541956,412275,75978,63504,105478,97670,21327,40,43
2021-07-26T23:59:59+02:00,2259,2098,30183,29410,47504,42312,49540,48235,60524,60838,71088,71747,52511,58029,36598,47276,11492,21855,149,138,13897,13363,28012,25636,31287,31669,48668,49802,63110,64563,49499,54711,35151,45317,11067,20979,540721,404550,75975,63497,105474,97637,21291,40,43
2021-07-25T23:59:59+02:00,2013,1896,29364,28735,47110,41995,49252,47948,60290,60612,70904,71589,52454,57954,36571,47234,11491,21847,146,136,13804,13302,27914,25570,31203,31601,48547,49738,63022,64511,49476,54693,35144,45308,11067,20978,536532,403906,75975,63489,105467,97475,21247,40,43
2021-07-24T23:59:59+02:00,1932,1828,29108,28505,46961,41888,49133,47847,60132,60494,70774,71509,52405,57924,36553,47213,11489,21847,145,130,13670,13184,27714,25434,31041,31471,48333,49569,62857,64417,49432,54663,35129,45290,11065,20976,535834,403284,75972,63487,105466,97474,20232,40,43
2021-07-23T23:59:59+02:00,1817,1708,28778,28181,46718,41731,48878,47634,59880,60307,70572,71381,52330,57853,36534,47177,11485,21838,135,122,13417,12951,27284,25116,30657,31161,47728,49080,62529,64177,49348,54597,35107,45247,11060,20967,534833,400857,75597,63433,105455,97471,18879,40,43
2021-07-22T23:59:59+02:00,1805,1701,28696,28101,46578,41590,48662,47420,59702,60163,70452,71252,52287,57816,36518,47160,11485,21838,117,117,13187,12685,26943,24782,30303,30840,45799,47517,61722,63476,49252,54495,35069,45204,11057,20957,534513,394140,74448,63281,105412,97243,18815,40,43
2021-07-21T23:59:59+02:00,1771,1659,28432,27893,46190,41252,48070,46864,59117,59683,69995,70863,52116,57657,36461,47102,11476,21825,102,107,12761,12231,26358,24239,29727,30272,42064,44271,60234,62203,49083,54314,35005,45121,11047,20930,533954,382472,71178,62759,105258,96797,17998,40,43
2021-07-20T23:59:59+02:00,1748,1644,28312,27756,46125,41193,48021,46825,59061,59635,69941,70817,52082,57629,36444,47077,11471,21818,86,80,12262,11697,25620,23547,29072,29521,38610,41278,58687,60736,48879,54092,34924,45029,11029,20910,533262,372058,71156,59380,105240,96675,17903,40,43
2021-07-19T23:59:59+02:00,1743,1643,28284,27716,46102,41181,48006,46813,59048,59619,69929,70815,52080,57625,36444,47073,11469,21818,85,78,12213,11665,25553,23512,29036,29486,38565,41245,58646,60709,48875,54084,34923,45026,11026,20909,533115,371733,71155,59363,105223,96620,17877,40,43
2021-07-18T23:59:59+02:00,1739,1636,28259,27691,46077,41171,47994,46804,59041,59610,69922,70807,52078,57624,36443,47072,11469,21817,85,77,12150,11639,25468,23469,28976,29452,38504,41218,58586,60667,48873,54078,34920,45025,11026,20909,532992,371391,71153,59332,105215,96500,17856,40,43
2021-07-17T23:59:59+02:00,1739,1634,28237,27677,46064,41160,47981,46799,59033,59605,69914,70803,52074,57620,36442,47072,11469,21817,83,75,12122,11625,25433,23434,28941,29432,38481,41201,58549,60643,48863,54070,34918,45025,11026,20909,532912,371138,71152,59327,105212,96496,17826,40,43
2021-07-16T23:59:59+02:00,1724,1613,27972,27484,45774,40993,47749,46630,58732,59402,69681,70662,51967,57549,36398,47035,11464,21815,83,72,11872,11430,25097,23191,28633,29203,38080,40926,58039,60220,48726,53957,34866,44975,11020,20905,532595,369928,71151,59324,105079,96219,15781,40,43
2021-07-15T23:59:59+02:00,1626,1500,27508,27099,45513,40758,47600,46516,58591,59289,69577,70575,51926,57506,36383,47012,11463,21808,75,65,11570,11201,24613,22850,28265,28933,37686,40646,55988,58172,48555,53755,34807,44891,11012,20894,530266,362974,71149,59229,105071,96006,15726,40,43
2021-07-14T23:59:59+02:00,1459,1368,26941,26560,45207,40467,47395,46330,58407,59092,69417,70429,51864,57448,36358,46982,11457,21803,69,57,11376,11008,24204,22495,27911,28614,37162,40243,54767,56989,48416,53603,34757,44827,11004,20872,527091,359253,71143,57559,105052,95859,15660,40,43
2021-07-13T23:59:59+02:00,1172,1063,25990,25666,44715,40056,47037,46010,58084,58807,69144,70183,51753,57322,36315,46927,11453,21788,57,42,11032,10665,23673,21942,27287,28024,35779,39053,50627,53079,48052,53216,34626,44676,10987,20843,521709,349959,71136,52350,105049,95755,15553,40,43
2021-07-12T23:59:59+02:00,708,666,24614,24415,44157,39571,46837,45795,57871,58613,68961,70014,51691,57231,36298,46901,11451,21780,49,39,10795,10554,23467,21802,27034,27888,35528,38882,50183,52656,47977,53130,34595,44640,10987,20837,515831,348483,71135,52319,105043,94670,15528,39,43
2021-07-11T23:59:59+02:00,705,661,24594,24394,44126,39549,46819,45782,57857,58600,68947,70011,51689,57228,36295,46897,11450,21780,47,39,10699,10463,23247,21674,26765,27787,35217,38801,49468,52168,46490,51541,34505,44532,10987,20835,515742,347963,71131,52270,105027,89542,15447,39,43
2021-07-10T23:59:59+02:00,703,656,24587,24385,44121,39540,46816,45778,57851,58598,68947,70010,51689,57228,36295,46897,11450,21780,44,38,10686,10451,23225,21653,26751,27775,35195,38796,49454,52163,46476,51525,34503,44531,10987,20835,515702,347852,71129,52269,105026,89487,15437,39,43
2021-07-09T23:59:59+02:00,696,646,24136,23929,43845,39302,46749,45718,57790,58556,68896,69985,51672,57215,36292,46889,11449,21779,44,38,10604,10278,23129,21463,26689,27566,35126,38579,49388,52059,46454,51500,34499,44528,10987,20834,513949,346612,71124,52255,105019,89440,15415,39,43
2021-07-08T23:59:59+02:00,630,580,23053,22929,43051,38704,46499,45517,57583,58413,68699,69846,51594,57149,36264,46866,11447,21771,39,33,10347,10086,22752,21203,26291,27300,34645,38265,48779,51536,46116,51133,34429,44450,10980,20812,509288,343016,71097,52103,104961,88822,15212,39,43
2021-07-07T23:59:59+02:00,577,534,21731,21542,42311,38019,46274,45294,57343,58221,68533,69685,51510,57066,36226,46812,11439,21757,33,29,9973,9776,21880,20609,25179,26507,32807,36897,47858,50647,45616,50595,34322,44310,10972,20794,503909,338072,70924,47725,104940,87901,15064,39,42
2021-07-06T23:59:59+02:00,520,471,20499,20266,41461,37376,45795,44941,56947,57915,68205,69428,51411,56940,36182,46760,11431,21749,25,24,9580,9396,21011,20013,24213,25848,31322,35700,46655,49443,44834,49809,34186,44133,10959,20774,499437,330720,68990,45624,104920,86626,14913,39,42
2021-07-05T23:59:59+02:00,483,443,19085,18893,40594,36577,45576,44714,56763,57712,68044,69301,51355,56884,36161,46731,11429,21742,23,20,9286,9139,20453,19624,23543,25425,30682,35269,45895,48825,44078,49018,34056,43944,10950,20762,493716,324922,68986,45601,104912,85590,14837,38,42
2021-07-04T23:59:59+02:00,476,437,17295,16891,40255,36351,45488,44639,56677,57643,67963,69232,51322,56857,36151,46710,11427,21740,23,20,9224,9085,20312,19561,23370,25347,30418,35191,45098,48695,42711,47665,33977,43870,10948,20756,488893,324454,68960,45556,104896,81451,14768,38,42
2021-07-03T23:59:59+02:00,476,435,17273,16858,40205,36304,45469,44622,56672,57638,67955,69225,51320,56854,36151,46710,11427,21739,22,20,9179,9041,20243,19491,23308,25282,30335,35111,44877,48519,42642,47589,33932,43811,10945,20756,488694,323488,68958,45555,104895,81269,14749,38,42
2021-07-02T23:59:59+02:00,456,412,17156,16747,39740,35920,45353,44523,56618,57597,67907,69194,51308,56849,36145,46698,11427,21738,22,18,9016,8867,19918,19208,22917,24904,29917,34695,44250,47873,42438,47357,33833,43675,10939,20752,487183,320473,68940,44520,104893,80830,14735,38,41
2021-07-01T23:59:59+02:00,404,372,16850,16465,38009,34587,44779,44022,56355,57388,67732,69025,51228,56758,36117,46660,11424,21730,17,13,8639,8469,19055,18497,21947,24048,28530,33500,41215,44896,41440,46271,33218,42948,10922,20723,481704,312956,68864,39638,104871,77284,14429,38,41
2021-06-30T23:59:59+02:00,356,327,16562,16218,35827,32765,44157,43392,56128,57193,67529,68833,51147,56666,36088,46606,11420,21714,16,12,8277,8134,18379,17869,21058,23216,27248,32232,36565,40022,40361,45123,32557,42159,10901,20696,474871,302443,68818,33605,104851,74385,14351,38,41
2021-06-29T23:59:59+02:00,316,290,16336,16016,34834,31684,43704,42947,55947,57030,67358,68684,51070,56593,36049,46562,11412,21707,14,9,7692,7525,17248,16941,19801,21999,25546,30550,33816,36890,37511,42071,31812,41266,10877,20657,470668,286212,68810,33557,104837,68229,14187,38,40
2021-06-28T23:59:59+02:00,307,268,16187,15855,33123,30279,43383,42653,55780,56889,67241,68577,51024,56541,36031,46541,11409,21695,13,7,7388,7265,16689,16565,19408,21682,25036,30162,33226,36387,36133,40578,31024,40332,10873,20646,466259,283162,68785,33505,104816,62821,13886,38,40
2021-06-27T23:59:59+02:00,307,268,16166,15829,32971,30191,43317,42626,55742,56880,67213,68569,51020,56537,36028,46540,11409,21694,12,7,7344,7235,16551,16498,19242,21619,24834,30088,32996,36246,34874,39303,29394,38408,10872,20645,465939,282989,68781,33466,104810,55933,13740,38,40
2021-06-26T23:59:59+02:00,305,266,16142,15800,32947,30175,43271,42582,55717,56863,67207,68566,51019,56536,36026,46539,11409,21694,11,7,7339,7222,16531,16486,19225,21608,24802,30065,32976,36224,34860,39289,29392,38405,10872,20645,465700,282786,68778,33466,104810,55928,13739,38,40
2021-06-25T23:59:59+02:00,298,264,16081,15748,32828,30072,43076,42420,55660,56817,67165,68542,51009,56525,36022,46538,11409,21694,11,7,7150,6944,16245,15977,18955,20951,24432,29132,32587,35500,34698,39071,29369,38374,10872,20645,464848,280090,68773,33455,104793,53618,13717,38,40
2021-06-24T23:59:59+02:00,277,251,15807,15542,32367,29781,41605,41178,55194,56461,66931,68382,50954,56469,36006,46510,11404,21683,10,7,6829,6710,15541,15528,17503,19929,22346,27571,31481,34602,34291,38643,29245,38192,10860,20629,460274,270357,68768,33404,104789,53182,12934,38,40
2021-06-23T23:59:59+02:00,262,234,15524,15244,31862,29378,39506,39354,54651,55918,66681,68162,50865,56360,35966,46464,11399,21670,9,5,6621,6544,15181,15252,16976,19480,21459,26769,29777,33234,33532,37787,29054,37951,10853,20614,453207,262523,68715,33312,104784,52466,12757,38,40
2021-06-22T23:59:59+02:00,240,199,15143,14850,31197,28745,36073,36310,53740,55114,66378,67856,50759,56238,35927,46407,11395,21656,6,4,6438,6330,14778,14922,16173,18759,20041,25454,28170,31575,32730,36809,28514,37342,10835,20582,442282,252399,68681,33225,104777,51348,12450,38,40
2021-06-21T23:59:59+02:00,225,193,14900,14672,30514,28283,33915,34345,53275,54687,66199,67738,50678,56164,35902,46385,11390,21651,6,4,6341,6246,14617,14801,16001,18622,19918,25340,28057,31486,32574,36669,27303,36103,10835,20579,435455,251703,68659,33176,104751,48369,12214,38,40
2021-06-20T23:59:59+02:00,218,192,14774,14581,28614,26946,33305,33897,53186,54591,66130,67701,50655,56136,35894,46381,11389,21649,6,4,5885,5946,13674,14161,15167,18029,19361,24983,27739,31283,32407,36486,27276,36072,10833,20575,431075,246684,68654,33141,104748,48296,11726,37,40
2021-06-19T23:59:59+02:00,212,187,14749,14547,28496,26860,33275,33870,53164,54575,66114,67690,50649,56127,35892,46376,11388,21647,6,4,5672,5787,13113,13757,14561,17548,19031,24780,27544,31112,32328,36386,27259,36058,10833,20575,430661,243164,68652,33136,104748,48293,11721,37,40
2021-06-18T23:59:59+02:00,210,179,14660,14462,28388,26789,32023,32967,52797,54268,65980,67596,50618,56093,35874,46350,11384,21643,6,4,5605,5709,13012,13671,14395,17421,18794,24550,26723,30444,32121,36149,27193,35982,10829,20568,430152,240209,65686,33021,104738,48237,11669,37,40
2021-06-17T23:59:59+02:00,196,163,14280,14196,27800,26535,31534,32706,52008,53702,65555,67330,50537,55992,35840,46309,11378,21630,5,4,5224,5451,12228,13194,13604,16810,17704,23621,24564,28480,31478,35413,26994,35705,10812,20553,426943,231187,65678,32743,104714,47553,10321,36,40
2021-06-16T23:59:59+02:00,167,135,13850,13787,27338,26177,31090,32350,51197,52999,65100,66940,50418,55872,35811,46252,11367,21618,5,4,4859,5012,11512,12523,12810,16113,16600,22495,21591,25612,30406,34204,26697,35303,10797,20513,422076,217130,65632,32711,104706,47157,10019,36,39
2021-06-15T23:59:59+02:00,105,82,13217,13162,26591,25602,30310,31756,49945,51933,64389,66415,50240,55674,35744,46141,11358,21599,5,4,4361,4383,10547,11585,11655,14733,14869,20793,18159,22303,29031,32765,26309,34781,10772,20469,414370,198496,65611,32594,104701,46849,9546,36,39
2021-06-14T23:59:59+02:00,75,61,12811,12786,26181,25278,29647,31288,48151,50463,63338,65582,50024,55448,35667,46065,11350,21587,5,4,4260,4327,10370,11453,11513,14601,14690,20671,17962,22143,28957,32684,26291,34753,10768,20466,406493,198048,65601,32323,104701,46536,8972,36,39
2021-06-13T23:59:59+02:00,74,60,12766,12741,26108,25241,29584,31262,48095,50438,63303,65558,50019,55445,35665,46061,11349,21584,5,4,4104,4248,10043,11321,11189,14490,14390,20558,17561,21798,27442,31039,26150,34558,10764,20455,406284,197292,65525,27646,104694,46327,8815,36,39
2021-06-12T23:59:59+02:00,74,59,12748,12724,26093,25230,29572,31249,48035,50367,63260,65523,50018,55442,35665,46061,11349,21584,5,4,4101,4240,10028,11304,11180,14475,14371,20541,17539,21789,27401,30994,26145,34553,10764,20455,405987,197105,65524,27644,104692,46286,8815,36,39
2021-06-11T23:59:59+02:00,72,56,12648,12597,25966,25115,29448,31124,47797,50141,63128,65404,49994,55416,35654,46050,11347,21582,5,4,4008,3969,9510,10113,10751,13565,14083,19982,17267,21312,26993,30569,26053,34471,10761,20453,404714,196059,65514,27638,104651,41508,8625,36,39
2021-06-10T23:59:59+02:00,64,49,12406,12376,25642,24829,29102,30855,46722,49125,62393,64834,49909,55320,35620,45998,11337,21569,5,3,3738,3599,8741,8869,9858,11921,12777,17215,15474,17702,25266,28644,25756,34164,10755,20429,399821,190515,65457,27199,104449,28776,8388,36,38
2021-06-09T23:59:59+02:00,50,37,12110,12054,25231,24425,28705,30461,44708,47301,61304,63894,49805,55197,35573,45944,11332,21551,5,3,3487,3474,8314,8614,9346,11601,12260,16821,14761,17101,21426,24320,25529,33862,10743,20403,391838,178912,65328,26850,104447,28237,8034,36,37
2021-06-08T23:59:59+02:00,44,26,11678,11513,24560,23800,28046,29795,41536,44457,59526,62257,49634,55006,35499,45853,11322,21529,5,3,3278,3338,7913,8360,8725,11228,11597,16401,14101,16456,16039,18359,25137,33337,10725,20373,379147,163699,65265,26515,104437,27931,7197,36,33
2021-06-07T23:59:59+02:00,39,19,11514,11317,24208,23523,27762,29587,38911,42526,59096,61894,49600,54975,35487,45832,11320,21523,5,3,3182,3268,7609,8190,8406,11051,11024,15949,13597,15977,15961,18279,25106,33286,10723,20366,373477,163379,64838,24693,104428,27522,6355,36,33
2021-06-06T23:59:59+02:00,36,18,11378,11212,23889,23290,27551,29415,37317,41343,58971,61816,49576,54946,35480,45818,11320,21521,5,3,3082,3216,7334,8099,8138,10881,10281,15266,12997,15355,15808,18167,25092,33263,10721,20366,373074,163257,61463,21525,104417,27352,5908,36,32
2021-06-05T23:59:59+02:00,34,17,11359,11192,23845,23250,27514,29388,37287,41329,58871,61732,49566,54939,35478,45816,11320,21518,5,3,3069,3204,7309,8064,8106,10863,10248,15250,12950,15332,15686,18002,25087,33255,10720,20365,372729,162812,61460,21524,104417,27336,5814,36,32
2021-06-04T23:59:59+02:00,34,15,11177,10933,23484,22781,27235,28992,36857,40880,58250,61192,49532,54898,35469,45798,11318,21512,5,2,3044,3189,7282,8045,8082,10843,10217,15226,12915,15299,15473,17794,25076,33234,10718,20364,370922,162223,59191,21511,104403,27238,5806,36,30
2021-06-03T23:59:59+02:00,32,14,10957,10715,23019,22390,26807,28658,35757,40052,55487,58843,49402,54738,35426,45734,11313,21497,5,2,2952,3111,7073,7890,7625,10545,9186,14591,11662,14592,14287,16321,24896,33017,10706,20345,366963,158855,54268,17774,104352,26925,5223,36,29
2021-06-02T23:59:59+02:00,32,14,10919,10678,22983,22357,26772,28631,35722,40011,55358,58685,49389,54713,35420,45727,11313,21496,5,2,2910,3081,7017,7869,7563,10508,9028,14550,11434,14527,12926,14833,24778,32844,10702,20338,366367,155016,54262,17763,104351,26901,5206,35,29
2021-06-01T23:59:59+02:00,19,7,10501,10330,22325,21846,26087,28052,35000,39429,52355,55537,49000,54305,35301,45563,11297,21470,5,2,2454,2724,5664,7187,6290,9932,7628,13878,10297,13564,8610,9262,24298,32161,10679,20284,355602,136800,54080,17393,104332,26321,4376,35,29
2021-05-31T23:59:59+02:00,18,6,10221,10101,21749,21450,25679,27803,34677,39226,50903,54138,48901,54181,35267,45522,11290,21462,5,2,2345,2606,5374,6942,6026,9710,7262,13638,10039,13403,8559,9200,24272,32112,10671,20271,350860,136021,54033,17272,104307,25755,3360,35,29
2021-05-30T23:59:59+02:00,17,6,10164,10051,21654,21409,25614,27768,34565,39156,50537,53797,48876,54156,35261,45516,11288,21459,5,2,2307,2576,5267,6862,5926,9642,7074,13550,9812,13306,8512,9150,24256,32105,10670,20266,349670,135422,54011,17098,104290,25450,3289,35,29
2021-05-29T23:59:59+02:00,16,6,10150,10039,21620,21389,25597,27755,34544,39143,50524,53779,48872,54152,35258,45515,11288,21459,5,2,2286,2526,5224,6735,5865,9510,6957,13352,9673,13084,8441,9058,24189,32038,10669,20265,349512,135140,54011,17045,104269,24385,3280,35,29
2021-05-28T23:59:59+02:00,16,6,10089,9970,21544,21277,25515,27634,34466,39043,50444,53680,48849,54134,35249,45507,11288,21455,5,2,2204,2259,4611,6200,5240,8790,6590,12389,9177,12089,8262,8859,23817,31556,10668,20262,348652,133631,53998,16948,104210,19100,3273,34,28
2021-05-27T23:59:59+02:00,15,6,9819,9722,21017,20900,24970,27273,33942,38665,49830,53069,48677,53943,35179,45433,11284,21435,3,2,1961,1992,4036,5682,4563,8187,6079,11618,8229,10762,7756,8198,22250,29401,10652,20240,344361,127954,53585,15817,104106,14718,3094,34,28
2021-05-26T23:59:59+02:00,15,6,9541,9474,20299,20335,24097,26602,32679,37638,49065,52363,48423,53654,35103,45322,11272,21411,3,1,1903,1919,3937,5555,4429,8021,5872,11356,7903,10377,7192,7468,19808,25966,10632,20196,339641,119442,50620,15564,104053,14553,2952,34,27
2021-05-25T23:59:59+02:00,14,6,9276,9238,19885,19978,23658,26209,32167,37120,48171,51384,48125,53336,35017,45181,11260,21382,3,1,1838,1869,3817,5455,4289,7871,5663,11130,7587,10054,6565,6626,15664,20567,10611,20138,334048,107189,50537,15521,103981,14203,2808,34,27
2021-05-24T23:59:59+02:00,14,6,9060,9078,19316,19686,22883,25821,30658,36107,47946,51213,48033,53236,34988,45151,11258,21381,3,1,1812,1851,3769,5424,4223,7829,5597,11070,7510,9997,6538,6600,15650,20558,10611,20138,332460,107065,46747,15507,103920,13908,2675,34,26
2021-05-23T23:59:59+02:00,14,6,8852,8871,18960,19394,22460,25474,30237,35786,47355,50701,47599,52781,34885,45005,11250,21372,3,1,1810,1850,3759,5419,4218,7823,5586,11062,7499,9987,6532,6588,15650,20556,10611,20138,327634,107000,46745,15505,103918,13889,2672,34,26
2021-05-22T23:59:59+02:00,14,6,8820,8833,18909,19351,22413,25443,30184,35755,47247,50630,47580,52758,34882,44996,11247,21372,3,1,1808,1846,3746,5407,4214,7817,5581,11055,7492,9983,6529,6585,15647,20555,10611,20138,327085,106961,46745,15505,103918,13867,2659,34,26
2021-05-21T23:59:59+02:00,13,6,8543,8478,18467,18836,22049,24798,29757,34946,46758,49961,47491,52633,34844,44953,11244,21367,3,1,1743,1806,3669,5369,4169,7781,5548,11008,7449,9933,6499,6559,15568,20458,10610,20137,321868,106641,46714,15504,103894,13504,2635,34,26
2021-05-20T23:59:59+02:00,12,6,7971,7933,17522,18042,21041,23884,28436,33742,45009,48135,47051,52171,34736,44798,11226,21348,3,1,1443,1642,3358,5078,3903,7393,5248,10530,7066,9479,6264,6300,14249,18909,10587,20098,310259,102867,46626,15018,103666,11162,2479,34,25
2021-05-19T23:59:59+02:00,12,6,7706,7620,16918,17439,20138,23007,27203,32480,43212,46045,46520,51616,34586,44576,11205,21316,3,1,1377,1559,3158,4864,3692,7140,5021,10178,6769,9149,5978,5964,12031,16046,10569,20037,299108,96603,46582,14539,103620,10108,2262,34,24
2021-05-18T23:59:59+02:00,11,6,7179,7080,15768,16418,18869,21760,25696,30849,40521,42809,45690,50669,34350,44272,11180,21274,3,1,1354,1534,3097,4791,3616,7019,4886,10046,6588,8937,5712,5687,10322,13865,10545,19983,283323,91450,45379,14486,103511,9870,2156,33,24
2021-05-17T23:59:59+02:00,11,6,7100,7016,15583,16305,18652,21593,25294,30520,38770,41171,45579,50588,34302,44207,11170,21250,3,1,1320,1511,3040,4744,3551,6959,4816,9942,6493,8836,5670,5647,10308,13847,10541,19975,283094,91377,40613,14205,103465,9684,1914,32,24
2021-05-16T23:59:59+02:00,10,5,6985,6963,15461,16216,18521,21486,25113,30405,35786,38405,45543,50553,34280,44183,11167,21245,3,1,1297,1492,2996,4704,3501,6901,4732,9872,6399,8756,5639,5610,10295,13831,10539,19972,282810,91326,34465,13939,103344,9574,1677,32,24
2021-05-15T23:59:59+02:00,10,5,6960,6932,15400,16159,18475,21444,25045,30360,35750,38364,45520,50526,34273,44178,11167,21245,3,1,1284,1465,2964,4633,3482,6832,4713,9791,6376,8706,5633,5606,10290,13830,10539,19972,282324,91268,34464,13934,103330,9230,1664,32,24
2021-05-14T23:59:59+02:00,10,4,6787,6561,15051,15664,18161,21023,24707,29899,35503,38014,45491,50495,34263,44173,11167,21243,3,1,1225,1404,2883,4530,3429,6730,4648,9639,6293,8576,5604,5561,10277,13820,10539,19971,281253,91177,34312,13913,101023,8423,1597,32,23
2021-05-13T23:59:59+02:00,10,4,6432,6234,14295,15081,17450,20389,23846,29157,34734,37341,45204,50151,34184,44050,11163,21232,3,1,1055,1318,2687,4417,3312,6607,4506,9466,6169,8429,5561,5522,10259,13802,10535,19966,274835,91015,33980,13832,100806,7440,1307,30,21
2021-05-12T23:59:59+02:00,10,4,6035,5963,13324,14415,16432,19584,23180,28720,34427,37057,45022,49955,34153,44019,11160,21229,3,1,1051,1316,2680,4409,3294,6602,4501,9456,6160,8424,5553,5515,10256,13797,10533,19965,268598,90950,33969,13820,100802,7435,1291,30,20
2021-05-11T23:59:59+02:00,10,4,5657,5738,12733,13963,14634,18143,20223,26194,32111,34728,43966,48697,33827,43547,11131,21179,3,0,989,1241,2562,4234,3184,6362,4383,9167,6043,8198,5481,5435,10214,13735,10525,19947,251303,90471,33689,13601,100355,6503,1109,30,19
2021-05-10T23:59:59+02:00,10,4,5508,5638,12462,13836,14278,17918,19418,25624,30734,33705,43436,48082,33769,43458,11123,21160,3,0,946,1182,2463,4071,3090,6162,4258,8904,5919,7999,5442,5402,10202,13718,10521,19938,245817,90357,33476,13541,100045,5508,795,30,19
2021-05-09T23:59:59+02:00,10,4,5105,5400,11279,13307,13277,17557,18388,25292,30189,33415,43380,48009,33743,43444,11120,21152,3,0,921,1150,2364,3964,3001,6024,4127,8728,5825,7895,5433,5388,10195,13713,10516,19934,240499,90309,33401,13499,99703,4917,438,30,18
2021-05-08T23:59:59+02:00,10,4,5093,5392,11257,13287,13253,17537,18358,25260,30148,33371,43372,47998,33742,43440,11120,21152,3,0,917,1143,2351,3957,2996,6024,4123,8722,5822,7892,5430,5385,10192,13708,10516,19934,240230,90283,33399,13499,99702,4882,433,30,18
2021-05-07T23:59:59+02:00,10,4,4992,5308,11029,13119,12964,17315,17752,24660,29198,32478,43178,47757,33686,43368,11116,21146,3,0,887,1112,2317,3902,2951,5974,4070,8668,5738,7839,5382,5337,10179,13699,10516,19933,237723,90146,31512,13495,99594,4626,222,29,18
2021-05-06T23:59:59+02:00,10,4,4577,5024,10361,12701,12204,16648,16154,23215,26651,30084,42477,47009,33519,43131,11100,21125,3,0,828,1055,2183,3654,2783,5664,3875,8195,5540,7517,5330,5283,10156,13671,10514,19927,228952,89961,28170,13182,98778,2952,65,29,18
2021-05-05T23:59:59+02:00,10,4,4269,4793,9758,12254,11484,16062,15053,22186,23800,27321,41495,45903,33236,42745,11082,21083,3,0,812,1031,2120,3530,2725,5508,3782,7984,5444,7381,5279,5228,10119,13630,10512,19924,215915,89691,27984,13044,98556,2204,55,28,18
2021-05-04T23:59:59+02:00,10,4,3921,4341,9093,11563,10711,15222,13749,20935,20196,23915,40146,44441,32862,42223,11059,21044,3,0,794,1000,2051,3414,2654,5373,3689,7831,5347,7257,5240,5182,10088,13601,10510,19921,198866,89465,27966,12745,98528,1679,48,27,18
2021-05-03T23:59:59+02:00,10,4,3678,3922,8685,11070,10229,14597,13212,20280,19471,23265,39879,44189,32783,42119,11056,21029,3,0,780,970,1983,3313,2595,5265,3628,7716,5295,7170,5224,5169,10072,13583,10507,19916,193003,89319,27954,12734,98463,1087,31,27,18
2021-05-02T23:59:59+02:00,10,4,3676,3920,8664,11061,10219,14587,13190,20268,19453,23253,39875,44186,32782,42118,11055,21029,3,0,776,952,1952,3232,2548,5169,3581,7591,5275,7105,5220,5165,10071,13579,10507,19914,192903,89299,27941,12702,98454,597,25,27,17
2021-05-01T23:59:59+02:00,10,4,3673,3913,8651,11047,10210,14576,13182,20265,19439,23245,39875,44183,32781,42118,11055,21029,3,0,775,952,1950,3232,2547,5169,3581,7591,5275,7105,5220,5165,10071,13579,10506,19914,192812,89297,27939,12700,98454,597,24,27,17
2021-04-30T23:59:59+02:00,10,3,3650,3888,8607,11012,10166,14536,13120,20225,19337,23092,39606,43859,32760,42097,11054,21029,3,0,770,946,1935,3224,2546,5161,3577,7584,5273,7098,5217,5162,10067,13578,10506,19914,191884,89270,27669,12697,98448,555,23,27,16
2021-04-29T23:59:59+02:00,10,3,3382,3713,8170,10742,9617,14251,12620,19860,18599,22361,36541,40407,32497,41731,11043,20993,3,0,757,932,1886,3163,2496,5095,3511,7443,5182,6998,5176,5127,10044,13535,10504,19908,186317,89062,21837,12541,98340,122,20,26,15
2021-04-28T23:59:59+02:00,10,3,3215,3647,7902,10632,9221,14077,12240,19625,18115,21927,32754,36091,32279,41430,11030,20971,3,0,740,915,1859,3124,2451,5046,3473,7386,5116,6934,5110,5065,9992,13476,10501,19898,175150,88846,21684,12100,98294,114,15,26,14
2021-04-27T23:59:59+02:00,9,3,3135,3581,7640,10504,8868,13903,11755,19400,17634,21435,27183,29898,31903,40923,11009,20938,3,0,730,901,1827,3088,2415,5000,3419,7327,5061,6858,5060,4995,9956,13423,10497,19889,159790,88632,21662,11677,98228,112,15,26,13
2021-04-26T23:59:59+02:00,9,3,3078,3545,7496,10439,8700,13842,11524,19334,17109,21047,27146,29864,31889,40908,11009,20938,3,0,707,869,1757,3029,2347,4944,3351,7234,4963,6753,4960,4920,9878,13339,10495,19886,159201,88498,21444,10799,97195,111,15,25,12
2021-04-25T23:59:59+02:00,9,3,3041,3528,7336,10388,8463,13792,11191,19290,16276,20578,25592,28200,31835,40844,11009,20935,3,0,707,868,1751,3024,2339,4941,3345,7226,4959,6744,4956,4915,9870,13328,10495,19886,158714,88474,21435,10761,92121,95,15,25,12
2021-04-24T23:59:59+02:00,9,3,3037,3521,7321,10373,8451,13784,11176,19280,16253,20560,25546,28137,31832,40838,11008,20934,3,0,707,868,1751,3023,2339,4941,3343,7226,4959,6744,4956,4913,9868,13327,10495,19886,158499,88466,21431,10761,92093,95,15,25,12
2021-04-23T23:59:59+02:00,9,3,3019,3503,7280,10329,8404,13742,11108,19220,16191,20495,25124,27632,31799,40782,11005,20931,3,0,697,860,1733,3014,2323,4912,3292,7187,4859,6646,4816,4790,9696,13128,10489,19871,157304,88171,21294,10025,91938,94,15,25,11
2021-04-22T23:59:59+02:00,8,3,2938,3424,7087,10144,7865,13334,9896,18422,14635,19446,23106,25200,31586,40514,10986,20901,3,0,632,810,1620,2901,2196,4746,3132,7014,4674,6445,4659,4616,9183,12470,10452,19792,152489,86249,15994,8995,90975,75,15,22,11
2021-04-21T23:59:59+02:00,8,3,2886,3376,6962,10056,7653,13178,9527,18181,14162,18998,20589,22061,31284,40125,10967,20875,3,0,582,785,1541,2822,2109,4655,3005,6871,4511,6281,4475,4436,8611,11702,10406,19699,145472,84444,15218,7957,90164,67,15,22,11
2021-04-20T23:59:59+02:00,8,3,2846,3337,6855,9966,7514,13065,9275,17962,13669,18606,17197,17995,30969,39649,10950,20840,3,0,552,749,1468,2758,2022,4575,2903,6749,4376,6120,4286,4240,7741,10482,10336,19548,136608,81500,14971,7322,89090,62,15,22,9
2021-04-19T23:59:59+02:00,8,3,2831,3328,6807,9925,7461,13029,9199,17889,13530,18488,16860,17612,30935,39613,10948,20835,3,0,493,709,1346,2662,1922,4477,2768,6591,4178,5929,4031,3939,5881,8033,10117,19143,136279,75606,14775,6535,88210,58,15,22,8
2021-04-18T23:59:59+02:00,8,3,2815,3314,6730,9899,7356,12978,9001,17823,12690,18358,15446,16204,30867,39551,10944,20828,3,0,487,703,1335,2654,1907,4466,2735,6562,4117,5878,3955,3868,5466,7399,10069,19059,136057,74100,14632,6486,84089,54,15,22,8
2021-04-17T23:59:59+02:00,8,3,2804,3309,6712,9876,7325,12957,8969,17784,12657,18338,15394,16154,30814,39481,10943,20828,3,0,487,700,1335,2652,1906,4462,2731,6557,4114,5874,3953,3865,5461,7398,10068,19058,135702,74063,14628,6484,83989,54,15,22,8
2021-04-16T23:59:59+02:00,8,3,2791,3295,6679,9861,7271,12916,8894,17732,12549,18233,15145,15872,30295,38832,10940,20820,3,0,486,697,1330,2648,1897,4459,2725,6551,4106,5866,3947,3859,5444,7369,10066,19056,134167,73962,14620,6472,83313,52,15,21,8
2021-04-15T23:59:59+02:00,8,3,2738,3240,6547,9764,7081,12738,8550,17459,12073,17766,14085,14649,28173,36021,10921,20797,3,0,477,691,1326,2622,1883,4435,2702,6521,4064,5814,3889,3784,5411,7315,10058,19043,128235,73639,14345,6335,79998,42,14,21,8
2021-04-14T23:59:59+02:00,7,1,2682,3188,6452,9669,6935,12578,8277,17191,11639,17306,12903,13263,23453,29939,10900,20741,3,0,473,684,1312,2612,1870,4416,2680,6496,4022,5776,3841,3731,5348,7259,10027,19005,115830,73333,14310,6179,76950,22,14,20,7
2021-04-13T23:59:59+02:00,7,1,2631,3152,6324,9584,6782,12443,7999,16940,11212,16881,10238,10339,20364,25762,10876,20697,3,0,456,660,1265,2568,1818,4353,2573,6396,3840,5613,3629,3546,5196,7120,10018,18982,107376,72983,14117,5014,70705,18,14,20,7
2021-04-12T23:59:59+02:00,7,1,2610,3139,6264,9555,6675,12357,7806,16811,10963,16670,8874,8845,19542,24788,10874,20688,3,0,450,652,1246,2550,1801,4328,2539,6357,3790,5561,3565,3498,5161,7079,10013,18960,107245,72843,14062,4673,65128,16,14,20,7
2021-04-11T23:59:59+02:00,7,1,2582,3128,6166,9529,6559,12320,7641,16760,10761,16566,7599,7568,17811,22809,10872,20685,3,0,449,652,1245,2548,1801,4327,2539,6357,3786,5556,3560,3497,5155,7077,10013,18960,107169,72830,14055,4661,58107,14,13,20,7
2021-04-10T23:59:59+02:00,7,1,2580,3126,6156,9524,6550,12315,7635,16755,10754,16558,7590,7556,17801,22802,10872,20685,3,0,449,648,1242,2544,1800,4324,2537,6353,3782,5555,3551,3483,5147,7062,10013,18960,107082,72766,14055,4654,58098,14,12,20,7
2021-04-09T23:59:59+02:00,7,1,2518,3027,6020,9317,6395,12053,7379,16348,10441,16062,7431,7348,17682,22623,10871,20683,3,0,444,643,1224,2531,1774,4306,2505,6302,3703,5473,3432,3373,5004,6964,10008,18958,106602,72675,14025,3941,55547,12,12,20,7
2021-04-08T23:59:59+02:00,7,1,2439,2956,5924,9197,6291,11923,7207,16164,10185,15874,7233,7087,16414,21162,10861,20652,3,0,436,637,1208,2497,1748,4269,2476,6230,3648,5407,3354,3326,4923,6859,9986,18912,102938,72220,13672,3670,54936,11,11,20,7
2021-04-07T23:59:59+02:00,7,1,2411,2920,5851,9125,6198,11849,7074,16062,9942,15722,6935,6760,14086,18209,10840,20605,3,0,430,635,1197,2484,1735,4245,2462,6190,3580,5348,3281,3272,4864,6797,9977,18882,96762,71932,13511,3422,54295,10,11,18,7
2021-04-06T23:59:59+02:00,7,1,2394,2890,5751,9058,6108,11769,6920,15949,9699,15540,6580,6398,11974,15587,10813,20546,3,0,426,628,1189,2457,1724,4222,2436,6152,3515,5284,3195,3223,4818,6745,9971,18864,91703,71686,13211,3140,53043,10,9,18,7
2021-04-05T23:59:59+02:00,7,1,2386,2880,5731,9041,6097,11750,6904,15929,9679,15513,6454,6298,10697,14289,10812,20545,3,0,422,620,1185,2442,1718,4206,2420,6120,3482,5243,3166,3184,4797,6700,9964,18846,91618,71491,13174,3003,50196,9,8,17,7
2021-04-04T23:59:59+02:00,7,1,2386,2879,5728,9037,6095,11750,6902,15929,9677,15512,6449,6293,10697,14287,10812,20545,3,0,422,619,1185,2441,1718,4206,2419,6120,3482,5243,3165,3184,4794,6700,9963,18844,91608,71482,13171,3002,50183,9,8,16,7
2021-04-03T23:59:59+02:00,7,1,2383,2872,5721,9029,6089,11745,6897,15925,9674,15509,6446,6288,10690,14284,10812,20545,3,0,422,619,1185,2441,1718,4206,2419,6120,3482,5242,3165,3184,4794,6700,9963,18844,91548,71481,13169,3002,50176,9,8,16,7
2021-04-02T23:59:59+02:00,7,1,2381,2870,5716,9022,6086,11742,6892,15924,9670,15506,6442,6281,10675,14255,10811,20544,3,0,419,617,1184,2441,1717,4205,2417,6120,3481,5235,3140,3167,4784,6691,9963,18844,91461,71403,13166,3001,50175,9,8,15,7
2021-04-01T23:59:59+02:00,7,1,2360,2867,5686,8992,6043,11699,6851,15869,9614,15450,6348,6184,10377,13906,10788,20495,3,0,417,601,1181,2435,1710,4194,2401,6103,3454,5214,3073,3116,4721,6614,9885,18726,90469,70827,13143,2998,49903,9,7,15,7
2021-03-31T23:59:59+02:00,7,1,2326,2840,5611,8924,5974,11604,6749,15757,9480,15317,6205,6041,9825,13156,10741,20401,3,0,411,595,1175,2423,1703,4178,2394,6090,3434,5180,3041,3083,4671,6556,9827,18624,88476,70373,12928,2996,49536,9,4,15,6
2021-03-30T23:59:59+02:00,7,1,2306,2822,5564,8865,5911,11528,6675,15658,9383,15173,6017,5825,8910,11808,10663,20218,3,0,409,590,1171,2419,1690,4161,2375,6068,3400,5136,2983,3014,4579,6458,9695,18382,85376,69663,12546,2854,49396,9,3,13,4
2021-03-29T23:59:59+02:00,6,1,2239,2767,5461,8752,5801,11380,6507,15428,9147,14918,5656,5450,6957,9272,10437,19788,3,0,401,587,1160,2408,1676,4149,2349,6041,3370,5080,2913,2946,4456,6352,9487,18042,79250,68690,11738,2714,48964,9,3,12,4
2021-03-28T23:59:59+02:00,6,1,2217,2754,5417,8691,5726,11302,6419,15342,9029,14798,5530,5297,6308,8332,10370,19670,3,0,391,579,1144,2392,1649,4122,2302,5980,3314,4990,2829,2866,4340,6206,9411,17901,76933,68221,11479,2188,48782,5,3,12,2
2021-03-27T23:59:59+01:00,6,1,2216,2747,5408,8685,5722,11287,6404,15320,9018,14786,5502,5270,6297,8329,10370,19668,3,0,391,579,1142,2391,1648,4117,2298,5977,3305,4983,2823,2863,4324,6181,9329,17752,76825,67909,11479,2187,48717,5,3,12,2
2021-03-26T23:59:59+01:00,6,1,2199,2726,5371,8647,5683,11237,6327,15249,8868,14636,5335,5120,6126,8147,10367,19659,3,0,387,571,1134,2378,1632,4088,2270,5941,3271,4929,2762,2799,4135,5921,8610,16553,76477,65225,10641,2149,48573,5,3,10,2
2021-03-25T23:59:59+01:00,6,0,2082,2646,5193,8431,5481,10960,6121,14946,8626,14347,5171,4967,6029,8025,10364,19651,3,0,378,556,1114,2352,1609,4058,2224,5883,3196,4850,2663,2692,3757,5425,7446,14780,76016,61049,9686,1929,47332,4,2,10,2
2021-03-24T23:59:59+01:00,6,0,1998,2598,5042,8270,5319,10767,5955,14707,8419,14116,5030,4808,5915,7907,10358,19640,3,0,374,544,1101,2324,1576,4003,2165,5817,3107,4749,2526,2578,3325,4805,6023,12525,75633,55959,8523,1578,46687,4,2,10,2
2021-03-23T23:59:59+01:00,6,0,1922,2546,4929,8147,5218,10626,5834,14516,8300,13947,4947,4724,5848,7847,10351,19621,3,0,363,518,1082,2289,1543,3945,2121,5727,3025,4657,2437,2484,2872,4160,4068,9237,75237,49095,7775,1429,46305,3,2,10,2
2021-03-22T23:59:59+01:00,6,0,1860,2482,4792,8012,5082,10449,5673,14284,8108,13734,4839,4609,5778,7739,10334,19581,2,0,336,501,1054,2251,1498,3871,2055,5616,2923,4505,2320,2331,2338,3459,1466,4966,74733,40299,6738,1188,45880,1,2,9,2
2021-03-21T23:59:59+01:00,6,0,1858,2476,4781,7999,5067,10438,5657,14267,8078,13709,4817,4594,5761,7726,10329,19580,2,0,335,501,1049,2237,1489,3842,2037,5579,2897,4455,2279,2282,2296,3418,1449,4920,74708,40158,6685,904,45739,1,2,9,2
2021-03-20T23:59:59+01:00,6,0,1858,2476,4779,7998,5066,10436,5656,14266,8070,13703,4815,4591,5753,7717,10329,19580,2,0,335,500,1049,2237,1489,3842,2037,5579,2895,4454,2278,2279,2296,3418,1448,4920,74693,40154,6683,899,45712,1,2,9,2
2021-03-19T23:59:59+01:00,6,0,1804,2232,4272,6717,4659,9454,5386,13706,7848,13300,4688,4491,5682,7650,10328,19580,2,0,334,500,1049,2237,1489,3841,2036,5578,2894,4454,2276,2278,2290,3411,1446,4917,74629,40135,6670,892,40493,1,2,9,2
2021-03-18T23:59:59+01:00,6,0,1748,1978,3856,5660,4130,8077,4570,11165,6487,9964,4318,4189,5475,7426,10307,19541,2,0,333,497,1042,2224,1480,3816,2009,5540,2869,4430,2255,2262,2265,3382,1441,4908,74189,39942,6606,808,28092,1,2,8,2
2021-03-17T23:59:59+01:00,6,0,1742,1969,3844,5633,4113,8047,4546,11099,6436,9889,4278,4142,5431,7380,10299,19513,1,0,330,496,1038,2216,1474,3807,2002,5525,2859,4403,2228,2233,2243,3367,1434,4892,73918,39784,6540,759,27899,1,2,8,2
2021-03-16T23:59:59+01:00,6,0,1717,1936,3784,5552,4042,7941,4419,10937,6228,9691,4053,3952,5288,7221,10292,19489,1,0,327,492,1037,2197,1469,3794,1993,5509,2850,4383,2218,2218,2230,3337,1425,4861,73605,39607,5261,729,27672,1,2,8,2
2021-03-15T23:59:59+01:00,6,0,1707,1915,3760,5515,4016,7903,4368,10868,6148,9605,3966,3885,5231,7159,10283,19462,1,0,324,488,1028,2181,1461,3788,1977,5473,2832,4355,2203,2186,2205,3272,1414,4822,73370,39386,4893,621,27526,1,0,8,2
2021-03-14T23:59:59+01:00,6,0,1701,1905,3752,5505,4011,7886,4359,10837,6139,9582,3958,3874,5225,7151,10282,19460,1,0,324,488,1026,2181,1456,3785,1974,5471,2814,4349,2197,2183,2194,3261,1409,4820,73334,39378,4876,552,27415,1,0,8,2
2021-03-13T23:59:59+01:00,6,0,1697,1899,3737,5481,4004,7875,4339,10826,6124,9566,3955,3871,5222,7148,10282,19460,1,0,324,488,1026,2181,1456,3785,1974,5470,2814,4348,2196,2182,2194,3259,1400,4813,73307,39356,4871,552,27306,1,0,8,2
2021-03-12T23:59:59+01:00,5,0,1659,1841,3229,5335,3488,7758,4205,10701,5898,9274,3785,3724,5078,7034,10256,19411,1,0,319,466,1022,2151,1448,3760,1954,5399,2761,4263,2016,2027,2134,3209,1393,4807,73083,38584,4135,544,25455,0,0,8,2
2021-03-11T23:59:59+01:00,5,0,1553,1702,2847,5074,3048,7500,3924,10287,5265,8381,3555,3549,4969,6912,10216,19355,1,0,318,465,1019,2138,1445,3740,1947,5380,2752,4246,2009,2019,2119,3192,1387,4786,72496,38457,3868,504,21772,0,0,6,2
2021-03-10T23:59:59+01:00,5,0,1521,1668,2807,5029,3010,7441,3868,10199,5155,8264,3429,3443,4851,6797,10168,19288,1,0,316,464,1018,2135,1441,3729,1943,5366,2740,4225,1990,2011,2092,3159,1377,4771,72076,38369,3535,407,21326,0,0,6,2
2021-03-09T23:59:59+01:00,5,0,1511,1652,2771,5000,2988,7397,3829,10139,5073,8185,3328,3355,4767,6708,10059,19076,1,0,313,463,1014,2127,1434,3716,1917,5344,2698,4195,1947,1986,2038,3130,1365,4761,71466,38337,3264,110,21107,0,0,6,2
2021-03-08T23:59:59+01:00,5,0,1495,1637,2742,4971,2959,7366,3805,10091,5049,8123,3286,3315,4690,6646,9878,18772,1,0,312,463,1012,2123,1426,3700,1900,5311,2679,4167,1928,1967,2011,3107,1358,4742,70660,38187,3256,18,20908,0,0,6,2
2021-03-07T23:59:59+01:00,5,0,1482,1626,2712,4928,2924,7318,3769,10030,5007,8064,3252,3281,4624,6544,9800,18626,1,0,312,462,1011,2122,1425,3694,1897,5301,2678,4162,1924,1964,2007,3103,1354,4733,70119,38132,3202,16,20666,0,0,5,2
2021-03-06T23:59:59+01:00,5,0,1481,1625,2707,4916,2921,7309,3761,10023,4989,8048,3242,3271,4601,6505,9709,18454,1,0,312,462,1009,2119,1425,3692,1891,5292,2676,4160,1919,1956,2001,3101,1353,4730,69723,38082,3202,16,20637,0,0,5,1
2021-03-05T23:59:59+01:00,5,0,1408,1549,2608,4755,2864,7151,3676,9816,4889,7852,3192,3211,4381,6215,8988,17244,1,0,312,462,1007,2117,1421,3687,1889,5291,2673,4154,1911,1952,1996,3098,1348,4726,67030,38028,3199,16,19570,0,0,5,1
2021-03-04T23:59:59+01:00,5,0,1234,1442,2442,4555,2695,6880,3508,9472,4631,7510,3075,3085,4016,5756,7793,15400,1,0,310,454,998,2093,1405,3647,1861,5238,2645,4106,1883,1927,1963,3043,1320,4680,62764,37557,3196,16,17534,0,0,5,1
2021-03-03T23:59:59+01:00,5,0,1200,1389,2366,4447,2634,6757,3422,9305,4533,7366,2988,3015,3633,5150,6373,13168,1,0,306,445,987,2070,1393,3619,1847,5188,2590,4051,1833,1891,1935,3010,1304,4649,57617,37102,3168,16,16962,0,0,4,1
2021-03-02T23:59:59+01:00,5,0,1167,1350,2306,4388,2585,6665,3340,9181,4396,7217,2873,2890,3145,4479,4323,9757,1,0,301,435,982,2043,1380,3577,1832,5133,2558,4024,1823,1875,1915,2982,1290,4621,50469,36755,2917,16,16678,0,0,3,1
2021-03-01T23:59:59+01:00,5,0,1107,1321,2244,4327,2512,6577,3245,9052,4254,7029,2739,2754,2569,3730,1545,5207,1,0,300,432,975,2031,1369,3559,1824,5118,2545,4008,1805,1864,1899,2962,1279,4592,41244,36546,2526,16,16444,0,0,3,1
2021-02-28T23:59:59+01:00,5,0,1071,1306,2203,4291,2482,6532,3197,8995,4192,6970,2674,2706,2520,3699,1537,5187,1,0,300,431,972,2024,1367,3546,1821,5104,2539,3999,1798,1853,1886,2950,1271,4577,41147,36422,2232,16,16185,0,0,3,1
2021-02-27T23:59:59+01:00,5,0,1030,1224,2135,4050,2424,6298,3134,8697,4102,6717,2619,2649,2500,3675,1534,5187,1,0,300,431,971,2024,1367,3546,1821,5103,2538,3999,1798,1852,1884,2949,1271,4577,41039,36415,2231,16,14707,0,0,3,1
2021-02-26T23:59:59+01:00,4,0,864,974,1938,3662,2264,5637,2918,7780,3792,5927,2571,2595,2481,3659,1530,5184,1,0,300,431,971,2020,1365,3544,1819,5102,2536,3998,1798,1849,1877,2948,1269,4570,41021,36381,2142,16,10614,0,0,3,1
2021-02-25T23:59:59+01:00,4,0,531,817,1661,3462,2084,5332,2722,7383,3564,5626,2489,2515,2440,3598,1526,5169,1,0,291,410,946,1967,1334,3473,1787,5021,2507,3934,1773,1821,1837,2902,1240,4530,40826,35760,1880,13,8215,0,0,2,1
2021-02-24T23:59:59+01:00,3,0,510,798,1626,3364,2020,5200,2662,7201,3497,5485,2421,2468,2403,3569,1516,5133,1,0,282,405,930,1936,1320,3419,1774,4960,2483,3889,1762,1803,1828,2883,1228,4499,40631,35397,1709,4,7534,0,0,2,1
2021-02-23T23:59:59+01:00,3,0,489,760,1566,3260,1965,5059,2584,7070,3412,5380,2360,2410,2364,3510,1501,5098,1,0,280,401,925,1920,1313,3389,1765,4928,2462,3856,1742,1783,1808,2847,1212,4443,40474,35071,1435,3,6880,0,0,2,1
2021-02-22T23:59:59+01:00,2,0,473,729,1512,3160,1925,4919,2525,6851,3351,5235,2349,2311,2348,3430,1495,5053,1,0,279,398,922,1908,1305,3362,1747,4892,2447,3825,1722,1764,1780,2816,1197,4394,40257,34757,1169,1,6240,0,0,2,1
2021-02-21T23:59:59+01:00,2,0,464,690,1453,3016,1877,4769,2473,6691,3268,5132,2313,2278,2320,3410,1485,5047,1,0,279,397,919,1900,1304,3353,1742,4881,2443,3816,1720,1762,1779,2814,1197,4393,40213,34698,936,1,5537,0,0,2,1
2021-02-20T23:59:59+01:00,2,0,458,684,1444,3012,1872,4769,2470,6688,3263,5128,2310,2277,2320,3409,1483,5046,1,0,279,397,919,1899,1304,3352,1742,4881,2441,3815,1719,1761,1776,2814,1196,4391,40207,34685,931,1,5495,0,0,2,1
2021-02-19T23:59:59+01:00,1,0,435,647,1415,2950,1844,4712,2429,6588,3176,5010,2129,2114,2256,3360,1478,5040,1,0,277,396,918,1897,1303,3351,1742,4876,2438,3814,1718,1760,1774,2813,1196,4390,39453,34662,911,1,5218,0,0,2,1
2021-02-18T23:59:59+01:00,1,0,408,590,1310,2709,1740,4469,2292,6326,3072,4829,2100,2098,2240,3343,1473,5029,1,0,277,390,911,1864,1294,3311,1724,4828,2419,3776,1707,1748,1757,2801,1184,4370,39375,34360,837,1,3815,0,0,2,1
2021-02-17T23:59:59+01:00,1,0,391,558,1272,2578,1683,4294,2223,6085,3012,4680,2081,2079,2216,3323,1459,5019,1,0,266,373,875,1777,1250,3182,1664,4669,2344,3641,1628,1678,1681,2689,1131,4249,39220,33097,786,0,2946,0,0,2,1
2021-02-16T23:59:59+01:00,1,0,373,528,1219,2459,1633,4160,2144,5900,2931,4544,2072,2074,2208,3316,1453,5006,1,0,258,356,854,1695,1195,3044,1601,4466,2271,3462,1577,1623,1617,2586,1099,4112,39157,31816,755,0,2107,0,0,2,1
2021-02-15T23:59:59+01:00,1,0,363,506,1148,2319,1588,4085,2112,5847,2903,4503,2053,2058,2183,3285,1445,4985,1,0,252,337,830,1650,1163,2968,1545,4327,2198,3342,1500,1558,1559,2473,1052,3922,39050,30676,640,0,1692,0,0,2,1
2021-02-14T23:59:59+01:00,1,0,354,500,1124,2264,1525,3924,2071,5754,2872,4464,2047,2055,2171,3275,1442,4978,1,0,246,332,812,1621,1147,2928,1503,4275,2160,3312,1484,1537,1534,2436,1035,3876,39031,30238,571,0,1217,0,0,2,1
2021-02-13T23:59:59+01:00,1,0,354,500,1123,2264,1525,3923,2069,5753,2872,4464,2046,2053,2170,3275,1441,4975,1,0,246,332,811,1621,1147,2928,1502,4273,2160,3312,1482,1534,1533,2435,1035,3875,39020,30226,571,0,1216,0,0,1,1
2021-02-12T23:59:59+01:00,1,0,346,496,1105,2256,1520,3910,2064,5745,2869,4458,2032,2043,2164,3262,1436,4972,1,0,244,331,805,1616,1141,2919,1486,4255,2142,3299,1469,1518,1518,2403,1028,3838,38954,30012,563,0,1161,0,0,1,1
2021-02-11T23:59:59+01:00,1,0,323,472,1041,2160,1467,3783,1970,5481,2784,4339,2001,2010,2124,3194,1406,4914,1,0,223,303,754,1511,1061,2695,1360,3898,1953,2993,1280,1305,1344,2123,913,3466,38555,27182,526,0,388,0,0,1,1
2021-02-10T23:59:59+01:00,1,0,317,463,1020,2121,1428,3705,1916,5319,2690,4159,1930,1960,2076,3152,1384,4888,1,0,198,260,661,1323,932,2306,1174,3295,1710,2572,1117,1126,1192,1872,793,3092,38140,23623,386,0,2,0,0,1,1
2021-02-09T23:59:59+01:00,1,0,311,451,1012,2090,1413,3653,1872,5253,2624,4104,1872,1920,2004,3097,1363,4866,1,0,165,200,560,1062,782,1859,967,2683,1440,2158,965,965,993,1581,669,2641,37838,19690,65,0,2,0,0,1,1
2021-02-08T23:59:59+01:00,1,0,309,449,1009,2083,1402,3637,1864,5230,2604,4087,1858,1909,1985,3080,1357,4841,1,0,116,165,459,847,618,1440,768,2034,1161,1671,773,789,792,1246,532,2158,37682,15569,20,0,2,0,0,1,1
2021-02-07T23:59:59+01:00,1,0,309,449,1007,2082,1401,3632,1861,5227,2597,4084,1852,1900,1969,3072,1353,4833,1,0,106,146,410,703,544,1265,688,1818,1064,1523,696,708,709,1122,455,1914,37611,13871,17,0,0,0,0,1,1
2021-02-06T23:59:59+01:00,1,0,309,449,1006,2081,1401,3629,1861,5225,2597,4081,1852,1899,1964,3070,1350,4831,1,0,105,145,405,700,539,1241,672,1799,1053,1501,693,704,704,1118,454,1910,37588,13744,17,0,0,0,0,1,0
2021-02-05T23:59:59+01:00,1,0,309,448,1004,2077,1397,3620,1857,5211,2591,4075,1851,1898,1956,3061,1340,4817,1,0,101,137,389,682,522,1211,640,1747,1003,1438,656,653,655,1044,427,1816,37495,13122,17,0,0,0,0,1,0
2021-02-04T23:59:59+01:00,1,0,301,431,993,2045,1378,3566,1837,5134,2576,4027,1835,1877,1929,3026,1320,4784,1,0,77,106,288,461,363,818,456,1185,691,979,510,478,507,825,339,1454,37042,9538,17,0,0,0,0,1,0
2021-02-03T23:59:59+01:00,1,0,297,422,974,2019,1362,3528,1823,5085,2542,3984,1815,1854,1914,3002,1306,4768,1,0,60,82,243,393,293,640,347,925,533,729,341,333,369,585,247,1067,36678,7188,17,0,0,0,0,1,0
2021-02-02T23:59:59+01:00,1,0,292,415,968,1990,1354,3495,1812,5038,2519,3949,1797,1838,1886,2960,1284,4717,0,0,40,63,186,310,245,487,265,741,385,560,237,216,235,390,167,703,36297,5230,17,0,0,0,0,1,0
2021-02-01T23:59:59+01:00,1,0,291,413,963,1982,1351,3480,1804,5017,2510,3930,1789,1827,1872,2945,1280,4702,0,0,20,39,137,224,169,312,169,492,241,323,119,109,102,189,78,314,36139,3037,17,0,0,0,0,1,0
2021-01-31T23:59:59+01:00,1,0,290,412,961,1974,1348,3471,1801,4998,2506,3916,1785,1819,1868,2937,1277,4692,0,0,19,34,119,196,151,271,152,411,203,278,100,95,94,161,70,274,36038,2628,17,0,0,0,0,1,0
2021-01-30T23:59:59+01:00,1,0,290,412,961,1974,1348,3471,1801,4998,2506,3916,1784,1819,1868,2936,1277,4691,0,0,19,34,118,196,151,268,149,408,202,278,99,94,94,161,70,274,36035,2615,17,0,0,0,0,1,0
2021-01-29T23:59:59+01:00,1,0,288,409,960,1972,1347,3463,1795,4989,2503,3913,1778,1812,1859,2924,1270,4669,0,0,17,33,116,186,142,260,137,380,170,251,72,70,84,139,63,238,35934,2358,17,0,0,0,0,1,0
2021-01-28T23:59:59+01:00,1,0,285,400,941,1917,1323,3399,1770,4927,2475,3850,1756,1790,1827,2893,1251,4633,0,0,1,0,11,20,8,20,11,45,8,22,6,4,7,10,3,15,35422,191,15,0,0,0,0,1,0
2021-01-27T23:59:59+01:00,1,0,279,382,908,1836,1287,3285,1709,4804,2415,3750,1699,1741,1782,2825,1212,4545,0,0,1,0,6,6,5,12,7,19,4,12,4,4,7,10,3,14,34448,114,11,0,0,0,0,1,0
2021-01-26T23:59:59+01:00,1,0,274,372,898,1821,1273,3245,1691,4748,2384,3683,1666,1708,1743,2752,1194,4453,0,0,1,0,6,6,5,12,7,19,4,12,4,4,7,10,3,14,33898,114,7,0,0,0,0,1,0
2021-01-25T23:59:59+01:00,1,0,263,348,857,1702,1203,3081,1600,4477,2278,3475,1605,1655,1686,2664,1144,4266,0,0,1,0,2,3,1,4,4,2,4,5,4,4,6,9,2,14,32301,65,3,0,0,0,0,1,0
2021-01-24T23:59:59+01:00,1,0,259,345,846,1682,1193,3058,1569,4444,2252,3454,1594,1646,1674,2652,1138,4258,0,0,1,0,2,2,1,4,4,2,4,5,4,4,6,9,2,14,32061,64,3,0,0,0,0,1,0
2021-01-23T23:59:59+01:00,1,0,259,345,845,1682,1192,3057,1569,4440,2251,3453,1593,1646,1673,2651,1137,4253,0,0,1,0,2,2,1,4,4,2,4,5,4,4,6,9,2,14,32043,64,3,0,0,0,0,1,0
2021-01-22T23:59:59+01:00,1,0,258,343,838,1679,1188,3052,1566,4433,2238,3448,1581,1634,1667,2632,1131,4231,0,0,1,0,2,2,1,4,4,2,4,5,4,4,6,9,2,14,31917,64,3,0,0,0,0,0,0
2021-01-21T23:59:59+01:00,1,0,246,332,811,1611,1163,2925,1510,4271,2158,3313,1482,1530,1530,2464,1046,4040,0,0,1,0,1,2,1,4,4,2,4,5,4,3,5,9,1,14,30430,60,3,0,0,0,0,0,0
2021-01-20T23:59:59+01:00,1,0,224,291,737,1455,1071,2607,1377,3812,1985,2958,1359,1382,1406,2266,968,3799,0,0,1,0,1,2,1,4,4,2,3,5,4,3,5,9,1,14,27696,59,2,0,0,0,0,0,0
2021-01-19T23:59:59+01:00,1,0,193,234,635,1207,926,2162,1154,3195,1696,2527,1174,1178,1170,1922,806,3227,0,0,1,0,1,1,1,2,4,1,2,5,4,3,5,9,1,14,23405,54,2,0,0,0,0,0,0
2021-01-18T23:59:59+01:00,1,0,137,185,502,947,714,1646,886,2326,1319,1915,912,946,935,1516,630,2576,0,0,0,0,0,0,0,0,0,0,1,2,2,1,0,0,0,0,18092,6,1,0,0,0,0,0,0
2021-01-17T23:59:59+01:00,1,0,123,160,443,776,629,1423,784,2073,1204,1724,845,867,851,1378,556,2356,0,0,0,0,0,0,0,0,0,0,0,1,0,0,0,0,0,0,16193,1,0,0,0,0,0,0,0
2021-01-16T23:59:59+01:00,1,0,122,159,439,775,627,1415,774,2069,1195,1718,843,862,846,1367,548,2340,0,0,0,0,0,0,0,0,0,0,0,0,0,0,0,0,0,0,16100,0,0,0,0,0,0,0,0
2021-01-15T23:59:59+01:00,1,0,111,152,426,754,600,1376,742,1991,1133,1636,799,808,799,1278,517,2215,0,0,0,0,0,0,0,0,0,0,0,0,0,0,0,0,0,0,15338,0,0,0,0,0,0,0,0
2021-01-14T23:59:59+01:00,1,0,78,113,305,488,399,890,512,1285,776,1074,584,560,580,943,399,1686,0,0,0,0,0,0,0,0,0,0,0,0,0,0,0,0,0,0,10673,0,0,0,0,0,0,0,0
2021-01-13T23:59:59+01:00,1,0,60,86,255,410,323,674,379,982,569,764,368,357,394,638,284,1176,0,0,0,0,0,0,0,0,0,0,0,0,0,0,0,0,0,0,7720,0,0,0,0,0,0,0,0
2021-01-12T23:59:59+01:00,0,0,49,70,207,350,259,547,279,809,414,599,248,228,245,426,191,788,0,0,0,0,0,0,0,0,0,0,0,0,0,0,0,0,0,0,5709,0,0,0,0,0,0,0,0
2021-01-11T23:59:59+01:00,0,0,33,51,179,300,212,444,220,649,304,422,151,131,140,259,106,452,0,0,0,0,0,0,0,0,0,0,0,0,0,0,0,0,0,0,4053,0,0,0,0,0,0,0,0
2021-01-10T23:59:59+01:00,0,0,25,42,157,251,183,366,179,537,254,361,130,110,125,214,94,362,0,0,0,0,0,0,0,0,0,0,0,0,0,0,0,0,0,0,3390,0,0,0,0,0,0,0,0
2021-01-09T23:59:59+01:00,0,0,25,42,156,249,182,363,177,531,253,360,129,109,125,214,94,362,0,0,0,0,0,0,0,0,0,0,0,0,0,0,0,0,0,0,3371,0,0,0,0,0,0,0,0
2021-01-08T23:59:59+01:00,0,0,23,40,153,239,174,353,164,500,223,334,105,93,119,198,87,335,0,0,0,0,0,0,0,0,0,0,0,0,0,0,0,0,0,0,3140,0,0,0,0,0,0,0,0
2021-01-07T23:59:59+01:00,0,0,2,0,6,10,8,15,10,7,18,11,10,11,14,21,3,35,0,0,0,0,0,0,0,0,0,0,0,0,0,0,0,0,0,0,181,0,0,0,0,0,0,0,0
2021-01-06T23:59:59+01:00,0,0,1,0,3,4,1,7,5,2,4,6,6,4,7,10,1,16,0,0,0,0,0,0,0,0,0,0,0,0,0,0,0,0,0,0,77,0,0,0,0,0,0,0,0
2021-01-05T23:59:59+01:00,0,0,1,0,3,3,1,6,5,2,4,5,6,4,6,10,1,15,0,0,0,0,0,0,0,0,0,0,0,0,0,0,0,0,0,0,72,0,0,0,0,0,0,0,0
2021-01-04T23:59:59+01:00,0,0,1,0,2,3,1,5,4,2,4,5,6,4,5,9,1,15,0,0,0,0,0,0,0,0,0,0,0,0,0,0,0,0,0,0,67,0,0,0,0,0,0,0,0
2021-01-03T23:59:59+01:00,0,0,1,0,2,2,1,5,4,2,4,5,5,4,5,9,1,15,0,0,0,0,0,0,0,0,0,0,0,0,0,0,0,0,0,0,65,0,0,0,0,0,0,0,0
2021-01-02T23:59:59+01:00,0,0,1,0,2,2,1,5,4,2,4,5,5,4,5,9,1,15,0,0,0,0,0,0,0,0,0,0,0,0,0,0,0,0,0,0,65,0,0,0,0,0,0,0,0
2021-01-01T23:59:59+01:00,0,0,1,0,2,2,1,4,4,2,4,5,5,4,5,9,1,15,0,0,0,0,0,0,0,0,0,0,0,0,0,0,0,0,0,0,64,0,0,0,0,0,0,0,0
2020-12-31T23:59:59+01:00,0,0,1,0,2,2,1,4,4,2,4,5,5,4,5,9,1,15,0,0,0,0,0,0,0,0,0,0,0,0,0,0,0,0,0,0,64,0,0,0,0,0,0,0,0
2020-12-30T23:59:59+01:00,0,0,1,0,2,2,1,4,4,2,3,5,5,4,5,9,1,15,0,0,0,0,0,0,0,0,0,0,0,0,0,0,0,0,0,0,63,0,0,0,0,0,0,0,0
2020-12-29T23:59:59+01:00,0,0,0,0,1,1,1,2,4,1,2,5,5,4,5,9,1,15,0,0,0,0,0,0,0,0,0,0,0,0,0,0,0,0,0,0,56,0,0,0,0,0,0,0,0
2020-12-28T23:59:59+01:00,0,0,0,0,1,1,1,1,2,0,1,5,4,1,1,0,0,2,0,0,0,0,0,0,0,0,0,0,0,0,0,0,0,0,0,0,20,0,0,0,0,0,0,0,0
2020-12-27T23:59:59+01:00,0,0,0,0,1,1,1,1,2,0,0,3,2,0,1,0,0,2,0,0,0,0,0,0,0,0,0,0,0,0,0,0,0,0,0,0,14,0,0,0,0,0,0,0,0
