Datum,<15_m,<15_w,15-24_1_m,15-24_1_w,25-34_1_m,25-34_1_w,35-44_1_m,35-44_1_w,45-54_1_m,45-54_1_w,55-64_1_m,55-64_1_w,65-74_1_m,65-74_1_w,75-84_1_m,75-84_1_w,>84_1_m,>84_1_w,<24_2_m,<24_2_w,25-34_2_m,25-34_2_w,35-44_2_m,35-44_2_w,45-54_2_m,45-54_2_w,55-64_2_m,55-64_2_w,65-74_2_m,65-74_2_w,75-84_2_m,75-84_2_w,>84_2_m,>84_2_w,bp_1,bp_2,mo_1,mo_2,az_1,az_2,ja,unb_1,unb_2
2021-10-05T23:59:59+02:00,5227,4864,38101,36725,53495,48012,54447,53009,65076,65042,74905,74930,54108,59691,37329,48253,11639,22171,34860,33559,50615,44750,51985,50035,62557,62076,72498,72407,52688,58073,36398,46950,11236,21323,586066,556795,79053,75448,105556,101458,36321,30,27
2021-10-04T23:59:59+02:00,5168,4808,37902,36565,53341,47905,54341,52911,65014,64975,74844,74883,54081,59662,37314,48238,11631,22159,34576,33224,50385,44522,51812,49869,62403,61929,72389,72316,52632,58013,36346,46893,11224,21306,585022,554622,79052,75448,105556,101458,36084,30,27
2021-10-03T23:59:59+02:00,5157,4795,37880,36539,53310,47873,54318,52894,64997,64957,74835,74871,54075,59650,37309,48225,11631,22155,34524,33187,50337,44481,51776,49821,62360,61892,72354,72285,52616,57990,36334,46878,11222,21297,584785,554154,79049,75448,105552,101449,36057,30,27
2021-10-02T23:59:59+02:00,5155,4786,37877,36533,53303,47870,54317,52892,64995,64957,74833,74869,54075,59649,37309,48225,11631,22155,34522,33185,50329,44479,51774,49821,62358,61892,72354,72284,52616,57989,36334,46878,11222,21297,584756,554145,79049,75447,105552,101449,36046,30,27
2021-10-01T23:59:59+02:00,5148,4770,37836,36507,53276,47846,54295,52871,64969,64946,74811,74855,54067,59644,37307,48223,11628,22153,34504,33175,50315,44471,51761,49809,62345,61884,72337,72273,52609,57983,36332,46876,11221,21295,584540,554064,79047,75445,105552,101443,35985,30,27
2021-09-30T23:59:59+02:00,5059,4708,37631,36309,53110,47687,54154,52743,64867,64828,74741,74800,54052,59614,37296,48207,11625,22146,34362,33024,50223,44347,51687,49697,62260,61792,72272,72215,52599,57953,36324,46851,11218,21285,583039,553490,79028,74839,105549,101440,35934,29,27
2021-09-29T23:59:59+02:00,5037,4688,37599,36268,53066,47639,54116,52696,64836,64791,74711,74773,54035,59590,37284,48196,11621,22134,34335,32988,50196,44321,51665,49676,62240,61763,72250,72195,52590,57944,36319,46841,11215,21277,582586,553204,79016,74835,105549,101435,35902,29,27
2021-09-28T23:59:59+02:00,5014,4665,37541,36212,53026,47593,54081,52655,64792,64749,74667,74738,53999,59557,37268,48175,11611,22123,34279,32950,50166,44296,51641,49655,62214,61743,72214,72165,52560,57906,36297,46814,11212,21265,582045,552817,79014,74829,105549,101431,35831,29,27
2021-09-27T23:59:59+02:00,4939,4605,37357,36045,52860,47438,53971,52553,64699,64649,74573,74662,53970,59529,37256,48156,11609,22111,33873,32569,49877,43980,51422,49415,62028,61564,72089,72044,52517,57845,36277,46783,11210,21255,581000,550311,78988,74828,105549,101430,35418,29,27
2021-09-26T23:59:59+02:00,4936,4599,37337,36016,52832,47422,53957,52538,64685,64639,74561,74652,53963,59518,37255,48153,11609,22106,33859,32562,49865,43965,51417,49406,62015,61558,72081,72037,52513,57837,36276,46778,11208,21251,580829,550200,78971,74820,105549,101429,35402,29,27
2021-09-25T23:59:59+02:00,4933,4596,37331,36012,52829,47418,53953,52535,64683,64635,74557,74649,53962,59515,37254,48152,11609,22105,33856,32562,49864,43965,51417,49405,62015,61557,72079,72037,52513,57836,36276,46778,11208,21251,580785,550194,78969,74820,105549,101429,35398,29,27
2021-09-24T23:59:59+02:00,4930,4593,37312,35998,52808,47405,53932,52523,64664,64624,74543,74639,53955,59512,37251,48148,11609,22101,33846,32546,49849,43957,51398,49390,62002,61551,72060,72028,52506,57829,36270,46771,11208,21249,580668,550089,78969,74818,105546,101428,35337,29,27
2021-09-23T23:59:59+02:00,4805,4475,36924,35596,52470,47085,53645,52263,64427,64409,74368,74510,53897,59456,37219,48102,11600,22082,33665,32376,49638,43809,51232,49289,61859,61448,71950,71954,52470,57805,36245,46748,11206,21241,578417,549434,78927,74796,105546,101425,34417,28,27
2021-09-22T23:59:59+02:00,4778,4455,36882,35540,52404,47008,53579,52203,64360,64357,74309,74457,53868,59433,37211,48085,11598,22077,33629,32333,49595,43752,51173,49237,61804,61408,71902,71920,52451,57787,36239,46737,11205,21240,577988,549175,78919,74793,105543,101424,34128,28,27
2021-09-21T23:59:59+02:00,4762,4433,36825,35491,52338,46945,53534,52153,64293,64307,74252,74403,53825,59402,37198,48059,11593,22068,33598,32281,49563,43705,51134,49194,61758,61371,71863,71878,52420,57763,36228,46719,11204,21233,577439,548810,78911,74791,105541,101420,33964,28,27
2021-09-20T23:59:59+02:00,4658,4370,36491,35187,52019,46641,53299,51933,64084,64118,74094,74290,53761,59348,37177,48024,11586,22062,33088,31846,49185,43372,50849,48891,61504,61160,71696,71726,52364,57697,36205,46674,11197,21223,575616,546103,78906,74786,105540,101414,33054,28,27
2021-09-19T23:59:59+02:00,4645,4365,36478,35177,52008,46633,53286,51921,64071,64113,74086,74280,53757,59342,37174,48021,11585,22062,33067,31829,49181,43362,50841,48879,61490,61149,71684,71717,52358,57693,36204,46672,11197,21220,575510,545981,78900,74782,105539,101413,33029,28,27
2021-09-18T23:59:59+02:00,4645,4365,36476,35176,52006,46632,53286,51920,64071,64113,74086,74280,53757,59342,37174,48021,11585,22062,33064,31829,49177,43360,50841,48879,61490,61149,71684,71717,52358,57693,36204,46672,11197,21220,575508,545976,78900,74782,105539,101413,33024,28,27
2021-09-17T23:59:59+02:00,4638,4352,36462,35152,51985,46614,53275,51901,64057,64104,74071,74261,53748,59336,37171,48016,11584,22062,33057,31813,49165,43350,50837,48872,61489,61145,71676,71705,52351,57691,36204,46671,11197,21219,575346,545926,78900,74782,105538,101411,32979,28,27
2021-09-16T23:59:59+02:00,4488,4203,36095,34788,51730,46314,53064,51637,63873,63921,73915,74111,53693,59275,37155,47981,11580,22051,32928,31707,49083,43243,50758,48790,61427,61090,71624,71672,52336,57678,36194,46659,11196,21213,572917,545085,78442,74702,105537,101406,32952,28,27
2021-09-15T23:59:59+02:00,4446,4165,36027,34713,51687,46261,52998,51582,63823,63872,73878,74068,53675,59254,37145,47970,11579,22045,32876,31656,49032,43191,50701,48741,61381,61046,71595,71641,52328,57657,36184,46649,11196,21207,572548,544752,78356,74687,105537,101394,32721,28,27
2021-09-14T23:59:59+02:00,4405,4125,35965,34661,51635,46190,52957,51532,63777,63827,73834,74026,53650,59236,37130,47951,11578,22041,32812,31585,48988,43142,50667,48697,61327,61008,71560,71600,52307,57634,36175,46635,11195,21204,572009,544205,78286,74681,105537,101387,32662,28,27
2021-09-13T23:59:59+02:00,4255,3948,35597,34232,51364,45877,52742,51298,63567,63619,73699,73900,53595,59167,37093,47917,11577,22033,32349,31112,48753,42894,50485,48496,61179,60825,71418,71491,52254,57575,36159,46599,11189,21194,569426,541221,77861,74601,105536,101381,32630,28,27
2021-09-12T23:59:59+02:00,4246,3938,35574,34216,51349,45855,52725,51281,63553,63602,73690,73890,53592,59161,37088,47916,11577,22032,32324,31094,48738,42876,50475,48488,61168,60811,71402,71479,52248,57567,36153,46597,11186,21193,569278,541066,77845,74593,105525,101366,32610,28,27
2021-09-11T23:59:59+02:00,4243,3935,35570,34212,51348,45853,52720,51274,63551,63597,73688,73885,53588,59156,37088,47914,11577,22032,32315,31090,48735,42873,50472,48485,61165,60807,71399,71477,52246,57565,36153,46595,11186,21193,569251,541046,77845,74593,105525,101366,32583,28,27
2021-09-10T23:59:59+02:00,4242,3934,35457,34113,51153,45699,52529,51133,63375,63483,73554,73794,53550,59117,37068,47896,11575,22027,32189,30981,48538,42707,50274,48348,60977,60685,71265,71382,52204,57522,36131,46574,11183,21188,569194,540894,77843,74591,105524,101364,31111,28,27
2021-09-09T23:59:59+02:00,4214,3896,35378,34046,51097,45630,52469,51047,63318,63425,73514,73756,53527,59089,37054,47878,11573,22023,32095,30914,48494,42658,50223,48308,60936,60651,71222,71348,52186,57508,36124,46559,11182,21184,568588,540413,77808,74584,105510,101342,31001,28,27
2021-09-08T23:59:59+02:00,4189,3876,35345,34007,51073,45600,52451,51022,63284,63392,73493,73733,53520,59074,37047,47867,11573,22020,32037,30887,48456,42632,50195,48277,60900,60622,71206,71327,52173,57495,36114,46548,11179,21165,568245,540038,77808,74583,105510,101330,30976,28,27
2021-09-07T23:59:59+02:00,4177,3862,35305,33964,51043,45569,52427,50995,63258,63369,73457,73703,53508,59058,37031,47853,11571,22014,31990,30839,48422,42597,50155,48241,60875,60591,71172,71298,52160,57479,36105,46535,11176,21161,567872,539620,77808,74581,105510,101322,30947,28,27
2021-09-06T23:59:59+02:00,4001,3678,34827,33492,50666,45180,52161,50693,63032,63131,73299,73553,53444,58977,37012,47812,11568,22005,31781,30657,48220,42442,50012,48101,60762,60473,71077,71209,52113,57433,36089,46516,11171,21148,565065,538762,77808,74580,105510,101318,30121,28,27
2021-09-05T23:59:59+02:00,3993,3666,34810,33477,50663,45172,52149,50685,63020,63121,73284,73548,53439,58969,37006,47805,11566,22001,31763,30638,48202,42427,49999,48093,60751,60463,71067,71204,52107,57421,36087,46511,11170,21146,564929,538625,77807,74578,105510,101304,30101,28,27
2021-09-04T23:59:59+02:00,3993,3666,34809,33477,50661,45172,52148,50684,63020,63121,73284,73548,53439,58969,37006,47805,11566,22001,31762,30636,48201,42427,49997,48091,60751,60463,71066,71204,52107,57421,36087,46511,11170,21146,564927,538621,77807,74576,105510,101304,30098,28,27
2021-09-03T23:59:59+02:00,3945,3619,34645,33346,50508,45049,52037,50567,62870,62997,73159,73448,53399,58921,36985,47784,11562,21998,31488,30444,48000,42256,49826,47923,60547,60291,70921,71058,52053,57364,36062,46488,11168,21142,564788,538490,77212,73331,105499,101291,29313,28,27
2021-09-02T23:59:59+02:00,3920,3590,34586,33300,50474,45009,52005,50534,62829,62956,73121,73422,53379,58910,36976,47767,11562,21993,31420,30384,47950,42209,49785,47879,60492,60239,70880,71031,52035,57348,36053,46479,11167,21137,564384,538100,77190,73327,105499,101181,29233,28,27
2021-09-01T23:59:59+02:00,3904,3576,34560,33267,50451,44982,51986,50511,62809,62922,73092,73404,53370,58901,36972,47759,11562,21992,31370,30345,47917,42182,49755,47854,60461,60215,70857,71000,52016,57329,36043,46472,11167,21134,564114,537755,77187,73321,105499,101154,29193,28,27
2021-08-31T23:59:59+02:00,3877,3563,34520,33220,50424,44946,51958,50478,62781,62890,73062,73372,53350,58879,36963,47746,11559,21992,31312,30313,47888,42157,49732,47837,60434,60199,70842,70973,52002,57319,36039,46465,11164,21128,563722,537478,77187,73317,105498,101148,29146,28,27
2021-08-30T23:59:59+02:00,3651,3353,33932,32705,50000,44568,51606,50131,62490,62627,72854,73194,53266,58793,36932,47699,11556,21984,31030,30050,47588,41925,49504,47666,60252,60068,70686,70869,51934,57274,36020,46433,11161,21121,560718,536386,77187,73314,105497,101138,27912,28,27
2021-08-29T23:59:59+02:00,3645,3345,33911,32683,49985,44559,51592,50113,62479,62613,72844,73178,53258,58788,36930,47692,11556,21982,31012,30030,47566,41898,49483,47649,60235,60051,70674,70857,51931,57266,36017,46432,11161,21119,560576,536267,77185,73313,105496,101094,27869,28,27
2021-08-28T23:59:59+02:00,3645,3345,33908,32683,49980,44558,51591,50111,62477,62610,72842,73177,53257,58786,36930,47692,11556,21982,31003,30021,47561,41896,49480,47646,60232,60047,70671,70855,51930,57262,36017,46432,11161,21119,560567,536231,77185,73312,105496,101094,27855,28,27
2021-08-27T23:59:59+02:00,3641,3339,33900,32664,49977,44554,51579,50104,62470,62605,72825,73171,53253,58783,36929,47691,11555,21981,30985,30003,47553,41886,49470,47637,60225,60039,70659,70854,51928,57261,36016,46431,11160,21119,560493,536153,77185,73310,105496,101091,27820,28,27
2021-08-26T23:59:59+02:00,3616,3311,33859,32614,49950,44516,51537,50055,62424,62581,72792,73141,53243,58774,36922,47689,11554,21977,30688,29734,47336,41673,49295,47481,60109,59938,70574,70783,51894,57228,35999,46408,11158,21115,560142,534329,77158,73304,105495,101027,27733,28,27
2021-08-25T23:59:59+02:00,3575,3287,33809,32571,49924,44470,51503,50026,62385,62547,72756,73117,53234,58756,36916,47675,11553,21976,29931,29034,46897,41259,48972,47189,59884,59713,70398,70632,51827,57152,35977,46373,11149,21107,559711,529996,77158,73301,105495,101004,27689,28,27
2021-08-24T23:59:59+02:00,3535,3265,33750,32512,49892,44428,51475,49979,62340,62498,72712,73070,53213,58731,36903,47662,11551,21968,29698,28812,46764,41128,48864,47083,59792,59619,70313,70533,51781,57105,35956,46361,11146,21104,559220,528558,77155,73297,105493,100970,27589,28,27
2021-08-23T23:59:59+02:00,3230,3000,33116,31888,49466,44030,51133,49674,62011,62202,72419,72839,53116,58642,36864,47599,11540,21959,29281,28420,46377,40828,48623,46870,59520,59410,70088,70386,51705,57034,35931,46318,11140,21097,556152,527106,77152,73294,105492,100965,25905,28,27
2021-08-22T23:59:59+02:00,3219,2992,33106,31882,49458,44020,51125,49668,62006,62195,72414,72837,53113,58639,36862,47597,11540,21958,29257,28404,46358,40820,48614,46860,59509,59402,70081,70383,51696,57030,35928,46315,11140,21097,556087,527010,77148,73288,105489,100951,25880,28,27
2021-08-21T23:59:59+02:00,3217,2992,33100,31879,49456,44019,51124,49665,62003,62194,72413,72836,53113,58639,36862,47597,11540,21958,29244,28391,46353,40816,48608,46856,59505,59402,70081,70382,51695,57030,35928,46315,11140,21097,556071,526971,77148,73281,105489,100951,25872,28,27
2021-08-20T23:59:59+02:00,3201,2981,32976,31786,49264,43883,50950,49555,61821,62066,72267,72754,53065,58597,36847,47579,11537,21954,28705,27891,45872,40448,48326,46645,59247,59218,69877,70257,51610,56972,35898,46287,11136,21090,555846,525273,77148,73106,105489,100718,24573,28,27
2021-08-19T23:59:59+02:00,3174,2958,32926,31747,49230,43848,50902,49516,61776,62028,72218,72715,53039,58577,36840,47564,11533,21947,27764,27035,45087,39845,47900,46284,58914,58944,69602,70034,51510,56883,35856,46239,11131,21084,555433,520895,77113,72131,105484,100626,24481,28,27
2021-08-18T23:59:59+02:00,3153,2939,32879,31703,49194,43813,50863,49480,61731,61992,72171,72688,53010,58560,36826,47550,11532,21942,26469,25732,44159,38972,47195,45543,58236,58362,69115,69576,51322,56661,35779,46147,11119,21067,555000,515355,77092,68923,105481,100573,24426,28,27
2021-08-17T23:59:59+02:00,3129,2916,32809,31640,49151,43744,50820,49445,61685,61947,72135,72647,52986,58536,36813,47538,11529,21937,25178,24340,43287,38280,46594,45064,57704,57921,68682,69251,51187,56477,35704,46068,11103,21053,554449,509740,77087,66837,105480,100536,24364,28,27
2021-08-16T23:59:59+02:00,3118,2895,32792,31621,49128,43722,50811,49428,61665,61929,72114,72632,52975,58528,36811,47527,11527,21933,23740,22944,42384,37435,46318,44771,57480,57660,68475,69092,51115,56392,35673,46023,11101,21039,554221,503378,77084,66805,105478,100523,24346,28,27
2021-08-15T23:59:59+02:00,3110,2883,32778,31603,49118,43716,50800,49417,61649,61913,72099,72620,52971,58519,36808,47527,11527,21933,21312,20489,41630,36891,45951,44399,57148,57361,68190,68835,51004,56290,35636,45967,11098,21029,554085,494639,77083,66626,105468,100507,24328,28,27
2021-08-14T23:59:59+02:00,3110,2882,32773,31601,49114,43714,50797,49415,61644,61910,72095,72614,52971,58519,36807,47527,11527,21933,21286,20462,41593,36860,45934,44384,57134,57350,68178,68824,51002,56287,35635,45966,11098,21028,554078,494451,77082,66625,105468,100507,24298,28,27
2021-08-13T23:59:59+02:00,3096,2865,32730,31573,49091,43699,50775,49397,61611,61879,72073,72594,52965,58512,36804,47522,11526,21930,21168,20376,41505,36763,45872,44332,57086,57312,68138,68790,50985,56275,35626,45958,11097,21026,553919,493863,77081,66622,105467,100486,24148,28,27
2021-08-12T23:59:59+02:00,3078,2836,32683,31524,49059,43659,50737,49368,61557,61852,72037,72558,52949,58493,36787,47513,11525,21927,20698,20062,40553,35953,45503,44003,56868,57133,67961,68626,50913,56191,35596,45914,11092,21019,553510,489626,77077,66620,105465,100441,24063,28,27
2021-08-11T23:59:59+02:00,3036,2805,32626,31480,49025,43625,50713,49344,61530,61821,72009,72530,52927,58467,36775,47504,11524,21920,19802,19178,39225,34763,44899,43423,56507,56803,67668,68352,50791,56053,35559,45855,11090,21006,553095,482199,77071,66615,105465,100419,24003,28,27
2021-08-10T23:59:59+02:00,3020,2786,32574,31435,48992,43596,50684,49312,61511,61782,71970,72485,52904,58451,36764,47481,11523,21915,18776,18208,37127,32897,44012,42545,56052,56403,67278,68005,50642,55900,35498,45759,11085,20986,552637,471947,77071,66613,105464,100400,23986,28,27
2021-08-09T23:59:59+02:00,3004,2779,32545,31411,48969,43577,50657,49294,61491,61764,71949,72465,52894,58442,36759,47471,11521,21914,17355,16793,34142,30474,43347,41911,55643,56039,66946,67678,50498,55751,35447,45710,11080,20968,552387,459754,77069,66609,105460,100388,23963,28,27
2021-08-08T23:59:59+02:00,3001,2779,32533,31400,48958,43570,50652,49288,61480,61756,71945,72464,52893,58440,36759,47468,11521,21913,17327,16763,34121,30459,43310,41881,55629,56026,66937,67673,50493,55746,35446,45707,11079,20967,552328,459569,77069,66604,105448,100369,23948,28,27
2021-08-07T23:59:59+02:00,3000,2774,32526,31389,48956,43562,50646,49288,61478,61753,71938,72462,52892,58438,36758,47468,11521,21913,17298,16730,34095,30441,43275,41850,55608,56009,66926,67666,50488,55744,35444,45707,11079,20966,552281,459339,77069,66601,105448,100368,23937,28,27
2021-08-06T23:59:59+02:00,2911,2682,32178,31163,48696,43366,50387,49059,61189,61548,71661,72295,52760,58334,36704,47415,11518,21904,17089,16590,33380,29964,42803,41481,55264,55782,66614,67490,50358,55650,35395,45670,11076,20959,552210,457666,75960,66313,105444,100366,22129,28,27
2021-08-05T23:59:59+02:00,2865,2643,32019,31043,48604,43276,50306,49004,61136,61503,71608,72254,52733,58315,36695,47398,11516,21902,16857,16339,31518,28529,41760,40529,54990,55436,66402,67318,50293,55573,35372,45631,11069,20950,551325,450855,75957,66240,105435,100243,22076,28,27
2021-08-04T23:59:59+02:00,2790,2567,31751,30851,48407,43141,50153,48893,61056,61427,71545,72198,52703,58275,36682,47383,11513,21897,16568,16093,31161,28307,40569,39456,54601,55105,66226,67166,50230,55491,35342,45603,11066,20943,550029,446546,75956,66221,105433,100170,21790,25,26
2021-08-03T23:59:59+02:00,2602,2386,31237,30385,48157,42892,49978,48699,60892,61256,71399,72051,52649,58203,36660,47354,11503,21883,16131,15647,30574,27784,38836,37839,53910,54458,65892,66854,50133,55363,35295,45551,11061,20933,547068,438874,75956,66215,105430,100151,21708,25,26
2021-08-02T23:59:59+02:00,2491,2291,30921,30100,47955,42708,49826,48571,60785,61150,71311,71969,52616,58171,36638,47335,11502,21880,15825,15376,30236,27430,36696,36014,53351,53943,65685,66679,50061,55278,35273,45523,11059,20929,545126,432030,75953,66210,105425,100039,21692,25,26
2021-08-01T23:59:59+02:00,2488,2288,30911,30092,47936,42696,49815,48563,60772,61140,71301,71964,52612,58163,36634,47335,11502,21880,15702,15250,30099,27314,34392,34161,53054,53692,65591,66610,50021,55237,35266,45504,11058,20927,545072,426583,75952,66205,105379,100015,21665,25,26
2021-07-31T23:59:59+02:00,2488,2288,30906,30088,47934,42694,49813,48563,60771,61140,71301,71962,52609,58160,36634,47335,11502,21879,15687,15237,30065,27291,34380,34154,53036,53684,65579,66605,50017,55232,35266,45503,11057,20926,545053,426433,75952,66204,105378,100011,21660,25,26
2021-07-30T23:59:59+02:00,2474,2283,30860,30043,47902,42673,49789,48538,60737,61111,71266,71944,52600,58149,36634,47335,11502,21877,15527,14937,29801,26977,34199,33905,52835,53391,65413,66402,49970,55186,35255,45491,11057,20925,544882,426067,75946,66194,105375,98102,21490,25,26
2021-07-29T23:59:59+02:00,2442,2263,30703,29951,47820,42612,49735,48472,60676,61070,71221,71898,52581,58130,36626,47319,11499,21872,15212,14659,29487,26759,32914,32959,52054,52779,65058,66135,49871,55093,35212,45434,11052,20917,544218,423363,75939,63466,105364,97958,21345,25,26
2021-07-28T23:59:59+02:00,2395,2226,30549,29842,47737,42544,49662,48400,60603,60992,71154,71841,52557,58092,36608,47301,11498,21867,14810,14286,29046,26444,32543,32628,51344,52167,64666,65808,49776,54990,35178,45377,11036,20898,543270,419221,75935,63412,105358,97571,21281,25,26
2021-07-27T23:59:59+02:00,2317,2153,30308,29575,47585,42363,49517,48263,60494,60869,71054,71753,52499,58032,36580,47262,11490,21860,14166,13630,28282,25813,31791,31976,50092,51072,63937,65242,49589,54783,35110,45262,11029,20878,541441,410882,75925,63386,105352,97474,21232,25,26
2021-07-26T23:59:59+02:00,2256,2098,30107,29344,47466,42234,49442,48180,60429,60804,71003,71707,52473,58000,36568,47249,11488,21851,13803,13255,27927,25523,31174,31566,48537,49700,62962,64416,49383,54577,35042,45181,11019,20866,540208,403173,75922,63380,105348,97440,21197,25,26
2021-07-25T23:59:59+02:00,2011,1896,29287,28670,47072,41917,49155,47893,60194,60579,70819,71548,52417,57925,36541,47208,11487,21843,13711,13195,27832,25458,31089,31499,48416,49636,62875,64366,49361,54559,35035,45172,11019,20865,536023,402538,75922,63373,105341,97279,21152,25,26
2021-07-24T23:59:59+02:00,1930,1828,29029,28439,46922,41811,49037,47792,60037,60460,70690,71468,52369,57895,36523,47187,11485,21843,13576,13082,27631,25322,30927,31369,48203,49466,62712,64271,49317,54529,35020,45154,11017,20863,535328,401924,75919,63370,105340,97278,20134,25,26
2021-07-23T23:59:59+02:00,1815,1708,28698,28113,46675,41657,48780,47579,59787,60272,70486,71341,52294,57824,36504,47150,11481,21834,13321,12856,27198,25007,30542,31061,47602,48978,62383,64033,49234,54463,34998,45110,11012,20854,534326,399513,75542,63316,105329,97275,18777,25,26
2021-07-22T23:59:59+02:00,1803,1701,28620,28033,46535,41518,48566,47369,59609,60130,70367,71212,52251,57787,36488,47133,11481,21834,13092,12595,26865,24676,30189,30743,45674,47416,61577,63332,49138,54361,34960,45066,11009,20844,534018,392809,74393,63167,105286,97051,18716,25,26
2021-07-21T23:59:59+02:00,1769,1662,28355,27829,46149,41184,47973,46813,59023,59647,69910,70820,52079,57626,36430,47076,11472,21821,12669,12151,26285,24135,29615,30175,41942,44172,60088,62061,48969,54180,34896,44983,10999,20817,533462,381164,71118,62651,105132,96602,17902,25,26
2021-07-20T23:59:59+02:00,1746,1647,28236,27693,46084,41127,47926,46774,58968,59598,69857,70772,52045,57598,36414,47051,11468,21814,12171,11619,25548,23445,28962,29425,38486,41181,58541,60599,48766,53957,34814,44891,10981,20797,532775,370770,71096,59266,105115,96479,17808,25,26
2021-07-19T23:59:59+02:00,1741,1646,28209,27660,46062,41116,47914,46762,58955,59582,69845,70770,52043,57594,36414,47047,11466,21814,12125,11590,25482,23411,28930,29391,38441,41148,58499,60572,48762,53949,34813,44888,10978,20796,532636,370450,71096,59252,105100,96426,17784,25,26
2021-07-18T23:59:59+02:00,1737,1639,28184,27635,46039,41107,47902,46753,58949,59573,69838,70762,52041,57593,36413,47046,11466,21813,12063,11565,25396,23370,28870,29359,38380,41121,58439,60531,48760,53945,34810,44887,10978,20796,532515,370113,71094,59221,105092,96307,17765,25,26
2021-07-17T23:59:59+02:00,1737,1637,28163,27620,46025,41097,47891,46748,58942,59567,69831,70758,52036,57589,36412,47046,11466,21813,12035,11551,25362,23333,28837,29340,38358,41103,58404,60507,48750,53937,34808,44887,10978,20796,532434,369862,71093,59217,105092,96304,17735,25,26
2021-07-16T23:59:59+02:00,1722,1616,27897,27426,45737,40932,47662,46574,58641,59366,69599,70617,51930,57517,36368,47010,11461,21811,11782,11355,25029,23092,28534,29108,37959,40829,57896,60084,48614,53823,34756,44837,10972,20792,532118,368658,71092,59214,104960,96027,15692,25,26
2021-07-15T23:59:59+02:00,1624,1503,27434,27038,45475,40696,47516,46461,58500,59252,69496,70530,51889,57474,36353,46987,11460,21804,11484,11124,24549,22755,28166,28837,37567,40548,55848,58036,48443,53621,34698,44753,10964,20781,529788,361712,71091,59122,104952,95817,15637,25,26
2021-07-14T23:59:59+02:00,1457,1371,26869,26499,45169,40407,47313,46276,58316,59055,69334,70383,51827,57415,36328,46957,11454,21799,11291,10933,24141,22399,27814,28520,37046,40146,54629,56855,48305,53470,34647,44689,10956,20759,526613,358000,71085,57454,104933,95672,15574,25,26
2021-07-13T23:59:59+02:00,1170,1066,25915,25604,44677,39995,46954,45956,57991,58769,69062,70137,51716,57289,36285,46902,11450,21784,10947,10590,23611,21852,27193,27932,35666,38956,50496,52951,47941,53082,34517,44540,10939,20730,521221,348729,71079,52250,104930,95570,15468,25,26
2021-07-12T23:59:59+02:00,706,669,24538,24349,44117,39513,46753,45739,57778,58574,68879,69965,51654,57198,36267,46876,11448,21776,10712,10482,23410,21713,26938,27795,35416,38786,50054,52529,47866,52996,34488,44505,10939,20724,515331,347261,71078,52223,104924,94489,15443,24,26
2021-07-11T23:59:59+02:00,703,664,24519,24329,44087,39493,46735,45728,57764,58561,68865,69963,51652,57195,36264,46872,11447,21776,10616,10394,23190,21588,26672,27697,35106,38704,49340,52042,46381,51408,34398,44397,10939,20722,515244,346749,71074,52176,104911,89365,15365,24,26
2021-07-10T23:59:59+02:00,701,659,24511,24324,44082,39485,46733,45726,57758,58560,68865,69962,51652,57195,36264,46872,11447,21776,10603,10384,23167,21567,26658,27686,35084,38699,49326,52037,46367,51392,34396,44396,10939,20722,515212,346640,71073,52175,104909,89310,15355,24,26
2021-07-09T23:59:59+02:00,694,649,24063,23864,43802,39245,46667,45666,57698,58519,68813,69937,51635,57182,36260,46864,11446,21776,10522,10215,23072,21379,26597,27476,35016,38482,49260,51933,46345,51367,34392,44393,10939,20722,513451,345406,71070,52162,104903,89266,15333,24,26
2021-07-08T23:59:59+02:00,628,583,22974,22858,43004,38645,46417,45461,57490,58376,68614,69798,51558,57116,36232,46841,11444,21768,10265,10022,22697,21125,26202,27211,34535,38168,48651,51411,46007,51000,34322,44315,10932,20700,508763,341821,71045,52012,104846,88647,15130,24,26
2021-07-07T23:59:59+02:00,576,537,21652,21468,42264,37961,46193,45238,57250,58186,68447,69638,51473,57032,36195,46788,11436,21754,9896,9719,21820,20533,25092,26418,32696,36800,47730,50524,45506,50463,34215,44176,10923,20682,503380,336883,70870,47629,104825,87728,14990,24,25
2021-07-06T23:59:59+02:00,519,473,20418,20187,41411,37315,45714,44887,56855,57881,68119,69379,51374,56906,36151,46737,11428,21745,9506,9338,20955,19940,24126,25760,31209,35606,46532,49324,44727,49680,34079,44000,10910,20662,498888,329552,68939,45527,104805,86455,14844,24,25
2021-07-05T23:59:59+02:00,483,445,19008,18804,40549,36513,45498,44661,56672,57678,67958,69252,51318,56850,36130,46708,11426,21738,9217,9081,20398,19557,23457,25338,30569,35179,45772,48708,43972,48890,33949,43811,10901,20650,493166,323766,68936,45505,104798,85426,14770,22,25
2021-07-04T23:59:59+02:00,476,439,17220,16793,40207,36283,45410,44588,56586,57608,67879,69183,51286,56824,36120,46687,11424,21736,9156,9028,20259,19492,23285,25260,30311,35099,44978,48578,42608,47538,33870,43737,10899,20644,488336,323306,68909,45459,104783,81296,14699,22,25
2021-07-03T23:59:59+02:00,476,437,17198,16769,40158,36237,45391,44571,56581,57604,67873,69176,51284,56821,36120,46687,11424,21735,9112,8986,20191,19424,23223,25194,30228,35019,44757,48402,42539,47462,33825,43678,10896,20644,488150,322342,68907,45458,104782,81116,14681,22,25
2021-07-02T23:59:59+02:00,456,414,17079,16661,39691,35858,45277,44471,56527,57563,67825,69144,51272,56816,36114,46675,11424,21734,8951,8816,19864,19145,22834,24816,29811,34604,44131,47757,42337,47232,33726,43542,10890,20640,486642,319339,68889,44424,104780,80680,14668,22,25
2021-07-01T23:59:59+02:00,404,374,16771,16378,37956,34524,44704,43972,56267,57353,67650,68975,51192,56726,36086,46637,11420,21726,8578,8419,19002,18432,21867,23961,28427,33415,41100,44786,41340,46150,33113,42816,10873,20611,481157,311844,68814,39544,104758,77143,14364,22,25
2021-06-30T23:59:59+02:00,356,329,16481,16133,35769,32699,44082,43341,56042,57157,67445,68783,51110,56634,36057,46583,11416,21710,8218,8084,18328,17802,20979,23129,27152,32151,36457,39915,40259,45004,32452,42027,10852,20585,474309,301350,68768,33513,104738,74244,14290,22,25
2021-06-29T23:59:59+02:00,316,292,16259,15933,34772,31614,43630,42896,55860,56993,67273,68633,51034,56561,36018,46539,11408,21703,7635,7480,17200,16872,19725,21914,25454,30473,33712,36791,37405,41956,31709,41137,10829,20547,470101,285159,68760,33465,104724,68088,14127,22,23
2021-06-28T23:59:59+02:00,306,270,16111,15776,33060,30205,43308,42602,55694,56852,67156,68526,50988,56509,36000,46518,11405,21691,7330,7223,16643,16498,19332,21599,24945,30086,33124,36290,36025,40467,30921,40203,10825,20536,465689,282114,68735,33411,104702,62690,13829,22,23
2021-06-27T23:59:59+02:00,306,270,16090,15751,32910,30118,43246,42574,55657,56843,67130,68518,50983,56505,35997,46517,11405,21690,7286,7193,16506,16432,19169,21537,24744,30012,32897,36150,34766,39195,29294,38282,10824,20535,465370,281944,68732,33372,104696,55812,13690,22,23
2021-06-26T23:59:59+02:00,304,268,16067,15726,32886,30100,43200,42532,55633,56828,67124,68515,50982,56503,35994,46516,11405,21690,7282,7181,16487,16421,19153,21527,24711,29989,32877,36130,34752,39182,29292,38279,10824,20535,465137,281750,68729,33372,104696,55807,13689,22,23
2021-06-25T23:59:59+02:00,297,266,16008,15679,32766,30002,43008,42372,55575,56782,67082,68491,50972,56492,35990,46515,11405,21690,7096,6904,16203,15912,18884,20871,24340,29056,32489,35409,34591,38965,29269,38249,10824,20535,464299,279067,68726,33362,104679,53498,13666,22,23
2021-06-24T23:59:59+02:00,277,253,15737,15475,32307,29711,41538,41129,55111,56426,66849,68331,50918,56436,35974,46487,11400,21680,6776,6674,15503,15467,17433,19850,22262,27497,31390,34513,34187,38539,29145,38068,10812,20521,459727,269359,68723,33309,104675,53072,12892,22,23
2021-06-23T23:59:59+02:00,262,236,15456,15186,31806,29311,39434,39308,54567,55883,66598,68110,50829,56327,35934,46441,11395,21667,6569,6509,15138,15187,16906,19402,21380,26699,29692,33147,33429,37686,28954,37828,10805,20506,452667,261537,68674,33218,104671,52358,12716,22,23
2021-06-22T23:59:59+02:00,240,201,15078,14791,31138,28678,35993,36260,53655,55082,66295,67805,50722,56205,35895,46384,11391,21653,6389,6297,14732,14858,16102,18681,19962,25385,28090,31495,32631,36710,28414,37222,10787,20473,441728,251430,68641,33133,104665,51243,12410,22,23
2021-06-21T23:59:59+02:00,225,195,14835,14613,30450,28212,33830,34294,53191,54656,66116,67688,50641,56131,35870,46362,11386,21648,6294,6212,14573,14738,15933,18544,19841,25273,27980,31408,32476,36571,27205,35988,10787,20470,434893,250750,68619,33085,104634,48271,12175,22,23
2021-06-20T23:59:59+02:00,218,194,14711,14524,28548,26872,33219,33843,53102,54560,66048,67651,50618,56103,35862,46359,11385,21646,5844,5915,13627,14098,15101,17952,19285,24915,27664,31206,32311,36392,27179,35957,10785,20466,430512,245751,68615,33050,104630,48199,11685,21,23
2021-06-19T23:59:59+02:00,212,189,14685,14491,28433,26789,33190,33816,53080,54544,66032,67640,50612,56094,35860,46354,11384,21644,5630,5755,13068,13687,14493,17475,18959,24713,27470,31035,32232,36292,27162,35943,10785,20466,430105,242231,68613,33046,104630,48196,11680,21,23
2021-06-18T23:59:59+02:00,210,180,14595,14406,28329,26722,31940,32912,52715,54237,65898,67546,50581,56060,35842,46328,11380,21640,5563,5678,12967,13603,14329,17349,18723,24484,26650,30369,32026,36055,27096,35868,10781,20459,429602,239284,65649,32932,104620,48142,11629,21,23
2021-06-17T23:59:59+02:00,196,164,14220,14141,27738,26469,31452,32651,51926,53670,65471,67279,50500,55959,35808,46287,11374,21627,5184,5420,12181,13129,13540,16737,17630,23555,24491,28405,31384,35318,26897,35590,10764,20444,426396,230265,65644,32653,104596,47460,10277,19,23
2021-06-16T23:59:59+02:00,167,136,13791,13736,27273,26112,31008,32294,51113,52967,65016,66890,50381,55839,35779,46230,11363,21615,4821,4985,11463,12462,12748,16043,16529,22433,21522,25541,30316,34111,26600,35186,10749,20403,421527,216234,65597,32625,104589,47061,9978,19,23
2021-06-15T23:59:59+02:00,105,83,13159,13112,26526,25535,30225,31698,49861,51901,64305,66365,50203,55642,35712,46118,11354,21596,4326,4357,10497,11529,11593,14664,14800,20731,18090,22237,28945,32676,26213,34667,10724,20360,413815,197630,65577,32508,104584,46752,9505,19,23
2021-06-14T23:59:59+02:00,75,62,12754,12740,26116,25210,29562,31232,48069,50432,63254,65530,49987,55416,35635,46042,11346,21584,4226,4302,10321,11398,11450,14533,14623,20610,17897,22078,28874,32595,26195,34639,10720,20357,405943,197191,65567,32236,104583,46443,8934,19,23
2021-06-13T23:59:59+02:00,74,61,12713,12697,26045,25174,29499,31206,48016,50407,63219,65506,49981,55413,35633,46038,11345,21581,4070,4224,9994,11270,11127,14422,14326,20498,17496,21736,27360,30954,26055,34444,10716,20346,405743,196449,65491,27563,104576,46233,8779,19,23
2021-06-12T23:59:59+02:00,74,60,12695,12680,26029,25163,29488,31194,47956,50336,63177,65470,49980,55410,35633,46038,11345,21581,4068,4215,9979,11253,11119,14407,14307,20481,17475,21727,27319,30909,26050,34438,10716,20346,405446,196263,65491,27561,104574,46192,8779,19,23
2021-06-11T23:59:59+02:00,72,57,12595,12554,25904,25049,29366,31070,47718,50111,63045,65351,49956,55384,35622,46027,11343,21579,3975,3947,9461,10070,10690,13500,14018,19923,17202,21251,26910,30487,25960,34356,10713,20344,404178,195221,65482,27557,104534,41425,8590,19,23
2021-06-10T23:59:59+02:00,64,50,12351,12337,25587,24768,29022,30801,46645,49095,62310,64782,49871,55288,35588,45975,11333,21566,3706,3583,8695,8826,9795,11859,12717,17167,15418,17649,25193,28564,25663,34051,10707,20320,399304,189707,65425,27120,104333,28720,8352,19,22
2021-06-09T23:59:59+02:00,50,38,12057,12012,25181,24364,28625,30406,44635,47271,61219,63843,49766,55164,35541,45921,11327,21548,3459,3461,8272,8576,9284,11538,12201,16776,14706,17050,21357,24244,25437,33750,10695,20294,391318,178128,65297,26772,104331,28183,8003,19,22
2021-06-08T23:59:59+02:00,44,27,11627,11475,24511,23744,27967,29740,41465,44425,59445,62209,49595,54972,35467,45830,11317,21526,3251,3324,7872,8319,8666,11164,11538,16355,14049,16403,15977,18289,25046,33224,10677,20264,378645,162923,65234,26439,104321,27879,7167,19,18
2021-06-07T23:59:59+02:00,39,20,11465,11281,24162,23468,27685,29531,38837,42496,59016,61846,49561,54941,35455,45809,11315,21520,3154,3255,7566,8147,8347,10988,10965,15902,13544,15925,15900,18209,25015,33173,10675,20257,372986,162603,64807,24614,104312,27472,6323,19,18
2021-06-06T23:59:59+02:00,36,19,11329,11177,23841,23239,27474,29360,37239,41310,58890,61767,49537,54912,35447,45795,11315,21518,3052,3205,7294,8058,8080,10820,10227,15220,12949,15305,15748,18098,25001,33150,10673,20257,372581,162488,61425,21457,104301,27304,5879,19,17
2021-06-05T23:59:59+02:00,35,18,11311,11158,23797,23198,27439,29333,37211,41296,58791,61682,49526,54905,35445,45793,11315,21515,3040,3193,7270,8024,8049,10802,10197,15206,12906,15281,15625,17933,24996,33142,10672,20256,372239,162052,61422,21456,104301,27288,5787,19,17
2021-06-04T23:59:59+02:00,35,16,11128,10900,23437,22733,27162,28937,36783,40846,58171,61142,49492,54864,35435,45775,11313,21509,3016,3177,7241,8007,8027,10785,10166,15182,12872,15247,15413,17726,24985,33121,10670,20255,370439,161466,59152,21443,104287,27190,5781,19,17
2021-06-03T23:59:59+02:00,33,15,10907,10683,22978,22344,26736,28601,35685,40019,55409,58794,49363,54705,35392,45711,11308,21494,2923,3097,7034,7851,7570,10488,9139,14551,11626,14545,14230,16258,24806,32903,10658,20236,366491,158109,54231,17718,104237,26879,5199,19,17
2021-06-02T23:59:59+02:00,33,15,10869,10646,22943,22310,26702,28575,35654,39979,55283,58636,49349,54680,35386,45704,11308,21493,2882,3066,6979,7832,7509,10455,8983,14511,11401,14482,12874,14774,24688,32730,10653,20229,365899,154286,54225,17706,104236,26860,5186,19,17
2021-06-01T23:59:59+02:00,20,8,10453,10296,22289,21801,26015,27992,34932,39401,52281,55488,48960,54271,35268,45541,11292,21467,2426,2707,5628,7149,6236,9879,7586,13840,10266,13519,8566,9211,24210,32049,10630,20174,355137,136094,54045,17336,104217,26279,4357,19,17
2021-05-31T23:59:59+02:00,19,7,10177,10064,21713,21407,25607,27742,34610,39197,50832,54091,48862,54147,35235,45500,11285,21460,2316,2584,5338,6905,5973,9659,7222,13599,10010,13359,8515,9149,24184,32002,10622,20162,350404,135321,54002,17215,104193,25716,3337,19,17
2021-05-30T23:59:59+02:00,18,7,10121,10015,21621,21368,25542,27708,34498,39126,50466,53750,48836,54122,35229,45494,11283,21457,2279,2555,5234,6827,5873,9591,7033,13512,9784,13262,8471,9102,24168,31995,10621,20157,349216,134728,53981,17041,104176,25416,3269,19,17
2021-05-29T23:59:59+02:00,17,7,10107,10003,21587,21349,25525,27695,34477,39113,50453,53732,48832,54118,35226,45493,11283,21457,2260,2503,5191,6701,5813,9461,6917,13314,9645,13041,8400,9011,24101,31928,10620,20156,349059,134451,53981,16989,104155,24352,3260,19,17
2021-05-28T23:59:59+02:00,17,7,10047,9933,21511,21239,25444,27575,34400,39013,50373,53633,48811,54100,35217,45485,11283,21453,2177,2237,4577,6164,5192,8744,6550,12353,9149,12046,8222,8812,23730,31446,10619,20153,348205,132951,53968,16891,104097,19067,3253,18,16
2021-05-27T23:59:59+02:00,16,7,9781,9686,20986,20862,24900,27216,33876,38635,49762,53023,48641,53908,35147,45411,11279,21433,1936,1969,4002,5647,4515,8143,6040,11584,8203,10722,7716,8150,22166,29294,10604,20131,343925,127285,53559,15759,103990,14690,3077,18,16
2021-05-26T23:59:59+02:00,16,7,9506,9442,20265,20295,24026,26545,32613,37606,48997,52317,48387,53619,35071,45298,11267,21409,1879,1897,3908,5523,4381,7980,5833,11321,7877,10338,7152,7425,19728,25867,10584,20087,339205,118798,50588,15507,103937,14525,2938,18,16
2021-05-25T23:59:59+02:00,15,7,9243,9206,19853,19938,23589,26154,32103,37090,48103,51338,48089,53301,34982,45156,11255,21379,1811,1848,3788,5425,4244,7831,5623,11097,7562,10015,6526,6584,15592,20478,10564,20029,333619,106573,50506,15464,103864,14174,2794,18,16
2021-05-24T23:59:59+02:00,14,7,9027,9046,19284,19648,22818,25767,30590,36076,47878,51166,47997,53201,34953,45126,11253,21378,1786,1830,3742,5393,4179,7789,5558,11038,7486,9959,6500,6560,15578,20469,10564,20029,332036,106454,46711,15451,103803,13883,2661,18,15
2021-05-23T23:59:59+02:00,14,7,8820,8839,18928,19357,22396,25421,30166,35755,47286,50653,47563,52746,34850,44980,11245,21369,1784,1829,3732,5388,4175,7783,5548,11030,7476,9950,6495,6549,15578,20467,10564,20029,327207,106395,46709,15449,103802,13863,2659,18,15
2021-05-22T23:59:59+02:00,14,7,8789,8803,18878,19314,22350,25389,30113,35724,47178,50583,47544,52723,34847,44971,11242,21369,1783,1825,3720,5376,4171,7777,5543,11024,7469,9946,6492,6547,15575,20466,10564,20029,326664,106359,46709,15449,103801,13842,2646,18,15
2021-05-21T23:59:59+02:00,13,7,8517,8448,18437,18800,21989,24744,29686,34913,46691,49917,47455,52598,34809,44928,11239,21364,1719,1783,3643,5337,4128,7742,5511,10978,7428,9898,6462,6521,15497,20369,10563,20028,321458,106045,46678,15448,103777,13479,2624,18,15
2021-05-20T23:59:59+02:00,12,7,7943,7904,17493,18004,20982,23828,28365,33712,44944,48094,47015,52136,34700,44771,11221,21345,1420,1621,3333,5050,3863,7355,5214,10498,7047,9445,6228,6265,14182,18826,10540,19989,309852,102291,46591,14965,103547,11141,2468,18,15
2021-05-19T23:59:59+02:00,12,7,7678,7588,16888,17402,20082,22952,27136,32454,43148,46005,46484,51581,34548,44548,11200,21314,1354,1536,3131,4837,3657,7103,4988,10146,6752,9114,5944,5931,11971,15972,10522,19929,298708,96054,46552,14489,103500,10085,2249,18,14
2021-05-18T23:59:59+02:00,11,7,7152,7049,15737,16380,18811,21704,25629,30824,40457,42776,45653,50634,34310,44243,11175,21272,1333,1510,3072,4767,3581,6982,4854,10014,6571,8903,5677,5654,10266,13795,10497,19875,282922,90910,45347,14439,103395,9849,2143,17,14
2021-05-17T23:59:59+02:00,11,7,7074,6988,15555,16269,18596,21536,25229,30497,38705,41139,45543,50555,34262,44178,11165,21248,1300,1487,3016,4722,3517,6923,4785,9910,6475,8802,5635,5614,10252,13777,10493,19867,282705,90837,40581,14158,103352,9668,1902,17,14
2021-05-16T23:59:59+02:00,10,6,6959,6936,15434,16182,18467,21430,25049,30382,35722,38369,45507,50520,34240,44154,11162,21243,1277,1469,2972,4682,3469,6865,4702,9841,6380,8723,5604,5577,10240,13761,10491,19864,282424,90789,34431,13892,103233,9559,1667,17,14
2021-05-15T23:59:59+02:00,10,6,6934,6906,15373,16124,18421,21390,24982,30338,35686,38328,45484,50493,34233,44149,11162,21243,1265,1443,2940,4610,3450,6796,4683,9760,6358,8672,5598,5573,10235,13760,10491,19864,281942,90734,34430,13888,103219,9212,1654,17,14
2021-05-14T23:59:59+02:00,10,5,6761,6536,15024,15628,18108,20973,24645,29877,35441,37978,45455,50462,34223,44144,11162,21241,1206,1384,2861,4507,3403,6692,4619,9609,6275,8542,5568,5528,10222,13750,10491,19863,280878,90645,34281,13869,100909,8409,1588,17,13
2021-05-13T23:59:59+02:00,10,5,6406,6213,14265,15048,17402,20341,23787,29136,34670,37308,45168,50118,34144,44020,11158,21230,1034,1299,2666,4397,3286,6570,4478,9439,6152,8399,5526,5490,10205,13733,10487,19858,274468,90492,33950,13789,100693,7428,1301,17,13
2021-05-12T23:59:59+02:00,10,5,6007,5943,13292,14371,16381,19539,23123,28699,34364,37024,44985,49923,34113,43989,11155,21227,1031,1297,2659,4391,3268,6566,4473,9429,6144,8394,5519,5484,10203,13728,10486,19857,268217,90431,33939,13779,100689,7423,1288,17,12
2021-05-11T23:59:59+02:00,10,5,5629,5719,12704,13921,14577,18097,20172,26173,32048,34697,43930,48661,33788,43517,11126,21177,968,1223,2541,4218,3160,6329,4355,9141,6027,8168,5448,5404,10161,13666,10478,19839,250923,89954,33660,13561,100245,6497,1106,17,11
2021-05-10T23:59:59+02:00,10,5,5480,5620,12432,13795,14225,17873,19369,25605,30672,33674,43399,48047,33731,43428,11118,21158,925,1164,2442,4054,3065,6127,4230,8877,5905,7971,5411,5372,10149,13649,10474,19830,245448,89845,33449,13501,99937,5501,790,17,11
2021-05-09T23:59:59+02:00,10,5,5076,5381,11244,13267,13225,17511,18344,25274,30127,33385,43343,47975,33705,43414,11115,21150,901,1134,2343,3949,2975,5989,4098,8702,5811,7867,5402,5358,10142,13644,10469,19826,240131,89798,33377,13459,99594,4914,432,17,10
2021-05-08T23:59:59+02:00,10,5,5065,5373,11222,13248,13199,17492,18314,25241,30087,33342,43335,47964,33704,43410,11115,21150,898,1127,2331,3941,2970,5989,4094,8696,5808,7864,5399,5355,10139,13639,10469,19826,239864,89771,33375,13459,99593,4881,427,17,10
2021-05-07T23:59:59+02:00,10,5,4963,5290,10991,13080,12914,17272,17706,24640,29137,32448,43141,47723,33648,43338,11111,21144,870,1096,2297,3886,2928,5940,4039,8641,5724,7811,5352,5307,10127,13630,10469,19825,237363,89635,31483,13456,99484,4629,215,16,10
2021-05-06T23:59:59+02:00,10,5,4550,5006,10321,12664,12157,16606,16109,23194,26591,30055,42438,46974,33481,43101,11095,21121,813,1040,2161,3639,2759,5631,3845,8168,5525,7488,5301,5254,10104,13602,10467,19817,228598,89451,28140,13142,98667,2957,57,16,10
2021-05-05T23:59:59+02:00,10,5,4240,4779,9723,12222,11436,16023,15009,22165,23736,27295,41457,45868,33199,42714,11077,21079,798,1016,2098,3514,2701,5476,3751,7957,5429,7354,5252,5199,10067,13563,10465,19814,215573,89189,27956,13004,98445,2207,47,16,10
2021-05-04T23:59:59+02:00,10,5,3893,4327,9054,11531,10664,15183,13705,20914,20132,23890,40110,44407,32825,42191,11054,21040,780,986,2029,3398,2631,5341,3658,7805,5332,7231,5214,5153,10037,13534,10463,19811,198525,88969,27938,12705,98416,1682,40,16,10
2021-05-03T23:59:59+02:00,10,4,3651,3907,8647,11040,10183,14560,13171,20259,19409,23244,39844,44155,32746,42087,11051,21025,766,956,1963,3295,2573,5235,3599,7692,5281,7144,5199,5140,10022,13517,10460,19806,192673,88828,27926,12696,98353,1092,25,16,10
2021-05-02T23:59:59+02:00,10,4,3648,3906,8629,11032,10173,14552,13150,20247,19391,23233,39841,44154,32745,42086,11050,21025,762,940,1933,3213,2526,5139,3552,7567,5261,7079,5195,5137,10021,13513,10460,19804,192581,88810,27912,12664,98347,601,20,16,10
2021-05-01T23:59:59+02:00,10,4,3646,3899,8616,11018,10164,14541,13143,20245,19380,23224,39841,44152,32745,42086,11050,21025,761,940,1932,3213,2525,5139,3552,7567,5261,7079,5195,5137,10021,13513,10459,19804,192497,88809,27910,12662,98347,601,19,16,10
2021-04-30T23:59:59+02:00,10,3,3624,3873,8571,10983,10119,14502,13082,20206,19278,23073,39572,43829,32724,42065,11049,21025,757,935,1918,3205,2524,5131,3549,7560,5259,7072,5192,5134,10017,13512,10459,19804,191571,88783,27641,12659,98341,560,19,16,10
2021-04-29T23:59:59+02:00,10,3,3357,3699,8136,10711,9571,14217,12586,19841,18542,22344,36510,40377,32462,41700,11038,20989,744,921,1870,3144,2475,5065,3483,7419,5168,6973,5152,5099,9994,13469,10457,19798,186019,88576,21805,12504,98236,126,18,15,10
2021-04-28T23:59:59+02:00,10,3,3192,3633,7869,10601,9175,14044,12208,19607,18058,21911,32716,36059,32244,41398,11025,20967,727,905,1844,3105,2430,5016,3445,7362,5102,6909,5089,5037,9943,13410,10454,19788,174850,88363,21651,12066,98191,118,13,15,9
2021-04-27T23:59:59+02:00,9,3,3111,3567,7612,10472,8823,13870,11724,19382,17580,21420,27147,29865,31867,40890,11004,20934,717,891,1812,3069,2394,4970,3391,7303,5047,6833,5039,4967,9908,13357,10450,19779,159495,88151,21629,11643,98128,115,13,15,8
2021-04-26T23:59:59+02:00,9,3,3055,3532,7468,10407,8656,13810,11494,19315,17055,21034,27112,29831,31853,40875,11004,20934,694,859,1744,3010,2327,4915,3324,7213,4949,6728,4940,4892,9827,13273,10448,19776,158911,88018,21410,10768,97099,115,13,14,8
2021-04-25T23:59:59+02:00,9,3,3017,3516,7308,10356,8420,13760,11162,19272,16223,20563,25557,28171,31799,40811,11004,20931,694,858,1738,3005,2320,4912,3318,7205,4945,6719,4937,4887,9819,13262,10448,19776,158427,87995,21400,10731,92028,99,13,14,8
2021-04-24T23:59:59+02:00,9,3,3013,3510,7293,10342,8408,13752,11148,19262,16203,20545,25512,28108,31796,40805,11003,20930,694,858,1738,3004,2320,4912,3317,7205,4945,6719,4937,4886,9817,13261,10448,19776,158218,87989,21396,10731,92001,99,13,14,8
2021-04-23T23:59:59+02:00,9,3,2996,3493,7251,10300,8361,13710,11081,19203,16142,20480,25091,27604,31763,40749,11000,20927,684,850,1720,2995,2304,4883,3266,7167,4845,6622,4798,4763,9646,13062,10442,19761,157030,87696,21258,9997,91848,98,13,14,7
2021-04-22T23:59:59+02:00,8,3,2917,3414,7058,10116,7820,13302,9874,18406,14587,19435,23075,25169,31550,40479,10981,20897,619,800,1606,2882,2178,4718,3106,6995,4661,6422,4641,4589,9133,12404,10405,19682,152222,85778,15960,8967,90883,79,13,13,7
2021-04-21T23:59:59+02:00,8,3,2864,3365,6934,10028,7610,13147,9506,18165,14116,18987,20559,22031,31250,40088,10961,20871,571,776,1526,2803,2091,4627,2979,6852,4498,6257,4457,4409,8560,11637,10359,19589,145208,83974,15188,7929,90072,71,13,12,7
2021-04-20T23:59:59+02:00,8,3,2824,3326,6828,9939,7473,13038,9254,17947,13623,18595,17164,17966,30936,39613,10944,20835,541,741,1453,2739,2005,4548,2879,6732,4363,6096,4268,4215,7694,10423,10289,19437,136346,81047,14944,7295,89001,66,13,12,5
2021-04-19T23:59:59+02:00,8,3,2810,3317,6780,9899,7420,13002,9179,17873,13486,18479,16831,17585,30901,39574,10942,20830,482,701,1333,2644,1906,4450,2747,6574,4165,5905,4014,3914,5846,7988,10070,19034,136022,75185,14748,6511,88124,62,13,12,5
2021-04-18T23:59:59+02:00,8,3,2794,3303,6702,9873,7315,12951,8982,17806,12648,18349,15419,16179,30833,39511,10938,20823,476,695,1323,2636,1891,4439,2714,6545,4104,5855,3938,3843,5434,7360,10023,18951,135800,73692,14605,6462,84007,58,13,12,5
2021-04-17T23:59:59+02:00,8,3,2784,3299,6685,9851,7285,12930,8950,17767,12615,18329,15367,16129,30779,39439,10937,20823,476,692,1323,2635,1890,4435,2710,6540,4101,5851,3937,3841,5429,7359,10022,18950,135447,73656,14604,6462,83904,58,13,12,5
2021-04-16T23:59:59+02:00,8,3,2771,3285,6651,9836,7234,12891,8875,17715,12507,18226,15119,15848,30261,38790,10934,20815,476,689,1318,2630,1881,4433,2704,6534,4093,5843,3931,3835,5412,7330,10020,18948,133918,73555,14597,6451,83230,56,13,11,5
2021-04-15T23:59:59+02:00,8,3,2718,3230,6520,9738,7045,12712,8532,17442,12032,17760,14060,14625,28137,35981,10915,20792,467,683,1314,2604,1866,4410,2681,6506,4050,5790,3874,3761,5380,7278,10012,18935,127986,73237,14322,6313,79919,47,12,11,5
2021-04-14T23:59:59+02:00,7,1,2662,3179,6426,9644,6899,12552,8259,17174,11600,17297,12877,13241,23419,29899,10893,20736,463,676,1299,2594,1853,4392,2659,6481,4007,5753,3827,3710,5318,7223,9982,18897,115585,72937,14290,6159,76868,24,12,10,5
2021-04-13T23:59:59+02:00,7,1,2609,3144,6298,9559,6747,12417,7981,16923,11174,16872,10214,10315,20329,25724,10870,20692,447,652,1252,2551,1802,4330,2551,6380,3825,5591,3613,3525,5170,7084,9973,18874,107136,72590,14095,4996,70623,20,12,10,5
2021-04-12T23:59:59+02:00,7,1,2588,3130,6238,9530,6640,12331,7789,16794,10926,16664,8851,8824,19508,24749,10868,20683,441,643,1233,2535,1786,4306,2517,6340,3774,5539,3549,3477,5135,7043,9968,18852,107010,72450,14040,4658,65049,16,12,10,5
2021-04-11T23:59:59+02:00,7,1,2559,3120,6142,9504,6525,12294,7624,16743,10726,16560,7574,7547,17777,22772,10866,20680,441,643,1232,2533,1786,4305,2517,6340,3770,5534,3544,3476,5129,7041,9968,18852,106940,72439,14034,4646,58026,13,11,10,5
2021-04-10T23:59:59+02:00,7,1,2558,3118,6133,9499,6516,12289,7618,16738,10719,16552,7565,7535,17767,22765,10866,20680,441,639,1230,2530,1785,4302,2515,6336,3767,5533,3535,3462,5121,7027,9968,18852,106855,72379,14034,4639,58017,13,10,10,5
2021-04-09T23:59:59+02:00,7,1,2496,3020,5998,9292,6362,12026,7359,16330,10407,16057,7407,7330,17651,22585,10865,20678,436,634,1212,2517,1760,4284,2482,6286,3688,5452,3417,3352,4980,6933,9963,18850,106381,72293,14005,3930,55465,11,10,10,5
2021-04-08T23:59:59+02:00,7,1,2418,2948,5903,9173,6259,11896,7188,16145,10151,15868,7210,7071,16383,21127,10854,20647,429,628,1198,2484,1734,4247,2455,6213,3634,5386,3339,3305,4900,6828,9941,18804,102723,71841,13651,3662,54855,10,10,10,5
2021-04-07T23:59:59+02:00,7,1,2391,2912,5831,9101,6170,11821,7055,16045,9908,15717,6912,6744,14056,18177,10833,20600,423,627,1187,2471,1721,4223,2441,6173,3566,5327,3267,3252,4841,6766,9932,18775,96553,71555,13490,3416,54219,9,10,9,5
2021-04-06T23:59:59+02:00,7,1,2374,2880,5735,9035,6080,11742,6901,15932,9668,15534,6556,6380,11950,15561,10806,20541,420,620,1179,2444,1710,4200,2415,6135,3501,5263,3181,3202,4795,6713,9926,18757,91504,71311,13190,3131,52972,9,8,9,5
2021-04-05T23:59:59+02:00,7,1,2366,2870,5717,9018,6069,11723,6888,15913,9648,15508,6432,6280,10669,14266,10805,20540,416,613,1175,2429,1704,4184,2399,6104,3468,5222,3151,3165,4774,6668,9919,18739,91421,71119,13154,2994,50129,8,7,9,5
2021-04-04T23:59:59+02:00,7,1,2366,2870,5714,9014,6067,11723,6886,15913,9646,15507,6427,6276,10669,14264,10805,20540,416,612,1175,2428,1704,4184,2398,6104,3468,5222,3150,3165,4772,6668,9918,18738,91412,71112,13151,2993,50116,8,7,9,5
2021-04-03T23:59:59+02:00,7,1,2364,2863,5707,9006,6061,11719,6883,15909,9643,15504,6424,6271,10662,14261,10805,20540,416,612,1175,2428,1704,4184,2398,6104,3468,5221,3150,3165,4772,6668,9918,18738,91355,71111,13149,2993,50110,8,7,9,5
2021-04-02T23:59:59+02:00,7,1,2361,2861,5701,8999,6059,11716,6879,15908,9639,15502,6420,6264,10647,14232,10804,20539,414,610,1174,2428,1703,4183,2397,6104,3467,5214,3125,3148,4762,6659,9918,18738,91269,71035,13146,2992,50109,8,7,8,5
2021-04-01T23:59:59+02:00,7,1,2340,2858,5670,8969,6016,11673,6836,15853,9584,15446,6326,6167,10351,13883,10781,20489,412,594,1171,2422,1696,4172,2382,6087,3441,5193,3060,3099,4699,6585,9840,18621,90276,70469,13123,2989,49837,8,6,8,5
2021-03-31T23:59:59+02:00,7,1,2306,2831,5595,8902,5948,11579,6734,15741,9450,15312,6183,6024,9797,13136,10734,20395,407,588,1165,2411,1690,4156,2375,6074,3421,5159,3028,3066,4650,6526,9782,18519,88285,70016,12907,2987,49470,8,5,8,4
2021-03-30T23:59:59+02:00,7,1,2286,2814,5547,8845,5885,11505,6662,15642,9352,15168,5995,5810,8884,11793,10656,20210,405,585,1162,2407,1677,4139,2357,6052,3387,5114,2969,2997,4559,6428,9650,18277,85192,69308,12527,2846,49334,8,3,6,3
2021-03-29T23:59:59+02:00,6,1,2219,2759,5445,8733,5776,11358,6494,15411,9117,14913,5635,5436,6930,9261,10429,19781,398,581,1151,2396,1664,4127,2332,6025,3357,5058,2899,2931,4439,6323,9442,17938,79074,68341,11718,2709,48904,8,3,5,3
2021-03-28T23:59:59+02:00,6,1,2197,2746,5401,8673,5700,11280,6407,15325,8999,14793,5509,5283,6283,8324,10363,19662,389,575,1136,2380,1640,4100,2285,5965,3301,4967,2815,2852,4323,6177,9367,17798,76763,67877,11459,2185,48722,5,3,5,3
2021-03-27T23:59:59+01:00,6,1,2197,2739,5392,8667,5696,11265,6392,15303,8988,14781,5481,5256,6272,8320,10363,19660,389,575,1134,2379,1639,4095,2281,5962,3292,4960,2810,2849,4307,6153,9285,17649,76655,67567,11459,2184,48657,5,3,5,3
2021-03-26T23:59:59+01:00,6,1,2181,2718,5355,8628,5657,11215,6315,15233,8838,14630,5316,5107,6102,8139,10360,19650,385,567,1127,2366,1623,4066,2253,5926,3258,4906,2749,2785,4119,5894,8570,16451,76308,64891,10621,2146,48514,5,3,5,3
2021-03-25T23:59:59+01:00,6,0,2065,2638,5178,8414,5456,10940,6107,14932,8597,14343,5153,4954,6005,8018,10358,19642,376,553,1108,2340,1600,4036,2207,5868,3184,4827,2650,2678,3742,5400,7412,14682,75853,60734,9669,1923,47277,4,2,5,3
2021-03-24T23:59:59+01:00,6,0,1979,2589,5027,8252,5295,10745,5942,14694,8390,14111,5014,4795,5890,7900,10352,19631,372,542,1095,2312,1568,3981,2148,5803,3095,4727,2513,2563,3309,4780,5994,12424,75474,55648,8503,1572,46628,4,2,5,3
2021-03-23T23:59:59+01:00,6,0,1902,2538,4916,8129,5196,10602,5821,14502,8273,13942,4930,4709,5824,7840,10345,19612,361,517,1076,2277,1535,3923,2104,5713,3013,4636,2426,2469,2856,4139,4047,9152,75079,48815,7755,1424,46246,3,2,5,3
2021-03-22T23:59:59+01:00,6,0,1840,2475,4779,7994,5063,10425,5662,14269,8081,13729,4823,4595,5754,7732,10327,19567,334,500,1047,2239,1490,3849,2038,5602,2911,4485,2312,2317,2324,3445,1453,4916,74571,40072,6720,1186,45823,1,2,5,3
2021-03-21T23:59:59+01:00,6,0,1838,2469,4768,7980,5049,10415,5646,14252,8051,13704,4801,4580,5737,7719,10322,19566,333,500,1042,2225,1481,3820,2020,5564,2886,4435,2271,2268,2282,3404,1436,4870,74547,39930,6667,903,45682,1,2,5,3
2021-03-20T23:59:59+01:00,6,0,1838,2469,4767,7979,5048,10413,5645,14251,8043,13698,4800,4579,5729,7711,10322,19566,333,500,1042,2225,1481,3820,2020,5564,2884,4434,2270,2265,2282,3404,1435,4870,74535,39927,6667,898,45655,1,2,5,3
2021-03-19T23:59:59+01:00,6,0,1786,2225,4258,6697,4640,9430,5374,13694,7821,13296,4674,4481,5660,7644,10321,19566,332,500,1042,2225,1481,3819,2019,5563,2883,4434,2268,2264,2276,3398,1434,4868,74474,39911,6656,891,40436,1,2,5,3
2021-03-18T23:59:59+01:00,6,0,1731,1971,3844,5641,4111,8052,4558,11153,6462,9964,4305,4180,5455,7421,10300,19527,331,497,1035,2212,1474,3794,1992,5524,2858,4410,2247,2248,2251,3369,1429,4859,74039,39719,6591,807,28044,1,2,5,3
2021-03-17T23:59:59+01:00,6,0,1725,1963,3833,5615,4094,8022,4534,11089,6411,9890,4266,4133,5412,7375,10292,19499,328,496,1031,2204,1468,3785,1985,5509,2848,4384,2220,2219,2229,3354,1422,4843,73769,39562,6527,758,27856,1,2,5,3
2021-03-16T23:59:59+01:00,6,0,1702,1929,3775,5534,4025,7916,4407,10927,6204,9691,4043,3943,5269,7215,10285,19474,325,492,1030,2185,1463,3772,1976,5494,2839,4365,2212,2205,2216,3325,1413,4813,73451,39392,5253,728,27634,1,2,5,3
2021-03-15T23:59:59+01:00,6,0,1692,1909,3751,5498,4000,7879,4356,10858,6125,9605,3956,3876,5213,7153,10276,19447,322,488,1021,2169,1455,3766,1960,5458,2821,4337,2197,2173,2191,3261,1402,4774,73219,39172,4888,620,27488,1,0,5,3
2021-03-14T23:59:59+01:00,6,0,1686,1899,3742,5488,3995,7862,4347,10826,6116,9582,3948,3866,5208,7145,10275,19445,322,488,1019,2169,1450,3763,1957,5456,2803,4331,2191,2170,2180,3250,1397,4772,73184,39164,4870,551,27377,1,0,5,3
2021-03-13T23:59:59+01:00,6,0,1682,1893,3727,5465,3988,7852,4327,10815,6102,9566,3945,3863,5205,7142,10275,19445,322,488,1019,2169,1450,3763,1957,5455,2803,4330,2190,2169,2180,3248,1388,4767,73159,39144,4865,551,27269,1,0,5,3
2021-03-12T23:59:59+01:00,5,0,1645,1836,3219,5318,3474,7737,4193,10690,5876,9275,3774,3716,5062,7029,10249,19397,317,466,1015,2139,1442,3740,1938,5384,2750,4246,2011,2014,2120,3200,1381,4761,72941,38379,4130,543,25419,0,0,5,3
2021-03-11T23:59:59+01:00,5,0,1537,1698,2838,5062,3037,7480,3913,10278,5246,8382,3544,3540,4954,6908,10209,19341,316,465,1012,2126,1439,3720,1931,5365,2741,4229,2004,2006,2105,3183,1376,4741,72360,38254,3864,503,21743,0,0,5,3
2021-03-10T23:59:59+01:00,5,0,1507,1665,2799,5018,2999,7421,3856,10191,5137,8265,3418,3434,4836,6793,10161,19274,314,464,1011,2123,1436,3709,1927,5352,2729,4209,1985,1998,2078,3150,1366,4726,71942,38169,3531,406,21301,0,0,5,3
2021-03-09T23:59:59+01:00,5,0,1498,1649,2763,4991,2977,7377,3817,10132,5055,8186,3317,3348,4753,6704,10052,19062,311,463,1007,2117,1429,3696,1901,5330,2687,4179,1942,1973,2024,3121,1354,4716,71339,38139,3259,109,21083,0,0,5,3
2021-03-08T23:59:59+01:00,5,0,1483,1634,2734,4962,2949,7346,3794,10084,5031,8124,3275,3308,4676,6640,9871,18757,310,463,1005,2113,1421,3680,1884,5296,2668,4151,1923,1954,1997,3098,1347,4697,70534,37988,3250,17,20884,0,0,5,3
2021-03-07T23:59:59+01:00,5,0,1470,1624,2705,4918,2915,7298,3760,10023,4988,8063,3240,3274,4610,6538,9794,18611,310,462,1004,2112,1420,3674,1881,5286,2667,4146,1919,1951,1993,3094,1343,4689,69993,37934,3196,15,20642,0,0,5,3
2021-03-06T23:59:59+01:00,5,0,1469,1622,2699,4907,2912,7289,3752,10016,4970,8047,3230,3264,4587,6499,9702,18438,310,462,1002,2109,1420,3672,1875,5277,2665,4144,1914,1944,1988,3092,1342,4686,69595,37886,3196,15,20612,0,0,5,2
2021-03-05T23:59:59+01:00,5,0,1395,1545,2601,4746,2855,7131,3667,9809,4869,7851,3180,3204,4368,6210,8984,17228,310,462,1000,2107,1416,3667,1873,5276,2662,4138,1906,1940,1983,3089,1337,4682,66908,37832,3193,15,19542,0,0,5,2
2021-03-04T23:59:59+01:00,5,0,1221,1439,2434,4547,2685,6860,3499,9465,4612,7509,3064,3077,4003,5751,7788,15385,309,454,991,2084,1400,3627,1845,5223,2634,4091,1878,1915,1950,3034,1309,4636,62643,37364,3190,15,17506,0,0,5,2
2021-03-03T23:59:59+01:00,5,0,1187,1386,2356,4439,2625,6737,3413,9298,4514,7366,2977,3007,3622,5147,6373,13154,305,445,979,2062,1388,3599,1831,5173,2579,4036,1828,1879,1922,3002,1293,4607,57509,36912,3162,15,16931,0,0,4,2
2021-03-02T23:59:59+01:00,5,0,1154,1348,2295,4381,2576,6644,3331,9175,4377,7217,2863,2882,3133,4475,4323,9743,300,436,974,2035,1375,3556,1816,5118,2547,4009,1818,1863,1903,2973,1280,4579,50360,36566,2912,15,16647,0,0,3,2
2021-03-01T23:59:59+01:00,5,0,1095,1319,2233,4319,2503,6557,3237,9047,4235,7029,2732,2745,2558,3723,1542,5188,299,433,967,2023,1364,3538,1808,5103,2534,3993,1801,1853,1887,2954,1269,4550,41130,36360,2520,15,16414,0,0,3,2
2021-02-28T23:59:59+01:00,5,0,1061,1305,2193,4283,2473,6512,3189,8990,4173,6970,2667,2697,2509,3692,1534,5168,299,432,964,2017,1362,3525,1805,5089,2528,3985,1794,1842,1874,2942,1261,4536,41032,36239,2229,15,16157,0,0,3,2
2021-02-27T23:59:59+01:00,5,0,1020,1223,2125,4041,2416,6278,3126,8692,4083,6717,2612,2640,2489,3668,1531,5168,299,432,963,2017,1362,3525,1805,5088,2527,3985,1794,1841,1872,2942,1261,4536,40926,36233,2228,15,14677,0,0,3,2
2021-02-26T23:59:59+01:00,4,0,854,971,1927,3652,2254,5618,2911,7775,3774,5927,2564,2586,2470,3653,1528,5166,299,432,963,2014,1360,3523,1803,5087,2525,3984,1794,1838,1865,2941,1259,4529,40910,36200,2139,15,10582,0,0,3,2
2021-02-25T23:59:59+01:00,4,0,519,814,1649,3453,2074,5313,2715,7378,3547,5625,2482,2506,2429,3592,1524,5151,289,411,938,1964,1330,3453,1772,5006,2496,3920,1769,1810,1825,2895,1231,4488,40713,35584,1877,12,8183,0,0,2,2
2021-02-24T23:59:59+01:00,3,0,498,796,1614,3357,2012,5182,2656,7196,3481,5484,2414,2459,2393,3563,1514,5115,280,407,923,1932,1316,3399,1759,4945,2472,3876,1758,1792,1816,2876,1219,4457,40520,35222,1706,4,7509,0,0,2,2
2021-02-23T23:59:59+01:00,3,0,478,759,1554,3255,1957,5041,2578,7064,3396,5380,2354,2401,2354,3505,1499,5081,278,403,918,1917,1309,3368,1750,4913,2451,3844,1738,1772,1796,2840,1203,4402,40368,34898,1433,3,6856,0,0,2,2
2021-02-22T23:59:59+01:00,2,0,462,728,1500,3155,1918,4902,2519,6845,3335,5236,2345,2304,2338,3426,1493,5036,277,400,915,1905,1301,3341,1733,4877,2436,3814,1719,1753,1768,2809,1188,4353,40154,34587,1168,1,6220,0,0,2,2
2021-02-21T23:59:59+01:00,2,0,454,690,1442,3011,1870,4752,2466,6685,3253,5132,2309,2271,2310,3406,1483,5030,277,399,912,1897,1300,3332,1728,4867,2432,3805,1717,1750,1767,2807,1188,4352,40110,34528,935,1,5519,0,0,2,2
2021-02-20T23:59:59+01:00,2,0,450,684,1434,3007,1865,4752,2463,6682,3248,5128,2306,2270,2310,3405,1481,5030,277,399,912,1896,1300,3331,1728,4867,2431,3804,1716,1749,1764,2807,1187,4350,40105,34516,930,1,5480,0,0,2,2
2021-02-19T23:59:59+01:00,1,0,428,647,1405,2945,1838,4697,2422,6582,3161,5010,2126,2107,2246,3356,1476,5024,275,398,910,1894,1299,3330,1728,4862,2428,3803,1715,1748,1762,2806,1187,4349,39353,34493,910,1,5206,0,0,2,1
2021-02-18T23:59:59+01:00,1,0,402,590,1301,2705,1735,4455,2284,6320,3059,4829,2097,2091,2230,3339,1471,5013,275,392,902,1861,1290,3290,1710,4814,2409,3765,1704,1737,1745,2794,1175,4329,39276,34191,836,1,3808,0,0,2,1
2021-02-17T23:59:59+01:00,1,0,386,558,1263,2573,1678,4280,2214,6079,3000,4679,2078,2072,2206,3319,1457,5003,265,375,866,1775,1247,3161,1650,4655,2333,3630,1625,1668,1669,2683,1122,4207,39119,32931,785,0,2940,0,0,2,1
2021-02-16T23:59:59+01:00,1,0,368,528,1209,2454,1628,4146,2135,5894,2920,4543,2069,2067,2198,3312,1452,4991,258,358,845,1694,1192,3025,1588,4452,2262,3452,1574,1614,1605,2582,1090,4071,39058,31662,754,0,2101,0,0,2,1
2021-02-15T23:59:59+01:00,1,0,358,506,1137,2312,1583,4073,2103,5840,2892,4502,2050,2051,2173,3281,1444,4970,252,339,822,1649,1160,2949,1532,4315,2189,3332,1498,1550,1547,2470,1043,3883,38950,30530,639,0,1685,0,0,2,1
2021-02-14T23:59:59+01:00,1,0,349,500,1113,2257,1520,3912,2062,5748,2861,4463,2044,2048,2161,3271,1441,4963,246,334,804,1621,1144,2910,1490,4263,2151,3302,1482,1529,1522,2433,1026,3837,38931,30094,570,0,1211,0,0,2,1
2021-02-13T23:59:59+01:00,1,0,349,500,1112,2257,1520,3911,2060,5747,2861,4463,2043,2046,2160,3271,1440,4960,246,334,804,1621,1144,2910,1489,4261,2151,3302,1480,1526,1521,2432,1026,3836,38920,30083,570,0,1210,0,0,1,1
2021-02-12T23:59:59+01:00,1,0,342,497,1094,2249,1515,3898,2055,5739,2858,4457,2029,2036,2154,3258,1435,4957,244,333,798,1616,1138,2901,1474,4243,2133,3289,1467,1510,1506,2400,1019,3799,38854,29870,562,0,1157,0,0,1,1
2021-02-11T23:59:59+01:00,1,0,320,473,1031,2154,1462,3771,1961,5475,2773,4338,1998,2003,2114,3190,1405,4900,224,305,748,1512,1058,2677,1351,3886,1947,2983,1278,1301,1332,2122,907,3430,38456,27061,525,0,387,0,0,1,1
2021-02-10T23:59:59+01:00,1,0,314,464,1009,2114,1423,3693,1907,5314,2680,4157,1927,1953,2066,3148,1384,4874,199,260,654,1324,930,2295,1166,3285,1704,2565,1115,1124,1182,1871,790,3068,38041,23532,385,0,1,0,0,1,1
2021-02-09T23:59:59+01:00,1,0,308,453,1001,2083,1408,3641,1863,5247,2614,4102,1869,1913,1995,3093,1363,4852,166,200,555,1062,782,1851,961,2676,1435,2152,963,963,986,1581,667,2621,37740,19621,64,0,1,0,0,1,1
2021-02-08T23:59:59+01:00,1,0,306,451,998,2076,1397,3625,1855,5224,2594,4085,1855,1902,1976,3075,1356,4827,116,165,456,848,618,1434,763,2027,1158,1666,771,787,784,1248,531,2141,37582,15513,19,0,1,0,0,1,1
2021-02-07T23:59:59+01:00,1,0,306,451,997,2075,1396,3620,1852,5221,2587,4082,1849,1893,1960,3067,1351,4819,106,146,407,703,544,1259,685,1812,1061,1519,694,706,703,1124,455,1902,37510,13826,16,0,0,0,0,1,1
2021-02-06T23:59:59+01:00,1,0,306,451,996,2074,1396,3617,1852,5219,2587,4079,1849,1892,1955,3065,1348,4817,105,145,402,700,539,1235,669,1793,1050,1497,691,702,698,1120,454,1898,37487,13699,16,0,0,0,0,1,0
2021-02-05T23:59:59+01:00,1,0,306,450,994,2071,1392,3608,1848,5205,2581,4073,1848,1891,1947,3057,1338,4803,101,137,387,682,522,1206,637,1741,1000,1434,654,652,649,1046,427,1804,37396,13080,16,0,0,0,0,1,0
2021-02-04T23:59:59+01:00,1,0,299,433,983,2040,1373,3555,1829,5128,2566,4025,1832,1870,1920,3022,1318,4770,76,106,286,461,362,815,454,1179,688,976,508,477,505,828,338,1445,36947,9505,16,0,0,0,0,1,0
2021-02-03T23:59:59+01:00,1,0,295,424,965,2014,1357,3517,1815,5079,2532,3982,1812,1847,1905,2998,1304,4753,60,82,239,393,292,636,347,921,530,729,341,331,368,587,246,1061,36583,7164,16,0,0,0,0,1,0
2021-02-02T23:59:59+01:00,1,0,290,417,959,1986,1349,3484,1804,5032,2509,3947,1794,1831,1877,2956,1282,4702,39,63,183,311,244,485,265,737,382,561,237,214,234,392,167,697,36203,5211,16,0,0,0,0,1,0
2021-02-01T23:59:59+01:00,1,0,289,414,954,1978,1346,3468,1796,5011,2500,3928,1786,1820,1862,2941,1276,4688,19,39,136,225,168,311,169,489,239,324,120,109,102,191,78,313,36041,3032,16,0,0,0,0,1,0
2021-01-31T23:59:59+01:00,1,0,288,413,952,1971,1343,3459,1793,4992,2496,3913,1782,1812,1858,2933,1273,4678,18,34,118,197,151,269,152,410,202,279,101,95,94,163,70,273,35940,2626,16,0,0,0,0,1,0
2021-01-30T23:59:59+01:00,1,0,288,413,952,1971,1343,3459,1793,4992,2496,3913,1781,1812,1858,2932,1273,4677,18,34,117,197,151,266,149,407,201,278,100,94,94,163,70,273,35937,2612,16,0,0,0,0,1,0
2021-01-29T23:59:59+01:00,1,0,286,410,951,1969,1342,3451,1787,4983,2493,3910,1775,1805,1849,2920,1266,4655,16,33,116,188,142,258,137,379,169,251,73,70,84,141,63,237,35836,2357,16,0,0,0,0,1,0
2021-01-28T23:59:59+01:00,1,0,282,402,932,1915,1318,3387,1762,4921,2465,3848,1753,1785,1817,2889,1248,4618,0,0,10,19,8,18,11,45,7,22,6,4,7,10,3,15,35327,185,15,0,0,0,0,1,0
2021-01-27T23:59:59+01:00,1,0,276,384,899,1834,1283,3273,1701,4798,2405,3748,1696,1736,1772,2821,1209,4529,0,0,4,6,5,11,7,19,3,12,5,4,7,10,3,14,34353,110,11,0,0,0,0,1,0
2021-01-26T23:59:59+01:00,1,0,271,374,889,1820,1269,3234,1684,4742,2375,3681,1663,1704,1733,2749,1191,4438,0,0,4,6,5,11,7,19,3,12,5,4,7,10,3,14,33810,110,7,0,0,0,0,1,0
2021-01-25T23:59:59+01:00,1,0,261,350,847,1701,1199,3070,1593,4471,2269,3473,1603,1651,1675,2661,1140,4252,0,0,1,3,1,3,4,2,3,5,5,4,6,9,2,14,32213,62,3,0,0,0,0,1,0
2021-01-24T23:59:59+01:00,1,0,258,347,836,1681,1189,3048,1562,4438,2243,3452,1592,1642,1663,2649,1134,4244,0,0,1,2,1,3,4,2,3,5,5,4,6,9,2,14,31975,61,3,0,0,0,0,1,0
2021-01-23T23:59:59+01:00,1,0,258,347,836,1681,1188,3047,1562,4434,2242,3451,1591,1642,1662,2648,1133,4239,0,0,1,2,1,3,4,2,3,5,5,4,6,9,2,14,31958,61,3,0,0,0,0,1,0
2021-01-22T23:59:59+01:00,1,0,257,345,830,1678,1184,3042,1559,4427,2230,3446,1579,1630,1656,2629,1127,4217,0,0,1,2,1,3,4,2,3,5,5,4,6,9,2,14,31833,61,3,0,0,0,0,1,0
2021-01-21T23:59:59+01:00,1,0,246,335,803,1612,1159,2915,1503,4265,2150,3311,1480,1526,1519,2461,1044,4027,0,0,1,2,1,3,4,2,3,5,4,3,5,9,1,14,30353,57,3,0,0,0,0,1,0
2021-01-20T23:59:59+01:00,1,0,224,292,730,1456,1068,2601,1369,3807,1976,2955,1358,1379,1397,2261,967,3786,0,0,1,2,1,3,4,2,3,5,4,3,5,9,1,14,27624,57,2,0,0,0,0,1,0
2021-01-19T23:59:59+01:00,1,0,193,235,630,1207,924,2156,1148,3192,1689,2523,1173,1176,1161,1918,805,3216,0,0,1,1,1,2,4,1,2,5,4,3,5,9,1,14,23344,53,2,0,0,0,0,1,0
2021-01-18T23:59:59+01:00,1,0,136,185,498,946,713,1641,881,2324,1314,1912,913,944,927,1512,627,2567,0,0,0,0,0,0,0,0,1,2,2,1,0,0,0,0,18039,6,1,0,0,0,0,1,0
2021-01-17T23:59:59+01:00,1,0,122,159,439,776,628,1418,780,2071,1199,1722,846,864,842,1373,553,2343,0,0,0,0,0,0,0,0,0,1,0,0,0,0,0,0,16135,1,0,0,0,0,0,1,0
2021-01-16T23:59:59+01:00,1,0,121,158,435,775,626,1410,770,2067,1190,1715,844,859,837,1362,545,2327,0,0,0,0,0,0,0,0,0,0,0,0,0,0,0,0,16042,0,0,0,0,0,0,0,0
2021-01-15T23:59:59+01:00,1,0,110,151,423,754,599,1372,738,1989,1129,1634,800,806,790,1273,514,2202,0,0,0,0,0,0,0,0,0,0,0,0,0,0,0,0,15285,0,0,0,0,0,0,0,0
2021-01-14T23:59:59+01:00,1,0,76,112,302,488,398,886,510,1281,773,1073,585,559,576,942,398,1679,0,0,0,0,0,0,0,0,0,0,0,0,0,0,0,0,10639,0,0,0,0,0,0,0,0
2021-01-13T23:59:59+01:00,1,0,59,85,250,410,322,669,379,981,566,765,369,355,392,636,283,1173,0,0,0,0,0,0,0,0,0,0,0,0,0,0,0,0,7695,0,0,0,0,0,0,0,0
2021-01-12T23:59:59+01:00,0,0,48,69,204,351,258,542,279,806,411,599,248,226,244,423,189,785,0,0,0,0,0,0,0,0,0,0,0,0,0,0,0,0,5682,0,0,0,0,0,0,0,0
2021-01-11T23:59:59+01:00,0,0,32,51,177,301,211,441,220,647,301,422,151,131,140,258,105,452,0,0,0,0,0,0,0,0,0,0,0,0,0,0,0,0,4040,0,0,0,0,0,0,0,0
2021-01-10T23:59:59+01:00,0,0,24,42,155,252,182,364,179,536,251,361,130,110,125,213,93,362,0,0,0,0,0,0,0,0,0,0,0,0,0,0,0,0,3379,0,0,0,0,0,0,0,0
2021-01-09T23:59:59+01:00,0,0,24,42,154,250,181,361,177,530,250,360,129,109,125,213,93,362,0,0,0,0,0,0,0,0,0,0,0,0,0,0,0,0,3360,0,0,0,0,0,0,0,0
2021-01-08T23:59:59+01:00,0,0,22,40,152,241,173,351,164,499,220,334,105,93,119,197,86,335,0,0,0,0,0,0,0,0,0,0,0,0,0,0,0,0,3131,0,0,0,0,0,0,0,0
2021-01-07T23:59:59+01:00,0,0,1,0,4,9,8,13,10,6,17,11,10,11,14,21,3,35,0,0,0,0,0,0,0,0,0,0,0,0,0,0,0,0,173,0,0,0,0,0,0,0,0
2021-01-06T23:59:59+01:00,0,0,0,0,1,3,1,5,5,2,3,6,6,4,7,10,1,16,0,0,0,0,0,0,0,0,0,0,0,0,0,0,0,0,70,0,0,0,0,0,0,0,0
2021-01-05T23:59:59+01:00,0,0,0,0,1,3,1,5,5,2,3,5,6,4,6,10,1,15,0,0,0,0,0,0,0,0,0,0,0,0,0,0,0,0,67,0,0,0,0,0,0,0,0
2021-01-04T23:59:59+01:00,0,0,0,0,1,3,1,4,4,2,3,5,6,4,5,9,1,15,0,0,0,0,0,0,0,0,0,0,0,0,0,0,0,0,63,0,0,0,0,0,0,0,0
2021-01-03T23:59:59+01:00,0,0,0,0,1,2,1,4,4,2,3,5,5,4,5,9,1,15,0,0,0,0,0,0,0,0,0,0,0,0,0,0,0,0,61,0,0,0,0,0,0,0,0
2021-01-02T23:59:59+01:00,0,0,0,0,1,2,1,4,4,2,3,5,5,4,5,9,1,15,0,0,0,0,0,0,0,0,0,0,0,0,0,0,0,0,61,0,0,0,0,0,0,0,0
2021-01-01T23:59:59+01:00,0,0,0,0,1,2,1,3,4,2,3,5,5,4,5,9,1,15,0,0,0,0,0,0,0,0,0,0,0,0,0,0,0,0,60,0,0,0,0,0,0,0,0
2020-12-31T23:59:59+01:00,0,0,0,0,1,2,1,3,4,2,3,5,5,4,5,9,1,15,0,0,0,0,0,0,0,0,0,0,0,0,0,0,0,0,60,0,0,0,0,0,0,0,0
2020-12-30T23:59:59+01:00,0,0,0,0,1,2,1,3,4,2,3,5,5,4,5,9,1,15,0,0,0,0,0,0,0,0,0,0,0,0,0,0,0,0,60,0,0,0,0,0,0,0,0
2020-12-29T23:59:59+01:00,0,0,0,0,1,1,1,2,4,1,2,5,5,4,5,9,1,15,0,0,0,0,0,0,0,0,0,0,0,0,0,0,0,0,56,0,0,0,0,0,0,0,0
2020-12-28T23:59:59+01:00,0,0,0,0,1,1,1,1,2,0,1,5,4,1,1,0,0,2,0,0,0,0,0,0,0,0,0,0,0,0,0,0,0,0,20,0,0,0,0,0,0,0,0
2020-12-27T23:59:59+01:00,0,0,0,0,1,1,1,1,2,0,0,3,2,0,1,0,0,2,0,0,0,0,0,0,0,0,0,0,0,0,0,0,0,0,14,0,0,0,0,0,0,0,0
