Datum,<24_1_m,<24_1_w,25-34_1_m,25-34_1_w,35-44_1_m,35-44_1_w,45-54_1_m,45-54_1_w,55-64_1_m,55-64_1_w,65-74_1_m,65-74_1_w,75-84_1_m,75-84_1_w,>84_1_m,>84_1_w,<24_2_m,<24_2_w,25-34_2_m,25-34_2_w,35-44_2_m,35-44_2_w,45-54_2_m,45-54_2_w,55-64_2_m,55-64_2_w,65-74_2_m,65-74_2_w,75-84_2_m,75-84_2_w,>84_2_m,>84_2_w,bp_1,bp_2,mo_1,mo_2,az_1,az_2,ja
2021-05-09T23:59:59+02:00,5300,6166,10768,12894,12609,17513,18604,25560,31070,34133,40688,45647,31313,41115,8937,17686,998,1376,2276,3875,2858,5941,4140,8478,5652,7239,5059,5071,11068,15345,8385,16582,232345,86609,32101,13064,95192,4305,365
2021-05-08T23:59:59+02:00,5288,6156,10752,12883,12595,17503,18579,25531,31048,34105,40682,45643,31312,41114,8937,17686,993,1370,2265,3871,2853,5941,4137,8475,5649,7237,5058,5067,11067,15344,8385,16582,232160,86595,32100,13064,95191,4272,363
2021-05-07T23:59:59+02:00,5177,6068,10546,12730,12316,17301,17953,24934,30218,33277,40546,45466,31267,41056,8935,17682,966,1336,2226,3822,2811,5894,4078,8420,5571,7192,5014,5022,11056,15336,8385,16581,229740,86472,30428,13062,95159,4031,145
2021-05-06T23:59:59+02:00,4734,5784,9917,12357,11593,16665,16309,23440,27820,30975,40076,44953,31137,40887,8924,17667,912,1276,2117,3634,2680,5654,3915,8099,5433,6987,4974,4979,11040,15313,8384,16574,221596,86329,27175,12750,94442,2867,25
2021-05-05T23:59:59+02:00,4397,5542,9331,11925,10912,16093,15207,22382,24874,28143,39425,44128,30929,40612,8911,17636,891,1243,2059,3514,2630,5514,3828,7893,5340,6881,4931,4929,11014,15284,8384,16572,209203,86105,27005,12614,94222,2171,17
2021-05-04T23:59:59+02:00,4010,5037,8709,11291,10149,15257,13877,21069,21110,24517,38474,43093,30641,40197,8893,17608,867,1208,2001,3398,2565,5388,3744,7740,5253,6769,4906,4902,10988,15260,8382,16569,192733,85922,26988,12355,94199,1651,12
2021-05-03T23:59:59+02:00,3754,4586,8303,10803,9692,14658,13326,20441,20448,23928,38252,42873,30574,40111,8890,17594,851,1168,1937,3297,2514,5282,3692,7623,5203,6692,4894,4892,10974,15245,8379,16564,187114,85788,26976,12348,94137,1065,6
2021-05-02T23:59:59+02:00,3750,4583,8286,10796,9683,14652,13307,20430,20435,23923,38251,42872,30573,40110,8889,17594,844,1145,1908,3216,2468,5183,3645,7498,5185,6635,4892,4890,10973,15241,8379,16562,187037,85772,26965,12319,94130,571,2
2021-05-01T23:59:59+02:00,3747,4571,8273,10788,9676,14643,13299,20427,20427,23915,38251,42870,30573,40110,8889,17594,844,1145,1907,3216,2468,5183,3645,7498,5185,6635,4892,4890,10973,15241,8379,16562,186957,85772,26965,12319,94130,571,1
2021-04-30T23:59:59+02:00,3720,4540,8234,10757,9634,14609,13235,20384,20316,23731,37998,42587,30556,40093,8888,17594,839,1141,1897,3209,2466,5174,3643,7491,5182,6630,4890,4887,10969,15240,8379,16562,186053,85751,26696,12316,94126,531,1
2021-04-29T23:59:59+02:00,3431,4350,7817,10499,9139,14336,12749,20021,19134,22433,35667,40009,30375,39814,8879,17565,825,1121,1843,3143,2425,5108,3576,7355,5093,6545,4863,4856,10949,15208,8377,16557,180713,85573,21472,12159,94032,111,1
2021-04-28T23:59:59+02:00,3258,4278,7572,10391,8763,14164,12385,19784,18581,21896,32121,35973,30198,39584,8869,17546,805,1103,1818,3103,2384,5067,3543,7304,5032,6482,4804,4800,10903,15160,8375,16550,170052,85395,21320,11741,93990,96,1
2021-04-27T23:59:59+02:00,3157,4207,7321,10259,8430,14002,11885,19545,18046,21307,26803,30020,29908,39188,8852,17521,788,1089,1790,3064,2351,5020,3495,7250,4975,6405,4756,4739,10872,15111,8372,16543,155223,85202,21299,11324,93928,93,1
2021-04-26T23:59:59+02:00,3090,4168,7182,10199,8274,13937,11652,19483,17568,20937,26783,29994,29898,39180,8852,17521,764,1060,1731,3004,2289,4974,3432,7167,4879,6302,4662,4670,10809,15040,8371,16540,154660,85096,21080,10504,92977,93,1
2021-04-25T23:59:59+02:00,3046,4145,7021,10151,8041,13889,11324,19443,15894,19426,26222,29436,29849,39124,8852,17518,764,1057,1724,3001,2283,4971,3430,7162,4874,6292,4660,4667,10800,15032,8371,16540,154192,85079,21069,10467,88119,81,1
2021-04-24T23:59:59+02:00,3039,4137,7007,10141,8033,13881,11310,19434,15874,19408,26184,29375,29846,39121,8852,17518,764,1057,1724,3000,2282,4971,3430,7162,4874,6292,4660,4666,10798,15031,8371,16540,154002,85073,21066,10467,88091,81,1
2021-04-23T23:59:59+02:00,3018,4116,6971,10100,7989,13834,11243,19377,15810,19332,25777,28885,29815,39077,8850,17515,754,1048,1708,2992,2265,4945,3373,7120,4772,6191,4519,4539,10642,14848,8365,16527,152841,84791,20930,9735,87937,81,1
2021-04-22T23:59:59+02:00,2928,4011,6773,9927,7434,13401,9973,18541,14420,18380,23833,26505,29641,38869,8835,17491,681,984,1610,2890,2151,4805,3207,6958,4592,6002,4382,4374,10132,14197,8338,16463,148149,82894,15819,8804,86993,67,1
2021-04-21T23:59:59+02:00,2869,3959,6643,9842,7234,13249,9601,18294,13960,17907,21391,23452,29414,38574,8818,17471,629,955,1540,2811,2066,4712,3079,6820,4429,5835,4202,4208,9570,13431,8304,16392,141421,81120,15051,7802,86205,60,1
2021-04-20T23:59:59+02:00,2820,3917,6543,9756,7098,13136,9335,18071,13474,17460,18075,19507,29170,38187,8806,17440,592,921,1465,2741,1990,4633,2973,6696,4300,5686,4016,4004,8733,12253,8248,16268,132834,78291,14809,7172,85151,55,1
2021-04-19T23:59:59+02:00,2805,3908,6500,9718,7042,13102,9265,17999,13332,17331,17765,19149,29142,38157,8806,17436,515,875,1364,2648,1889,4537,2840,6531,4110,5505,3783,3720,6970,9883,8077,15932,132538,72703,14614,6423,84304,52,1
2021-04-18T23:59:59+02:00,2787,3894,6420,9693,6934,13055,9060,17933,12487,17179,16514,17851,29093,38111,8802,17430,510,870,1355,2640,1873,4531,2806,6505,4054,5454,3709,3654,6572,9273,8044,15869,132332,71289,14473,6380,80437,49,1
2021-04-17T23:59:59+02:00,2779,3892,6408,9680,6908,13033,9029,17904,12466,17160,16460,17804,29048,38047,8801,17430,510,868,1355,2638,1872,4528,2801,6500,4051,5449,3708,3652,6567,9273,8043,15868,132036,71253,14473,6380,80339,49,1
2021-04-16T23:59:59+02:00,2762,3876,6373,9663,6860,12997,8950,17844,12337,17036,16183,17484,28597,37469,8800,17425,510,866,1350,2633,1864,4526,2796,6493,4046,5440,3703,3647,6550,9245,8043,15866,130544,71161,14465,6370,79646,46,1
2021-04-15T23:59:59+02:00,2705,3810,6241,9558,6665,12817,8604,17571,11806,16480,15013,16066,26761,35065,8785,17407,501,855,1346,2612,1849,4501,2772,6466,4000,5384,3652,3573,6520,9196,8035,15856,124749,70849,14189,6232,76415,36,1
2021-04-14T23:59:59+02:00,2638,3756,6153,9458,6521,12656,8333,17308,11293,15965,13696,14450,22426,29455,8773,17367,498,848,1337,2605,1838,4482,2746,6443,3963,5342,3598,3529,6466,9140,8015,15832,112670,70584,14156,6081,73421,16,1
2021-04-13T23:59:59+02:00,2580,3717,6025,9372,6384,12526,8038,17062,10826,15504,10941,11312,19679,25740,8753,17334,478,819,1292,2560,1782,4425,2630,6335,3781,5174,3385,3350,6337,9015,8007,15818,104485,70256,13961,4919,67346,12,1
2021-04-12T23:59:59+02:00,2554,3700,5964,9338,6281,12436,7845,16932,10553,15283,9279,9462,19265,25231,8752,17327,470,808,1276,2545,1762,4406,2597,6292,3728,5121,3324,3307,6305,8973,8003,15799,104366,70123,13911,4581,61924,11,1
2021-04-11T23:59:59+02:00,2520,3688,5871,9313,6165,12398,7683,16880,10348,15175,7202,7281,18416,24212,8751,17325,470,808,1275,2543,1762,4406,2597,6292,3726,5118,3319,3306,6299,8971,8003,15799,104303,70114,13905,4571,55020,9,0
2021-04-10T23:59:59+02:00,2518,3686,5861,9308,6157,12393,7678,16875,10337,15164,7196,7271,18409,24208,8751,17325,470,805,1273,2540,1761,4404,2594,6289,3723,5117,3310,3293,6292,8959,8003,15799,104222,70059,13904,4564,55011,9,0
2021-04-09T23:59:59+02:00,2444,3564,5732,9108,5995,12125,7416,16448,10031,14678,7062,7098,18303,24044,8750,17323,466,798,1255,2531,1737,4386,2558,6241,3644,5032,3182,3184,6175,8873,7999,15796,103770,69987,13875,3863,52476,7,0
2021-04-08T23:59:59+02:00,2371,3488,5640,8984,5893,11998,7243,16275,9795,14489,6877,6830,17069,22627,8740,17297,458,792,1243,2501,1712,4348,2530,6177,3589,4975,3113,3136,6098,8768,7981,15762,100178,69572,13519,3605,51919,6,0
2021-04-07T23:59:59+02:00,2338,3448,5571,8913,5807,11935,7109,16172,9557,14339,6567,6482,14806,19751,8722,17257,452,790,1231,2487,1702,4325,2514,6140,3519,4915,3043,3085,6043,8712,7975,15735,94125,69298,13358,3365,51291,5,0
2021-04-06T23:59:59+02:00,2312,3412,5489,8850,5726,11862,6952,16052,9327,14152,6093,6009,12914,17351,8698,17204,450,781,1224,2465,1693,4300,2482,6097,3451,4852,2965,3038,6000,8660,7969,15719,89258,69056,13058,3085,50087,5,0
2021-04-05T23:59:59+02:00,2303,3400,5474,8835,5714,11842,6938,16036,9309,14127,5915,5844,11709,16140,8697,17203,444,772,1222,2450,1686,4285,2462,6065,3416,4812,2939,2998,5982,8620,7963,15704,89186,68867,13024,2949,47276,4,0
2021-04-04T23:59:59+02:00,2303,3400,5473,8832,5712,11842,6936,16036,9307,14127,5910,5840,11709,16138,8697,17203,444,772,1222,2450,1686,4285,2461,6065,3416,4812,2939,2998,5980,8620,7962,15704,89178,68863,13024,2949,47263,4,0
2021-04-03T23:59:59+02:00,2302,3391,5465,8825,5706,11839,6934,16033,9304,14124,5907,5836,11703,16135,8697,17203,444,772,1222,2450,1686,4285,2461,6065,3416,4811,2939,2998,5980,8620,7962,15704,89122,68862,13024,2949,47258,4,0
2021-04-02T23:59:59+02:00,2300,3388,5460,8822,5704,11838,6931,16033,9299,14122,5904,5830,11689,16107,8696,17202,444,772,1221,2450,1685,4285,2461,6065,3415,4806,2928,2993,5978,8616,7962,15704,89046,68833,13021,2948,47258,4,0
2021-04-01T23:59:59+02:00,2276,3381,5432,8791,5660,11794,6888,15980,9239,14064,5811,5734,11397,15757,8677,17163,442,758,1219,2442,1679,4275,2445,6051,3385,4783,2873,2950,5909,8529,7901,15608,88054,68300,12999,2945,46991,4,0
2021-03-31T23:59:59+02:00,2242,3349,5358,8723,5594,11703,6783,15873,9108,13926,5677,5596,10844,15011,8640,17086,435,750,1214,2431,1673,4260,2437,6035,3365,4751,2841,2917,5850,8454,7860,15527,86078,67853,12785,2943,46650,4,0
2021-03-30T23:59:59+02:00,2217,3328,5310,8665,5536,11623,6711,15775,9008,13778,5486,5381,9936,13656,8578,16936,432,748,1208,2425,1664,4246,2418,6013,3328,4704,2779,2845,5748,8340,7752,15313,83002,67154,12403,2805,46519,4,0
2021-03-29T23:59:59+02:00,2143,3268,5209,8551,5430,11473,6550,15545,8774,13524,5136,5011,7981,11107,8396,16576,424,742,1198,2418,1649,4232,2397,5986,3291,4646,2714,2784,5603,8206,7583,15018,76957,66218,11604,2669,46113,4,0
2021-03-28T23:59:59+02:00,2120,3255,5164,8485,5354,11400,6465,15457,8656,13403,5015,4863,7350,10194,8342,16481,415,735,1183,2400,1626,4204,2345,5922,3230,4549,2628,2710,5482,8052,7522,14896,74720,65752,11346,2144,45938,3,0
2021-03-27T23:59:59+01:00,2119,3250,5154,8478,5350,11388,6449,15436,8645,13390,4988,4836,7340,10192,8342,16480,415,735,1181,2399,1625,4198,2339,5919,3224,4543,2624,2706,5457,8003,7451,14772,74616,65444,11346,2144,45875,3,0
2021-03-26T23:59:59+01:00,2101,3225,5118,8441,5309,11340,6367,15359,8493,13238,4821,4686,7189,10031,8341,16473,411,727,1175,2383,1606,4169,2315,5886,3187,4486,2565,2643,5120,7543,6900,13800,74281,62806,10511,2107,45740,3,0
2021-03-25T23:59:59+01:00,1991,3140,4945,8223,5143,11073,6165,15075,8280,12971,4683,4544,7112,9929,8338,16467,403,711,1156,2360,1579,4138,2274,5830,3114,4410,2461,2541,4487,6684,6035,12431,73840,58725,9572,1887,44667,2,0
2021-03-24T23:59:59+01:00,1887,3079,4817,8060,4978,10882,5998,14832,8081,12754,4554,4398,7011,9821,8334,16459,399,700,1142,2332,1544,4089,2220,5759,3027,4318,2334,2430,3774,5637,4946,10681,73490,53791,8412,1539,44043,2,0
2021-03-23T23:59:59+01:00,1807,3020,4712,7941,4890,10739,5877,14645,7970,12596,4475,4317,6950,9768,8326,16444,387,673,1121,2295,1516,4028,2171,5671,2948,4230,2242,2335,3035,4556,3352,7920,73107,47089,7699,1390,43671,1,0
2021-03-22T23:59:59+01:00,1721,2947,4590,7808,4758,10564,5714,14398,7803,12406,4369,4212,6891,9667,8312,16405,360,653,1098,2256,1469,3962,2106,5561,2852,4071,2136,2198,2194,3423,1193,4282,72615,38659,6667,1155,43283,0,0
2021-03-21T23:59:59+01:00,1719,2940,4579,7793,4745,10552,5696,14382,7776,12385,4350,4195,6873,9658,8311,16405,359,653,1092,2243,1461,3930,2093,5526,2823,4020,2096,2151,2155,3381,1180,4241,72595,38520,6617,884,43147,0,0
2021-03-20T23:59:59+01:00,1719,2940,4579,7791,4744,10550,5695,14382,7768,12380,4348,4194,6866,9652,8311,16405,359,653,1092,2243,1461,3930,2093,5526,2821,4019,2095,2148,2155,3381,1180,4241,72587,38518,6617,879,43120,0,0
2021-03-19T23:59:59+01:00,1647,2596,4054,6539,4359,9589,5436,13855,7550,12032,4240,4110,6808,9596,8311,16405,358,653,1092,2243,1461,3929,2093,5525,2820,4019,2093,2146,2150,3376,1179,4239,72533,38503,6607,873,37987,0,0
2021-03-18T23:59:59+01:00,1573,2263,3622,5495,3821,8105,4563,11188,6261,9040,3949,3883,6629,9397,8291,16370,357,648,1084,2231,1455,3904,2064,5484,2796,3998,2076,2130,2125,3348,1175,4232,72103,38314,6541,793,25806,0,0
2021-03-17T23:59:59+01:00,1567,2252,3613,5470,3802,8077,4538,11119,6209,8965,3913,3837,6593,9359,8284,16345,353,646,1080,2224,1450,3894,2055,5467,2782,3972,2054,2102,2104,3335,1169,4216,71838,38159,6481,744,25624,0,0
2021-03-16T23:59:59+01:00,1536,2210,3561,5390,3729,7973,4399,10944,6001,8767,3690,3648,6468,9219,8279,16321,351,641,1079,2206,1445,3881,2045,5453,2772,3952,2046,2089,2091,3309,1162,4187,71528,37994,5200,715,25407,0,0
2021-03-15T23:59:59+01:00,1526,2186,3538,5357,3700,7935,4348,10879,5921,8686,3612,3587,6420,9164,8273,16297,348,635,1070,2191,1438,3876,2030,5414,2756,3928,2027,2053,2070,3251,1154,4151,71304,37783,4844,609,25281,0,0
2021-03-14T23:59:59+01:00,1525,2183,3532,5351,3695,7924,4339,10855,5915,8670,3604,3578,6416,9156,8272,16296,348,635,1067,2190,1435,3874,2027,5412,2737,3922,2023,2051,2057,3240,1151,4149,71272,37776,4828,542,25211,0,0
2021-03-13T23:59:59+01:00,1522,2175,3520,5334,3685,7917,4322,10843,5902,8657,3601,3575,6415,9154,8272,16296,348,635,1067,2190,1435,3874,2027,5410,2737,3921,2022,2049,2057,3239,1143,4144,71252,37756,4823,542,25115,0,0
2021-03-12T23:59:59+01:00,1479,2109,2958,5202,3262,7813,4194,10715,5678,8377,3446,3448,6298,9048,8249,16256,343,612,1062,2160,1426,3847,2010,5339,2674,3809,1853,1926,2003,3193,1140,4138,71088,37001,4096,534,23348,0,0
2021-03-11T23:59:59+01:00,1413,1980,2594,4980,2891,7591,3911,10297,5092,7573,3270,3317,6192,8928,8222,16217,342,612,1059,2146,1423,3828,2002,5317,2666,3794,1847,1919,1988,3174,1136,4122,70523,36880,3832,495,20113,0,0
2021-03-10T23:59:59+01:00,1385,1947,2560,4943,2861,7530,3857,10209,4974,7467,3142,3211,6080,8807,8193,16166,340,609,1057,2144,1421,3818,1997,5303,2653,3776,1831,1908,1962,3145,1126,4108,70119,36798,3500,400,19713,0,0
2021-03-09T23:59:59+01:00,1381,1936,2544,4918,2839,7489,3817,10148,4892,7387,3047,3129,5987,8704,8103,15974,337,607,1054,2137,1412,3805,1966,5279,2616,3748,1783,1882,1915,3120,1115,4099,69523,36770,3230,105,19542,0,0
2021-03-08T23:59:59+01:00,1370,1924,2522,4896,2819,7458,3798,10103,4865,7326,3010,3091,5889,8612,7954,15705,337,607,1051,2132,1405,3786,1948,5251,2597,3721,1766,1865,1890,3098,1110,4082,68734,36632,3222,14,19386,0,0
2021-03-07T23:59:59+01:00,1363,1914,2506,4861,2794,7417,3770,10048,4833,7273,2975,3059,5815,8495,7890,15581,337,606,1051,2131,1404,3779,1945,5244,2595,3716,1761,1862,1887,3094,1108,4076,68202,36584,3169,12,19223,0,0
2021-03-06T23:59:59+01:00,1361,1912,2501,4851,2790,7407,3760,10041,4818,7258,2964,3047,5781,8429,7814,15438,337,604,1049,2129,1404,3778,1939,5235,2593,3713,1755,1855,1882,3092,1108,4073,67808,36534,3169,12,19195,0,0
2021-03-05T23:59:59+01:00,1283,1830,2423,4695,2738,7248,3674,9838,4723,7076,2919,2995,5414,7938,7257,14444,337,604,1047,2126,1397,3774,1939,5233,2588,3707,1747,1852,1877,3089,1103,4069,65151,36477,3167,12,18177,0,0
2021-03-04T23:59:59+01:00,1167,1741,2299,4518,2588,6990,3530,9515,4482,6780,2823,2883,4764,7086,6378,13019,334,595,1035,2099,1384,3736,1912,5179,2564,3671,1719,1831,1847,3038,1081,4023,60942,36036,3165,12,16456,0,0
2021-03-03T23:59:59+01:00,1140,1694,2236,4414,2530,6868,3453,9354,4389,6655,2747,2817,4109,6057,5290,11288,331,585,1023,2073,1372,3710,1898,5129,2494,3616,1690,1800,1821,3010,1066,3997,55953,35603,3139,12,15949,0,0
2021-03-02T23:59:59+01:00,1112,1660,2197,4355,2489,6781,3368,9235,4252,6514,2638,2691,3322,4933,3593,8379,326,576,1016,2048,1362,3669,1881,5079,2466,3593,1681,1786,1799,2985,1056,3969,48893,35280,2890,12,15736,0,0
2021-03-01T23:59:59+01:00,1063,1628,2159,4298,2420,6700,3275,9103,4116,6325,2506,2568,2403,3691,1242,4428,325,574,1007,2037,1352,3650,1874,5062,2454,3579,1667,1776,1781,2966,1046,3942,39858,35080,2501,12,15566,0,0
2021-02-28T23:59:59+01:00,1049,1620,2135,4269,2404,6661,3232,9044,4053,6268,2442,2528,2362,3658,1236,4412,324,573,1006,2031,1350,3636,1870,5052,2449,3572,1660,1765,1768,2955,1039,3927,39767,34965,2208,12,15398,0,0
2021-02-27T23:59:59+01:00,1003,1505,2066,4041,2349,6431,3167,8734,3964,6035,2392,2475,2342,3639,1234,4412,324,573,1005,2031,1350,3636,1870,5051,2448,3572,1660,1764,1766,2955,1039,3927,39661,34959,2208,12,13920,0,0
2021-02-26T23:59:59+01:00,848,1230,1903,3646,2193,5757,2967,7807,3663,5324,2364,2447,2328,3628,1231,4410,324,573,1005,2028,1348,3634,1868,5050,2446,3571,1660,1761,1760,2952,1037,3922,39640,34927,2120,12,9986,0,0
2021-02-25T23:59:59+01:00,599,1097,1725,3469,2053,5482,2801,7418,3475,5070,2291,2380,2292,3574,1227,4396,317,552,988,1983,1332,3577,1841,4975,2416,3518,1638,1735,1727,2911,1013,3890,39444,34402,1863,11,8042,0,0
2021-02-24T23:59:59+01:00,576,1075,1688,3372,1995,5342,2733,7228,3411,4950,2232,2333,2257,3545,1221,4364,307,543,979,1962,1319,3528,1831,4919,2398,3476,1628,1718,1716,2892,1003,3866,39260,34082,1692,3,7370,0,0
2021-02-23T23:59:59+01:00,550,1026,1625,3275,1945,5204,2653,7099,3319,4848,2181,2279,2218,3490,1211,4337,306,538,974,1945,1312,3499,1822,4886,2372,3450,1613,1694,1693,2858,992,3815,39113,33766,1418,3,6729,0,0
2021-02-22T23:59:59+01:00,528,984,1576,3181,1904,5062,2592,6878,3264,4715,2174,2182,2204,3418,1207,4295,305,534,970,1932,1305,3472,1805,4853,2356,3419,1595,1673,1667,2829,980,3769,38910,33463,1153,1,6101,0,0
2021-02-21T23:59:59+01:00,518,925,1515,3044,1856,4914,2537,6717,3186,4623,2138,2150,2179,3400,1199,4290,305,532,966,1924,1305,3463,1801,4842,2352,3412,1594,1670,1666,2827,980,3768,38870,33406,922,1,5399,0,0
2021-02-20T23:59:59+01:00,513,919,1507,3041,1850,4914,2535,6713,3181,4620,2135,2149,2179,3399,1198,4290,305,532,966,1923,1305,3462,1801,4841,2351,3412,1593,1669,1662,2827,980,3766,38866,33394,917,1,5360,0,0
2021-02-19T23:59:59+01:00,488,879,1478,2979,1825,4856,2492,6610,3087,4480,1961,2019,2121,3353,1195,4284,303,531,965,1920,1304,3462,1801,4836,2348,3410,1591,1668,1660,2826,980,3765,38119,33369,898,1,5090,0,0
2021-02-18T23:59:59+01:00,452,799,1374,2750,1726,4607,2353,6338,2987,4325,1937,2003,2107,3336,1191,4278,303,526,955,1884,1296,3426,1784,4791,2332,3378,1581,1661,1645,2813,969,3749,38045,33092,826,1,3692,0,0
2021-02-17T23:59:59+01:00,438,749,1336,2633,1666,4431,2289,6101,2931,4206,1924,1988,2085,3318,1177,4269,292,503,918,1799,1255,3287,1720,4631,2258,3252,1504,1593,1571,2698,924,3646,37890,31850,775,1,2876,0,0
2021-02-16T23:59:59+01:00,413,707,1283,2518,1620,4301,2226,5936,2860,4104,1915,1982,2080,3314,1173,4258,284,478,888,1720,1203,3143,1660,4420,2190,3097,1452,1540,1512,2594,896,3527,37835,30603,744,1,2111,0,0
2021-02-15T23:59:59+01:00,398,666,1210,2387,1579,4225,2194,5888,2830,4066,1894,1965,2061,3284,1167,4240,275,455,865,1675,1171,3062,1599,4285,2121,2989,1378,1480,1458,2479,855,3357,37731,29503,631,1,1692,0,0
2021-02-14T23:59:59+01:00,388,659,1182,2315,1522,4065,2150,5808,2800,4029,1890,1963,2048,3274,1166,4234,268,447,846,1650,1152,3020,1560,4234,2083,2963,1361,1459,1433,2439,841,3318,37715,29073,564,1,1214,0,0
2021-02-13T23:59:59+01:00,387,659,1182,2315,1522,4064,2148,5807,2800,4029,1889,1961,2047,3274,1166,4231,268,447,846,1650,1152,3020,1559,4233,2082,2963,1360,1456,1432,2438,841,3317,37704,29063,564,1,1213,0,0
2021-02-12T23:59:59+01:00,381,655,1167,2306,1516,4051,2144,5797,2794,4024,1877,1951,2040,3261,1162,4228,266,445,841,1646,1146,3009,1538,4216,2066,2947,1346,1441,1419,2406,834,3285,37636,28850,556,1,1162,0,0
2021-02-11T23:59:59+01:00,357,624,1096,2206,1466,3915,2042,5534,2720,3925,1852,1926,1998,3196,1141,4177,243,411,795,1536,1063,2786,1420,3875,1876,2651,1166,1254,1261,2125,742,2963,37268,26167,518,0,389,0,0
2021-02-10T23:59:59+01:00,349,615,1069,2159,1425,3836,1987,5354,2616,3760,1799,1881,1954,3161,1122,4153,218,358,696,1333,932,2383,1221,3281,1657,2289,1016,1088,1114,1880,646,2643,36859,22755,380,0,1,0,0
2021-02-09T23:59:59+01:00,344,603,1060,2126,1410,3782,1938,5282,2555,3705,1737,1843,1887,3112,1104,4132,182,275,586,1066,783,1935,1016,2671,1398,1932,881,937,941,1581,541,2275,36558,19000,61,0,1,0,0
2021-02-08T23:59:59+01:00,343,602,1054,2118,1400,3766,1933,5256,2537,3692,1721,1830,1869,3095,1098,4108,127,227,478,857,627,1509,806,2033,1142,1518,708,760,751,1268,430,1853,36404,15094,17,0,1,0,0
2021-02-07T23:59:59+01:00,342,602,1054,2117,1399,3758,1929,5254,2531,3689,1714,1820,1853,3088,1093,4103,118,198,422,711,551,1329,722,1823,1053,1376,638,684,673,1147,370,1645,36332,13460,14,0,0,0,0
2021-02-06T23:59:59+01:00,342,601,1053,2116,1399,3756,1929,5252,2531,3686,1714,1819,1847,3086,1091,4101,117,197,418,708,548,1304,706,1801,1042,1363,636,679,668,1143,369,1642,36309,13341,14,0,0,0,0
2021-02-05T23:59:59+01:00,342,600,1051,2113,1397,3745,1925,5239,2524,3682,1714,1814,1838,3079,1083,4091,112,188,400,690,530,1276,676,1747,992,1300,602,627,620,1068,347,1559,36223,12734,14,0,0,0,0
2021-02-04T23:59:59+01:00,333,581,1040,2076,1379,3696,1904,5160,2508,3638,1699,1794,1810,3044,1067,4063,82,144,295,458,377,851,466,1182,680,887,472,460,480,837,275,1250,35778,9196,14,0,0,0,0
2021-02-03T23:59:59+01:00,327,568,1021,2052,1366,3654,1888,5108,2477,3598,1680,1772,1792,3023,1057,4049,65,116,245,393,303,658,369,920,508,653,317,326,350,599,195,908,35418,6925,14,0,0,0,0
2021-02-02T23:59:59+01:00,322,556,1017,2027,1356,3622,1877,5055,2451,3571,1666,1751,1763,2984,1039,4004,42,93,189,310,254,503,274,730,371,501,218,207,221,416,133,590,35047,5052,14,0,0,0,0
2021-02-01T23:59:59+01:00,321,552,1012,2020,1353,3605,1869,5034,2442,3555,1661,1740,1748,2968,1034,3992,22,62,141,222,174,326,174,479,236,287,104,114,99,198,64,264,34892,2966,14,0,0,0,0
2021-01-31T23:59:59+01:00,320,550,1010,2012,1350,3596,1865,5013,2438,3541,1658,1733,1744,2959,1031,3983,20,55,123,195,155,278,157,403,199,248,89,100,90,172,57,229,34789,2570,14,0,0,0,0
2021-01-30T23:59:59+01:00,320,550,1010,2012,1350,3596,1865,5013,2437,3541,1658,1733,1744,2958,1031,3982,20,55,123,195,155,276,154,400,198,247,89,100,90,172,57,229,34786,2560,14,0,0,0,0
2021-01-29T23:59:59+01:00,318,547,1009,2009,1348,3588,1860,5005,2434,3538,1651,1723,1735,2948,1026,3963,18,53,121,185,146,269,140,373,168,220,64,74,81,148,50,200,34688,2310,14,0,0,0,0
2021-01-28T23:59:59+01:00,313,537,987,1946,1327,3526,1833,4943,2405,3479,1629,1705,1706,2913,1010,3934,0,3,8,14,8,17,13,44,8,18,7,6,8,7,1,12,34180,174,13,0,0,0,0
2021-01-27T23:59:59+01:00,306,512,953,1867,1293,3409,1771,4819,2346,3390,1578,1662,1661,2841,976,3861,0,2,4,4,5,13,8,20,5,11,6,6,8,7,1,11,33236,111,9,0,0,0,0
2021-01-26T23:59:59+01:00,300,501,942,1854,1279,3370,1753,4758,2317,3333,1544,1630,1624,2768,961,3782,0,2,4,4,5,13,8,20,5,11,6,6,8,7,1,11,32709,111,7,0,0,0,0
2021-01-25T23:59:59+01:00,287,468,890,1739,1216,3191,1660,4486,2214,3146,1489,1579,1566,2677,921,3619,0,2,1,1,1,3,5,3,5,6,6,5,7,7,1,11,31146,64,2,0,0,0,0
2021-01-24T23:59:59+01:00,284,464,878,1719,1205,3169,1630,4451,2187,3129,1480,1570,1557,2666,915,3612,0,2,1,0,1,3,5,3,5,6,5,5,7,7,1,11,30914,62,2,0,0,0,0
2021-01-23T23:59:59+01:00,284,464,878,1719,1204,3168,1630,4447,2186,3128,1479,1570,1556,2665,914,3607,0,2,1,0,1,3,5,3,5,6,5,5,7,7,1,11,30897,62,2,0,0,0,0
2021-01-22T23:59:59+01:00,282,462,873,1716,1200,3161,1625,4442,2175,3121,1468,1559,1549,2645,909,3589,0,2,1,0,1,3,5,3,5,6,5,5,7,7,1,11,30774,62,2,0,0,0,0
2021-01-21T23:59:59+01:00,270,449,845,1644,1175,3034,1568,4277,2088,2988,1372,1464,1418,2467,840,3431,0,2,1,0,1,3,4,2,4,6,4,4,6,7,0,11,29328,55,2,0,0,0,0
2021-01-20T23:59:59+01:00,246,395,766,1482,1089,2720,1421,3821,1929,2687,1255,1322,1304,2284,779,3231,0,2,1,0,1,3,4,2,4,6,4,4,6,7,0,11,26729,55,2,0,0,0,0
2021-01-19T23:59:59+01:00,213,319,655,1225,942,2267,1201,3212,1650,2287,1074,1137,1096,1914,642,2766,0,1,1,0,1,2,4,1,3,6,3,4,6,7,0,11,22598,50,2,0,0,0,0
2021-01-18T23:59:59+01:00,149,256,514,955,730,1724,924,2331,1296,1757,841,907,872,1532,499,2199,0,0,0,0,0,0,0,0,2,2,1,1,0,0,0,0,17485,6,1,0,0,0,0
2021-01-17T23:59:59+01:00,135,219,448,786,643,1498,821,2088,1191,1580,785,828,787,1388,442,2007,0,0,0,0,0,0,0,0,0,1,0,0,0,0,0,0,15646,1,0,0,0,0,0
2021-01-16T23:59:59+01:00,134,218,445,785,641,1490,810,2084,1183,1574,784,823,781,1376,435,1993,0,0,0,0,0,0,0,0,0,0,0,0,0,0,0,0,15556,0,0,0,0,0,0
2021-01-15T23:59:59+01:00,124,209,430,767,615,1450,776,2005,1123,1492,741,769,735,1291,409,1883,0,0,0,0,0,0,0,0,0,0,0,0,0,0,0,0,14819,0,0,0,0,0,0
2021-01-14T23:59:59+01:00,83,151,308,486,415,921,524,1296,766,985,541,535,540,952,314,1427,0,0,0,0,0,0,0,0,0,0,0,0,0,0,0,0,10244,0,0,0,0,0,0
2021-01-13T23:59:59+01:00,65,120,253,410,333,691,400,981,543,687,331,343,370,649,216,979,0,0,0,0,0,0,0,0,0,0,0,0,0,0,0,0,7371,0,0,0,0,0,0
2021-01-12T23:59:59+01:00,52,102,208,351,269,562,290,804,398,537,223,221,231,448,150,663,0,0,0,0,0,0,0,0,0,0,0,0,0,0,0,0,5509,0,0,0,0,0,0
2021-01-11T23:59:59+01:00,37,78,181,302,221,460,222,637,294,378,134,137,128,270,83,380,0,0,0,0,0,0,0,0,0,0,0,0,0,0,0,0,3942,0,0,0,0,0,0
2021-01-10T23:59:59+01:00,27,69,160,246,188,380,181,528,249,322,115,115,113,226,72,306,0,0,0,0,0,0,0,0,0,0,0,0,0,0,0,0,3297,0,0,0,0,0,0
2021-01-09T23:59:59+01:00,27,69,160,244,187,379,180,523,248,321,115,115,113,226,72,306,0,0,0,0,0,0,0,0,0,0,0,0,0,0,0,0,3285,0,0,0,0,0,0
2021-01-08T23:59:59+01:00,25,67,157,234,179,370,165,494,220,295,93,97,107,210,66,284,0,0,0,0,0,0,0,0,0,0,0,0,0,0,0,0,3063,0,0,0,0,0,0
2021-01-07T23:59:59+01:00,1,3,4,7,8,12,11,6,17,12,10,12,16,20,1,31,0,0,0,0,0,0,0,0,0,0,0,0,0,0,0,0,171,0,0,0,0,0,0
2021-01-06T23:59:59+01:00,0,2,1,1,1,5,5,2,5,7,5,5,8,8,0,13,0,0,0,0,0,0,0,0,0,0,0,0,0,0,0,0,68,0,0,0,0,0,0
2021-01-05T23:59:59+01:00,0,2,1,1,1,5,5,2,5,6,5,5,7,7,0,12,0,0,0,0,0,0,0,0,0,0,0,0,0,0,0,0,64,0,0,0,0,0,0
2021-01-04T23:59:59+01:00,0,2,1,1,1,4,4,2,5,6,4,4,6,7,0,12,0,0,0,0,0,0,0,0,0,0,0,0,0,0,0,0,59,0,0,0,0,0,0
2021-01-03T23:59:59+01:00,0,2,1,0,1,4,4,2,5,6,3,4,6,7,0,12,0,0,0,0,0,0,0,0,0,0,0,0,0,0,0,0,57,0,0,0,0,0,0
2021-01-02T23:59:59+01:00,0,2,1,0,1,4,4,2,5,6,3,4,6,7,0,12,0,0,0,0,0,0,0,0,0,0,0,0,0,0,0,0,57,0,0,0,0,0,0
2021-01-01T23:59:59+01:00,0,2,1,0,1,3,4,2,5,6,3,4,6,7,0,12,0,0,0,0,0,0,0,0,0,0,0,0,0,0,0,0,56,0,0,0,0,0,0
2020-12-31T23:59:59+01:00,0,2,1,0,1,3,4,2,5,6,3,4,6,7,0,12,0,0,0,0,0,0,0,0,0,0,0,0,0,0,0,0,56,0,0,0,0,0,0
2020-12-30T23:59:59+01:00,0,2,1,0,1,3,4,2,5,6,3,4,6,7,0,12,0,0,0,0,0,0,0,0,0,0,0,0,0,0,0,0,56,0,0,0,0,0,0
2020-12-29T23:59:59+01:00,0,1,1,0,1,2,4,1,4,6,3,4,6,7,0,12,0,0,0,0,0,0,0,0,0,0,0,0,0,0,0,0,52,0,0,0,0,0,0
2020-12-28T23:59:59+01:00,0,1,1,0,1,1,2,0,3,5,2,1,1,0,0,2,0,0,0,0,0,0,0,0,0,0,0,0,0,0,0,0,20,0,0,0,0,0,0
2020-12-27T23:59:59+01:00,0,1,1,0,1,1,2,0,1,3,1,0,1,0,0,2,0,0,0,0,0,0,0,0,0,0,0,0,0,0,0,0,14,0,0,0,0,0,0
