Datum,<15_m,<15_w,15-24_1_m,15-24_1_w,25-34_1_m,25-34_1_w,35-44_1_m,35-44_1_w,45-54_1_m,45-54_1_w,55-64_1_m,55-64_1_w,65-74_1_m,65-74_1_w,75-84_1_m,75-84_1_w,>84_1_m,>84_1_w,<24_2_m,<24_2_w,25-34_2_m,25-34_2_w,35-44_2_m,35-44_2_w,45-54_2_m,45-54_2_w,55-64_2_m,55-64_2_w,65-74_2_m,65-74_2_w,75-84_2_m,75-84_2_w,>84_2_m,>84_2_w,bp_1,bp_2,mo_1,mo_2,az_1,az_2,ja,unb_1,unb_2
2021-10-10T23:59:59+02:00,5374,5013,38449,37031,53764,48282,54682,53233,65307,65233,75067,75061,54183,59786,37388,48342,11664,22222,35350,34024,50953,45159,52265,50382,62861,62333,72751,72641,52819,58237,36488,47094,11269,21399,588804,560314,79131,76100,105561,101482,36556,31,27
2021-10-09T23:59:59+02:00,5374,5013,38449,37031,53764,48282,54682,53233,65307,65233,75067,75061,54183,59786,37388,48342,11664,22222,35349,34024,50953,45159,52265,50382,62860,62333,72751,72641,52819,58237,36488,47094,11269,21399,588804,560313,79131,76099,105561,101482,36556,31,27
2021-10-08T23:59:59+02:00,5366,5000,38431,37013,53752,48265,54675,53229,65296,65225,75054,75052,54181,59783,37386,48337,11663,22221,35335,34005,50941,45144,52260,50372,62851,62326,72745,72635,52817,58235,36487,47090,11269,21397,588664,560198,79131,76097,105561,101481,36544,31,27
2021-10-07T23:59:59+02:00,5303,4922,38274,36876,53636,48145,54570,53129,65207,65143,74987,75007,54161,59742,37363,48309,11645,22199,35006,33695,50729,44869,52076,50132,62671,62154,72592,72493,52759,58170,36460,47046,11258,21378,587408,558126,79102,75482,105559,101481,36520,31,27
2021-10-06T23:59:59+02:00,5268,4895,38228,36835,53603,48107,54527,53097,65162,65110,74964,74985,54145,59729,37354,48293,11639,22191,34965,33659,50707,44843,52055,50110,62642,62139,72568,72477,52737,58141,36442,47027,11252,21368,586948,557757,79097,75481,105559,101479,36499,31,27
2021-10-05T23:59:59+02:00,5236,4870,38151,36767,53545,48045,54477,53039,65101,65055,74923,74938,54109,59702,37335,48263,11630,22162,34901,33590,50661,44779,52022,50068,62590,62101,72528,72438,52707,58103,36415,46977,11244,21347,586232,557088,79078,75480,105559,101477,36450,31,27
2021-10-04T23:59:59+02:00,5175,4813,37939,36600,53380,47933,54364,52937,65034,64983,74858,74890,54080,59670,37320,48246,11621,22147,34600,33243,50422,44540,51840,49892,62429,61949,72413,72341,52649,58042,36360,46920,11232,21329,585157,554844,79069,75480,105559,101477,36176,31,27
2021-10-03T23:59:59+02:00,5164,4799,37917,36575,53348,47901,54341,52921,65017,64964,74848,74878,54073,59657,37315,48233,11621,22143,34547,33206,50373,44497,51802,49844,62386,61911,72375,72309,52633,58019,36348,46905,11230,21320,584916,554365,79066,75480,105555,101468,36149,31,27
2021-10-02T23:59:59+02:00,5162,4790,37914,36569,53341,47898,54340,52919,65015,64964,74846,74876,54073,59656,37315,48233,11621,22143,34545,33204,50365,44495,51800,49844,62384,61911,72375,72308,52633,58018,36348,46905,11230,21320,584887,554356,79066,75479,105555,101468,36138,31,27
2021-10-01T23:59:59+02:00,5155,4774,37872,36543,53313,47874,54317,52895,64988,64952,74824,74862,54065,59651,37313,48230,11618,22141,34527,33194,50350,44487,51787,49830,62371,61903,72358,72297,52626,58012,36346,46903,11228,21318,584665,554274,79064,75477,105555,101462,36074,31,27
2021-09-30T23:59:59+02:00,5066,4712,37667,36345,53147,47715,54176,52768,64886,64834,74754,74807,54050,59621,37302,48214,11615,22134,34385,33042,50257,44363,51712,49717,62286,61811,72293,72239,52616,57982,36338,46878,11225,21308,583164,553699,79046,74869,105552,101458,36023,30,27
2021-09-29T23:59:59+02:00,5044,4692,37635,36304,53103,47667,54139,52721,64855,64797,74724,74780,54033,59597,37290,48203,11611,22122,34358,33006,50230,44337,51690,49696,62266,61781,72271,72219,52607,57973,36333,46868,11222,21300,582712,553412,79034,74865,105552,101453,35991,30,27
2021-09-28T23:59:59+02:00,5021,4669,37576,36248,53063,47620,54104,52679,64811,64755,74680,74745,53996,59561,37271,48181,11601,22111,34302,32968,50200,44312,51665,49675,62240,61761,72235,72189,52577,57934,36311,46841,11219,21288,582160,553023,79032,74859,105552,101449,35920,30,27
2021-09-27T23:59:59+02:00,4946,4609,37376,36074,52879,47459,53983,52569,64707,64648,74582,74665,53967,59533,37259,48162,11599,22099,33882,32580,49893,43990,51436,49427,62043,61575,72106,72064,52536,57874,36290,46810,11217,21278,581108,550515,79006,74858,105552,101448,35422,30,27
2021-09-26T23:59:59+02:00,4943,4603,37356,36045,52851,47443,53969,52554,64693,64638,74570,74655,53960,59522,37258,48159,11599,22094,33868,32573,49881,43975,51431,49418,62030,61569,72098,72057,52532,57866,36289,46805,11215,21274,580937,550404,78989,74850,105552,101447,35406,30,27
2021-09-25T23:59:59+02:00,4940,4600,37350,36041,52848,47439,53965,52551,64691,64634,74566,74652,53959,59519,37257,48158,11599,22093,33865,32573,49880,43975,51431,49417,62030,61568,72096,72057,52532,57865,36289,46805,11215,21274,580893,550398,78987,74850,105552,101447,35402,30,27
2021-09-24T23:59:59+02:00,4937,4597,37331,36027,52827,47426,53944,52539,64672,64623,74552,74642,53952,59516,37254,48154,11599,22089,33855,32557,49865,43967,51412,49402,62017,61562,72077,72048,52525,57858,36283,46798,11215,21272,580776,550293,78987,74848,105549,101446,35341,30,27
2021-09-23T23:59:59+02:00,4809,4477,36928,35609,52477,47094,53652,52267,64430,64405,74369,74511,53894,59460,37222,48108,11590,22070,33668,32386,49646,43815,51243,49298,61867,61457,71961,71973,52489,57833,36258,46775,11213,21264,578458,549624,78944,74825,105549,101443,34394,29,27
2021-09-22T23:59:59+02:00,4782,4457,36886,35552,52411,47016,53586,52207,64363,64353,74310,74458,53865,59437,37214,48091,11588,22065,33632,32343,49603,43758,51184,49246,61812,61417,71913,71939,52470,57815,36252,46764,11211,21263,578027,549364,78936,74822,105546,101442,34105,29,27
2021-09-21T23:59:59+02:00,4766,4435,36829,35503,52345,46953,53541,52157,64296,64303,74253,74404,53822,59406,37201,48065,11583,22056,33601,32291,49571,43711,51145,49203,61766,61380,71874,71897,52439,57791,36241,46746,11210,21256,577478,548999,78928,74820,105544,101438,33941,29,27
2021-09-20T23:59:59+02:00,4662,4372,36495,35199,52026,46649,53306,51937,64087,64114,74095,74291,53758,59352,37180,48030,11576,22050,33091,31856,49193,43378,50860,48900,61512,61169,71707,71745,52383,57725,36218,46701,11203,21246,575655,546292,78923,74815,105543,101432,33031,29,27
2021-09-19T23:59:59+02:00,4649,4367,36482,35188,52015,46641,53293,51925,64074,64109,74087,74281,53754,59346,37177,48027,11575,22050,33070,31839,49189,43368,50852,48888,61498,61158,71695,71735,52377,57721,36217,46699,11203,21243,575549,546169,78916,74811,105542,101431,33006,29,27
2021-09-18T23:59:59+02:00,4649,4367,36480,35187,52013,46640,53293,51924,64074,64109,74087,74281,53754,59346,37177,48027,11575,22050,33067,31839,49185,43366,50852,48888,61498,61158,71695,71735,52377,57721,36217,46699,11203,21243,575547,546164,78916,74811,105542,101431,33001,29,27
2021-09-17T23:59:59+02:00,4642,4354,36466,35163,51992,46622,53282,51905,64060,64100,74072,74262,53745,59340,37174,48022,11574,22050,33060,31823,49173,43356,50848,48881,61497,61154,71687,71723,52370,57719,36217,46698,11203,21242,575385,546114,78916,74811,105541,101429,32956,29,27
2021-09-16T23:59:59+02:00,4492,4204,36099,34799,51736,46322,53069,51641,63876,63916,73915,74112,53690,59279,37158,47987,11570,22038,32931,31717,49091,43249,50769,48799,61435,61099,71635,71690,52355,57706,36207,46686,11202,21236,572949,545273,78458,74731,105540,101424,32929,29,27
2021-09-15T23:59:59+02:00,4449,4166,36031,34724,51693,46269,53002,51586,63826,63867,73878,74069,53672,59258,37148,47976,11569,22032,32879,31666,49040,43197,50712,48750,61389,61055,71606,71659,52347,57685,36197,46676,11202,21230,572578,544940,78372,74716,105540,101412,32698,29,27
2021-09-14T23:59:59+02:00,4408,4126,35968,34672,51642,46198,52961,51536,63780,63822,73834,74027,53647,59239,37133,47957,11568,22028,32815,31595,48996,43148,50678,48706,61335,61017,71571,71618,52325,57662,36188,46662,11201,21227,572038,544392,78302,74710,105540,101405,32639,29,27
2021-09-13T23:59:59+02:00,4257,3949,35600,34243,51371,45884,52746,51302,63570,63613,73699,73902,53592,59170,37096,47923,11567,22020,32352,31122,48761,42900,50496,48505,61187,60834,71429,71508,52272,57603,36172,46626,11195,21217,569453,541407,77877,74630,105539,101399,32607,29,27
2021-09-12T23:59:59+02:00,4248,3939,35577,34227,51356,45862,52729,51285,63556,63596,73690,73892,53589,59164,37091,47922,11567,22019,32327,31104,48746,42882,50486,48497,61176,60820,71413,71496,52266,57595,36166,46624,11192,21216,569305,541252,77861,74622,105528,101384,32587,29,27
2021-09-11T23:59:59+02:00,4245,3936,35573,34223,51355,45860,52724,51278,63554,63591,73688,73887,53585,59159,37091,47920,11567,22019,32318,31100,48743,42879,50483,48494,61173,60816,71410,71494,52264,57593,36166,46622,11192,21216,569278,541232,77861,74622,105528,101384,32560,29,27
2021-09-10T23:59:59+02:00,4244,3935,35460,34124,51159,45706,52533,51137,63377,63477,73554,73796,53547,59120,37071,47902,11565,22014,32192,30991,48545,42713,50285,48357,60984,60694,71276,71399,52222,57550,36144,46601,11189,21211,569221,541080,77859,74620,105527,101382,31086,29,27
2021-09-09T23:59:59+02:00,4216,3897,35381,34057,51103,45637,52473,51050,63320,63419,73514,73758,53524,59092,37057,47884,11563,22010,32098,30924,48501,42664,50234,48316,60943,60660,71233,71365,52204,57536,36137,46586,11188,21207,568615,540599,77824,74613,105513,101360,30975,29,27
2021-09-08T23:59:59+02:00,4191,3877,35348,34015,51079,45607,52455,51024,63286,63386,73493,73735,53517,59077,37050,47873,11563,22007,32040,30895,48462,42638,50206,48285,60907,60631,71217,71344,52191,57523,36127,46575,11185,21189,568269,540223,77824,74612,105513,101348,30949,29,27
2021-09-07T23:59:59+02:00,4179,3863,35308,33972,51049,45576,52431,50997,63260,63363,73457,73705,53505,59061,37034,47859,11561,22001,31993,30847,48428,42603,50166,48249,60882,60600,71183,71315,52178,57507,36118,46562,11182,21185,567896,539805,77824,74610,105513,101340,30920,29,27
2021-09-06T23:59:59+02:00,4003,3679,34830,33500,50672,45187,52165,50695,63034,63125,73299,73555,53441,58980,37015,47818,11558,21992,31784,30665,48226,42448,50023,48109,60769,60482,71088,71226,52131,57461,36102,46543,11177,21172,565089,538947,77824,74609,105513,101336,30094,29,27
2021-09-05T23:59:59+02:00,3995,3667,34813,33485,50669,45179,52153,50687,63022,63115,73284,73550,53436,58972,37009,47811,11556,21988,31766,30646,48207,42433,50010,48101,60758,60472,71078,71221,52125,57449,36100,46538,11176,21170,564953,538809,77823,74607,105513,101322,30074,29,27
2021-09-04T23:59:59+02:00,3995,3667,34812,33485,50667,45179,52152,50686,63022,63115,73284,73550,53436,58972,37009,47811,11556,21988,31765,30644,48206,42433,50008,48099,60758,60472,71077,71221,52125,57449,36100,46538,11176,21170,564951,538805,77823,74605,105513,101322,30071,29,27
2021-09-03T23:59:59+02:00,3947,3620,34648,33353,50514,45056,52041,50569,62872,62991,73159,73450,53396,58924,36988,47790,11552,21985,31491,30452,48005,42262,49837,47930,60552,60300,70932,71075,52071,57392,36075,46515,11174,21166,564812,538672,77227,73359,105502,101309,29286,29,27
2021-09-02T23:59:59+02:00,3921,3590,34589,33306,50480,45016,52009,50536,62831,62950,73121,73424,53376,58912,36979,47772,11552,21980,31422,30392,47955,42215,49796,47886,60497,60248,70891,71048,52053,57376,36066,46506,11173,21161,564403,538281,77205,73355,105502,101199,29206,29,27
2021-09-01T23:59:59+02:00,3905,3576,34563,33273,50457,44989,51990,50513,62811,62916,73092,73406,53367,58903,36975,47764,11552,21979,31372,30353,47922,42188,49766,47861,60466,60224,70868,71017,52034,57357,36056,46499,11173,21158,564133,537936,77202,73349,105502,101172,29166,29,27
2021-08-31T23:59:59+02:00,3878,3563,34523,33226,50430,44953,51962,50481,62783,62884,73062,73374,53347,58881,36967,47751,11549,21979,31313,30321,47893,42163,49743,47844,60439,60208,70853,70990,52020,57347,36053,46492,11170,21152,563742,537659,77202,73345,105501,101165,29120,29,27
2021-08-30T23:59:59+02:00,3652,3353,33935,32711,50006,44575,51610,50134,62492,62621,72854,73196,53263,58795,36937,47704,11546,21971,31031,30057,47593,41931,49515,47673,60257,60077,70697,70886,51952,57302,36035,46460,11167,21145,560738,536566,77202,73342,105500,101155,27887,29,27
2021-08-29T23:59:59+02:00,3646,3345,33914,32689,49991,44566,51596,50116,62481,62607,72844,73180,53255,58790,36935,47697,11546,21969,31013,30037,47571,41904,49494,47656,60240,60060,70685,70874,51949,57294,36032,46459,11167,21143,560596,536447,77200,73341,105499,101111,27844,29,27
2021-08-28T23:59:59+02:00,3646,3345,33911,32689,49986,44565,51595,50114,62479,62604,72842,73179,53254,58788,36935,47697,11546,21969,31004,30028,47566,41902,49491,47653,60237,60056,70682,70872,51948,57290,36032,46459,11167,21143,560587,536411,77200,73340,105499,101111,27830,29,27
2021-08-27T23:59:59+02:00,3642,3339,33903,32670,49983,44561,51583,50107,62472,62599,72825,73173,53250,58785,36934,47696,11545,21968,30986,30010,47558,41892,49481,47644,60230,60048,70670,70871,51946,57289,36031,46458,11166,21143,560513,536333,77200,73338,105499,101108,27795,29,27
2021-08-26T23:59:59+02:00,3617,3311,33862,32620,49956,44523,51541,50058,62426,62575,72792,73143,53240,58776,36927,47694,11544,21964,30689,29741,47341,41679,49306,47488,60114,59947,70585,70800,51912,57256,36014,46435,11164,21139,560162,534509,77173,73332,105498,101044,27708,29,27
2021-08-25T23:59:59+02:00,3576,3287,33812,32577,49930,44477,51507,50029,62387,62541,72756,73119,53231,58758,36921,47679,11543,21963,29932,29040,46902,41265,48983,47196,59889,59722,70409,70649,51845,57180,35992,46400,11155,21131,559730,530175,77173,73329,105498,101021,27664,29,27
2021-08-24T23:59:59+02:00,3536,3265,33753,32518,49898,44435,51479,49982,62342,62492,72712,73072,53210,58733,36908,47666,11541,21955,29699,28818,46769,41134,48875,47090,59797,59628,70324,70550,51799,57133,35971,46388,11152,21128,559239,528737,77170,73325,105496,100987,27564,29,27
2021-08-23T23:59:59+02:00,3231,3000,33119,31894,49472,44037,51137,49677,62013,62196,72419,72840,53113,58644,36870,47603,11530,21946,29281,28426,46382,40834,48634,46877,59525,59419,70099,70403,51723,57062,35947,46345,11146,21121,556170,527284,77167,73322,105495,100982,25881,29,27
2021-08-22T23:59:59+02:00,3220,2992,33109,31888,49464,44027,51129,49671,62008,62189,72414,72838,53110,58641,36868,47601,11530,21945,29257,28410,46363,40826,48625,46867,59514,59411,70092,70400,51714,57058,35944,46342,11146,21121,556105,527188,77163,73316,105492,100968,25856,29,27
2021-08-21T23:59:59+02:00,3218,2992,33103,31885,49462,44026,51128,49668,62005,62188,72413,72837,53110,58641,36868,47601,11530,21945,29244,28397,46358,40822,48619,46863,59510,59411,70092,70399,51713,57058,35944,46342,11146,21121,556089,527149,77163,73309,105492,100968,25848,29,27
2021-08-20T23:59:59+02:00,3202,2981,32979,31792,49270,43889,50954,49558,61823,62060,72267,72755,53062,58599,36853,47583,11527,21941,28705,27897,45877,40454,48337,46652,59252,59227,69888,70274,51628,57000,35914,46314,11142,21114,555863,525451,77163,73134,105492,100735,24549,29,27
2021-08-19T23:59:59+02:00,3175,2958,32929,31753,49236,43854,50906,49519,61778,62022,72218,72716,53036,58579,36846,47568,11523,21934,27764,27041,45092,39851,47911,46291,58919,58953,69613,70051,51528,56911,35872,46266,11137,21109,555450,521074,77128,72159,105487,100643,24457,29,27
2021-08-18T23:59:59+02:00,3154,2939,32882,31709,49200,43819,50867,49483,61733,61986,72171,72689,53007,58562,36832,47554,11522,21929,26469,25738,44164,38978,47204,45550,58241,58370,69126,69593,51340,56689,35795,46174,11125,21092,555017,515533,77107,68949,105484,100590,24402,29,27
2021-08-17T23:59:59+02:00,3130,2916,32812,31646,49157,43751,50824,49448,61687,61941,72135,72648,52983,58538,36819,47542,11519,21924,25178,24346,43291,38285,46603,45071,57708,57929,68693,69268,51205,56505,35720,46095,11109,21078,554467,509915,77102,66862,105483,100554,24340,29,27
2021-08-16T23:59:59+02:00,3119,2895,32795,31627,49134,43729,50815,49431,61667,61923,72114,72633,52972,58530,36817,47531,11517,21920,23740,22950,42388,37439,46327,44778,57484,57668,68486,69109,51133,56420,35689,46050,11107,21064,554239,503552,77099,66830,105481,100541,24322,29,27
2021-08-15T23:59:59+02:00,3111,2883,32781,31609,49123,43723,50804,49420,61651,61907,72099,72621,52968,58521,36814,47531,11517,21920,21312,20495,41634,36895,45960,44406,57152,57369,68201,68852,51022,56318,35652,45994,11104,21054,554102,494813,77098,66651,105471,100525,24304,29,27
2021-08-14T23:59:59+02:00,3111,2882,32776,31607,49119,43721,50801,49418,61646,61904,72095,72615,52968,58521,36813,47531,11517,21920,21286,20468,41597,36864,45943,44391,57138,57357,68189,68841,51020,56315,35651,45993,11104,21053,554095,494624,77097,66650,105471,100525,24274,29,27
2021-08-13T23:59:59+02:00,3097,2865,32733,31579,49096,43706,50779,49400,61613,61873,72073,72595,52962,58514,36810,47526,11516,21917,21168,20382,41509,36767,45881,44339,57090,57319,68149,68807,51003,56303,35642,45985,11103,21051,553936,494036,77096,66647,105470,100504,24124,29,27
2021-08-12T23:59:59+02:00,3079,2836,32686,31530,49064,43666,50741,49371,61559,61846,72037,72559,52946,58495,36793,47517,11515,21914,20698,20068,40556,35957,45512,44010,56872,57140,67972,68643,50931,56219,35612,45941,11098,21044,553527,489798,77092,66645,105468,100459,24039,29,27
2021-08-11T23:59:59+02:00,3037,2805,32629,31486,49030,43632,50717,49347,61532,61815,72009,72531,52924,58469,36781,47508,11514,21907,19802,19184,39228,34767,44908,43430,56511,56810,67679,68369,50809,56081,35575,45882,11096,21031,553112,482370,77086,66640,105468,100437,23979,29,27
2021-08-10T23:59:59+02:00,3021,2786,32576,31441,48997,43603,50688,49315,61513,61776,71970,72486,52901,58453,36770,47485,11513,21902,18776,18214,37130,32901,44021,42552,56056,56410,67289,68022,50660,55928,35514,45786,11091,21011,552654,472118,77085,66638,105467,100418,23962,29,27
2021-08-09T23:59:59+02:00,3005,2779,32547,31417,48973,43583,50661,49297,61493,61758,71949,72466,52891,58444,36765,47475,11511,21901,17355,16799,34145,30478,43356,41918,55647,56046,66957,67695,50516,55779,35463,45737,11086,20993,552402,459925,77083,66634,105463,100406,23939,29,27
2021-08-08T23:59:59+02:00,3002,2779,32535,31405,48962,43576,50656,49291,61482,61750,71945,72465,52890,58442,36765,47472,11511,21900,17327,16769,34124,30463,43319,41888,55633,56033,66948,67690,50511,55774,35462,45734,11085,20992,552342,459740,77083,66629,105451,100387,23924,29,27
2021-08-07T23:59:59+02:00,3001,2774,32528,31394,48960,43568,50650,49291,61480,61747,71938,72463,52889,58440,36764,47472,11511,21900,17298,16736,34098,30445,43284,41857,55612,56016,66937,67683,50506,55772,35460,45734,11085,20991,552295,459510,77083,66626,105451,100386,23913,29,27
2021-08-06T23:59:59+02:00,2912,2682,32180,31168,48700,43372,50391,49062,61191,61542,71663,72296,52757,58336,36710,47419,11508,21891,17088,16596,33383,29968,42812,41488,55269,55789,66627,67506,50376,55678,35411,45697,11082,20984,552224,457836,75973,66337,105447,100384,22108,29,27
2021-08-05T23:59:59+02:00,2866,2643,32021,31048,48608,43282,50311,49007,61138,61497,71610,72255,52730,58317,36701,47402,11506,21889,16856,16345,31521,28533,41767,40536,54995,55443,66415,67334,50311,55601,35388,45658,11075,20975,551340,451023,75970,66264,105438,100261,22055,29,27
2021-08-04T23:59:59+02:00,2791,2567,31753,30856,48411,43147,50159,48896,61058,61421,71547,72199,52700,58277,36688,47387,11503,21884,16567,16099,31164,28311,40575,39463,54606,55112,66239,67182,50248,55519,35358,45630,11072,20968,550045,446713,75969,66245,105436,100188,21769,26,26
2021-08-03T23:59:59+02:00,2603,2386,31239,30389,48161,42898,49984,48702,60894,61250,71401,72052,52646,58205,36666,47358,11493,21870,16130,15653,30577,27788,38842,37846,53915,54465,65905,66870,50151,55390,35311,45578,11067,20958,547083,439041,75969,66238,105433,100169,21687,26,26
2021-08-02T23:59:59+02:00,2492,2291,30923,30104,47959,42714,49832,48574,60787,61144,71313,71970,52613,58173,36644,47339,11492,21867,15824,15382,30239,27434,36702,36021,53356,53950,65698,66695,50079,55305,35289,45550,11065,20954,545141,432197,75966,66233,105428,100057,21671,26,26
2021-08-01T23:59:59+02:00,2489,2288,30912,30096,47940,42702,49821,48566,60774,61134,71303,71965,52609,58165,36640,47339,11492,21867,15701,15256,30102,27318,34398,34167,53059,53698,65604,66626,50039,55264,35282,45531,11064,20952,545087,426748,75965,66228,105381,100033,21644,26,26
2021-07-31T23:59:59+02:00,2489,2288,30907,30092,47938,42700,49819,48566,60773,61134,71303,71963,52606,58162,36640,47339,11492,21866,15686,15243,30068,27295,34386,34160,53041,53690,65592,66621,50035,55259,35282,45530,11063,20951,545068,426598,75965,66227,105380,100029,21639,26,26
2021-07-30T23:59:59+02:00,2475,2283,30861,30047,47906,42679,49795,48541,60739,61105,71268,71945,52597,58151,36640,47339,11492,21864,15526,14943,29804,26981,34205,33911,52840,53396,65426,66418,49988,55213,35271,45518,11063,20950,544897,426232,75959,66217,105377,98119,21469,26,26
2021-07-29T23:59:59+02:00,2443,2263,30704,29955,47823,42618,49741,48475,60678,61064,71223,71899,52578,58132,36632,47323,11489,21859,15211,14665,29490,26763,32919,32965,52057,52783,65071,66151,49889,55120,35228,45461,11058,20942,544232,423528,75952,63485,105366,97975,21324,26,26
2021-07-28T23:59:59+02:00,2396,2226,30550,29846,47740,42550,49668,48402,60605,60986,71156,71842,52554,58094,36614,47304,11488,21854,14809,14292,29049,26448,32548,32634,51347,52171,64679,65824,49794,55017,35194,45404,11042,20923,543282,419386,75948,63431,105360,97588,21260,26,26
2021-07-27T23:59:59+02:00,2318,2153,30309,29579,47588,42369,49523,48264,60495,60863,71056,71754,52496,58034,36586,47265,11480,21847,14165,13636,28283,25817,31796,31982,50095,51075,63949,65258,49607,54810,35126,45289,11035,20903,541451,411043,75938,63405,105354,97491,21211,26,26
2021-07-26T23:59:59+02:00,2257,2098,30107,29348,47469,42240,49448,48181,60430,60798,71005,71708,52470,58002,36574,47252,11478,21838,13801,13261,27927,25526,31179,31571,48540,49703,62974,64432,49401,54604,35058,45208,11025,20891,540217,403329,75935,63399,105350,97457,21176,26,26
2021-07-25T23:59:59+02:00,2012,1896,29287,28674,47075,41923,49161,47894,60195,60573,70821,71550,52414,57927,36547,47211,11477,21830,13709,13201,27832,25461,31094,31504,48419,49639,62887,64381,49379,54586,35051,45199,11025,20890,536033,402693,75935,63392,105343,97296,21131,26,26
2021-07-24T23:59:59+02:00,1931,1828,29029,28443,46925,41817,49043,47793,60038,60454,70692,71470,52366,57897,36529,47190,11475,21830,13574,13088,27631,25325,30932,31374,48206,49469,62724,64286,49335,54556,35036,45181,11023,20888,535338,402079,75932,63389,105342,97295,20113,26,26
2021-07-23T23:59:59+02:00,1816,1708,28698,28117,46678,41663,48786,47580,59789,60266,70488,71343,52291,57826,36510,47153,11471,21821,13319,12862,27198,25010,30547,31066,47606,48981,62395,64048,49251,54490,35014,45137,11018,20879,534336,399667,75555,63335,105331,97292,18757,26,26
2021-07-22T23:59:59+02:00,1804,1701,28620,28037,46538,41524,48572,47370,59611,60124,70369,71214,52248,57789,36494,47136,11471,21821,13090,12601,26865,24679,30194,30748,45678,47419,61589,63347,49155,54388,34976,45093,11015,20869,534028,392963,74406,63186,105288,97068,18696,26,26
2021-07-21T23:59:59+02:00,1770,1662,28355,27833,46152,41190,47979,46814,59025,59641,69912,70822,52076,57628,36436,47079,11462,21808,12667,12157,26285,24138,29620,30180,41946,44175,60100,62076,48986,54207,34912,45010,11005,20842,533472,381318,71131,62670,105134,96619,17882,26,26
2021-07-20T23:59:59+02:00,1747,1647,28236,27697,46087,41133,47932,46775,58969,59592,69859,70774,52042,57600,36420,47054,11458,21801,12169,11625,25548,23448,28967,29430,38489,41184,58552,60614,48783,53984,34830,44918,10987,20822,532784,370922,71109,59285,105117,96496,17788,26,26
2021-07-19T23:59:59+02:00,1742,1646,28209,27664,46065,41122,47920,46763,58956,59576,69847,70772,52040,57596,36420,47050,11456,21801,12123,11596,25482,23413,28935,29396,38444,41151,58510,60587,48779,53976,34829,44915,10984,20821,532645,370602,71109,59270,105102,96443,17764,26,26
2021-07-18T23:59:59+02:00,1738,1639,28184,27639,46042,41113,47908,46754,58950,59567,69840,70764,52038,57595,36419,47049,11456,21800,12061,11571,25396,23372,28875,29364,38383,41124,58450,60546,48777,53972,34826,44914,10984,20821,532524,370265,71107,59239,105094,96324,17745,26,26
2021-07-17T23:59:59+02:00,1738,1637,28163,27624,46028,41103,47897,46749,58943,59561,69833,70760,52033,57591,36418,47049,11456,21800,12033,11557,25362,23335,28842,29345,38361,41106,58415,60522,48767,53964,34824,44914,10984,20821,532443,370014,71106,59235,105094,96321,17715,26,26
2021-07-16T23:59:59+02:00,1723,1616,27897,27430,45740,40938,47668,46575,58643,59360,69601,70619,51927,57519,36374,47013,11451,21798,11780,11361,25029,23094,28539,29113,37963,40832,57907,60099,48631,53850,34772,44864,10978,20817,532127,368810,71105,59232,104962,96044,15673,26,26
2021-07-15T23:59:59+02:00,1625,1503,27434,27042,45478,40702,47522,46462,58502,59246,69498,70532,51886,57476,36359,46990,11450,21791,11482,11130,24549,22757,28170,28842,37571,40551,55858,58051,48460,53648,34714,44780,10970,20806,529797,361862,71104,59140,104954,95834,15618,26,26
2021-07-14T23:59:59+02:00,1458,1371,26869,26503,45172,40413,47318,46277,58318,59049,69337,70385,51824,57417,36334,46960,11444,21786,11289,10939,24141,22401,27817,28525,37050,40149,54638,56870,48322,53497,34663,44716,10962,20784,526622,358148,71098,57472,104935,95689,15555,26,26
2021-07-13T23:59:59+02:00,1171,1066,25915,25608,44680,40002,46959,45957,57993,58763,69065,70139,51713,57291,36291,46905,11440,21771,10945,10596,23611,21855,27195,27937,35669,38959,50505,52965,47958,53109,34533,44567,10945,20755,521230,348875,71092,52266,104932,95587,15450,26,26
2021-07-12T23:59:59+02:00,707,669,24538,24353,44120,39520,46758,45740,57780,58568,68882,69967,51651,57200,36273,46879,11438,21763,10710,10488,23410,21716,26940,27800,35419,38789,50063,52543,47883,53023,34504,44532,10945,20749,515340,347407,71091,52239,104926,94506,15425,25,26
2021-07-11T23:59:59+02:00,704,664,24519,24333,44090,39500,46740,45729,57766,58555,68868,69964,51649,57197,36270,46875,11437,21763,10614,10400,23190,21591,26674,27701,35109,38707,49349,52056,46398,51434,34414,44424,10945,20747,515253,346894,71087,52192,104912,89381,15347,25,26
2021-07-10T23:59:59+02:00,702,659,24511,24328,44085,39492,46738,45727,57760,58554,68868,69963,51649,57197,36270,46875,11437,21763,10601,10390,23167,21570,26660,27690,35087,38702,49335,52051,46384,51418,34412,44423,10945,20747,515221,346785,71086,52191,104910,89326,15337,25,26
2021-07-09T23:59:59+02:00,695,649,24063,23868,43805,39251,46672,45667,57700,58513,68816,69938,51632,57184,36266,46867,11436,21763,10520,10221,23072,21382,26599,27480,35019,38485,49269,51947,46362,51393,34408,44420,10945,20747,513460,345551,71082,52178,104904,89282,15315,25,26
2021-07-08T23:59:59+02:00,629,583,22974,22862,43007,38651,46422,45462,57492,58370,68617,69799,51555,57118,36238,46844,11434,21755,10263,10028,22697,21128,26204,27215,34538,38170,48660,51424,46024,51026,34338,44342,10938,20725,508772,341964,71057,52028,104847,88663,15112,25,26
2021-07-07T23:59:59+02:00,577,537,21652,21472,42267,37966,46198,45239,57252,58180,68450,69639,51470,57034,36201,46791,11426,21741,9894,9725,21820,20536,25093,26422,32699,36802,47739,50537,45523,50489,34231,44203,10929,20707,503389,337026,70882,47644,104825,87744,14972,25,25
2021-07-06T23:59:59+02:00,520,473,20417,20191,41413,37320,45719,44888,56856,57875,68122,69380,51371,56908,36157,46740,11418,21732,9504,9344,20955,19943,24127,25764,31212,35608,46541,49337,44744,49706,34095,44027,10916,20687,498897,329695,68948,45542,104805,86471,14826,25,25
2021-07-05T23:59:59+02:00,483,445,19006,18808,40551,36518,45503,44661,56673,57672,67961,69253,51315,56852,36136,46711,11416,21725,9215,9087,20398,19560,23458,25342,30572,35181,45781,48720,43989,48916,33965,43838,10907,20675,493172,323909,68945,45520,104798,85441,14752,23,25
2021-07-04T23:59:59+02:00,476,439,17218,16797,40209,36288,45415,44588,56587,57602,67882,69184,51283,56826,36126,46690,11414,21723,9154,9034,20259,19495,23286,25264,30314,35101,44987,48590,42625,47564,33886,43764,10905,20669,488342,323449,68918,45474,104783,81311,14681,23,25
2021-07-03T23:59:59+02:00,476,437,17196,16773,40160,36242,45396,44571,56582,57597,67876,69177,51281,56823,36126,46690,11414,21722,9110,8992,20191,19427,23224,25198,30231,35021,44766,48414,42556,47488,33841,43705,10902,20669,488155,322485,68916,45473,104782,81131,14663,23,25
2021-07-02T23:59:59+02:00,456,414,17077,16665,39693,35863,45282,44471,56528,57556,67828,69145,51269,56818,36120,46678,11414,21721,8949,8822,19864,19148,22835,24820,29814,34606,44140,47769,42354,47257,33742,43569,10896,20665,486647,319482,68898,44439,104780,80694,14650,23,25
2021-07-01T23:59:59+02:00,404,374,16769,16382,37958,34529,44709,43972,56268,57346,67653,68976,51189,56728,36092,46640,11410,21713,8576,8425,19002,18435,21868,23965,28429,33417,41109,44798,41357,46175,33129,42843,10879,20636,481162,311987,68823,39558,104758,77157,14346,23,25
2021-06-30T23:59:59+02:00,356,329,16479,16137,35771,32704,44087,43341,56043,57150,67448,68784,51107,56636,36063,46586,11406,21697,8216,8090,18328,17805,20980,23133,27154,32153,36464,39925,40276,45029,32468,42054,10858,20610,474314,301491,68777,33525,104738,74258,14272,23,25
2021-06-29T23:59:59+02:00,316,292,16257,15937,34774,31619,43635,42896,55861,56986,67276,68634,51031,56563,36024,46542,11398,21690,7633,7486,17200,16875,19726,21917,25455,30475,33719,36801,37422,41980,31724,41164,10835,20572,470106,285296,68769,33477,104724,68101,14109,23,24
2021-06-28T23:59:59+02:00,306,270,16109,15780,33062,30210,43313,42602,55696,56845,67159,68527,50985,56511,36006,46521,11395,21678,7328,7229,16643,16501,19333,21602,24947,30088,33131,36300,36042,40491,30936,40230,10831,20561,465694,282251,68744,33423,104702,62703,13812,23,24
2021-06-27T23:59:59+02:00,306,270,16088,15755,32912,30123,43251,42574,55659,56836,67133,68519,50980,56507,36003,46520,11395,21677,7284,7199,16507,16435,19170,21540,24746,30014,32904,36160,34783,39217,29309,38310,10830,20560,465375,282082,68741,33384,104696,55824,13673,23,24
2021-06-26T23:59:59+02:00,304,268,16065,15730,32888,30105,43205,42532,55635,56821,67127,68516,50979,56505,36000,46519,11395,21677,7280,7187,16488,16424,19154,21530,24713,29991,32884,36140,34769,39204,29307,38307,10830,20560,465142,281888,68738,33384,104696,55819,13672,23,24
2021-06-25T23:59:59+02:00,297,266,16006,15683,32768,30007,43013,42372,55577,56775,67085,68492,50969,56494,35996,46518,11395,21677,7094,6910,16204,15915,18885,20874,24342,29058,32496,35419,34608,38987,29284,38277,10830,20560,464304,279205,68735,33374,104679,53510,13649,23,24
2021-06-24T23:59:59+02:00,277,253,15734,15479,32309,29716,41542,41129,55113,56419,66852,68332,50915,56438,35980,46490,11390,21667,6773,6680,15504,15470,17434,19853,22264,27499,31396,34523,34204,38561,29160,38096,10818,20546,459731,269496,68732,33321,104675,53084,12874,23,24
2021-06-23T23:59:59+02:00,262,236,15453,15190,31808,29316,39438,39308,54569,55876,66601,68111,50826,56329,35940,46444,11385,21654,6566,6515,15139,15190,16907,19404,21382,26700,29696,33157,33446,37708,28969,37856,10811,20531,452671,261670,68683,33230,104671,52370,12698,23,24
2021-06-22T23:59:59+02:00,240,201,15075,14795,31139,28683,35997,36260,53657,55075,66298,67806,50719,56207,35901,46387,11381,21640,6386,6303,14733,14861,16103,18683,19964,25386,28093,31504,32648,36732,28429,37250,10793,20498,441731,251561,68650,33145,104665,51255,12392,23,24
2021-06-21T23:59:59+02:00,225,195,14832,14617,30451,28217,33834,34294,53193,54649,66119,67689,50638,56133,35876,46365,11376,21635,6291,6218,14573,14741,15933,18546,19843,25274,27983,31417,32493,36592,27220,36014,10793,20495,434896,250878,68628,33097,104634,48281,12157,23,24
2021-06-20T23:59:59+02:00,218,194,14708,14528,28549,26877,33222,33843,53104,54553,66051,67652,50615,56105,35868,46362,11375,21633,5842,5920,13627,14101,15101,17953,19287,24916,27666,31215,32328,36413,27194,35983,10791,20491,430514,245877,68624,33062,104630,48209,11667,22,24
2021-06-19T23:59:59+02:00,212,189,14682,14495,28434,26794,33193,33816,53082,54537,66035,67641,50609,56096,35866,46357,11374,21631,5629,5759,13068,13690,14493,17476,18961,24714,27471,31044,32249,36313,27177,35969,10791,20491,430107,242356,68622,33058,104630,48206,11662,22,24
2021-06-18T23:59:59+02:00,210,180,14592,14410,28330,26727,31942,32912,52717,54230,65901,67547,50578,56062,35848,46331,11370,21627,5562,5681,12967,13606,14329,17350,18725,24485,26651,30377,32043,36076,27111,35894,10787,20484,429604,239408,65657,32943,104620,48152,11611,22,24
2021-06-17T23:59:59+02:00,196,164,14217,14145,27739,26474,31454,32651,51928,53663,65475,67280,50497,55961,35814,46290,11364,21614,5183,5423,12181,13131,13540,16738,17632,23556,24492,28412,31401,35339,26912,35616,10770,20469,426398,230386,65652,32664,104596,47470,10260,20,24
2021-06-16T23:59:59+02:00,167,136,13788,13740,27274,26117,31010,32294,51115,52960,65020,66891,50378,55841,35785,46233,11353,21602,4820,4988,11463,12464,12748,16044,16531,22434,21524,25548,30333,34131,26614,35212,10755,20428,421529,216354,65605,32636,104589,47071,9961,20,24
2021-06-15T23:59:59+02:00,105,83,13156,13116,26527,25540,30227,31698,49864,51895,64308,66366,50200,55644,35718,46121,11344,21583,4326,4358,10497,11530,11593,14665,14802,20732,18092,22243,28962,32696,26227,34693,10730,20385,413818,197747,65585,32519,104584,46762,9488,20,24
2021-06-14T23:59:59+02:00,75,62,12751,12744,26116,25215,29564,31232,48071,50426,63257,65531,49984,55418,35641,46045,11336,21571,4226,4303,10321,11399,11450,14534,14625,20611,17899,22084,28891,32615,26209,34665,10726,20382,405944,197308,65575,32247,104583,46453,8917,20,24
2021-06-13T23:59:59+02:00,74,61,12710,12701,26045,25179,29501,31207,48018,50401,63222,65507,49978,55415,35639,46041,11335,21568,4070,4225,9994,11271,11127,14424,14328,20499,17498,21742,27377,30972,26069,34470,10722,20371,405744,196566,65499,27572,104576,46243,8763,20,24
2021-06-12T23:59:59+02:00,74,60,12692,12684,26029,25168,29490,31195,47958,50330,63180,65471,49977,55412,35639,46041,11335,21568,4068,4216,9979,11254,11118,14409,14309,20482,17477,21733,27336,30927,26064,34465,10722,20371,405447,196379,65499,27570,104574,46203,8763,20,24
2021-06-11T23:59:59+02:00,72,57,12592,12558,25905,25054,29368,31071,47720,50105,63048,65352,49953,55386,35628,46030,11333,21566,3975,3948,9462,10071,10689,13502,14020,19924,17204,21257,26927,30504,25973,34383,10719,20369,404179,195335,65490,27566,104534,41436,8575,20,24
2021-06-10T23:59:59+02:00,64,50,12348,12341,25588,24773,29023,30802,46646,49090,62313,64783,49868,55290,35594,45978,11323,21553,3706,3584,8696,8827,9794,11860,12719,17168,15420,17655,25206,28582,25676,34078,10713,20345,399304,189818,65433,27129,104333,28730,8337,20,23
2021-06-09T23:59:59+02:00,50,38,12054,12016,25182,24369,28626,30407,44636,47266,61222,63844,49763,55166,35547,45924,11317,21535,3459,3462,8272,8577,9283,11539,12203,16777,14708,17055,21368,24260,25450,33776,10701,20319,391318,178233,65305,26781,104331,28192,7988,20,23
2021-06-08T23:59:59+02:00,44,27,11624,11479,24512,23748,27968,29741,41465,44420,59448,62210,49592,54974,35473,45833,11307,21513,3251,3325,7871,8320,8665,11165,11540,16356,14051,16408,15987,18304,25059,33250,10683,20289,378643,163026,65242,26448,104321,27887,7152,20,19
2021-06-07T23:59:59+02:00,39,20,11462,11285,24163,23472,27686,29532,38838,42492,59019,61847,49558,54943,35461,45812,11305,21507,3154,3256,7565,8148,8346,10989,10967,15904,13546,15930,15910,18224,25028,33199,10681,20282,372985,162706,64815,24623,104312,27480,6309,20,19
2021-06-06T23:59:59+02:00,36,19,11326,11181,23842,23243,27475,29361,37240,41306,58893,61768,49534,54914,35453,45798,11305,21505,3052,3206,7293,8059,8079,10821,10228,15222,12950,15310,15758,18112,25014,33176,10679,20282,372580,162591,61433,21464,104301,27311,5865,20,18
2021-06-05T23:59:59+02:00,35,18,11308,11162,23798,23202,27440,29334,37212,41292,58793,61683,49523,54907,35451,45796,11305,21502,3040,3194,7269,8025,8048,10803,10198,15208,12907,15286,15635,17947,25009,33168,10678,20281,372237,162155,61430,21463,104301,27295,5773,20,18
2021-06-04T23:59:59+02:00,35,16,11125,10904,23438,22737,27163,28938,36784,40842,58173,61143,49489,54866,35441,45778,11303,21496,3016,3178,7240,8008,8026,10786,10167,15184,12873,15252,15423,17740,24998,33147,10676,20280,370437,161569,59160,21450,104287,27197,5767,20,18
2021-06-03T23:59:59+02:00,33,15,10904,10687,22979,22348,26737,28602,35686,40015,55411,58794,49360,54707,35398,45714,11298,21481,2923,3098,7033,7852,7569,10489,9140,14553,11624,14549,14240,16269,24819,32929,10664,20261,366489,158211,54238,17720,104237,26885,5185,20,18
2021-06-02T23:59:59+02:00,33,15,10866,10650,22944,22314,26703,28576,35655,39975,55285,58636,49346,54682,35392,45707,11298,21480,2882,3067,6978,7833,7508,10456,8984,14513,11399,14485,12884,14785,24701,32756,10659,20254,365897,154387,54232,17708,104236,26866,5172,20,18
2021-06-01T23:59:59+02:00,20,8,10450,10300,22290,21805,26017,27993,34933,39397,52283,55488,48957,54273,35274,45544,11282,21454,2426,2708,5627,7150,6236,9879,7587,13843,10264,13522,8573,9221,24221,32075,10636,20199,355134,136189,54052,17338,104217,26284,4345,20,18
2021-05-31T23:59:59+02:00,19,7,10174,10068,21713,21411,25608,27744,34611,39193,50833,54092,48859,54149,35241,45503,11275,21447,2316,2585,5337,6906,5973,9660,7223,13602,10008,13362,8522,9159,24195,32026,10628,20187,350399,135416,54009,17217,104193,25719,3326,20,18
2021-05-30T23:59:59+02:00,18,7,10118,10019,21621,21372,25543,27710,34499,39122,50467,53751,48833,54124,35235,45497,11273,21444,2279,2556,5233,6828,5873,9592,7034,13515,9782,13265,8478,9112,24179,32019,10627,20182,349211,134823,53988,17043,104176,25419,3258,20,18
2021-05-29T23:59:59+02:00,17,7,10104,10007,21587,21353,25526,27697,34478,39109,50454,53733,48829,54120,35232,45496,11273,21444,2260,2504,5190,6701,5813,9462,6918,13317,9643,13044,8407,9020,24112,31952,10626,20181,349054,134545,53988,16991,104155,24354,3249,20,18
2021-05-28T23:59:59+02:00,17,7,10044,9937,21511,21243,25445,27577,34401,39009,50375,53634,48808,54102,35223,45488,11273,21440,2177,2238,4576,6164,5193,8745,6551,12356,9148,12049,8229,8821,23741,31470,10625,20178,348200,133045,53975,16893,104097,19070,3243,19,17
2021-05-27T23:59:59+02:00,16,7,9778,9690,20986,20866,24901,27218,33877,38631,49764,53024,48638,53910,35153,45414,11269,21420,1936,1970,4001,5647,4515,8144,6041,11587,8202,10725,7723,8159,22177,29317,10610,20156,343920,127377,53566,15761,103990,14693,3067,19,17
2021-05-26T23:59:59+02:00,16,7,9503,9446,20265,20299,24027,26548,32614,37602,48999,52318,48384,53621,35077,45302,11257,21396,1879,1898,3907,5523,4382,7982,5833,11324,7876,10340,7160,7433,19737,25889,10590,20112,339201,118886,50594,15509,103937,14528,2930,19,16
2021-05-25T23:59:59+02:00,15,7,9240,9210,19853,19942,23590,26157,32104,37086,48105,51338,48086,53303,34988,45160,11245,21366,1811,1849,3787,5425,4245,7833,5623,11100,7561,10017,6534,6592,15600,20499,10570,20054,333614,106659,50512,15466,103864,14177,2786,19,16
2021-05-24T23:59:59+02:00,14,7,9024,9050,19284,19651,22819,25769,30591,36072,47881,51166,47994,53203,34959,45130,11243,21365,1786,1831,3741,5393,4180,7791,5558,11041,7485,9961,6508,6568,15586,20490,10570,20054,332031,106540,46716,15453,103803,13886,2653,19,15
2021-05-23T23:59:59+02:00,14,7,8817,8843,18928,19360,22397,25422,30167,35751,47289,50653,47560,52748,34856,44984,11235,21356,1784,1830,3731,5388,4176,7785,5548,11033,7475,9952,6503,6557,15586,20488,10570,20054,327201,106481,46714,15451,103802,13866,2651,19,15
2021-05-22T23:59:59+02:00,14,7,8786,8807,18878,19317,22351,25390,30114,35720,47181,50583,47541,52725,34853,44975,11232,21356,1783,1826,3719,5376,4172,7779,5543,11027,7468,9948,6500,6555,15583,20487,10570,20054,326658,106445,46714,15451,103801,13845,2638,19,15
2021-05-21T23:59:59+02:00,13,7,8514,8452,18437,18803,21990,24745,29687,34910,46694,49917,47452,52600,34815,44932,11229,21351,1719,1784,3642,5337,4129,7744,5511,10981,7427,9900,6470,6529,15505,20390,10569,20053,321453,106131,46683,15450,103777,13482,2616,19,15
2021-05-20T23:59:59+02:00,12,7,7940,7908,17493,18007,20982,23829,28366,33709,44947,48094,47012,52138,34706,44775,11211,21332,1420,1622,3332,5050,3864,7357,5213,10501,7046,9447,6236,6271,14190,18846,10546,20014,309846,102374,46596,14967,103547,11143,2460,19,15
2021-05-19T23:59:59+02:00,12,7,7675,7592,16888,17405,20082,22952,27137,32451,43151,46005,46481,51583,34554,44552,11190,21301,1354,1537,3130,4837,3658,7105,4987,10149,6751,9116,5952,5937,11977,15988,10528,19953,298701,96130,46557,14491,103500,10087,2241,19,14
2021-05-18T23:59:59+02:00,11,7,7149,7053,15737,16383,18811,21704,25630,30821,40460,42776,45650,50636,34316,44247,11165,21259,1333,1511,3071,4767,3582,6984,4853,10017,6570,8905,5685,5660,10272,13809,10503,19899,282915,90984,45352,14441,103395,9851,2135,18,14
2021-05-17T23:59:59+02:00,11,7,7071,6992,15556,16272,18595,21536,25230,30494,38709,41138,45540,50556,34268,44182,11155,21235,1300,1488,3016,4722,3518,6925,4784,9913,6475,8804,5643,5620,10258,13791,10499,19891,282696,90911,40585,14160,103352,9670,1896,18,14
2021-05-16T23:59:59+02:00,10,6,6956,6940,15435,16185,18466,21430,25050,30379,35726,38368,45504,50521,34246,44158,11152,21230,1277,1470,2971,4682,3470,6867,4701,9844,6381,8725,5612,5583,10246,13775,10497,19888,282415,90863,34434,13894,103233,9560,1662,18,14
2021-05-15T23:59:59+02:00,10,6,6931,6910,15374,16127,18420,21390,24983,30335,35690,38327,45481,50494,34239,44153,11152,21230,1265,1444,2939,4610,3451,6798,4682,9763,6359,8674,5606,5579,10241,13774,10497,19888,281933,90808,34433,13890,103219,9213,1649,18,14
2021-05-14T23:59:59+02:00,10,5,6758,6540,15025,15631,18107,20973,24646,29874,35445,37977,45452,50463,34229,44148,11152,21228,1206,1385,2860,4507,3404,6694,4618,9612,6276,8544,5576,5534,10228,13764,10497,19887,280869,90719,34284,13871,100909,8410,1583,18,13
2021-05-13T23:59:59+02:00,10,5,6403,6217,14266,15051,17401,20341,23788,29133,34675,37307,45165,50119,34150,44024,11148,21217,1034,1300,2665,4397,3287,6572,4477,9442,6154,8401,5534,5496,10211,13747,10493,19882,274459,90566,33953,13791,100693,7429,1297,18,13
2021-05-12T23:59:59+02:00,10,5,6006,5945,13293,14374,16380,19539,23124,28696,34368,37023,44982,49924,34119,43993,11145,21214,1031,1298,2658,4391,3269,6568,4472,9432,6146,8396,5527,5490,10209,13742,10492,19881,268207,90505,33942,13781,100689,7424,1284,18,12
2021-05-11T23:59:59+02:00,10,5,5628,5721,12707,13924,14576,18097,20173,26170,32052,34696,43927,48662,33794,43521,11116,21164,968,1224,2542,4219,3161,6331,4354,9144,6029,8170,5455,5410,10167,13680,10484,19863,250912,90027,33663,13563,100245,6498,1105,18,11
2021-05-10T23:59:59+02:00,10,5,5479,5622,12435,13798,14224,17873,19370,25601,30676,33673,43396,48048,33737,43432,11108,21145,925,1165,2443,4055,3066,6129,4229,8880,5907,7973,5418,5378,10155,13663,10480,19854,245436,89918,33452,13503,99937,5502,789,18,11
2021-05-09T23:59:59+02:00,10,5,5075,5383,11247,13270,13224,17511,18345,25270,30131,33384,43340,47976,33711,43418,11105,21137,901,1135,2344,3950,2976,5991,4097,8705,5813,7869,5409,5364,10148,13658,10475,19850,240119,89871,33380,13461,99594,4915,431,18,10
2021-05-08T23:59:59+02:00,10,5,5064,5375,11225,13251,13198,17492,18315,25237,30090,33341,43332,47965,33710,43414,11105,21137,898,1128,2332,3942,2971,5991,4093,8699,5810,7866,5406,5361,10145,13653,10475,19850,239851,89844,33378,13461,99593,4882,426,18,10
2021-05-07T23:59:59+02:00,10,5,4962,5292,10994,13083,12913,17272,17708,24636,29140,32447,43138,47724,33654,43342,11101,21131,870,1097,2298,3887,2929,5942,4039,8644,5726,7813,5359,5313,10133,13644,10475,19849,237350,89708,31486,13458,99484,4630,215,17,10
2021-05-06T23:59:59+02:00,10,5,4549,5008,10324,12667,12156,16606,16111,23190,26594,30054,42435,46975,33487,43105,11085,21108,813,1041,2162,3640,2760,5633,3845,8171,5527,7490,5308,5260,10110,13616,10473,19841,228585,89524,28143,13144,98667,2958,57,17,10
2021-05-05T23:59:59+02:00,10,5,4239,4781,9726,12225,11435,16023,15011,22161,23739,27293,41454,45869,33204,42718,11067,21066,798,1017,2099,3515,2702,5477,3751,7960,5431,7356,5259,5205,10073,13577,10471,19838,215559,89261,27959,13006,98445,2208,47,16,10
2021-05-04T23:59:59+02:00,10,5,3893,4328,9057,11534,10663,15183,13707,20910,20135,23888,40107,44408,32830,42195,11044,21027,780,987,2030,3399,2632,5342,3658,7808,5334,7233,5221,5159,10043,13548,10469,19835,198511,89041,27941,12707,98416,1683,40,16,10
2021-05-03T23:59:59+02:00,10,4,3651,3908,8650,11042,10182,14560,13173,20255,19412,23242,39841,44156,32751,42091,11041,21012,766,957,1964,3296,2574,5236,3599,7695,5283,7146,5206,5146,10028,13531,10466,19830,192658,88900,27929,12698,98353,1093,25,16,10
2021-05-02T23:59:59+02:00,10,4,3648,3907,8632,11034,10172,14552,13152,20243,19394,23231,39838,44155,32750,42090,11040,21012,762,941,1934,3214,2527,5140,3552,7570,5263,7081,5202,5143,10027,13527,10466,19828,192566,88882,27915,12666,98347,602,20,16,10
2021-05-01T23:59:59+02:00,10,4,3646,3900,8619,11020,10163,14541,13145,20241,19383,23222,39838,44153,32750,42090,11040,21012,761,941,1933,3214,2526,5140,3552,7570,5263,7081,5202,5143,10027,13527,10465,19828,192482,88881,27913,12664,98347,602,19,16,10
2021-04-30T23:59:59+02:00,10,3,3624,3874,8574,10985,10118,14502,13084,20202,19281,23071,39569,43830,32729,42069,11039,21012,757,936,1918,3206,2525,5132,3549,7563,5261,7074,5199,5140,10023,13526,10465,19828,191556,88854,27644,12661,98341,561,19,16,10
2021-04-29T23:59:59+02:00,10,3,3357,3700,8139,10713,9570,14217,12588,19837,18545,22342,36507,40377,32467,41704,11028,20976,744,922,1870,3145,2476,5066,3483,7422,5170,6975,5159,5105,10000,13483,10463,19822,186004,88647,21807,12506,98236,127,18,15,10
2021-04-28T23:59:59+02:00,10,3,3192,3634,7872,10603,9174,14044,12210,19603,18061,21908,32713,36059,32249,41402,11015,20954,727,906,1844,3106,2431,5017,3445,7364,5104,6911,5095,5043,9949,13424,10460,19812,174834,88433,21653,12067,98191,119,13,15,9
2021-04-27T23:59:59+02:00,9,3,3111,3568,7615,10474,8822,13870,11726,19378,17583,21417,27144,29865,31872,40894,10994,20921,717,892,1812,3070,2395,4971,3391,7305,5049,6835,5045,4973,9914,13371,10456,19803,159479,88221,21631,11644,98128,116,13,15,8
2021-04-26T23:59:59+02:00,9,3,3055,3533,7471,10409,8655,13810,11496,19311,17058,21031,27109,29831,31858,40879,10994,20921,694,860,1744,3011,2328,4916,3324,7215,4951,6730,4946,4898,9833,13287,10454,19800,158895,88088,21412,10769,97099,116,13,14,8
2021-04-25T23:59:59+02:00,9,3,3017,3517,7311,10358,8419,13760,11164,19268,16226,20560,25554,28170,31804,40815,10994,20918,694,859,1738,3006,2321,4913,3318,7207,4947,6721,4943,4893,9825,13276,10454,19800,158411,88065,21402,10732,92027,100,13,14,8
2021-04-24T23:59:59+02:00,9,3,3013,3511,7296,10344,8407,13752,11150,19258,16206,20542,25509,28107,31801,40809,10993,20917,694,859,1738,3005,2321,4913,3317,7207,4947,6721,4943,4892,9823,13275,10454,19800,158202,88059,21398,10732,92000,100,13,14,8
2021-04-23T23:59:59+02:00,9,3,2996,3494,7254,10302,8360,13710,11083,19199,16145,20477,25088,27603,31768,40753,10990,20914,684,851,1720,2996,2305,4884,3266,7169,4847,6624,4804,4769,9652,13076,10448,19785,157014,87766,21260,9998,91847,99,13,14,7
2021-04-22T23:59:59+02:00,8,3,2917,3415,7061,10118,7819,13302,9876,18402,14589,19431,23073,25169,31555,40483,10971,20884,619,801,1606,2883,2179,4719,3106,6997,4663,6424,4647,4595,9139,12418,10411,19706,152208,85848,15960,8968,90882,80,13,13,7
2021-04-21T23:59:59+02:00,8,3,2864,3366,6937,10030,7609,13147,9508,18161,14118,18983,20557,22031,31255,40093,10951,20858,571,777,1526,2804,2092,4628,2979,6854,4500,6259,4463,4415,8566,11650,10365,19613,145194,84043,15188,7930,90072,72,13,12,7
2021-04-20T23:59:59+02:00,8,3,2824,3327,6831,9941,7472,13038,9256,17943,13625,18591,17161,17965,30941,39619,10934,20822,541,742,1453,2740,2006,4549,2879,6734,4365,6098,4274,4220,7700,10434,10295,19461,136332,81113,14944,7296,89000,67,13,12,5
2021-04-19T23:59:59+02:00,8,3,2810,3318,6783,9901,7419,13002,9181,17869,13488,18475,16828,17584,30906,39580,10932,20817,482,702,1333,2645,1907,4451,2747,6576,4167,5907,4019,3918,5849,7998,10076,19057,136008,75244,14748,6512,88123,63,13,12,5
2021-04-18T23:59:59+02:00,8,3,2794,3304,6705,9875,7314,12951,8984,17802,12650,18345,15416,16178,30838,39517,10928,20810,476,696,1323,2637,1892,4440,2714,6547,4106,5857,3943,3847,5435,7367,10029,18973,135786,73745,14605,6463,84006,59,13,12,5
2021-04-17T23:59:59+02:00,8,3,2784,3300,6688,9852,7284,12930,8952,17763,12617,18325,15364,16128,30784,39445,10927,20810,476,693,1323,2636,1891,4436,2710,6542,4103,5853,3942,3845,5430,7366,10028,18972,135432,73709,14604,6463,83903,59,13,12,5
2021-04-16T23:59:59+02:00,8,3,2771,3286,6654,9837,7233,12891,8877,17711,12509,18222,15116,15846,30266,38796,10924,20802,476,690,1318,2631,1882,4434,2704,6536,4095,5845,3936,3839,5413,7337,10026,18970,133903,73608,14597,6452,83228,57,13,11,5
2021-04-15T23:59:59+02:00,8,3,2718,3231,6523,9739,7044,12712,8534,17438,12034,17756,14057,14623,28142,35987,10905,20779,467,684,1314,2605,1867,4411,2681,6508,4052,5792,3879,3765,5381,7285,10018,18957,127971,73290,14322,6314,79917,48,12,11,5
2021-04-14T23:59:59+02:00,7,1,2662,3180,6429,9645,6898,12551,8260,17170,11602,17293,12875,13239,23422,29905,10883,20723,463,677,1299,2595,1854,4393,2659,6483,4009,5755,3832,3713,5319,7230,9988,18919,115567,72989,14290,6160,76866,25,12,10,5
2021-04-13T23:59:59+02:00,7,1,2609,3145,6301,9560,6746,12416,7982,16919,11176,16868,10212,10313,20332,25730,10860,20679,447,653,1252,2552,1803,4331,2551,6382,3827,5593,3618,3528,5170,7091,9979,18896,107118,72641,14095,4997,70621,21,12,10,5
2021-04-12T23:59:59+02:00,7,1,2588,3131,6241,9531,6639,12330,7790,16790,10928,16660,8849,8823,19511,24755,10858,20670,441,644,1233,2536,1787,4307,2517,6342,3776,5541,3554,3480,5135,7050,9974,18874,106992,72501,14040,4659,65048,17,12,10,5
2021-04-11T23:59:59+02:00,7,1,2559,3121,6145,9505,6524,12293,7625,16739,10728,16556,7573,7546,17780,22778,10856,20667,441,644,1232,2534,1787,4306,2517,6342,3772,5536,3549,3479,5129,7048,9974,18874,106922,72490,14034,4647,58026,14,11,10,5
2021-04-10T23:59:59+02:00,7,1,2558,3119,6136,9500,6515,12288,7619,16734,10721,16548,7564,7534,17770,22771,10856,20667,441,640,1230,2531,1786,4303,2515,6338,3769,5535,3540,3465,5121,7034,9974,18874,106837,72430,14034,4640,58017,14,10,10,5
2021-04-09T23:59:59+02:00,7,1,2496,3021,6001,9293,6361,12025,7360,16326,10409,16053,7406,7329,17654,22591,10855,20665,436,635,1212,2518,1761,4285,2482,6288,3690,5454,3422,3355,4980,6939,9969,18872,106363,72343,14005,3931,55465,12,10,10,5
2021-04-08T23:59:59+02:00,7,1,2418,2949,5906,9174,6258,11895,7189,16141,10153,15864,7209,7069,16386,21133,10844,20634,429,629,1198,2484,1735,4248,2455,6215,3636,5388,3343,3308,4900,6834,9947,18826,102704,71889,13651,3663,54855,11,10,10,5
2021-04-07T23:59:59+02:00,7,1,2391,2913,5834,9102,6169,11820,7056,16041,9910,15713,6911,6743,14058,18180,10823,20587,423,628,1187,2471,1722,4224,2441,6175,3568,5329,3271,3255,4841,6772,9938,18797,96531,71603,13490,3417,54219,10,10,9,5
2021-04-06T23:59:59+02:00,7,1,2374,2881,5737,9036,6079,11741,6902,15928,9670,15530,6555,6379,11952,15562,10796,20528,420,621,1179,2444,1711,4201,2415,6137,3503,5265,3185,3205,4795,6719,9932,18779,91479,71359,13190,3132,52972,10,8,9,5
2021-04-05T23:59:59+02:00,7,1,2366,2871,5719,9019,6068,11722,6889,15909,9650,15504,6431,6279,10671,14266,10795,20527,416,614,1175,2429,1705,4185,2399,6105,3470,5224,3155,3168,4774,6674,9925,18761,91396,71166,13154,2995,50128,9,7,9,5
2021-04-04T23:59:59+02:00,7,1,2366,2871,5716,9015,6066,11722,6887,15909,9648,15503,6426,6275,10671,14264,10795,20527,416,613,1175,2428,1705,4185,2398,6105,3470,5224,3154,3168,4772,6674,9924,18760,91387,71159,13151,2994,50115,9,7,9,5
2021-04-03T23:59:59+02:00,7,1,2364,2864,5709,9007,6060,11718,6884,15905,9645,15500,6423,6270,10664,14261,10795,20527,416,613,1175,2428,1705,4185,2398,6105,3470,5223,3154,3168,4772,6674,9924,18760,91330,71158,13149,2994,50109,9,7,9,5
2021-04-02T23:59:59+02:00,7,1,2361,2862,5703,9000,6058,11715,6880,15904,9641,15498,6419,6263,10649,14232,10794,20526,414,611,1174,2428,1704,4184,2397,6105,3469,5216,3129,3151,4762,6665,9924,18760,91244,71082,13146,2993,50108,9,7,8,5
2021-04-01T23:59:59+02:00,7,1,2340,2859,5672,8970,6015,11672,6837,15849,9586,15442,6325,6166,10352,13883,10771,20476,412,595,1171,2422,1697,4173,2382,6088,3443,5195,3064,3102,4699,6590,9846,18642,90250,70514,13123,2990,49836,9,6,8,5
2021-03-31T23:59:59+02:00,7,1,2306,2832,5597,8903,5947,11578,6735,15737,9452,15308,6182,6023,9799,13135,10724,20382,407,589,1165,2411,1691,4157,2375,6075,3423,5161,3032,3069,4649,6531,9788,18540,88259,70060,12907,2988,49469,9,5,8,4
2021-03-30T23:59:59+02:00,7,1,2286,2815,5549,8846,5884,11504,6663,15638,9354,15164,5994,5809,8885,11788,10646,20197,405,586,1162,2407,1678,4140,2357,6053,3389,5116,2973,3000,4558,6433,9656,18299,85161,69353,12527,2847,49333,9,3,6,3
2021-03-29T23:59:59+02:00,6,1,2219,2760,5447,8734,5775,11357,6495,15407,9119,14909,5634,5434,6929,9256,10419,19767,398,582,1151,2396,1665,4128,2332,6026,3359,5060,2903,2934,4438,6328,9448,17959,79039,68385,11718,2710,48903,9,3,5,3
2021-03-28T23:59:59+02:00,6,1,2197,2747,5403,8674,5699,11279,6408,15321,9001,14789,5508,5281,6282,8320,10353,19648,389,576,1136,2380,1640,4101,2285,5966,3303,4969,2819,2854,4322,6182,9373,17819,76729,67921,11459,2185,48721,5,3,5,3
2021-03-27T23:59:59+01:00,6,1,2197,2740,5394,8668,5695,11264,6393,15299,8990,14777,5480,5254,6271,8316,10353,19646,389,576,1134,2379,1639,4096,2281,5963,3294,4962,2814,2851,4306,6158,9291,17670,76621,67611,11459,2184,48656,5,3,5,3
2021-03-26T23:59:59+01:00,6,1,2181,2719,5357,8629,5656,11214,6316,15229,8840,14626,5315,5105,6101,8135,10350,19636,385,568,1127,2366,1623,4067,2253,5927,3260,4908,2753,2787,4118,5899,8576,16472,76274,64935,10621,2146,48513,5,3,5,3
2021-03-25T23:59:59+01:00,6,0,2065,2639,5180,8415,5455,10938,6108,14928,8599,14339,5152,4952,6004,8014,10348,19628,376,554,1108,2340,1600,4037,2207,5869,3186,4829,2654,2680,3741,5405,7415,14702,75819,60774,9669,1923,47275,4,2,5,3
2021-03-24T23:59:59+01:00,6,0,1979,2590,5029,8253,5294,10743,5943,14690,8392,14107,5012,4793,5889,7896,10342,19617,372,543,1095,2312,1568,3982,2148,5804,3097,4729,2517,2565,3310,4787,5996,12447,75439,55694,8503,1572,46626,4,2,5,3
2021-03-23T23:59:59+01:00,6,0,1902,2539,4918,8130,5195,10600,5822,14498,8275,13938,4928,4707,5822,7836,10335,19598,361,518,1076,2277,1535,3924,2104,5714,3015,4637,2429,2471,2857,4144,4045,9171,75043,48849,7755,1424,46244,3,2,5,3
2021-03-22T23:59:59+01:00,6,0,1840,2476,4781,7995,5062,10423,5663,14265,8083,13725,4821,4592,5752,7729,10317,19553,334,501,1047,2239,1490,3850,2038,5603,2913,4486,2315,2319,2325,3449,1452,4923,74535,40094,6720,1186,45821,1,2,5,3
2021-03-21T23:59:59+01:00,6,0,1838,2470,4770,7981,5048,10413,5647,14248,8053,13700,4799,4577,5735,7716,10312,19552,333,501,1042,2225,1481,3821,2020,5565,2888,4436,2274,2270,2283,3408,1435,4877,74511,39952,6667,903,45680,1,2,5,3
2021-03-20T23:59:59+01:00,6,0,1838,2470,4769,7980,5047,10411,5646,14247,8045,13694,4798,4576,5727,7709,10312,19552,333,500,1042,2225,1481,3821,2020,5565,2886,4435,2273,2267,2283,3408,1434,4877,74500,39948,6667,898,45653,1,2,5,3
2021-03-19T23:59:59+01:00,6,0,1786,2226,4260,6698,4639,9428,5375,13690,7823,13292,4672,4478,5658,7642,10311,19552,332,500,1042,2225,1481,3820,2019,5564,2885,4435,2271,2266,2277,3402,1433,4875,74439,39932,6656,891,40434,1,2,5,3
2021-03-18T23:59:59+01:00,6,0,1731,1972,3846,5642,4110,8050,4559,11149,6464,9960,4302,4177,5452,7419,10290,19513,331,497,1035,2212,1474,3795,1992,5525,2860,4411,2250,2250,2252,3373,1428,4866,74004,39740,6591,807,28040,1,2,5,3
2021-03-17T23:59:59+01:00,6,0,1725,1964,3835,5616,4093,8020,4535,11085,6413,9886,4263,4130,5409,7373,10282,19485,328,496,1031,2204,1468,3786,1985,5510,2850,4385,2223,2221,2230,3358,1421,4850,73734,39583,6527,758,27852,1,2,5,3
2021-03-16T23:59:59+01:00,6,0,1702,1930,3776,5535,4024,7914,4408,10923,6206,9687,4040,3940,5266,7213,10275,19460,325,492,1030,2185,1463,3773,1976,5495,2841,4366,2214,2206,2217,3329,1412,4820,73416,39411,5253,728,27629,1,2,5,3
2021-03-15T23:59:59+01:00,6,0,1692,1910,3752,5499,3999,7877,4357,10854,6127,9601,3953,3873,5210,7151,10266,19433,322,488,1021,2169,1455,3767,1960,5459,2823,4338,2199,2174,2192,3265,1401,4781,73184,39191,4888,620,27483,1,0,5,3
2021-03-14T23:59:59+01:00,6,0,1686,1900,3743,5489,3994,7860,4348,10822,6118,9578,3945,3863,5205,7143,10265,19431,322,488,1019,2169,1450,3764,1957,5457,2805,4332,2193,2171,2181,3254,1396,4779,73149,39183,4870,551,27372,1,0,5,3
2021-03-13T23:59:59+01:00,6,0,1682,1894,3728,5466,3987,7850,4328,10811,6104,9562,3942,3860,5202,7140,10265,19431,322,488,1019,2169,1450,3764,1957,5456,2805,4331,2192,2170,2181,3252,1387,4774,73124,39163,4865,551,27264,1,0,5,3
2021-03-12T23:59:59+01:00,5,0,1645,1837,3220,5319,3474,7735,4194,10686,5878,9271,3771,3713,5060,7027,10239,19383,317,466,1015,2139,1442,3741,1938,5385,2752,4247,2013,2015,2121,3204,1380,4768,72907,38398,4130,543,25415,0,0,5,3
2021-03-11T23:59:59+01:00,5,0,1537,1699,2839,5062,3037,7478,3914,10274,5248,8378,3541,3537,4952,6906,10199,19327,316,465,1012,2126,1439,3721,1931,5366,2743,4230,2006,2007,2106,3187,1375,4748,72325,38273,3864,503,21739,0,0,5,3
2021-03-10T23:59:59+01:00,5,0,1507,1666,2800,5018,2999,7419,3857,10187,5139,8261,3416,3431,4834,6791,10151,19260,314,464,1011,2123,1436,3710,1927,5353,2731,4210,1987,1999,2079,3154,1365,4733,71907,38188,3532,406,21297,0,0,5,3
2021-03-09T23:59:59+01:00,5,0,1498,1650,2764,4991,2977,7375,3818,10128,5057,8182,3315,3345,4751,6702,10042,19048,311,463,1007,2117,1429,3697,1901,5331,2689,4180,1944,1974,2025,3125,1353,4723,71304,38158,3260,109,21079,0,0,5,3
2021-03-08T23:59:59+01:00,5,0,1483,1635,2735,4962,2949,7344,3795,10080,5033,8120,3273,3305,4675,6638,9861,18743,310,463,1005,2113,1421,3681,1884,5297,2670,4152,1925,1955,1998,3102,1346,4704,70500,38007,3251,17,20880,0,0,5,3
2021-03-07T23:59:59+01:00,5,0,1470,1625,2706,4918,2915,7296,3760,10019,4990,8059,3238,3271,4609,6536,9784,18598,310,462,1004,2112,1420,3675,1881,5287,2669,4147,1921,1952,1994,3098,1342,4695,69960,37952,3197,15,20637,0,0,5,3
2021-03-06T23:59:59+01:00,5,0,1469,1623,2700,4907,2912,7287,3752,10012,4972,8043,3228,3261,4586,6497,9693,18425,310,462,1002,2109,1420,3673,1875,5278,2667,4145,1916,1945,1989,3096,1341,4692,69563,37904,3197,15,20607,0,0,5,2
2021-03-05T23:59:59+01:00,5,0,1395,1546,2602,4746,2855,7129,3667,9805,4871,7847,3178,3201,4367,6208,8975,17215,310,462,1000,2107,1416,3668,1873,5277,2664,4139,1908,1941,1984,3093,1336,4688,66876,37850,3194,15,19537,0,0,5,2
2021-03-04T23:59:59+01:00,5,0,1221,1440,2435,4547,2685,6858,3499,9461,4614,7505,3062,3075,4002,5750,7788,15375,309,454,991,2084,1400,3628,1845,5224,2636,4092,1880,1916,1951,3038,1308,4642,62625,37382,3191,15,17501,0,0,5,2
2021-03-03T23:59:59+01:00,5,0,1187,1387,2357,4439,2625,6735,3413,9294,4516,7362,2976,3006,3620,5146,6371,13144,305,445,979,2062,1388,3600,1831,5174,2581,4037,1830,1880,1923,3005,1292,4613,57490,36929,3163,15,16926,0,0,4,2
2021-03-02T23:59:59+01:00,5,0,1154,1349,2296,4381,2576,6642,3331,9171,4379,7213,2862,2881,3131,4474,4321,9733,300,436,974,2035,1375,3557,1816,5119,2549,4010,1820,1864,1904,2976,1279,4585,50341,36583,2913,15,16642,0,0,3,2
2021-03-01T23:59:59+01:00,5,0,1095,1320,2234,4319,2503,6555,3237,9043,4237,7025,2731,2745,2557,3725,1543,5191,299,433,967,2023,1364,3539,1808,5104,2536,3994,1802,1853,1888,2957,1268,4556,41132,36375,2521,15,16409,0,0,3,2
2021-02-28T23:59:59+01:00,5,0,1061,1306,2193,4283,2473,6510,3189,8986,4175,6966,2666,2697,2508,3694,1535,5171,299,432,964,2017,1362,3526,1805,5090,2530,3986,1795,1842,1875,2945,1260,4542,41035,36254,2229,15,16151,0,0,3,2
2021-02-27T23:59:59+01:00,5,0,1020,1223,2125,4041,2416,6276,3126,8688,4085,6713,2611,2640,2488,3670,1532,5171,299,432,963,2017,1362,3526,1805,5089,2529,3986,1795,1841,1873,2945,1260,4542,40928,36248,2228,15,14671,0,0,3,2
2021-02-26T23:59:59+01:00,4,0,854,971,1927,3652,2254,5617,2911,7773,3776,5925,2563,2586,2469,3655,1529,5169,299,432,963,2014,1360,3524,1803,5088,2527,3985,1795,1838,1866,2944,1258,4535,40912,36215,2139,15,10581,0,0,3,2
2021-02-25T23:59:59+01:00,4,0,519,814,1649,3453,2074,5312,2715,7376,3549,5624,2481,2506,2428,3594,1525,5154,289,411,938,1964,1330,3454,1772,5007,2498,3921,1770,1810,1826,2898,1230,4494,40716,35599,1877,12,8182,0,0,2,2
2021-02-24T23:59:59+01:00,3,0,498,796,1614,3357,2012,5181,2656,7194,3483,5483,2413,2459,2392,3565,1515,5118,280,407,923,1932,1316,3400,1759,4946,2474,3877,1759,1792,1817,2879,1218,4463,40523,35237,1706,4,7508,0,0,2,2
2021-02-23T23:59:59+01:00,3,0,478,759,1554,3255,1957,5040,2578,7062,3398,5379,2353,2401,2353,3507,1500,5084,278,403,918,1917,1309,3369,1750,4914,2453,3845,1739,1772,1797,2843,1202,4408,40371,34913,1433,3,6855,0,0,2,2
2021-02-22T23:59:59+01:00,2,0,462,728,1500,3155,1918,4902,2519,6843,3337,5235,2343,2303,2337,3428,1494,5039,277,400,915,1905,1301,3342,1733,4878,2438,3815,1720,1753,1769,2812,1187,4359,40155,34602,1168,1,6220,0,0,2,2
2021-02-21T23:59:59+01:00,2,0,454,690,1442,3011,1870,4752,2466,6683,3255,5131,2307,2270,2309,3408,1484,5033,277,399,912,1897,1300,3333,1728,4868,2434,3806,1718,1750,1768,2810,1187,4358,40111,34543,935,1,5519,0,0,2,2
2021-02-20T23:59:59+01:00,2,0,450,684,1434,3007,1865,4752,2463,6680,3250,5127,2304,2269,2309,3407,1482,5033,277,399,912,1896,1300,3332,1728,4868,2433,3805,1717,1749,1765,2810,1186,4356,40106,34531,930,1,5480,0,0,2,2
2021-02-19T23:59:59+01:00,1,0,428,647,1405,2945,1838,4697,2422,6580,3163,5010,2124,2106,2245,3358,1477,5027,275,398,910,1894,1299,3331,1728,4863,2430,3804,1716,1748,1763,2809,1186,4355,39355,34508,910,1,5206,0,0,2,1
2021-02-18T23:59:59+01:00,1,0,402,590,1301,2705,1735,4455,2284,6318,3061,4829,2095,2090,2229,3341,1472,5016,275,392,902,1861,1290,3291,1710,4815,2411,3766,1705,1737,1746,2797,1174,4335,39278,34206,836,1,3808,0,0,2,1
2021-02-17T23:59:59+01:00,1,0,386,558,1263,2573,1678,4280,2214,6077,3002,4679,2076,2071,2205,3321,1458,5006,265,375,866,1775,1247,3162,1650,4656,2335,3631,1626,1668,1670,2686,1121,4213,39121,32946,785,0,2940,0,0,2,1
2021-02-16T23:59:59+01:00,1,0,368,528,1209,2454,1628,4146,2135,5892,2922,4543,2067,2066,2197,3314,1453,4994,258,358,845,1694,1192,3026,1588,4453,2264,3453,1575,1614,1606,2585,1089,4077,39060,31677,754,0,2101,0,0,2,1
2021-02-15T23:59:59+01:00,1,0,358,506,1137,2312,1583,4073,2103,5838,2894,4502,2048,2050,2172,3283,1445,4973,252,339,822,1649,1160,2950,1532,4316,2191,3333,1499,1550,1548,2473,1042,3889,38952,30545,639,0,1685,0,0,2,1
2021-02-14T23:59:59+01:00,1,0,349,500,1113,2257,1520,3912,2062,5746,2863,4463,2042,2047,2160,3273,1442,4966,246,334,804,1621,1144,2911,1490,4264,2153,3303,1483,1529,1523,2436,1025,3843,38933,30109,570,0,1211,0,0,2,1
2021-02-13T23:59:59+01:00,1,0,349,500,1112,2257,1520,3911,2060,5745,2863,4463,2041,2045,2159,3273,1441,4963,246,334,804,1621,1144,2911,1489,4262,2153,3303,1481,1526,1522,2435,1025,3842,38922,30098,570,0,1210,0,0,1,1
2021-02-12T23:59:59+01:00,1,0,342,497,1094,2249,1515,3898,2055,5737,2860,4457,2027,2035,2153,3260,1436,4960,244,333,798,1616,1138,2902,1474,4244,2135,3290,1468,1510,1507,2403,1018,3805,38856,29885,562,0,1157,0,0,1,1
2021-02-11T23:59:59+01:00,1,0,320,473,1031,2154,1462,3771,1961,5473,2775,4338,1996,2002,2113,3192,1406,4902,224,305,748,1512,1058,2678,1351,3887,1949,2984,1279,1301,1333,2125,905,3436,38457,27075,525,0,387,0,0,1,1
2021-02-10T23:59:59+01:00,1,0,314,464,1009,2114,1423,3693,1907,5312,2682,4158,1925,1953,2065,3150,1385,4876,199,260,654,1324,930,2296,1166,3286,1706,2565,1116,1124,1183,1874,788,3073,38044,23544,385,0,1,0,0,1,1
2021-02-09T23:59:59+01:00,1,0,308,453,1001,2083,1408,3641,1863,5245,2616,4103,1867,1913,1994,3095,1364,4854,166,200,555,1062,782,1852,961,2677,1436,2152,964,963,987,1584,665,2626,37743,19632,64,0,1,0,0,1,1
2021-02-08T23:59:59+01:00,1,0,306,451,998,2076,1397,3625,1855,5222,2596,4086,1853,1902,1975,3077,1357,4829,116,165,456,848,618,1435,763,2028,1158,1666,772,787,785,1250,529,2146,37585,15522,19,0,1,0,0,1,1
2021-02-07T23:59:59+01:00,1,0,306,451,997,2075,1396,3620,1852,5219,2589,4083,1847,1893,1959,3069,1352,4821,106,146,407,703,544,1260,685,1813,1061,1519,695,706,704,1126,453,1907,37513,13835,16,0,0,0,0,1,1
2021-02-06T23:59:59+01:00,1,0,306,451,996,2074,1396,3617,1852,5217,2589,4080,1847,1892,1954,3067,1349,4819,105,145,402,700,539,1236,669,1794,1050,1497,692,702,699,1122,452,1903,37490,13708,16,0,0,0,0,1,0
2021-02-05T23:59:59+01:00,1,0,306,450,994,2071,1392,3608,1848,5203,2583,4074,1846,1891,1946,3059,1339,4805,101,137,387,682,522,1207,637,1742,1000,1434,655,652,650,1048,425,1810,37399,13090,16,0,0,0,0,1,0
2021-02-04T23:59:59+01:00,1,0,299,433,983,2040,1373,3555,1829,5126,2568,4026,1830,1870,1919,3024,1319,4772,76,106,286,461,362,816,454,1179,688,976,509,477,506,830,337,1451,36950,9515,16,0,0,0,0,1,0
2021-02-03T23:59:59+01:00,1,0,295,424,965,2014,1357,3517,1815,5077,2534,3983,1810,1847,1904,3000,1305,4755,60,82,239,393,292,637,347,921,530,729,341,331,368,589,245,1063,36586,7168,16,0,0,0,0,1,0
2021-02-02T23:59:59+01:00,1,0,290,417,959,1986,1349,3484,1804,5030,2511,3948,1792,1831,1876,2958,1283,4704,39,63,183,311,244,486,265,737,382,561,237,214,234,394,166,699,36206,5215,16,0,0,0,0,1,0
2021-02-01T23:59:59+01:00,1,0,289,414,954,1978,1346,3468,1796,5009,2502,3929,1784,1820,1861,2943,1277,4690,19,39,136,225,168,312,169,489,239,324,120,109,102,192,77,314,36044,3034,16,0,0,0,0,1,0
2021-01-31T23:59:59+01:00,1,0,288,413,952,1971,1343,3459,1793,4990,2498,3914,1780,1812,1857,2935,1274,4680,18,34,118,197,151,270,152,410,202,279,101,95,94,164,69,274,35943,2628,16,0,0,0,0,1,0
2021-01-30T23:59:59+01:00,1,0,288,413,952,1971,1343,3459,1793,4990,2498,3914,1779,1812,1857,2934,1274,4679,18,34,117,197,151,267,149,407,201,278,100,94,94,164,69,274,35940,2614,16,0,0,0,0,1,0
2021-01-29T23:59:59+01:00,1,0,286,410,951,1969,1342,3451,1787,4981,2495,3911,1773,1805,1848,2922,1267,4657,16,33,116,188,142,259,137,379,169,251,73,70,84,142,62,238,35839,2359,16,0,0,0,0,1,0
2021-01-28T23:59:59+01:00,1,0,282,402,932,1915,1318,3387,1762,4919,2467,3849,1751,1785,1816,2891,1249,4620,0,0,10,19,8,19,11,45,7,22,6,4,7,10,3,15,35330,186,15,0,0,0,0,1,0
2021-01-27T23:59:59+01:00,1,0,276,384,899,1834,1283,3273,1701,4796,2407,3749,1694,1736,1771,2823,1210,4531,0,0,4,6,5,11,7,19,3,12,5,4,7,10,3,14,34356,110,11,0,0,0,0,1,0
2021-01-26T23:59:59+01:00,1,0,271,374,889,1820,1269,3234,1684,4740,2377,3682,1661,1704,1732,2751,1192,4440,0,0,4,6,5,11,7,19,3,12,5,4,7,10,3,14,33813,110,7,0,0,0,0,1,0
2021-01-25T23:59:59+01:00,1,0,261,350,847,1701,1199,3070,1593,4469,2271,3474,1601,1651,1675,2663,1141,4254,0,0,1,3,1,3,4,2,3,5,5,4,6,9,2,14,32217,62,3,0,0,0,0,1,0
2021-01-24T23:59:59+01:00,1,0,258,347,836,1681,1189,3048,1562,4436,2245,3453,1590,1642,1663,2651,1135,4246,0,0,1,2,1,3,4,2,3,5,5,4,6,9,2,14,31979,61,3,0,0,0,0,1,0
2021-01-23T23:59:59+01:00,1,0,258,347,836,1681,1188,3047,1562,4432,2244,3452,1589,1642,1662,2650,1134,4241,0,0,1,2,1,3,4,2,3,5,5,4,6,9,2,14,31962,61,3,0,0,0,0,1,0
2021-01-22T23:59:59+01:00,1,0,257,345,830,1678,1184,3042,1559,4425,2232,3447,1577,1630,1656,2631,1128,4219,0,0,1,2,1,3,4,2,3,5,5,4,6,9,2,14,31837,61,3,0,0,0,0,1,0
2021-01-21T23:59:59+01:00,1,0,246,335,803,1612,1159,2915,1503,4263,2152,3312,1478,1526,1519,2463,1044,4029,0,0,1,2,1,3,4,2,3,5,4,3,5,9,1,14,30356,57,3,0,0,0,0,1,0
2021-01-20T23:59:59+01:00,1,0,224,292,730,1456,1068,2601,1369,3805,1978,2956,1356,1379,1397,2263,967,3788,0,0,1,2,1,3,4,2,3,5,4,3,5,9,1,14,27627,57,2,0,0,0,0,1,0
2021-01-19T23:59:59+01:00,1,0,193,235,630,1207,924,2156,1148,3190,1690,2525,1172,1176,1161,1920,805,3218,0,0,1,1,1,2,4,1,2,5,4,3,5,9,1,14,23348,53,2,0,0,0,0,1,0
2021-01-18T23:59:59+01:00,1,0,136,185,498,946,713,1641,881,2323,1314,1913,912,944,927,1514,627,2569,0,0,0,0,0,0,0,0,1,2,2,1,0,0,0,0,18042,6,1,0,0,0,0,1,0
2021-01-17T23:59:59+01:00,1,0,122,159,439,776,628,1418,780,2070,1199,1723,845,864,842,1375,553,2345,0,0,0,0,0,0,0,0,0,1,0,0,0,0,0,0,16138,1,0,0,0,0,0,1,0
2021-01-16T23:59:59+01:00,1,0,121,158,435,775,626,1410,770,2066,1190,1716,843,859,837,1364,545,2329,0,0,0,0,0,0,0,0,0,0,0,0,0,0,0,0,16045,0,0,0,0,0,0,0,0
2021-01-15T23:59:59+01:00,1,0,110,151,423,754,599,1372,738,1988,1129,1634,799,806,790,1275,514,2205,0,0,0,0,0,0,0,0,0,0,0,0,0,0,0,0,15288,0,0,0,0,0,0,0,0
2021-01-14T23:59:59+01:00,1,0,76,112,302,488,398,887,510,1280,773,1073,585,559,577,944,398,1684,0,0,0,0,0,0,0,0,0,0,0,0,0,0,0,0,10647,0,0,0,0,0,0,0,0
2021-01-13T23:59:59+01:00,1,0,59,85,250,410,322,670,379,980,566,765,369,355,392,638,283,1174,0,0,0,0,0,0,0,0,0,0,0,0,0,0,0,0,7698,0,0,0,0,0,0,0,0
2021-01-12T23:59:59+01:00,0,0,48,69,204,351,258,543,279,806,411,599,248,226,244,425,189,786,0,0,0,0,0,0,0,0,0,0,0,0,0,0,0,0,5686,0,0,0,0,0,0,0,0
2021-01-11T23:59:59+01:00,0,0,32,51,177,301,211,442,220,647,301,422,151,131,140,259,105,452,0,0,0,0,0,0,0,0,0,0,0,0,0,0,0,0,4042,0,0,0,0,0,0,0,0
2021-01-10T23:59:59+01:00,0,0,24,42,155,252,182,365,179,536,251,361,130,110,125,214,93,362,0,0,0,0,0,0,0,0,0,0,0,0,0,0,0,0,3381,0,0,0,0,0,0,0,0
2021-01-09T23:59:59+01:00,0,0,24,42,154,250,181,362,177,530,250,360,129,109,125,214,93,362,0,0,0,0,0,0,0,0,0,0,0,0,0,0,0,0,3362,0,0,0,0,0,0,0,0
2021-01-08T23:59:59+01:00,0,0,22,40,152,241,173,352,164,499,220,334,105,93,119,198,86,335,0,0,0,0,0,0,0,0,0,0,0,0,0,0,0,0,3133,0,0,0,0,0,0,0,0
2021-01-07T23:59:59+01:00,0,0,1,0,4,9,8,14,10,6,17,11,10,11,14,21,3,35,0,0,0,0,0,0,0,0,0,0,0,0,0,0,0,0,174,0,0,0,0,0,0,0,0
2021-01-06T23:59:59+01:00,0,0,0,0,1,3,1,6,5,2,3,6,6,4,7,10,1,16,0,0,0,0,0,0,0,0,0,0,0,0,0,0,0,0,71,0,0,0,0,0,0,0,0
2021-01-05T23:59:59+01:00,0,0,0,0,1,3,1,5,5,2,3,5,6,4,6,10,1,15,0,0,0,0,0,0,0,0,0,0,0,0,0,0,0,0,67,0,0,0,0,0,0,0,0
2021-01-04T23:59:59+01:00,0,0,0,0,1,3,1,4,4,2,3,5,6,4,5,9,1,15,0,0,0,0,0,0,0,0,0,0,0,0,0,0,0,0,63,0,0,0,0,0,0,0,0
2021-01-03T23:59:59+01:00,0,0,0,0,1,2,1,4,4,2,3,5,5,4,5,9,1,15,0,0,0,0,0,0,0,0,0,0,0,0,0,0,0,0,61,0,0,0,0,0,0,0,0
2021-01-02T23:59:59+01:00,0,0,0,0,1,2,1,4,4,2,3,5,5,4,5,9,1,15,0,0,0,0,0,0,0,0,0,0,0,0,0,0,0,0,61,0,0,0,0,0,0,0,0
2021-01-01T23:59:59+01:00,0,0,0,0,1,2,1,3,4,2,3,5,5,4,5,9,1,15,0,0,0,0,0,0,0,0,0,0,0,0,0,0,0,0,60,0,0,0,0,0,0,0,0
2020-12-31T23:59:59+01:00,0,0,0,0,1,2,1,3,4,2,3,5,5,4,5,9,1,15,0,0,0,0,0,0,0,0,0,0,0,0,0,0,0,0,60,0,0,0,0,0,0,0,0
2020-12-30T23:59:59+01:00,0,0,0,0,1,2,1,3,4,2,3,5,5,4,5,9,1,15,0,0,0,0,0,0,0,0,0,0,0,0,0,0,0,0,60,0,0,0,0,0,0,0,0
2020-12-29T23:59:59+01:00,0,0,0,0,1,1,1,2,4,1,2,5,5,4,5,9,1,15,0,0,0,0,0,0,0,0,0,0,0,0,0,0,0,0,56,0,0,0,0,0,0,0,0
2020-12-28T23:59:59+01:00,0,0,0,0,1,1,1,1,2,0,1,5,4,1,1,0,0,2,0,0,0,0,0,0,0,0,0,0,0,0,0,0,0,0,20,0,0,0,0,0,0,0,0
2020-12-27T23:59:59+01:00,0,0,0,0,1,1,1,1,2,0,0,3,2,0,1,0,0,2,0,0,0,0,0,0,0,0,0,0,0,0,0,0,0,0,14,0,0,0,0,0,0,0,0
