Datum,<15_m,<15_w,15-24_1_m,15-24_1_w,25-34_1_m,25-34_1_w,35-44_1_m,35-44_1_w,45-54_1_m,45-54_1_w,55-64_1_m,55-64_1_w,65-74_1_m,65-74_1_w,75-84_1_m,75-84_1_w,>84_1_m,>84_1_w,<24_2_m,<24_2_w,25-34_2_m,25-34_2_w,35-44_2_m,35-44_2_w,45-54_2_m,45-54_2_w,55-64_2_m,55-64_2_w,65-74_2_m,65-74_2_w,75-84_2_m,75-84_2_w,>84_2_m,>84_2_w,bp_1,bp_2,mo_1,mo_2,az_1,az_2,ja,unb_1,unb_2
2021-07-28T23:59:59+02:00,2335,2157,30159,29464,47415,42298,49288,48131,60339,60755,70861,71644,52322,57901,36238,46986,11068,21039,14576,14039,28741,26215,32148,32311,50805,51700,64184,65414,49463,54673,34786,45003,10662,20185,538882,414431,75460,62985,105303,97211,20727,28,26
2021-07-27T23:59:59+02:00,2261,2092,29942,29227,47284,42144,49158,48005,60241,60642,70771,71564,52268,57842,36214,46949,11061,21033,13979,13430,28057,25643,31465,31708,49639,50671,63499,64880,49283,54473,34725,44891,10656,20169,537226,406681,75457,62966,105298,97135,20689,28,26
2021-07-26T23:59:59+02:00,2201,2041,29749,29002,47169,42020,49089,47925,60181,60580,70722,71520,52244,57811,36204,46938,11059,21026,13627,13070,27725,25373,30886,31314,48151,49371,62559,64084,49085,54275,34665,44814,10646,20159,536047,399324,75454,62961,105294,97105,20658,28,26
2021-07-25T23:59:59+02:00,1961,1850,28962,28376,46796,41726,48828,47658,59963,60376,70554,71368,52189,57738,36177,46896,11058,21020,13539,13013,27636,25314,30810,31269,48039,49310,62472,64039,49065,54259,34659,44806,10646,20158,532114,398760,75453,62954,105287,96945,20614,28,26
2021-07-24T23:59:59+02:00,1881,1783,28729,28162,46665,41641,48738,47575,59827,60270,70444,71300,52148,57712,36161,46876,11056,21020,13423,12921,27453,25201,30678,31159,47852,49165,62333,63958,49031,54236,34646,44790,10644,20156,531431,398195,75451,62951,105287,96943,19791,28,26
2021-07-23T23:59:59+02:00,1782,1675,28438,27873,46438,41504,48500,47383,59613,60099,70260,71193,52081,57647,36147,46843,11052,21012,13196,12710,27049,24904,30328,30875,47299,48704,62021,63744,48953,54177,34629,44749,10639,20148,530553,395897,75077,62898,105276,96941,18606,28,26
2021-07-22T23:59:59+02:00,1770,1668,28362,27797,46311,41371,48310,47186,59448,59968,70146,71070,52038,57610,36131,46827,11052,21012,12969,12465,26721,24577,29984,30565,45425,47188,61228,63054,48859,54077,34592,44706,10636,20139,530263,389358,74000,62751,105237,96722,18549,28,26
2021-07-21T23:59:59+02:00,1737,1631,28101,27595,45941,41046,47741,46641,58884,59502,69702,70697,51874,57453,36074,46774,11043,20999,12545,12033,26154,24039,29424,30006,41735,43976,59767,61801,48693,53901,34529,44624,10626,20113,529724,377833,70849,62271,105085,96285,17749,28,26
2021-07-20T23:59:59+02:00,1715,1617,27982,27466,45880,40988,47697,46605,58830,59454,69651,70653,51841,57428,36058,46748,11039,20991,12054,11511,25420,23354,28780,29260,38321,41010,58225,60347,48491,53681,34448,44533,10608,20093,529058,367516,70829,58928,105069,96163,17659,28,26
2021-07-19T23:59:59+02:00,1710,1616,27957,27434,45861,40977,47687,46593,58817,59440,69639,70651,51839,57424,36058,46745,11037,20991,12010,11484,25358,23321,28751,29230,38277,40978,58185,60320,48487,53673,34447,44530,10605,20092,528927,367209,70829,58915,105056,96115,17636,28,26
2021-07-18T23:59:59+02:00,1705,1611,27932,27408,45838,40968,47673,46580,58811,59430,69632,70642,51837,57423,36057,46743,11037,20990,11948,11459,25276,23282,28692,29197,38217,40951,58125,60280,48485,53669,34444,44529,10605,20092,528799,366879,70827,58886,105046,95995,17617,28,26
2021-07-17T23:59:59+02:00,1705,1609,27913,27395,45823,40959,47664,46576,58804,59425,69625,70638,51832,57420,36056,46743,11037,20990,11921,11448,25243,23246,28660,29177,38197,40934,58092,60256,48475,53661,34442,44529,10605,20092,528723,366633,70827,58884,105046,95993,17590,28,26
2021-07-16T23:59:59+02:00,1690,1590,27651,27208,45544,40797,47444,46406,58511,59228,69399,70497,51727,57349,36014,46709,11032,20988,11671,11255,24920,23010,28365,28951,37807,40664,57591,59836,48340,53550,34392,44481,10599,20088,528412,365440,70826,58882,104922,95721,15596,28,26
2021-07-15T23:59:59+02:00,1594,1481,27202,26833,45295,40568,47301,46294,58372,59118,69298,70412,51688,57308,35999,46687,11031,20982,11384,11033,24450,22677,28004,28680,37415,40389,55556,57804,48170,53351,34336,44397,10592,20077,526156,358566,70823,58798,104913,95512,15543,28,26
2021-07-14T23:59:59+02:00,1432,1353,26657,26314,44993,40282,47104,46111,58192,58922,69139,70267,51630,57250,35973,46657,11025,20977,11199,10848,24046,22325,27653,28362,36892,39990,54341,56633,48035,53202,34286,44333,10584,20055,523057,354885,70817,57141,104894,95367,15482,28,26
2021-07-13T23:59:59+02:00,1150,1053,25713,25424,44500,39875,46750,45794,57871,58642,68868,70020,51518,57126,35930,46604,11021,20962,10855,10511,23518,21786,27038,27779,35520,38800,50223,52745,47675,52814,34158,44185,10567,20027,517720,345686,70810,51947,104890,95261,15373,28,26
2021-07-12T23:59:59+02:00,688,656,24347,24178,43943,39402,46553,45581,57662,58449,68687,69851,51459,57036,35912,46579,11019,20954,10627,10403,23315,21650,26788,27645,35279,38636,49789,52332,47604,52730,34129,44151,10567,20021,511887,344255,70809,51921,104885,94199,15347,28,26
2021-07-11T23:59:59+02:00,685,651,24326,24158,43915,39382,46535,45570,57649,58439,68674,69849,51458,57033,35909,46575,11018,20954,10531,10318,23101,21529,26524,27546,34972,38556,49080,51848,46123,51152,34039,44045,10567,20019,511804,343754,70806,51876,104873,89105,15269,28,26
2021-07-10T23:59:59+02:00,683,646,24319,24152,43911,39374,46532,45567,57642,58438,68674,69848,51458,57033,35909,46575,11018,20954,10521,10310,23081,21511,26512,27537,34954,38551,49069,51843,46109,51136,34037,44044,10567,20019,511770,343652,70803,51875,104872,89064,15260,28,26
2021-07-09T23:59:59+02:00,676,636,23872,23693,43637,39138,46462,45507,57583,58397,68624,69823,51442,57021,35905,46567,11017,20954,10444,10139,22987,21323,26452,27328,34888,38336,49005,51740,46087,51112,34033,44041,10567,20019,510021,342431,70800,51862,104868,89021,15237,28,26
2021-07-08T23:59:59+02:00,612,570,22798,22694,42839,38538,46211,45307,57375,58254,68427,69685,51365,56957,35877,46544,11015,20946,10190,9950,22612,21071,26060,27067,34412,38025,48401,51222,45752,50747,33963,43964,10560,19997,505361,338872,70775,51714,104810,88407,15040,28,26
2021-07-07T23:59:59+02:00,561,524,21517,21329,42129,37877,45995,45089,57142,58069,68261,69528,51281,56875,35840,46491,11008,20932,9818,9645,21740,20485,24962,26278,32582,36656,47488,50337,45253,50210,33859,43825,10553,19979,500128,333953,70604,47349,104786,87495,14902,28,26
2021-07-06T23:59:59+02:00,503,461,20294,20050,41288,37233,45526,44742,56752,57766,67940,69275,51182,56752,35796,46440,11000,20923,9428,9267,20882,19897,24012,25625,31109,35472,46305,49146,44477,49435,33725,43649,10540,19959,495685,326672,68687,45284,104764,86230,14759,28,26
2021-07-05T23:59:59+02:00,467,433,18892,18678,40434,36434,45312,44524,56572,57564,67781,69148,51127,56698,35775,46411,10998,20916,9141,9014,20323,19519,23348,25207,30471,35045,45548,48533,43724,48646,33595,43462,10531,19947,490008,320910,68685,45262,104761,85204,14689,21,26
2021-07-04T23:59:59+02:00,460,427,17125,16658,40099,36207,45227,44451,56489,57496,67703,69079,51094,56672,35765,46391,10996,20914,9081,8962,20185,19454,23174,25129,30217,34966,44759,48405,42361,47301,33517,43388,10529,19941,485213,320450,68655,45217,104744,81094,14620,21,25
2021-07-03T23:59:59+02:00,460,426,17104,16638,40050,36159,45212,44436,56482,57492,67697,69072,51092,56669,35765,46391,10996,20913,9038,8922,20120,19386,23115,25066,30133,34887,44539,48229,42293,47227,33472,43329,10526,19941,485032,319497,68653,45216,104743,80916,14605,21,25
2021-07-02T23:59:59+02:00,440,403,16992,16533,39582,35785,45099,44339,56429,57450,67649,69042,51081,56663,35759,46379,10996,20912,8879,8757,19792,19108,22731,24688,29714,34475,43914,47584,42091,46999,33374,43193,10521,19937,483541,316511,68637,44181,104741,80482,14593,21,25
2021-07-01T23:59:59+02:00,390,363,16690,16258,37859,34455,44533,43843,56173,57243,67478,68874,51001,56572,35731,46339,10992,20904,8507,8367,18933,18405,21770,23838,28333,33292,40894,44627,41097,45921,32763,42467,10504,19908,478097,309057,68564,39307,104718,76964,14298,21,25
2021-06-30T23:59:59+02:00,343,320,16405,16015,35676,32636,43916,43219,55953,57049,67277,68685,50919,56480,35702,46286,10988,20888,8151,8031,18265,17785,20890,23012,27061,32040,36270,39771,40020,44780,32102,41680,10483,19883,471286,298621,68522,33294,104699,74078,14229,21,25
2021-06-29T23:59:59+02:00,304,283,16186,15816,34677,31559,43469,42776,55772,56891,67108,68537,50843,56406,35665,46241,10980,20881,7571,7426,17135,16854,19642,21796,25372,30370,33531,36654,37177,41740,31363,40796,10460,19845,467109,282477,68514,33247,104685,67939,14065,21,22
2021-06-28T23:59:59+02:00,294,265,16046,15661,32960,30141,43149,42483,55610,56753,66990,68432,50797,56353,35649,46220,10977,20869,7270,7165,16588,16479,19249,21482,24864,29985,32941,36156,35802,40256,30576,39862,10456,19834,462706,279434,68492,33197,104661,62558,13769,21,22
2021-06-27T23:59:59+02:00,294,265,16024,15639,32807,30054,43087,42454,55573,56744,66964,68424,50792,56349,35646,46219,10977,20868,7226,7138,16451,16412,19085,21420,24662,29912,32713,36017,34550,38988,28952,37942,10455,19833,462386,279265,68490,33158,104654,55696,13629,21,22
2021-06-26T23:59:59+02:00,292,263,16003,15619,32783,30038,43042,42414,55550,56730,66958,68421,50790,56348,35644,46218,10977,20868,7222,7126,16433,16400,19069,21412,24629,29890,32692,35996,34537,38976,28950,37939,10455,19833,462167,279074,68488,33158,104654,55691,13628,21,22
2021-06-25T23:59:59+02:00,287,262,15950,15574,32670,29939,42853,42256,55494,56686,66918,68397,50780,56337,35640,46217,10977,20868,7037,6850,16153,15892,18803,20761,24264,28955,32306,35278,34375,38760,28927,37909,10455,19833,461353,276413,68487,33149,104637,53381,13607,21,22
2021-06-24T23:59:59+02:00,267,249,15683,15378,32223,29653,41388,41017,55037,56332,66688,68240,50727,56282,35624,46190,10972,20858,6725,6627,15462,15450,17357,19752,22197,27405,31210,34386,33973,38340,28804,37729,10443,19819,456816,266763,68486,33097,104633,52958,12852,21,22
2021-06-23T23:59:59+02:00,253,232,15404,15089,31730,29254,39298,39197,54490,55796,66439,68020,50638,56174,35584,46144,10967,20845,6524,6464,15104,15173,16834,19306,21323,26609,29522,33037,33219,37496,28613,37489,10436,19804,449783,259010,68440,33007,104630,52246,12680,21,21
2021-06-22T23:59:59+02:00,231,197,15023,14701,31063,28623,35865,36159,53581,55001,66138,67716,50532,56052,35547,46088,10964,20831,6350,6253,14704,14848,16036,18590,19908,25298,27923,31386,32424,36524,28077,36885,10418,19773,438881,248945,68408,32925,104626,51137,12376,21,21
2021-06-21T23:59:59+02:00,216,191,14785,14530,30376,28166,33703,34201,53120,54580,65960,67599,50451,55978,35521,46066,10959,20826,6255,6170,14544,14731,15866,18456,19789,25187,27817,31301,32269,36385,26871,35660,10418,19770,432087,248278,68386,32879,104594,48178,12140,21,21
2021-06-20T23:59:59+02:00,211,190,14660,14444,28534,26895,33119,33772,53034,54490,65896,67566,50430,55952,35513,46063,10958,20824,5814,5882,13611,14104,15057,17880,19241,24832,27509,31107,32107,36210,26845,35629,10416,19766,427927,243393,68382,32842,104568,48108,11653,21,21
2021-06-19T23:59:59+02:00,205,185,14635,14411,28421,26814,33088,33745,53012,54474,65880,67555,50424,55943,35511,46058,10957,20822,5599,5724,13049,13693,14450,17404,18915,24631,27316,30936,32029,36110,26828,35615,10416,19766,427522,239874,68381,32840,104568,48105,11648,21,21
2021-06-18T23:59:59+02:00,203,179,14548,14326,28322,26749,31860,32846,52652,54168,65747,67464,50394,55910,35494,46033,10953,20818,5534,5650,12951,13609,14286,17282,18679,24404,26496,30271,31825,35874,26762,35540,10412,19759,427037,236937,65453,32733,104558,48053,11597,21,21
2021-06-17T23:59:59+02:00,189,163,14178,14066,27728,26505,31371,32586,51866,53603,65325,67199,50315,55811,35461,45993,10947,20806,5158,5390,12167,13139,13499,16671,17589,23480,24347,28307,31186,35141,26566,35263,10395,19745,423869,227952,65448,32455,104534,47375,10247,14,21
2021-06-16T23:59:59+02:00,161,135,13759,13669,27266,26151,30935,32234,51057,52908,64880,66816,50200,55692,35432,45936,10937,20794,4794,4952,11448,12464,12711,15982,16491,22362,21384,25447,30121,33939,26270,34860,10380,19704,419066,213938,65406,32427,104528,46982,9948,14,21
2021-06-15T23:59:59+02:00,100,82,13131,13055,26515,25576,30155,31641,49809,51846,64170,66292,50021,55497,35363,45824,10928,20775,4298,4322,10479,11531,11561,14604,14761,20662,17962,22150,28754,32504,25886,34341,10354,19660,411375,195351,65390,32312,104523,46674,9478,14,21
2021-06-14T23:59:59+02:00,70,61,12728,12683,26110,25251,29494,31178,48018,50380,63120,65459,49806,55272,35286,45748,10920,20763,4198,4269,10304,11404,11421,14473,14583,20542,17770,21992,28684,32424,25867,34314,10351,19659,403522,194923,65381,32040,104521,46369,8909,14,21
2021-06-13T23:59:59+02:00,69,60,12687,12639,26038,25219,29431,31151,47964,50355,63085,65436,49799,55269,35284,45745,10919,20760,4045,4192,9977,11276,11099,14362,14289,20432,17373,21649,27180,30789,25727,34119,10347,19648,403321,194191,65309,27385,104514,46162,8752,14,21
2021-06-12T23:59:59+02:00,69,59,12670,12623,26024,25209,29420,31139,47905,50285,63043,65400,49798,55266,35284,45745,10919,20760,4043,4182,9961,11262,11091,14348,14270,20415,17353,21640,27139,30744,25722,34113,10347,19648,403030,194008,65309,27383,104513,46121,8752,14,21
2021-06-11T23:59:59+02:00,67,56,12572,12492,25899,25095,29299,31016,47670,50060,62911,65281,49774,55240,35274,45734,10917,20758,3949,3914,9438,10076,10660,13442,13981,19860,17080,21163,26733,30324,25632,34031,10344,19646,401769,192967,65300,27379,104470,41351,8562,14,21
2021-06-10T23:59:59+02:00,60,49,12329,12280,25582,24815,28956,30749,46602,49047,62176,64713,49689,55146,35240,45682,10907,20745,3682,3550,8669,8828,9762,11801,12682,17115,15298,17575,25031,28409,25336,33732,10338,19622,396910,187483,65249,26940,104268,28666,8326,14,21
2021-06-09T23:59:59+02:00,47,37,12038,11958,25175,24410,28563,30354,44597,47228,61090,63775,49585,55025,35194,45629,10902,20727,3438,3431,8254,8575,9254,11482,12172,16726,14595,16983,21211,24111,25111,33431,10326,19596,388942,175970,65128,26598,104267,28130,7983,14,21
2021-06-08T23:59:59+02:00,41,26,11608,11429,24514,23788,27908,29691,41432,44385,59317,62144,49417,54835,35122,45539,10892,20705,3229,3295,7858,8317,8639,11110,11507,16302,13940,16341,15843,18178,24720,32906,10308,19568,376305,160816,65067,26265,104257,27828,7150,14,8
2021-06-07T23:59:59+02:00,36,19,11447,11240,24164,23514,27632,29485,38805,42457,58888,61782,49383,54804,35110,45518,10890,20699,3133,3227,7551,8142,8322,10934,10936,15853,13440,15865,15767,18100,24692,32856,10306,19561,370668,160502,64640,24445,104248,27431,6305,12,8
2021-06-06T23:59:59+02:00,33,18,11312,11134,23846,23286,27424,29313,37207,41271,58764,61703,49358,54776,35102,45504,10890,20697,3033,3178,7281,8054,8053,10772,10203,15173,12847,15248,15617,17989,24678,32833,10304,19561,370260,160390,61262,21298,104240,27270,5864,12,8
2021-06-05T23:59:59+02:00,33,17,11294,11117,23803,23250,27389,29287,37180,41257,58666,61618,49347,54770,35100,45502,10890,20694,3021,3167,7258,8023,8024,10756,10173,15159,12807,15224,15496,17825,24673,32825,10303,19560,369930,159966,61260,21297,104239,27256,5773,12,8
2021-06-04T23:59:59+02:00,33,15,11109,10858,23441,22786,27117,28890,36755,40809,58048,61079,49313,54729,35090,45484,10889,20688,2997,3150,7229,8007,8003,10738,10144,15134,12773,15190,15285,17619,24662,32804,10301,19559,368135,159383,58993,21284,104226,27159,5767,12,8
2021-06-03T23:59:59+02:00,31,14,10889,10642,22984,22393,26692,28555,35660,39982,55290,58729,49185,54571,35047,45421,10884,20673,2908,3070,7022,7854,7548,10442,9119,14509,11538,14495,14107,16156,24485,32587,10289,19540,364202,156045,54068,17584,104176,26853,5185,11,8
2021-06-02T23:59:59+02:00,31,14,10854,10609,22948,22359,26661,28530,35629,39941,55163,58571,49171,54548,35041,45414,10884,20672,2868,3041,6967,7836,7490,10409,8965,14470,11315,14433,12763,14685,24366,32415,10284,19533,363618,152255,54062,17573,104176,26837,5173,11,8
2021-06-01T23:59:59+02:00,18,7,10441,10267,22293,21852,25978,27948,34908,39364,52165,55428,48782,54138,34923,45252,10868,20646,2410,2682,5619,7154,6223,9835,7578,13801,10184,13472,8461,9138,23893,31736,10261,19475,352871,134105,53892,17207,104157,26261,4347,11,8
2021-05-31T23:59:59+02:00,17,6,10167,10039,21721,21455,25571,27698,34587,39161,50717,54032,48683,54013,34890,45211,10861,20638,2301,2558,5334,6909,5964,9615,7213,13561,9928,13313,8410,9076,23867,31689,10253,19462,348146,133337,53853,17088,104133,25702,3324,11,8
2021-05-30T23:59:59+02:00,16,6,10113,9991,21633,21418,25506,27664,34475,39091,50354,53692,48659,53988,34884,45205,10859,20635,2266,2528,5229,6831,5862,9548,7024,13473,9703,13217,8366,9029,23851,31682,10252,19457,346967,132744,53834,16915,104119,25399,3258,11,8
2021-05-29T23:59:59+02:00,15,6,10098,9980,21600,21400,25489,27652,34454,39078,50341,53674,48655,53984,34881,45204,10859,20635,2247,2474,5186,6706,5802,9416,6908,13276,9565,12997,8293,8939,23784,31615,10251,19456,346813,132467,53834,16864,104098,24333,3249,11,8
2021-05-28T23:59:59+02:00,15,6,10040,9912,21524,21292,25411,27534,34377,38978,50263,53576,48634,53966,34873,45194,10859,20631,2163,2209,4569,6165,5182,8694,6537,12313,9072,12003,8118,8742,23416,31135,10250,19453,345970,130977,53823,16766,104039,19034,3242,11,8
2021-05-27T23:59:59+02:00,14,6,9776,9664,20996,20916,24868,27176,33854,38601,49649,52968,48466,53773,34803,45119,10855,20612,1922,1941,3989,5644,4505,8092,6029,11548,8132,10687,7614,8084,21863,28986,10235,19431,341695,125337,53414,15632,103931,14664,3065,11,8
2021-05-26T23:59:59+02:00,14,6,9502,9418,20272,20348,24000,26505,32593,37573,48885,52265,48212,53484,34729,45005,10844,20588,1867,1871,3895,5517,4372,7929,5823,11287,7807,10305,7054,7358,19443,25566,10217,19388,336989,116886,50439,15378,103878,14504,2926,11,8
2021-05-25T23:59:59+02:00,13,6,9237,9184,19859,19991,23562,26114,32085,37059,47992,51289,47914,53169,34646,44865,10832,20558,1801,1823,3775,5420,4236,7784,5615,11065,7497,9986,6432,6521,15336,20216,10197,19330,331419,104754,50359,15334,103805,14160,2781,11,8
2021-05-24T23:59:59+02:00,12,6,9019,9029,19292,19703,22793,25727,30572,36041,47768,51116,47821,53068,34617,44835,10830,20557,1776,1808,3730,5386,4173,7743,5550,11006,7422,9930,6406,6497,15322,20207,10197,19330,329840,104639,46559,15322,103748,13869,2648,11,8
2021-05-23T23:59:59+02:00,12,6,8811,8822,18934,19411,22371,25379,30148,35720,47176,50605,47389,52613,34515,44689,10822,20548,1774,1807,3721,5381,4169,7740,5541,10996,7413,9921,6402,6486,15322,20205,10197,19330,325009,104584,46558,15320,103747,13850,2646,11,8
2021-05-22T23:59:59+02:00,12,6,8780,8785,18885,19368,22324,25347,30095,35690,47067,50535,47370,52591,34512,44680,10819,20548,1773,1804,3709,5368,4165,7734,5537,10990,7406,9917,6400,6484,15320,20205,10197,19330,324466,104552,46558,15320,103746,13829,2633,11,8
2021-05-21T23:59:59+02:00,11,6,8506,8432,18446,18854,21967,24705,29669,34881,46578,49870,47282,52469,34474,44637,10816,20543,1710,1763,3630,5329,4123,7700,5505,10945,7365,9868,6372,6458,15243,20108,10196,19329,319273,104241,46529,15319,103722,13468,2611,11,8
2021-05-20T23:59:59+02:00,11,6,7932,7882,17498,18062,20965,23787,28350,33684,44830,48050,46844,52010,34365,44483,10799,20524,1409,1602,3318,5040,3858,7312,5210,10466,6986,9415,6139,6205,13939,18573,10173,19290,307677,100508,46443,14839,103495,11127,2456,11,8
2021-05-19T23:59:59+02:00,11,6,7667,7567,16894,17458,20068,22914,27123,32429,43039,45963,46312,51454,34214,44263,10778,20494,1345,1519,3115,4825,3651,7061,4986,10113,6689,9084,5857,5873,11747,15740,10156,19231,296553,94305,46403,14370,103450,10076,2237,11,7
2021-05-18T23:59:59+02:00,10,6,7141,7023,15739,16433,18801,21664,25614,30801,40351,42732,45483,50509,33975,43958,10753,20452,1324,1493,3055,4754,3575,6942,4851,9980,6508,8872,5592,5598,10052,13575,10132,19176,280758,89186,45199,14320,103349,9839,2130,9,7
2021-05-17T23:59:59+02:00,10,6,7061,6962,15556,16323,18587,21495,25216,30474,38599,41095,45373,50431,33928,43892,10744,20429,1291,1470,2999,4709,3512,6883,4783,9878,6413,8771,5551,5558,10039,13558,10129,19168,280544,89120,40431,14038,103305,9658,1892,9,7
2021-05-16T23:59:59+02:00,9,5,6945,6910,15435,16235,18458,21389,25034,30360,35618,38326,45337,50396,33906,43868,10741,20424,1267,1453,2955,4669,3464,6826,4698,9810,6317,8691,5521,5521,10028,13542,10127,19165,280263,89073,34285,13770,103184,9552,1655,9,7
2021-05-15T23:59:59+02:00,9,5,6921,6879,15375,16177,18412,21349,24967,30317,35582,38285,45314,50369,33899,43863,10741,20424,1255,1427,2923,4596,3445,6757,4679,9729,6295,8641,5515,5516,10024,13541,10127,19165,279782,89019,34285,13766,103170,9204,1642,9,7
2021-05-14T23:59:59+02:00,9,5,6745,6511,15030,15679,18100,20932,24633,29855,35336,37933,45285,50338,33889,43858,10741,20422,1198,1366,2845,4492,3399,6655,4615,9578,6213,8512,5485,5472,10011,13532,10127,19164,278727,88935,34137,13747,100851,8401,1577,9,7
2021-05-13T23:59:59+02:00,9,5,6395,6195,14273,15095,17395,20304,23776,29113,34568,37263,44997,49995,33810,43733,10737,20411,1022,1281,2649,4383,3281,6534,4474,9412,6092,8369,5442,5434,9996,13516,10123,19159,272326,88788,33813,13665,100636,7420,1290,9,7
2021-05-12T23:59:59+02:00,9,5,5995,5923,13293,14418,16375,19503,23111,28677,34262,36982,44814,49801,33779,43702,10734,20408,1019,1279,2643,4378,3262,6530,4469,9402,6084,8364,5437,5429,9994,13511,10122,19158,266069,88731,33804,13655,100632,7415,1277,9,6
2021-05-11T23:59:59+02:00,9,5,5620,5699,12708,13972,14572,18064,20160,26154,31947,34655,43762,48541,33456,43230,10705,20359,957,1206,2527,4207,3156,6300,4350,9117,5969,8138,5366,5351,9952,13451,10114,19142,248791,88261,33527,13441,100194,6500,1097,9,6
2021-05-10T23:59:59+02:00,9,5,5473,5602,12437,13846,14222,17842,19358,25583,30569,33636,43230,47932,33399,43142,10697,20339,915,1147,2428,4046,3062,6098,4225,8853,5847,7942,5329,5322,9940,13435,10110,19133,243319,88154,33316,13380,99891,5508,786,9,6
2021-05-09T23:59:59+02:00,9,5,5067,5362,11244,13314,13222,17479,18337,25253,30026,33345,43174,47860,33374,43127,10694,20332,891,1117,2329,3942,2972,5959,4093,8678,5753,7837,5321,5308,9933,13431,10105,19130,237990,88109,33245,13338,99552,4920,428,9,6
2021-05-08T23:59:59+02:00,9,5,5056,5353,11222,13294,13197,17460,18307,25220,29986,33302,43166,47849,33373,43123,10694,20332,887,1111,2316,3934,2966,5959,4089,8672,5750,7834,5318,5305,9930,13426,10105,19130,237721,88081,33244,13338,99551,4886,423,9,6
2021-05-07T23:59:59+02:00,9,5,4956,5270,10994,13126,12905,17244,17701,24620,29039,32408,42975,47609,33317,43051,10690,20326,860,1080,2280,3879,2920,5913,4034,8618,5667,7781,5271,5258,9918,13417,10105,19129,235231,87946,31354,13335,99443,4637,208,9,6
2021-05-06T23:59:59+02:00,9,5,4542,4990,10326,12709,12145,16580,16097,23177,26494,30016,42272,46860,33151,42815,10674,20303,804,1025,2144,3629,2752,5604,3840,8145,5471,7459,5220,5205,9895,13389,10103,19121,226469,87763,28007,13021,98632,2970,48,9,6
2021-05-05T23:59:59+02:00,9,5,4229,4763,9731,12263,11426,16000,14995,22152,23647,27258,41295,45755,32869,42428,10656,20262,790,1003,2082,3504,2695,5449,3747,7934,5375,7323,5171,5150,9859,13351,10101,19118,213462,87504,27824,12883,98408,2221,40,9,6
2021-05-04T23:59:59+02:00,9,5,3879,4306,9062,11566,10655,15160,13691,20898,20044,23851,39948,44296,32497,41909,10633,20224,772,973,2016,3387,2625,5314,3655,7783,5280,7200,5133,5105,9830,13322,10099,19115,196400,87289,27806,12586,98384,1696,34,9,6
2021-05-03T23:59:59+02:00,9,4,3637,3884,8653,11072,10177,14535,13156,20243,19322,23205,39683,44045,32418,41806,10630,20209,758,944,1949,3282,2568,5207,3595,7669,5230,7113,5118,5094,9815,13305,10096,19110,190542,87149,27794,12578,98321,1100,22,9,6
2021-05-02T23:59:59+02:00,9,4,3634,3882,8635,11065,10168,14527,13135,20231,19305,23196,39682,44044,32417,41805,10629,20209,754,927,1919,3201,2522,5112,3548,7544,5210,7047,5114,5091,9814,13301,10096,19108,190455,87132,27781,12547,98314,607,18,9,6
2021-05-01T23:59:59+02:00,9,4,3632,3875,8623,11052,10160,14518,13128,20229,19294,23187,39682,44042,32417,41805,10629,20209,753,927,1918,3201,2522,5112,3548,7544,5210,7047,5114,5091,9814,13301,10095,19108,190375,87131,27780,12546,98314,607,17,9,6
2021-04-30T23:59:59+02:00,9,3,3609,3852,8577,11016,10117,14478,13067,20190,19191,23036,39414,43719,32396,41785,10628,20209,750,923,1905,3192,2521,5103,3545,7537,5208,7040,5111,5088,9810,13300,10095,19108,189450,87105,27511,12543,98309,567,17,9,6
2021-04-29T23:59:59+02:00,9,3,3343,3679,8144,10743,9569,14193,12575,19828,18455,22309,36356,40270,32136,41417,10616,20171,737,909,1857,3131,2472,5037,3479,7395,5116,6941,5074,5054,9788,13258,10093,19102,183913,86903,21675,12387,98203,133,16,9,6
2021-04-28T23:59:59+02:00,9,3,3182,3612,7880,10633,9169,14020,12200,19591,17970,21874,32567,35953,31918,41116,10603,20149,721,893,1831,3092,2427,4988,3442,7338,5051,6879,5013,4994,9736,13200,10090,19093,172751,86695,21523,11956,98156,122,11,8,6
2021-04-27T23:59:59+02:00,8,3,3101,3546,7620,10501,8817,13847,11714,19365,17492,21386,27006,29762,31541,40609,10582,20117,711,879,1799,3055,2392,4942,3389,7279,4995,6803,4962,4925,9701,13149,10087,19084,157409,86487,21501,11532,98088,119,11,8,5
2021-04-26T23:59:59+02:00,8,3,3048,3512,7479,10436,8651,13788,11483,19297,16968,20999,26973,29730,31527,40594,10582,20117,688,848,1731,2995,2326,4886,3323,7190,4902,6701,4865,4850,9619,13066,10085,19081,156832,86361,21283,10662,97061,119,11,8,5
2021-04-25T23:59:59+02:00,8,3,3010,3495,7317,10384,8413,13738,11151,19253,16145,20528,25418,28073,31472,40531,10582,20114,688,846,1724,2990,2319,4883,3317,7182,4898,6692,4862,4845,9611,13054,10085,19081,156347,86337,21273,10624,91996,102,11,8,5
2021-04-24T23:59:59+02:00,8,3,3006,3489,7301,10371,8402,13730,11137,19244,16128,20510,25375,28010,31469,40525,10581,20113,688,846,1724,2989,2319,4883,3316,7182,4898,6692,4862,4844,9609,13053,10085,19081,156145,86331,21269,10624,91969,102,11,8,5
2021-04-23T23:59:59+02:00,8,3,2988,3471,7259,10328,8358,13685,11071,19184,16068,20446,24952,27506,31436,40469,10578,20110,680,839,1706,2980,2303,4854,3264,7144,4800,6597,4725,4721,9442,12855,10079,19066,154957,86042,21129,9897,91815,102,11,8,5
2021-04-22T23:59:59+02:00,7,3,2909,3389,7067,10145,7816,13277,9863,18391,14516,19405,22938,25075,31225,40200,10559,20082,615,788,1592,2868,2178,4690,3103,6973,4616,6397,4570,4547,8932,12202,10043,18987,150159,84134,15835,8870,90854,83,11,8,5
2021-04-21T23:59:59+02:00,7,3,2856,3341,6944,10056,7605,13123,9497,18150,14045,18959,20434,21938,30928,39814,10542,20056,566,764,1513,2790,2092,4599,2977,6830,4455,6233,4384,4368,8365,11445,10000,18898,143162,82351,15072,7839,90046,75,11,7,5
2021-04-20T23:59:59+02:00,7,3,2816,3302,6838,9967,7467,13014,9246,17932,13554,18569,17047,17877,30615,39339,10525,20020,536,730,1440,2727,2005,4520,2877,6713,4319,6072,4199,4174,7505,10240,9932,18746,134316,79444,14827,7207,88977,70,11,7,5
2021-04-19T23:59:59+02:00,7,3,2802,3295,6791,9926,7415,12979,9170,17858,13417,18454,16714,17496,30583,39305,10524,20016,477,690,1322,2632,1906,4423,2745,6555,4122,5880,3946,3872,5680,7825,9717,18351,134006,73637,14632,6425,88099,67,11,7,5
2021-04-18T23:59:59+02:00,7,3,2786,3281,6715,9900,7309,12931,8974,17791,12583,18326,15305,16090,30515,39244,10521,20009,472,685,1313,2624,1891,4412,2712,6526,4061,5831,3870,3801,5270,7203,9672,18268,133792,72155,14489,6379,83991,63,11,7,5
2021-04-17T23:59:59+02:00,7,3,2776,3277,6698,9878,7279,12910,8942,17752,12551,18306,15252,16040,30461,39172,10520,20009,472,683,1313,2623,1890,4408,2708,6521,4058,5827,3869,3799,5265,7202,9671,18267,133438,72120,14488,6379,83889,63,11,7,5
2021-04-16T23:59:59+02:00,7,3,2763,3263,6664,9863,7228,12871,8867,17700,12443,18204,15007,15763,29943,38526,10517,20002,472,681,1307,2618,1881,4406,2703,6515,4050,5819,3864,3793,5248,7172,9671,18265,131918,72023,14481,6368,83217,60,11,7,5
2021-04-15T23:59:59+02:00,7,3,2712,3206,6531,9762,7040,12693,8525,17427,11969,17739,13951,14547,27830,35720,10501,19979,463,675,1302,2593,1866,4383,2680,6487,4007,5766,3809,3718,5217,7121,9663,18253,126004,71709,14205,6232,79916,49,10,7,5
2021-04-14T23:59:59+02:00,6,1,2656,3157,6437,9667,6896,12532,8254,17160,11540,17278,12772,13165,23125,29644,10483,19925,460,669,1289,2584,1854,4366,2658,6462,3964,5729,3762,3667,5157,7067,9635,18216,113638,71419,14172,6080,76872,27,10,6,5
2021-04-13T23:59:59+02:00,6,1,2604,3123,6309,9581,6745,12401,7976,16911,11117,16857,10112,10244,20055,25484,10461,19883,444,644,1241,2541,1801,4304,2550,6360,3785,5568,3549,3483,5011,6931,9626,18194,105237,71077,13979,4919,70638,23,10,6,5
2021-04-12T23:59:59+02:00,6,1,2583,3109,6249,9553,6639,12314,7784,16783,10870,16650,8749,8756,19235,24513,10460,19874,438,635,1222,2526,1785,4283,2517,6319,3732,5516,3488,3434,4976,6890,9621,18172,105118,70941,13925,4582,65069,18,10,6,5
2021-04-11T23:59:59+02:00,6,1,2555,3101,6153,9526,6524,12277,7619,16733,10671,16545,7480,7479,17510,22537,10458,19871,438,635,1221,2524,1785,4282,2517,6319,3730,5511,3484,3433,4970,6888,9621,18172,105049,70931,13919,4572,58062,14,10,6,5
2021-04-10T23:59:59+02:00,6,1,2554,3099,6143,9521,6515,12272,7614,16728,10664,16536,7472,7467,17501,22531,10458,19871,437,632,1219,2521,1784,4280,2515,6314,3727,5510,3475,3419,4962,6874,9621,18172,104967,70871,13918,4565,58053,14,9,6,5
2021-04-09T23:59:59+02:00,6,1,2492,3001,6008,9311,6358,12010,7356,16320,10351,16037,7315,7262,17385,22351,10457,19869,432,627,1201,2509,1757,4265,2484,6265,3649,5431,3363,3309,4824,6785,9616,18169,104498,70789,13888,3873,55489,12,9,6,5
2021-04-08T23:59:59+02:00,6,1,2413,2929,5912,9192,6255,11882,7185,16134,10095,15849,7120,7003,16126,20891,10446,19839,425,622,1189,2477,1732,4229,2457,6192,3597,5365,3290,3264,4745,6680,9594,18124,100849,70349,13533,3610,54881,11,9,6,5
2021-04-07T23:59:59+02:00,6,1,2386,2893,5839,9121,6168,11808,7052,16035,9853,15698,6824,6675,13813,17943,10425,19792,420,621,1179,2464,1719,4206,2443,6153,3531,5306,3219,3212,4690,6621,9587,18096,94698,70077,13372,3368,54247,10,9,6,5
2021-04-06T23:59:59+02:00,6,1,2369,2860,5743,9055,6077,11729,6899,15922,9613,15515,6468,6313,11719,15343,10398,19733,417,614,1172,2438,1707,4183,2417,6115,3467,5241,3135,3162,4645,6567,9582,18080,89675,69834,13072,3088,53003,10,7,6,5
2021-04-05T23:59:59+02:00,6,1,2361,2851,5725,9038,6065,11710,6886,15903,9593,15490,6344,6215,10438,14056,10398,19732,413,606,1168,2423,1701,4167,2401,6085,3434,5200,3105,3125,4624,6521,9576,18064,89596,69644,13036,2951,50168,9,6,6,5
2021-04-04T23:59:59+02:00,6,1,2361,2851,5722,9035,6063,11710,6884,15903,9591,15489,6339,6211,10438,14054,10398,19732,413,605,1168,2422,1701,4167,2400,6085,3434,5200,3105,3125,4622,6521,9576,18064,89587,69640,13034,2950,50155,9,6,6,5
2021-04-03T23:59:59+02:00,6,1,2359,2843,5714,9028,6058,11706,6881,15899,9588,15487,6336,6206,10432,14051,10398,19732,413,605,1168,2422,1701,4167,2400,6085,3434,5199,3105,3125,4622,6521,9576,18064,89530,69639,13033,2950,50150,9,6,6,5
2021-04-02T23:59:59+02:00,6,1,2358,2841,5708,9021,6056,11703,6877,15898,9584,15485,6332,6200,10418,14022,10397,19731,411,603,1167,2422,1700,4166,2399,6085,3433,5192,3079,3108,4612,6512,9576,18064,89447,69562,13030,2949,50149,9,6,6,5
2021-04-01T23:59:59+02:00,6,1,2337,2838,5678,8992,6013,11661,6834,15843,9529,15429,6239,6102,10123,13676,10374,19683,409,588,1164,2416,1693,4155,2383,6068,3407,5171,3017,3061,4553,6440,9501,17952,88460,69015,13009,2946,49878,9,5,6,5
2021-03-31T23:59:59+02:00,6,1,2303,2811,5603,8927,5945,11568,6731,15731,9396,15294,6094,5960,9573,12938,10332,19593,404,582,1158,2405,1686,4139,2377,6056,3387,5137,2985,3028,4506,6381,9445,17851,86489,68568,12796,2944,49511,9,4,6,4
2021-03-30T23:59:59+02:00,6,1,2283,2795,5557,8869,5882,11493,6660,15634,9298,15151,5909,5746,8670,11602,10257,19411,402,580,1155,2401,1673,4122,2359,6034,3353,5093,2928,2960,4419,6282,9315,17612,83425,67868,12415,2806,49375,9,4,5,3
2021-03-29T23:59:59+02:00,5,1,2216,2741,5454,8758,5774,11344,6492,15403,9068,14896,5551,5371,6731,9068,10037,18991,395,576,1144,2390,1660,4110,2334,6008,3324,5036,2858,2895,4302,6178,9114,17283,77338,66922,11605,2671,48949,9,4,5,3
2021-03-28T23:59:59+02:00,5,1,2195,2728,5411,8699,5698,11266,6405,15317,8950,14777,5427,5219,6091,8139,9971,18875,386,570,1129,2374,1635,4083,2287,5947,3268,4944,2773,2816,4186,6033,9042,17147,75047,66463,11347,2146,48771,6,4,5,3
2021-03-27T23:59:59+01:00,5,1,2195,2723,5400,8693,5694,11251,6390,15295,8939,14764,5399,5192,6081,8136,9971,18874,386,570,1127,2373,1634,4078,2283,5944,3259,4937,2768,2813,4170,6008,8962,17000,74941,66156,11347,2145,48706,6,4,5,3
2021-03-26T23:59:59+01:00,5,1,2179,2703,5363,8655,5655,11202,6311,15225,8790,14615,5237,5043,5912,7957,9969,18866,382,562,1121,2360,1618,4049,2255,5908,3225,4883,2707,2750,3987,5753,8257,15825,74597,63524,10516,2107,48566,6,4,5,3
2021-03-25T23:59:59+01:00,5,0,2062,2622,5187,8440,5453,10926,6103,14926,8550,14327,5077,4889,5816,7838,9966,18858,373,548,1100,2335,1594,4021,2209,5851,3152,4806,2609,2648,3616,5261,7127,14092,74141,59445,9568,1887,47328,6,3,5,3
2021-03-24T23:59:59+01:00,5,0,1976,2574,5039,8280,5292,10733,5939,14688,8347,14095,4937,4730,5702,7721,9960,18849,369,537,1087,2307,1561,3966,2150,5786,3064,4705,2476,2534,3193,4644,5729,11873,73767,54430,8406,1541,46686,6,3,5,3
2021-03-23T23:59:59+01:00,5,0,1900,2522,4928,8158,5193,10591,5818,14495,8232,13928,4855,4644,5636,7662,9952,18831,358,512,1067,2272,1528,3908,2106,5697,2982,4614,2387,2439,2743,4012,3841,8664,73375,47729,7660,1393,46307,4,3,5,3
2021-03-22T23:59:59+01:00,5,0,1835,2463,4794,8022,5060,10417,5659,14262,8040,13715,4751,4532,5567,7553,9938,18787,331,495,1038,2235,1483,3835,2041,5588,2880,4463,2274,2287,2227,3333,1339,4556,72883,39238,6622,1160,45887,2,3,5,3
2021-03-21T23:59:59+01:00,5,0,1834,2457,4782,8007,5046,10407,5644,14245,8010,13691,4728,4517,5551,7541,9934,18787,330,495,1032,2221,1474,3806,2023,5550,2854,4413,2233,2239,2185,3292,1322,4511,72860,39098,6572,876,45747,2,2,5,3
2021-03-20T23:59:59+01:00,5,0,1834,2457,4781,8006,5045,10405,5643,14244,8003,13685,4727,4516,5543,7533,9934,18787,330,495,1032,2221,1474,3806,2023,5550,2853,4412,2232,2236,2185,3292,1322,4511,72849,39096,6572,872,45720,2,2,5,3
2021-03-19T23:59:59+01:00,5,0,1781,2209,4266,6714,4636,9423,5373,13687,7779,13282,4603,4419,5473,7467,9934,18787,329,495,1032,2221,1474,3805,2023,5549,2852,4412,2230,2235,2180,3286,1321,4509,72791,39081,6562,866,40478,2,2,5,3
2021-03-18T23:59:59+01:00,5,0,1726,1958,3849,5652,4106,8044,4556,11150,6423,9951,4237,4120,5271,7247,9913,18747,328,492,1025,2208,1467,3780,1997,5510,2827,4388,2209,2220,2155,3257,1316,4500,72361,38889,6500,784,28087,2,2,5,3
2021-03-17T23:59:59+01:00,5,0,1720,1949,3839,5626,4089,8014,4532,11086,6373,9879,4200,4073,5232,7203,9907,18724,325,491,1021,2200,1461,3771,1990,5495,2817,4362,2182,2193,2135,3242,1309,4486,72105,38739,6440,735,27899,2,2,5,3
2021-03-16T23:59:59+01:00,5,0,1698,1915,3780,5545,4018,7908,4403,10925,6168,9679,3977,3885,5092,7044,9901,18703,323,487,1020,2181,1456,3758,1981,5481,2808,4343,2174,2179,2123,3214,1301,4457,71795,38574,5165,706,27679,2,2,5,3
2021-03-15T23:59:59+01:00,5,0,1688,1895,3755,5511,3993,7871,4352,10856,6089,9595,3895,3818,5039,6984,9895,18678,320,483,1011,2164,1448,3752,1965,5445,2790,4315,2159,2147,2098,3153,1293,4419,71572,38356,4807,602,27535,2,0,5,3
2021-03-14T23:59:59+01:00,5,0,1682,1885,3747,5501,3988,7855,4343,10825,6081,9573,3888,3809,5034,6976,9894,18676,319,483,1009,2164,1444,3749,1962,5443,2772,4309,2153,2145,2087,3143,1289,4417,71540,38348,4791,537,27426,1,0,5,3
2021-03-13T23:59:59+01:00,5,0,1679,1880,3734,5479,3981,7846,4323,10814,6067,9558,3885,3806,5031,6973,9894,18676,319,483,1009,2164,1444,3749,1962,5442,2772,4308,2152,2144,2087,3141,1281,4412,71516,38329,4786,537,27324,1,0,5,3
2021-03-12T23:59:59+01:00,4,0,1640,1823,3220,5332,3466,7732,4189,10688,5842,9269,3720,3660,4890,6865,9869,18629,314,461,1005,2134,1436,3725,1942,5371,2719,4223,1973,1989,2027,3091,1274,4406,71304,37559,4067,529,25462,0,0,5,3
2021-03-11T23:59:59+01:00,4,0,1532,1687,2838,5071,3029,7477,3909,10275,5215,8377,3496,3484,4784,6748,9831,18579,313,460,1002,2121,1433,3705,1935,5352,2710,4206,1967,1981,2013,3074,1269,4388,70741,37437,3805,490,21785,0,0,5,3
2021-03-10T23:59:59+01:00,4,0,1502,1656,2799,5026,2994,7418,3854,10189,5107,8260,3370,3380,4669,6634,9788,18512,311,459,1000,2118,1431,3694,1931,5339,2698,4186,1950,1974,1988,3042,1258,4374,70334,37356,3475,395,21348,0,0,5,3
2021-03-09T23:59:59+01:00,4,0,1493,1640,2767,5001,2973,7374,3816,10129,5029,8180,3273,3297,4589,6545,9682,18302,308,458,997,2112,1424,3682,1905,5317,2656,4156,1909,1949,1938,3014,1246,4365,69743,37328,3208,106,21138,0,0,5,3
2021-03-08T23:59:59+01:00,4,0,1478,1627,2737,4975,2947,7344,3793,10081,5005,8118,3232,3257,4516,6481,9508,18003,308,458,995,2108,1416,3666,1888,5284,2637,4129,1891,1930,1913,2991,1240,4346,68956,37182,3199,16,20946,0,0,5,3
2021-03-07T23:59:59+01:00,4,0,1465,1617,2707,4930,2913,7296,3760,10019,4962,8058,3197,3224,4451,6381,9432,17859,308,457,995,2107,1415,3661,1885,5274,2636,4124,1887,1927,1909,2987,1237,4338,68421,37131,3145,14,20704,0,0,5,3
2021-03-06T23:59:59+01:00,4,0,1464,1615,2701,4919,2910,7287,3752,10012,4944,8042,3187,3214,4428,6342,9344,17690,308,457,993,2104,1415,3659,1879,5265,2634,4122,1882,1919,1903,2985,1236,4335,68031,37081,3145,14,20674,0,0,5,2
2021-03-05T23:59:59+01:00,4,0,1391,1536,2603,4757,2853,7130,3667,9805,4843,7846,3137,3155,4212,6056,8640,16503,308,457,991,2102,1410,3654,1877,5264,2630,4115,1873,1915,1898,2982,1231,4332,65390,37024,3142,14,19601,0,0,5,2
2021-03-04T23:59:59+01:00,4,0,1218,1432,2433,4557,2682,6861,3499,9460,4585,7505,3021,3032,3851,5599,7478,14689,307,449,982,2078,1394,3614,1849,5212,2602,4069,1845,1890,1865,2927,1204,4286,61200,36558,3139,14,17562,0,0,5,2
2021-03-03T23:59:59+01:00,4,0,1185,1379,2355,4449,2622,6738,3412,9295,4488,7360,2936,2962,3480,5000,6095,12509,303,440,971,2055,1382,3586,1835,5162,2548,4015,1798,1855,1841,2898,1189,4258,56165,36121,3113,14,16987,0,0,4,2
2021-03-02T23:59:59+01:00,4,0,1151,1343,2295,4393,2571,6647,3332,9173,4351,7211,2822,2835,2998,4335,4101,9157,298,431,966,2030,1369,3542,1822,5107,2516,3990,1788,1841,1822,2872,1178,4231,49142,35788,2865,14,16709,0,0,3,2
2021-03-01T23:59:59+01:00,4,0,1092,1313,2234,4331,2499,6560,3238,9047,4209,7023,2691,2698,2430,3594,1394,4714,297,428,958,2017,1357,3523,1814,5091,2505,3974,1772,1831,1805,2853,1166,4203,40115,35582,2479,11,16474,0,0,3,2
2021-02-28T23:59:59+01:00,4,0,1058,1299,2192,4294,2469,6517,3190,8990,4147,6964,2624,2652,2382,3563,1386,4694,297,427,956,2012,1355,3510,1811,5077,2499,3966,1765,1820,1792,2842,1159,4188,40019,35464,2187,11,16216,0,0,3,2
2021-02-27T23:59:59+01:00,4,0,1016,1216,2127,4051,2411,6283,3126,8692,4056,6709,2569,2595,2362,3539,1383,4694,297,427,955,2012,1355,3510,1811,5076,2498,3966,1765,1819,1790,2842,1159,4188,39913,35458,2186,11,14731,0,0,3,2
2021-02-26T23:59:59+01:00,3,0,849,962,1925,3659,2249,5615,2909,7771,3745,5915,2520,2542,2344,3525,1380,4692,297,427,955,2009,1353,3508,1809,5075,2496,3965,1765,1816,1783,2841,1157,4181,39898,35425,2099,11,10605,0,0,3,2
2021-02-25T23:59:59+01:00,3,0,506,805,1645,3460,2066,5311,2713,7376,3519,5612,2439,2466,2304,3464,1376,4678,287,406,930,1959,1323,3439,1779,4994,2467,3901,1740,1789,1745,2798,1130,4141,39703,34817,1842,10,8195,0,0,3,2
2021-02-24T23:59:59+01:00,3,0,486,787,1610,3363,2004,5181,2653,7193,3453,5470,2374,2419,2269,3435,1367,4645,278,402,915,1926,1309,3385,1766,4934,2443,3856,1729,1771,1736,2779,1118,4114,39516,34458,1673,2,7520,0,0,3,2
2021-02-23T23:59:59+01:00,3,0,467,751,1549,3260,1949,5041,2575,7061,3367,5365,2314,2360,2234,3379,1352,4614,277,398,910,1911,1302,3356,1757,4903,2422,3824,1709,1751,1716,2744,1103,4061,39370,34141,1402,2,6866,0,0,3,2
2021-02-22T23:59:59+01:00,2,0,451,720,1494,3160,1910,4902,2517,6843,3306,5221,2306,2264,2219,3300,1348,4569,276,395,906,1900,1294,3329,1740,4867,2408,3793,1690,1732,1689,2716,1088,4016,39159,33838,1139,0,6231,0,0,3,2
2021-02-21T23:59:59+01:00,2,0,443,682,1436,3018,1863,4752,2464,6684,3223,5117,2270,2231,2192,3280,1338,4564,276,394,903,1892,1293,3320,1736,4857,2404,3784,1688,1729,1688,2714,1088,4015,39118,33780,906,0,5532,0,0,3,2
2021-02-20T23:59:59+01:00,2,0,439,677,1428,3014,1857,4752,2461,6681,3219,5113,2267,2230,2192,3279,1337,4564,276,394,903,1891,1293,3319,1736,4857,2403,3783,1687,1728,1685,2714,1087,4013,39114,33768,902,0,5493,0,0,3,2
2021-02-19T23:59:59+01:00,1,0,418,640,1399,2952,1830,4698,2420,6581,3132,4995,2087,2068,2129,3230,1332,4558,274,393,901,1889,1292,3318,1736,4852,2400,3782,1685,1726,1683,2713,1087,4012,38362,33743,883,0,5222,0,0,3,1
2021-02-18T23:59:59+01:00,1,0,393,584,1294,2709,1726,4454,2282,6319,3030,4813,2058,2052,2113,3213,1327,4550,274,387,893,1856,1283,3279,1718,4804,2381,3746,1673,1715,1666,2701,1075,3994,38288,33445,810,0,3817,0,0,3,1
2021-02-17T23:59:59+01:00,1,0,378,553,1255,2579,1671,4279,2212,6076,2971,4664,2039,2033,2090,3193,1312,4541,265,370,858,1771,1240,3150,1657,4645,2307,3610,1597,1646,1592,2591,1026,3878,38132,32203,759,0,2953,0,0,3,1
2021-02-16T23:59:59+01:00,1,0,360,523,1201,2459,1621,4143,2133,5891,2890,4528,2030,2029,2082,3187,1307,4530,257,353,838,1691,1185,3014,1596,4441,2235,3436,1547,1593,1532,2491,999,3750,38074,30958,729,0,2109,0,0,3,1
2021-02-15T23:59:59+01:00,1,0,350,501,1128,2315,1576,4070,2101,5838,2862,4487,2011,2013,2061,3157,1300,4510,250,335,815,1646,1153,2939,1540,4308,2164,3317,1472,1529,1478,2384,957,3573,37969,29860,619,0,1690,0,0,3,1
2021-02-14T23:59:59+01:00,1,0,342,496,1105,2259,1513,3906,2059,5746,2831,4448,2005,2011,2050,3148,1298,4503,243,330,797,1619,1137,2900,1498,4256,2126,3287,1456,1508,1454,2348,942,3531,37951,29432,554,0,1213,0,0,3,1
2021-02-13T23:59:59+01:00,1,0,342,496,1104,2259,1513,3905,2057,5745,2831,4448,2004,2009,2049,3148,1297,4500,243,330,797,1619,1137,2900,1497,4255,2126,3287,1454,1505,1453,2347,942,3530,37940,29422,554,0,1212,0,0,2,1
2021-02-12T23:59:59+01:00,1,0,338,493,1087,2250,1508,3891,2052,5736,2828,4442,1990,1999,2043,3135,1292,4497,242,329,791,1614,1131,2891,1480,4236,2107,3274,1441,1489,1438,2316,935,3497,37873,29211,546,0,1161,0,0,2,1
2021-02-11T23:59:59+01:00,1,0,318,469,1023,2152,1454,3764,1958,5472,2743,4323,1960,1966,2003,3070,1267,4441,222,303,742,1510,1051,2667,1356,3879,1923,2967,1255,1282,1270,2041,829,3147,37484,26444,509,0,389,0,0,2,1
2021-02-10T23:59:59+01:00,1,0,312,460,1000,2112,1416,3685,1904,5310,2648,4141,1891,1916,1961,3032,1249,4415,198,258,649,1322,925,2286,1168,3278,1684,2552,1097,1109,1125,1797,722,2807,37076,22977,374,0,1,0,0,2,1
2021-02-09T23:59:59+01:00,1,0,306,450,992,2080,1400,3633,1861,5243,2581,4085,1835,1880,1893,2979,1228,4394,165,199,551,1062,778,1843,963,2672,1421,2140,951,950,937,1518,606,2394,36777,19150,61,0,1,0,0,2,1
2021-02-08T23:59:59+01:00,1,0,305,448,989,2073,1390,3617,1853,5220,2563,4069,1821,1868,1875,2961,1221,4369,114,164,451,850,615,1429,764,2022,1145,1658,765,775,747,1200,483,1945,36623,15127,17,0,1,0,0,2,1
2021-02-07T23:59:59+01:00,1,0,305,448,988,2072,1389,3610,1850,5217,2556,4066,1815,1859,1859,2954,1217,4363,105,145,401,704,541,1256,685,1807,1049,1511,692,695,671,1080,418,1729,36553,13489,14,0,0,0,0,2,1
2021-02-06T23:59:59+01:00,1,0,305,448,987,2071,1389,3607,1850,5215,2556,4063,1815,1858,1854,2952,1214,4361,105,144,396,701,536,1232,669,1788,1038,1489,689,691,666,1076,417,1725,36530,13363,14,0,0,0,0,2,0
2021-02-05T23:59:59+01:00,1,0,305,447,985,2068,1385,3598,1846,5201,2550,4057,1814,1857,1846,2944,1205,4348,101,137,381,683,519,1203,637,1736,990,1426,652,641,621,1002,391,1637,36441,12758,14,0,0,0,0,2,0
2021-02-04T23:59:59+01:00,1,0,298,430,974,2036,1366,3545,1827,5124,2534,4009,1798,1837,1821,2909,1188,4317,76,106,282,461,358,810,453,1175,679,967,504,467,480,792,305,1306,35998,9222,14,0,0,0,0,2,0
2021-02-03T23:59:59+01:00,1,0,294,421,956,2009,1350,3507,1814,5075,2500,3966,1778,1814,1805,2885,1175,4303,60,82,236,395,289,631,346,919,519,721,338,323,345,565,218,953,35637,6941,14,0,0,0,0,2,0
2021-02-02T23:59:59+01:00,1,0,290,414,950,1981,1342,3475,1803,5029,2477,3931,1760,1798,1779,2844,1154,4256,39,63,181,312,242,483,264,736,375,554,234,206,220,374,150,621,35268,5054,14,0,0,0,0,2,0
2021-02-01T23:59:59+01:00,1,0,289,412,945,1974,1339,3459,1795,5009,2469,3912,1753,1787,1764,2829,1148,4243,19,39,134,227,167,308,169,490,236,320,119,105,96,184,69,277,35112,2959,14,0,0,0,0,2,0
2021-01-31T23:59:59+01:00,1,0,288,411,943,1966,1336,3450,1792,4990,2465,3897,1749,1779,1760,2822,1146,4234,18,34,116,199,150,267,152,410,200,276,100,91,88,157,61,243,35013,2562,14,0,0,0,0,2,0
2021-01-30T23:59:59+01:00,1,0,288,411,943,1966,1336,3450,1792,4990,2465,3897,1748,1779,1760,2821,1146,4233,18,34,115,199,150,265,149,407,199,275,99,90,88,157,61,243,35010,2549,14,0,0,0,0,2,0
2021-01-29T23:59:59+01:00,1,0,286,408,941,1964,1335,3442,1786,4981,2462,3894,1742,1772,1751,2811,1139,4212,16,33,114,190,141,257,137,379,168,248,72,66,79,136,56,211,34912,2303,14,0,0,0,0,1,0
2021-01-28T23:59:59+01:00,1,0,281,400,923,1908,1311,3378,1761,4919,2434,3832,1720,1752,1720,2780,1121,4177,0,0,9,19,8,17,11,46,7,21,7,3,7,9,2,13,34404,179,13,0,0,0,0,1,0
2021-01-27T23:59:59+01:00,1,0,276,382,890,1828,1277,3264,1699,4796,2374,3732,1664,1704,1676,2714,1085,4095,0,0,4,6,5,11,7,20,3,12,6,3,7,9,2,12,33447,107,9,0,0,0,0,1,0
2021-01-26T23:59:59+01:00,1,0,270,373,881,1815,1263,3226,1682,4739,2344,3669,1633,1672,1639,2644,1068,4013,0,0,4,6,5,11,7,20,3,12,6,3,7,9,2,12,32924,107,7,0,0,0,0,1,0
2021-01-25T23:59:59+01:00,1,0,259,349,839,1697,1193,3062,1592,4468,2240,3460,1574,1619,1587,2560,1022,3845,0,0,1,3,1,3,4,3,3,5,6,3,6,8,2,12,31364,60,2,0,0,0,0,1,0
2021-01-24T23:59:59+01:00,1,0,256,346,828,1678,1183,3040,1561,4435,2214,3439,1563,1611,1577,2549,1017,3838,0,0,1,2,1,3,4,3,3,5,6,3,6,8,2,12,31133,59,2,0,0,0,0,1,0
2021-01-23T23:59:59+01:00,1,0,256,346,828,1678,1182,3039,1561,4431,2213,3438,1562,1611,1576,2548,1016,3833,0,0,1,2,1,3,4,3,3,5,6,3,6,8,2,12,31116,59,2,0,0,0,0,1,0
2021-01-22T23:59:59+01:00,1,0,255,344,822,1675,1178,3034,1558,4424,2201,3433,1550,1600,1570,2529,1011,3814,0,0,1,2,1,3,4,3,3,5,6,3,6,8,2,12,30996,59,2,0,0,0,0,1,0
2021-01-21T23:59:59+01:00,1,0,244,334,795,1609,1153,2907,1502,4264,2121,3298,1452,1497,1438,2366,932,3633,0,0,1,2,1,3,4,2,3,5,4,2,5,8,1,12,29543,53,2,0,0,0,0,1,0
2021-01-20T23:59:59+01:00,1,0,221,290,722,1453,1063,2593,1367,3804,1948,2944,1331,1352,1318,2172,861,3413,0,0,1,2,1,3,4,2,3,5,4,2,5,8,1,12,26850,53,2,0,0,0,0,1,0
2021-01-19T23:59:59+01:00,1,0,190,234,624,1206,918,2147,1147,3189,1667,2514,1151,1154,1092,1836,716,2900,0,0,1,1,1,2,4,1,2,5,4,2,5,8,1,12,22683,49,2,0,0,0,0,1,0
2021-01-18T23:59:59+01:00,1,0,132,185,490,945,709,1633,879,2320,1297,1903,901,923,873,1455,560,2311,0,0,0,0,0,0,0,0,1,2,2,1,0,0,0,0,17515,6,1,0,0,0,0,1,0
2021-01-17T23:59:59+01:00,1,0,119,159,430,774,624,1413,778,2067,1185,1714,837,844,793,1319,501,2105,0,0,0,0,0,0,0,0,0,1,0,0,0,0,0,0,15662,1,0,0,0,0,0,1,0
2021-01-16T23:59:59+01:00,1,0,119,158,426,773,622,1405,768,2063,1177,1707,835,839,788,1308,493,2090,0,0,0,0,0,0,0,0,0,0,0,0,0,0,0,0,15572,0,0,0,0,0,0,0,0
2021-01-15T23:59:59+01:00,1,0,109,152,414,753,596,1367,736,1985,1116,1626,791,787,745,1223,463,1976,0,0,0,0,0,0,0,0,0,0,0,0,0,0,0,0,14840,0,0,0,0,0,0,0,0
2021-01-14T23:59:59+01:00,1,0,75,112,297,486,395,882,508,1278,761,1065,577,545,542,902,353,1501,0,0,0,0,0,0,0,0,0,0,0,0,0,0,0,0,10280,0,0,0,0,0,0,0,0
2021-01-13T23:59:59+01:00,1,0,58,85,245,409,319,665,378,978,556,758,363,343,362,613,246,1037,0,0,0,0,0,0,0,0,0,0,0,0,0,0,0,0,7416,0,0,0,0,0,0,0,0
2021-01-12T23:59:59+01:00,0,0,47,69,200,351,257,540,278,804,405,593,243,217,227,405,166,691,0,0,0,0,0,0,0,0,0,0,0,0,0,0,0,0,5493,0,0,0,0,0,0,0,0
2021-01-11T23:59:59+01:00,0,0,32,50,174,303,210,439,218,647,297,419,149,126,129,248,88,397,0,0,0,0,0,0,0,0,0,0,0,0,0,0,0,0,3926,0,0,0,0,0,0,0,0
2021-01-10T23:59:59+01:00,0,0,24,41,152,254,180,362,179,536,248,358,128,106,114,204,77,320,0,0,0,0,0,0,0,0,0,0,0,0,0,0,0,0,3283,0,0,0,0,0,0,0,0
2021-01-09T23:59:59+01:00,0,0,24,41,151,252,179,360,177,530,247,357,127,105,114,204,77,320,0,0,0,0,0,0,0,0,0,0,0,0,0,0,0,0,3265,0,0,0,0,0,0,0,0
2021-01-08T23:59:59+01:00,0,0,22,40,149,243,171,350,164,499,218,331,103,89,109,189,71,298,0,0,0,0,0,0,0,0,0,0,0,0,0,0,0,0,3046,0,0,0,0,0,0,0,0
2021-01-07T23:59:59+01:00,0,0,1,0,4,9,8,13,10,6,16,11,10,9,14,21,2,32,0,0,0,0,0,0,0,0,0,0,0,0,0,0,0,0,166,0,0,0,0,0,0,0,0
2021-01-06T23:59:59+01:00,0,0,0,0,1,3,1,5,5,2,3,6,6,2,7,10,1,14,0,0,0,0,0,0,0,0,0,0,0,0,0,0,0,0,66,0,0,0,0,0,0,0,0
2021-01-05T23:59:59+01:00,0,0,0,0,1,3,1,5,5,2,3,5,6,2,6,9,1,13,0,0,0,0,0,0,0,0,0,0,0,0,0,0,0,0,62,0,0,0,0,0,0,0,0
2021-01-04T23:59:59+01:00,0,0,0,0,1,3,1,4,4,2,3,5,6,2,5,8,1,13,0,0,0,0,0,0,0,0,0,0,0,0,0,0,0,0,58,0,0,0,0,0,0,0,0
2021-01-03T23:59:59+01:00,0,0,0,0,1,2,1,4,4,2,3,5,5,2,5,8,1,13,0,0,0,0,0,0,0,0,0,0,0,0,0,0,0,0,56,0,0,0,0,0,0,0,0
2021-01-02T23:59:59+01:00,0,0,0,0,1,2,1,4,4,2,3,5,5,2,5,8,1,13,0,0,0,0,0,0,0,0,0,0,0,0,0,0,0,0,56,0,0,0,0,0,0,0,0
2021-01-01T23:59:59+01:00,0,0,0,0,1,2,1,3,4,2,3,5,5,2,5,8,1,13,0,0,0,0,0,0,0,0,0,0,0,0,0,0,0,0,55,0,0,0,0,0,0,0,0
2020-12-31T23:59:59+01:00,0,0,0,0,1,2,1,3,4,2,3,5,5,2,5,8,1,13,0,0,0,0,0,0,0,0,0,0,0,0,0,0,0,0,55,0,0,0,0,0,0,0,0
2020-12-30T23:59:59+01:00,0,0,0,0,1,2,1,3,4,2,3,5,5,2,5,8,1,13,0,0,0,0,0,0,0,0,0,0,0,0,0,0,0,0,55,0,0,0,0,0,0,0,0
2020-12-29T23:59:59+01:00,0,0,0,0,1,1,1,2,4,1,2,5,5,2,5,8,1,13,0,0,0,0,0,0,0,0,0,0,0,0,0,0,0,0,51,0,0,0,0,0,0,0,0
2020-12-28T23:59:59+01:00,0,0,0,0,1,1,1,1,2,0,1,5,4,1,1,0,0,2,0,0,0,0,0,0,0,0,0,0,0,0,0,0,0,0,20,0,0,0,0,0,0,0,0
2020-12-27T23:59:59+01:00,0,0,0,0,1,1,1,1,2,0,0,3,2,0,1,0,0,2,0,0,0,0,0,0,0,0,0,0,0,0,0,0,0,0,14,0,0,0,0,0,0,0,0
