Datum,<15_m,<15_w,15-24_1_m,15-24_1_w,25-34_1_m,25-34_1_w,35-44_1_m,35-44_1_w,45-54_1_m,45-54_1_w,55-64_1_m,55-64_1_w,65-74_1_m,65-74_1_w,75-84_1_m,75-84_1_w,>84_1_m,>84_1_w,<24_2_m,<24_2_w,25-34_2_m,25-34_2_w,35-44_2_m,35-44_2_w,45-54_2_m,45-54_2_w,55-64_2_m,55-64_2_w,65-74_2_m,65-74_2_w,75-84_2_m,75-84_2_w,>84_2_m,>84_2_w,bp_1,bp_2,mo_1,mo_2,az_1,az_2,ja,unb_1,unb_2
2021-10-14T23:59:59+02:00,5517,5128,38766,37279,54035,48551,54877,53435,65464,65387,75195,75177,54235,59839,37424,48387,11679,22251,35694,34354,51239,45491,52492,50615,63053,62542,72927,72803,52917,58336,36550,47192,11297,21453,591102,563214,79154,76179,105572,101513,36768,32,28
2021-10-13T23:59:59+02:00,5479,5097,38736,37241,54007,48516,54850,53402,65439,65363,75175,75152,54223,59828,37416,48378,11676,22246,35656,34315,51218,45451,52461,50580,63020,62508,72896,72777,52895,58321,36542,47171,11296,21443,590718,562819,79143,76141,105572,101497,36761,32,28
2021-10-12T23:59:59+02:00,5446,5076,38667,37198,53949,48449,54810,53354,65409,65329,75137,75112,54208,59811,37406,48363,11670,22237,35602,34266,51174,45398,52427,50546,62986,62469,72859,72733,52872,58293,36521,47146,11290,21429,590139,562255,79141,76138,105572,101494,36749,32,28
2021-10-11T23:59:59+02:00,5396,5028,38511,37073,53827,48345,54712,53276,65336,65273,75091,75084,54196,59794,37394,48352,11668,22233,35397,34060,51000,45220,52302,50420,62894,62368,72778,72674,52833,58256,36505,47119,11285,21416,589249,560761,79141,76136,105572,101489,36597,32,28
2021-10-10T23:59:59+02:00,5378,5018,38469,37041,53788,48307,54693,53251,65320,65255,75076,75064,54193,59790,37390,48348,11667,22227,35368,34039,50981,45194,52284,50404,62883,62356,72765,72661,52830,58247,36500,47109,11282,21412,588954,560550,79138,76128,105572,101487,36581,32,28
2021-10-09T23:59:59+02:00,5378,5018,38469,37041,53788,48307,54693,53251,65320,65255,75076,75064,54193,59790,37390,48348,11667,22227,35367,34039,50981,45194,52284,50404,62881,62356,72765,72661,52830,58247,36500,47109,11282,21412,588954,560549,79138,76127,105572,101486,36581,32,28
2021-10-08T23:59:59+02:00,5370,5005,38451,37023,53775,48290,54686,53247,65309,65247,75063,75055,54191,59787,37388,48343,11666,22226,35353,34020,50969,45179,52279,50393,62872,62348,72759,72655,52828,58245,36499,47105,11282,21410,588813,560432,79138,76125,105572,101485,36569,32,28
2021-10-07T23:59:59+02:00,5306,4926,38290,36885,53660,48170,54581,53149,65220,65162,74996,75009,54171,59749,37366,48318,11660,22213,35021,33707,50750,44897,52093,50150,62688,62173,72604,72511,52769,58180,36472,47061,11269,21386,587584,558337,79109,75493,105570,101485,36538,32,28
2021-10-06T23:59:59+02:00,5271,4899,38244,36845,53627,48133,54538,53116,65175,65127,74970,74986,54154,59736,37357,48302,11654,22205,34980,33671,50728,44870,52072,50128,62659,62158,72580,72495,52747,58151,36454,47042,11262,21375,587118,557965,79104,75492,105570,101483,36517,32,28
2021-10-05T23:59:59+02:00,5239,4874,38167,36776,53568,48071,54489,53057,65114,65073,74928,74940,54117,59709,37337,48271,11645,22172,34916,33602,50682,44806,52039,50086,62606,62120,72540,72455,52715,58113,36425,46989,11254,21353,586394,557286,79085,75491,105570,101481,36468,32,28
2021-10-04T23:59:59+02:00,5178,4817,37955,36610,53401,47958,54376,52954,65047,64999,74863,74893,54087,59677,37322,48253,11636,22157,34615,33254,50441,44565,51857,49909,62445,61967,72425,72358,52657,58052,36370,46931,11242,21334,585318,555038,79076,75491,105570,101481,36189,32,28
2021-10-03T23:59:59+02:00,5167,4803,37933,36585,53369,47926,54353,52939,65030,64980,74854,74881,54080,59664,37317,48240,11636,22153,34562,33217,50392,44522,51819,49860,62402,61929,72386,72326,52640,58029,36358,46916,11240,21325,585079,554556,79073,75491,105566,101472,36162,32,28
2021-10-02T23:59:59+02:00,5165,4794,37930,36579,53362,47922,54352,52937,65028,64980,74852,74879,54080,59663,37317,48240,11636,22153,34560,33215,50384,44520,51817,49860,62400,61929,72386,72325,52640,58028,36358,46916,11240,21325,585049,554547,79073,75490,105566,101472,36151,32,28
2021-10-01T23:59:59+02:00,5157,4777,37885,36551,53330,47898,54328,52912,64998,64965,74826,74862,54070,59658,37314,48237,11633,22151,34541,33204,50366,44512,51803,49846,62387,61920,72369,72313,52631,58022,36355,46914,11238,21323,584808,554464,79071,75488,105566,101466,36077,32,28
2021-09-30T23:59:59+02:00,5068,4715,37680,36353,53164,47739,54187,52785,64896,64847,74756,74807,54055,59628,37303,48221,11630,22144,34399,33052,50273,44387,51728,49733,62302,61828,72304,72255,52619,57992,36347,46889,11235,21313,583307,553887,79053,74879,105563,101462,36026,31,28
2021-09-29T23:59:59+02:00,5046,4695,37648,36312,53120,47691,54150,52738,64865,64810,74726,74780,54038,59604,37291,48210,11626,22132,34372,33016,50246,44361,51706,49712,62282,61798,72282,72235,52610,57983,36342,46879,11232,21305,582855,553600,79041,74875,105563,101457,35994,31,28
2021-09-28T23:59:59+02:00,5023,4672,37589,36256,53080,47644,54115,52695,64821,64767,74682,74745,54001,59568,37272,48188,11616,22121,34316,32978,50215,44336,51681,49691,62256,61778,72246,72205,52580,57944,36320,46852,11229,21293,582301,553210,79039,74869,105563,101453,35923,31,28
2021-09-27T23:59:59+02:00,4948,4612,37390,36081,52896,47483,53994,52585,64717,64660,74584,74665,53972,59540,37260,48169,11614,22109,33895,32591,49908,44014,51452,49443,62059,61592,72117,72080,52539,57884,36299,46821,11227,21283,581249,550702,79013,74868,105563,101452,35425,31,28
2021-09-26T23:59:59+02:00,4945,4606,37370,36052,52868,47467,53980,52570,64703,64650,74572,74655,53965,59529,37259,48166,11614,22104,33881,32584,49896,43999,51447,49434,62046,61586,72109,72073,52535,57876,36298,46816,11225,21279,581078,550591,78996,74860,105563,101451,35409,31,28
2021-09-25T23:59:59+02:00,4942,4603,37364,36048,52865,47463,53976,52567,64701,64646,74568,74652,53964,59526,37258,48165,11614,22103,33878,32584,49895,43999,51447,49433,62046,61585,72107,72073,52535,57875,36298,46816,11225,21279,581034,550585,78994,74860,105563,101451,35405,31,28
2021-09-24T23:59:59+02:00,4939,4600,37345,36034,52844,47450,53955,52555,64682,64635,74554,74642,53957,59523,37255,48161,11614,22099,33868,32568,49880,43991,51428,49418,62033,61579,72088,72064,52528,57868,36292,46809,11225,21277,580917,550480,78994,74858,105560,101450,35344,31,28
2021-09-23T23:59:59+02:00,4811,4480,36942,35616,52494,47118,53662,52283,64440,64417,74371,74511,53897,59467,37223,48115,11605,22080,33681,32397,49661,43839,51259,49314,61883,61474,71972,71989,52492,57843,36267,46786,11223,21269,578597,549811,78950,74835,105560,101447,34397,30,28
2021-09-22T23:59:59+02:00,4784,4459,36900,35559,52428,47040,53596,52222,64373,64365,74312,74458,53868,59444,37215,48098,11603,22075,33645,32354,49618,43782,51200,49262,61828,61434,71924,71955,52473,57825,36261,46775,11221,21268,578164,549551,78942,74832,105557,101446,34108,30,28
2021-09-21T23:59:59+02:00,4768,4436,36843,35510,52362,46976,53551,52172,64306,64314,74254,74404,53825,59412,37202,48072,11598,22066,33614,32302,49586,43735,51161,49219,61782,61396,71885,71913,52442,57801,36250,46757,11220,21261,577611,549186,78933,74830,105555,101441,33944,30,28
2021-09-20T23:59:59+02:00,4664,4372,36508,35205,52041,46667,53316,51949,64096,64125,74095,74291,53761,59358,37181,48037,11591,22060,33103,31867,49208,43402,50876,48916,61528,61185,71718,71761,52386,57735,36227,46712,11213,21251,575773,546478,78928,74825,105554,101435,33034,30,28
2021-09-19T23:59:59+02:00,4651,4367,36495,35194,52030,46659,53302,51937,64083,64120,74087,74281,53758,59352,37178,48034,11590,22060,33082,31850,49204,43392,50868,48904,61514,61174,71706,71751,52380,57731,36226,46710,11213,21248,575667,546355,78921,74821,105553,101434,33009,30,28
2021-09-18T23:59:59+02:00,4651,4367,36493,35193,52028,46658,53302,51936,64083,64120,74087,74281,53758,59352,37178,48034,11590,22060,33079,31850,49200,43390,50868,48904,61514,61174,71706,71751,52380,57731,36226,46710,11213,21248,575665,546350,78921,74821,105553,101434,33004,30,28
2021-09-17T23:59:59+02:00,4644,4354,36479,35169,52007,46640,53291,51918,64069,64111,74072,74262,53749,59345,37175,48029,11589,22060,33072,31834,49188,43380,50864,48896,61513,61170,71698,71739,52373,57729,36226,46709,11213,21247,575503,546299,78921,74821,105552,101432,32959,30,28
2021-09-16T23:59:59+02:00,4494,4204,36110,34805,51751,46340,53078,51653,63885,63926,73915,74112,53694,59284,37159,47994,11584,22048,32943,31728,49106,43273,50785,48814,61451,61115,71647,71706,52358,57716,36216,46697,11212,21241,573062,545459,78463,74741,105551,101427,32932,30,28
2021-09-15T23:59:59+02:00,4451,4166,36042,34730,51708,46287,53011,51597,63835,63877,73878,74069,53676,59263,37149,47983,11583,22042,32890,31677,49055,43221,50728,48764,61405,61071,71618,71675,52350,57695,36206,46687,11212,21235,572691,545125,78377,74726,105551,101415,32700,30,28
2021-09-14T23:59:59+02:00,4410,4126,35979,34678,51657,46216,52970,51547,63789,63832,73834,74027,53651,59244,37134,47964,11581,22038,32826,31606,49011,43172,50694,48720,61351,61033,71583,71634,52328,57672,36197,46673,11211,21232,572150,544577,78307,74720,105551,101408,32641,30,28
2021-09-13T23:59:59+02:00,4259,3949,35611,34248,51385,45902,52755,51313,63579,63623,73699,73902,53596,59175,37097,47930,11580,22030,32362,31133,48776,42924,50511,48519,61203,60850,71441,71523,52275,57613,36181,46637,11205,21222,569564,541589,77881,74640,105550,101402,32609,30,28
2021-09-12T23:59:59+02:00,4250,3939,35588,34232,51370,45879,52738,51296,63565,63606,73690,73892,53593,59169,37092,47929,11580,22029,32337,31115,48761,42906,50501,48511,61192,60836,71425,71511,52269,57605,36175,46635,11202,21221,569415,541434,77865,74632,105539,101387,32589,30,28
2021-09-11T23:59:59+02:00,4247,3936,35584,34228,51369,45877,52733,51289,63563,63601,73688,73886,53589,59164,37092,47927,11580,22029,32328,31111,48758,42903,50498,48508,61189,60832,71422,71508,52267,57603,36175,46633,11202,21221,569388,541414,77865,74632,105539,101387,32561,30,28
2021-09-10T23:59:59+02:00,4246,3935,35471,34129,51173,45723,52542,51148,63386,63487,73554,73795,53551,59125,37072,47909,11578,22024,32202,31002,48560,42737,50300,48371,61000,60710,71288,71413,52225,57560,36153,46612,11199,21216,569331,541262,77863,74630,105538,101385,31087,30,28
2021-09-09T23:59:59+02:00,4218,3897,35392,34062,51117,45654,52482,51061,63329,63429,73514,73757,53528,59097,37058,47891,11576,22020,32108,30935,48516,42688,50249,48330,60959,60676,71245,71379,52207,57546,36146,46597,11198,21212,568725,540781,77828,74623,105524,101363,30976,30,28
2021-09-08T23:59:59+02:00,4193,3877,35359,34020,51093,45624,52464,51035,63295,63396,73493,73734,53521,59082,37051,47880,11576,22017,32050,30906,48477,42662,50221,48299,60923,60647,71229,71358,52194,57533,36136,46586,11195,21194,568379,540405,77828,74622,105524,101351,30950,30,28
2021-09-07T23:59:59+02:00,4180,3863,35319,33977,51063,45593,52440,51008,63270,63373,73457,73704,53509,59066,37035,47866,11574,22011,32003,30858,48443,42627,50181,48263,60898,60616,71196,71329,52181,57517,36127,46573,11192,21190,568006,539988,77828,74620,105524,101343,30921,30,28
2021-09-06T23:59:59+02:00,4004,3679,34840,33504,50686,45204,52174,50706,63044,63135,73299,73554,53445,58985,37016,47825,11571,22002,31794,30675,48241,42472,50038,48123,60785,60498,71101,71240,52134,57471,36111,46554,11187,21177,565198,539130,77828,74619,105524,101339,30094,30,28
2021-09-05T23:59:59+02:00,3996,3667,34823,33489,50683,45197,52162,50698,63032,63125,73284,73549,53440,58977,37010,47818,11569,21998,31776,30656,48222,42457,50025,48115,60774,60488,71091,71235,52128,57459,36109,46549,11186,21175,565063,538992,77827,74617,105524,101325,30074,30,28
2021-09-04T23:59:59+02:00,3996,3667,34822,33489,50681,45197,52161,50697,63032,63125,73284,73549,53440,58977,37010,47818,11569,21998,31775,30654,48221,42457,50023,48113,60774,60488,71090,71235,52128,57459,36109,46549,11186,21175,565061,538988,77827,74615,105524,101325,30071,30,28
2021-09-03T23:59:59+02:00,3948,3620,34658,33357,50528,45073,52050,50579,62882,63001,73159,73449,53400,58929,36989,47797,11565,21995,31501,30462,48020,42286,49852,47944,60568,60316,70945,71089,52074,57402,36084,46526,11184,21171,564922,538855,77229,73369,105513,101312,29286,30,28
2021-09-02T23:59:59+02:00,3922,3590,34599,33310,50494,45033,52018,50546,62841,62960,73121,73423,53380,58917,36980,47779,11565,21989,31432,30402,47970,42239,49811,47900,60513,60264,70904,71062,52056,57386,36075,46517,11183,21166,564512,538464,77207,73365,105513,101202,29206,30,28
2021-09-01T23:59:59+02:00,3906,3576,34573,33277,50471,45006,51999,50524,62821,62927,73092,73405,53371,58908,36976,47771,11565,21988,31382,30363,47937,42212,49781,47875,60482,60240,70881,71031,52037,57367,36065,46510,11183,21163,564244,538119,77204,73359,105513,101175,29166,30,28
2021-08-31T23:59:59+02:00,3879,3563,34533,33230,50444,44970,51971,50492,62793,62895,73062,73373,53351,58886,36968,47758,11562,21988,31322,30331,47908,42187,49758,47858,60455,60224,70866,71004,52023,57357,36062,46503,11180,21157,563853,537841,77204,73355,105512,101168,29120,30,28
2021-08-30T23:59:59+02:00,3653,3353,33944,32714,50020,44592,51619,50145,62502,62632,72854,73195,53267,58800,36938,47711,11559,21980,31040,30067,47608,41954,49530,47687,60273,60093,70710,70900,51955,57312,36044,46471,11177,21150,560847,536747,77204,73352,105511,101158,27887,30,28
2021-08-29T23:59:59+02:00,3647,3345,33923,32692,50005,44583,51605,50127,62491,62618,72844,73179,53259,58795,36936,47704,11559,21978,31022,30047,47586,41927,49509,47670,60256,60076,70698,70888,51952,57304,36041,46470,11177,21148,560705,536628,77202,73351,105510,101114,27844,30,28
2021-08-28T23:59:59+02:00,3647,3345,33920,32692,50000,44582,51604,50125,62489,62615,72842,73178,53258,58793,36936,47704,11559,21978,31013,30038,47581,41925,49506,47667,60253,60072,70695,70886,51951,57300,36041,46470,11177,21148,560696,536592,77202,73350,105510,101114,27830,30,28
2021-08-27T23:59:59+02:00,3643,3339,33912,32673,49997,44578,51592,50118,62482,62610,72825,73172,53254,58790,36935,47703,11558,21977,30995,30020,47573,41915,49496,47658,60246,60064,70683,70885,51949,57299,36040,46469,11176,21148,560622,536514,77202,73348,105510,101111,27795,30,28
2021-08-26T23:59:59+02:00,3618,3311,33871,32623,49970,44540,51550,50069,62436,62586,72792,73142,53244,58781,36928,47701,11557,21973,30698,29751,47356,41702,49321,47502,60130,59963,70598,70814,51915,57266,36023,46445,11174,21144,560271,534689,77175,73342,105509,101047,27708,30,28
2021-08-25T23:59:59+02:00,3577,3287,33821,32580,49943,44494,51514,50040,62397,62552,72756,73118,53235,58763,36922,47686,11556,21972,29941,29050,46916,41288,48995,47210,59905,59738,70422,70663,51848,57190,36001,46410,11165,21136,559839,530354,77175,73339,105509,101024,27661,30,28
2021-08-24T23:59:59+02:00,3537,3265,33762,32521,49911,44452,51486,49993,62352,62503,72712,73071,53214,58738,36909,47673,11554,21964,29707,28828,46783,41157,48887,47104,59813,59644,70337,70564,51802,57143,35980,46398,11161,21133,559348,528914,77172,73335,105507,100990,27561,30,28
2021-08-23T23:59:59+02:00,3232,3000,33127,31897,49485,44054,51143,49688,62023,62207,72419,72839,53117,58649,36871,47610,11543,21955,29288,28436,46396,40857,48646,46891,59541,59435,70112,70417,51726,57072,35956,46355,11155,21126,556277,527460,77169,73332,105506,100985,25878,30,28
2021-08-22T23:59:59+02:00,3221,2992,33117,31891,49476,44044,51135,49682,62018,62200,72414,72837,53114,58646,36869,47608,11543,21954,29264,28420,46377,40849,48637,46881,59530,59427,70105,70414,51717,57068,35953,46352,11155,21126,556212,527364,77165,73326,105502,100971,25853,30,28
2021-08-21T23:59:59+02:00,3219,2992,33112,31888,49474,44043,51134,49679,62015,62199,72413,72836,53114,58646,36869,47608,11543,21954,29251,28407,46372,40845,48631,46877,59526,59427,70105,70413,51716,57068,35953,46352,11155,21126,556197,527325,77165,73319,105502,100971,25845,30,28
2021-08-20T23:59:59+02:00,3203,2981,32988,31795,49282,43906,50960,49569,61833,62071,72267,72754,53066,58604,36854,47590,11540,21950,28712,27907,45891,40475,48349,46666,59268,59243,69901,70288,51631,57010,35923,46324,11151,21119,555971,525625,77165,73144,105502,100738,24546,30,28
2021-08-19T23:59:59+02:00,3176,2958,32938,31756,49248,43871,50912,49530,61788,62033,72218,72715,53040,58584,36847,47575,11536,21943,27771,27051,45105,39872,47923,46305,58935,58969,69626,70065,51531,56921,35881,46276,11146,21114,555558,521247,77130,72169,105497,100646,24454,30,28
2021-08-18T23:59:59+02:00,3155,2939,32891,31712,49212,43836,50873,49494,61743,61997,72171,72688,53011,58567,36833,47561,11535,21938,26476,25748,44177,38998,47216,45564,58257,58385,69138,69606,51343,56699,35804,46184,11134,21097,555125,515704,77109,68957,105494,100593,24399,30,28
2021-08-17T23:59:59+02:00,3131,2916,32822,31649,49168,43768,50830,49459,61697,61952,72135,72647,52988,58543,36820,47549,11532,21933,25185,24356,43303,38305,46615,45084,57724,57943,68705,69281,51208,56515,35729,46105,11118,21083,554576,510084,77104,66869,105493,100557,24337,30,28
2021-08-16T23:59:59+02:00,3120,2895,32805,31630,49145,43746,50821,49442,61677,61934,72114,72632,52977,58535,36818,47538,11530,21929,23747,22960,42400,37458,46339,44791,57498,57682,68498,69122,51136,56429,35698,46060,11116,21069,554348,503717,77101,66837,105491,100544,24319,30,28
2021-08-15T23:59:59+02:00,3112,2883,32791,31612,49134,43740,50810,49431,61661,61918,72099,72620,52973,58526,36815,47538,11530,21929,21319,20505,41646,36914,45972,44419,57166,57383,68213,68865,51025,56327,35661,46004,11113,21059,554211,494978,77100,66658,105481,100528,24301,30,28
2021-08-14T23:59:59+02:00,3112,2882,32786,31610,49130,43738,50807,49429,61656,61915,72095,72614,52973,58526,36814,47538,11530,21929,21293,20478,41609,36883,45955,44404,57152,57371,68201,68854,51023,56324,35660,46003,11113,21058,554204,494789,77099,66657,105481,100528,24271,30,28
2021-08-13T23:59:59+02:00,3098,2865,32743,31582,49107,43724,50785,49412,61623,61884,72073,72594,52967,58519,36811,47533,11529,21926,21175,20391,41521,36785,45893,44351,57104,57333,68161,68820,51006,56312,35651,45995,11112,21056,554047,494198,77098,66654,105480,100507,24121,30,28
2021-08-12T23:59:59+02:00,3080,2836,32696,31533,49075,43684,50747,49383,61569,61857,72037,72558,52951,58500,36794,47524,11528,21923,20705,20077,40568,35975,45523,44022,56886,57154,67984,68656,50934,56228,35621,45951,11107,21049,553638,489959,77094,66652,105478,100462,24036,30,28
2021-08-11T23:59:59+02:00,3038,2805,32639,31489,49041,43650,50723,49359,61542,61826,72009,72530,52929,58474,36782,47515,11527,21916,19809,19192,39240,34785,44918,43442,56525,56824,67691,68382,50812,56090,35584,45892,11105,21036,553223,482529,77088,66647,105478,100440,23976,30,28
2021-08-10T23:59:59+02:00,3022,2786,32586,31444,49008,43621,50694,49326,61523,61787,71970,72485,52906,58458,36771,47492,11526,21911,18783,18222,37141,32918,44030,42564,56070,56424,67300,68035,50663,55937,35523,45796,11100,21016,552764,472272,77087,66645,105477,100421,23959,30,28
2021-08-09T23:59:59+02:00,3006,2779,32557,31420,48984,43601,50667,49308,61503,61769,71949,72465,52896,58449,36766,47482,11524,21910,17362,16807,34155,30494,43365,41930,55661,56060,66968,67708,50519,55788,35472,45747,11095,20998,552512,460077,77085,66641,105473,100409,23936,30,28
2021-08-08T23:59:59+02:00,3003,2779,32544,31408,48973,43594,50662,49302,61492,61761,71945,72464,52895,58447,36766,47479,11524,21909,17334,16777,34134,30479,43328,41900,55647,56047,66959,67703,50514,55783,35471,45744,11094,20997,552451,459892,77085,66636,105461,100390,23921,30,28
2021-08-07T23:59:59+02:00,3002,2774,32537,31397,48971,43586,50656,49302,61490,61758,71938,72462,52894,58445,36765,47479,11524,21909,17305,16744,34108,30461,43293,41869,55626,56030,66948,67696,50509,55781,35469,45744,11094,20996,552404,459662,77085,66633,105461,100389,23910,30,28
2021-08-06T23:59:59+02:00,2913,2682,32189,31171,48711,43390,50397,49073,61201,61553,71663,72295,52762,58341,36711,47426,11521,21900,17095,16604,33393,29982,42821,41500,55283,55803,66638,67519,50379,55687,35420,45707,11091,20989,552333,457986,75975,66344,105457,100387,22105,30,28
2021-08-05T23:59:59+02:00,2867,2643,32030,31051,48619,43300,50317,49018,61148,61508,71610,72254,52735,58322,36702,47409,11519,21898,16863,16352,31531,28546,41776,40547,55009,55457,66426,67347,50315,55610,35397,45668,11084,20980,551449,451171,75972,66271,105448,100264,22052,30,28
2021-08-04T23:59:59+02:00,2792,2567,31762,30859,48422,43165,50165,48907,61068,61432,71547,72198,52705,58282,36689,47394,11516,21893,16574,16106,31174,28324,40584,39473,54620,55126,66250,67195,50252,55528,35367,45640,11081,20973,550154,446860,75971,66252,105446,100191,21766,27,27
2021-08-03T23:59:59+02:00,2604,2386,31248,30392,48172,42916,49990,48713,60904,61261,71401,72051,52651,58210,36667,47365,11506,21879,16137,15659,30587,27801,38851,37855,53930,54480,65916,66883,50155,55399,35320,45588,11076,20963,547192,439188,75971,66245,105443,100172,21684,27,27
2021-08-02T23:59:59+02:00,2493,2291,30932,30107,47970,42732,49838,48585,60797,61155,71313,71969,52618,58178,36645,47346,11505,21876,15831,15388,30249,27447,36711,36030,53371,53965,65709,66708,50083,55314,35298,45560,11074,20959,545250,432344,75968,66240,105438,100060,21668,27,27
2021-08-01T23:59:59+02:00,2490,2288,30921,30099,47951,42720,49827,48577,60784,61145,71303,71964,52614,58170,36641,47346,11505,21876,15708,15262,30112,27331,34407,34176,53074,53713,65615,66639,50043,55273,35291,45541,11073,20957,545196,426895,75967,66235,105391,100036,21641,27,27
2021-07-31T23:59:59+02:00,2490,2288,30916,30095,47949,42718,49825,48577,60783,61145,71303,71962,52611,58167,36641,47346,11505,21875,15693,15249,30078,27307,34395,34169,53056,53705,65603,66634,50039,55268,35291,45540,11072,20956,545177,426744,75967,66234,105390,100032,21636,27,27
2021-07-30T23:59:59+02:00,2476,2283,30870,30050,47917,42697,49801,48552,60749,61116,71268,71944,52602,58156,36641,47346,11505,21873,15533,14949,29813,26993,34214,33920,52855,53411,65437,66431,49992,55222,35280,45528,11072,20955,545006,426377,75961,66224,105387,98122,21466,27,27
2021-07-29T23:59:59+02:00,2444,2263,30713,29958,47834,42636,49747,48486,60688,61075,71223,71898,52583,58137,36633,47330,11502,21868,15217,14671,29499,26774,32927,32974,52071,52798,65082,66163,49893,55129,35237,45471,11067,20947,544341,423671,75954,63489,105376,97978,21321,27,27
2021-07-28T23:59:59+02:00,2397,2226,30559,29849,47751,42568,49674,48414,60615,60996,71156,71841,52559,58099,36615,47311,11501,21863,14815,14298,29058,26459,32556,32642,51361,52185,64690,65836,49798,55026,35203,45414,11051,20928,543391,419527,75950,63435,105370,97591,21257,27,27
2021-07-27T23:59:59+02:00,2319,2153,30318,29582,47599,42387,49529,48276,60505,60872,71056,71753,52501,58039,36587,47272,11493,21856,14170,13641,28291,25828,31804,31989,50109,51089,63959,65270,49610,54819,35135,45299,11044,20908,541559,411179,75940,63409,105364,97493,21208,27,27
2021-07-26T23:59:59+02:00,2258,2098,30115,29351,47480,42258,49454,48193,60440,60807,71005,71707,52475,58007,36575,47259,11491,21847,13806,13265,27933,25536,31186,31577,48554,49717,62983,64444,49404,54613,35067,45218,11034,20896,540324,403458,75937,63403,105360,97459,21173,27,27
2021-07-25T23:59:59+02:00,2013,1896,29295,28677,47086,41941,49167,47906,60205,60582,70821,71549,52419,57932,36548,47218,11490,21839,13714,13205,27838,25471,31101,31510,48433,49653,62896,64393,49382,54595,35060,45209,11034,20895,536140,402822,75937,63396,105353,97298,21128,27,27
2021-07-24T23:59:59+02:00,1932,1828,29037,28446,46936,41835,49049,47806,60049,60463,70692,71469,52371,57902,36530,47197,11488,21839,13579,13092,27637,25335,30939,31381,48221,49483,62733,64298,49338,54565,35045,45191,11032,20893,535445,402208,75934,63393,105352,97297,20112,27,27
2021-07-23T23:59:59+02:00,1817,1708,28706,28120,46689,41681,48792,47593,59800,60275,70488,71342,52296,57831,36511,47160,11484,21830,13324,12866,27204,25019,30554,31073,47621,48995,62404,64060,49254,54499,35023,45147,11027,20884,534443,399795,75557,63339,105341,97294,18756,27,27
2021-07-22T23:59:59+02:00,1805,1701,28628,28040,46549,41542,48578,47383,59622,60133,70369,71213,52253,57794,36495,47143,11484,21830,13095,12605,26871,24688,30201,30755,45692,47432,61598,63359,49158,54397,34985,45103,11024,20874,534135,393089,74408,63190,105298,97070,18695,27,27
2021-07-21T23:59:59+02:00,1771,1662,28363,27836,46163,41208,47985,46827,59036,59650,69912,70821,52081,57633,36437,47086,11475,21817,12672,12161,26291,24147,29627,30186,41960,44188,60110,62088,48989,54216,34921,45020,11014,20847,533579,381444,71133,62674,105144,96621,17881,27,27
2021-07-20T23:59:59+02:00,1748,1647,28244,27700,46098,41151,47937,46788,58980,59601,69859,70773,52047,57605,36421,47061,11470,21810,12174,11629,25554,23457,28974,29436,38502,41195,58561,60626,48786,53993,34839,44928,10996,20827,532889,371043,71111,59289,105127,96499,17787,27,27
2021-07-19T23:59:59+02:00,1743,1646,28217,27667,46076,41140,47924,46776,58967,59585,69847,70771,52045,57601,36421,47057,11468,21810,12128,11600,25488,23422,28941,29402,38457,41162,58519,60599,48782,53985,34838,44925,10993,20826,532750,370723,71111,59274,105112,96446,17762,27,27
2021-07-18T23:59:59+02:00,1739,1639,28192,27642,46053,41131,47912,46767,58961,59576,69840,70763,52043,57600,36420,47056,11468,21809,12066,11575,25402,23381,28881,29370,38396,41135,58459,60558,48780,53981,34835,44924,10993,20826,532629,370386,71109,59243,105104,96327,17743,27,27
2021-07-17T23:59:59+02:00,1739,1637,28171,27627,46039,41121,47901,46762,58953,59570,69833,70759,52038,57596,36419,47056,11468,21809,12038,11561,25368,23344,28848,29351,38374,41117,58424,60534,48770,53973,34833,44924,10993,20826,532548,370135,71108,59239,105103,96324,17713,27,27
2021-07-16T23:59:59+02:00,1724,1616,27905,27433,45751,40956,47672,46588,58654,59369,69601,70618,51932,57524,36375,47020,11463,21807,11785,11365,25035,23103,28545,29119,37975,40843,57916,60111,48633,53859,34781,44874,10987,20822,532233,368929,71107,59236,104971,96047,15671,27,27
2021-07-15T23:59:59+02:00,1626,1503,27442,27045,45489,40720,47526,46475,58513,59255,69498,70531,51891,57481,36360,46997,11462,21800,11487,11134,24555,22766,28176,28848,37583,40562,55867,58063,48462,53657,34723,44790,10979,20811,529903,361981,71106,59144,104963,95837,15616,27,27
2021-07-14T23:59:59+02:00,1459,1371,26877,26506,45183,40431,47322,46290,58329,59058,69337,70384,51829,57422,36335,46967,11456,21795,11294,10943,24147,22410,27823,28531,37062,40160,54647,56882,48324,53506,34672,44726,10971,20789,526728,358267,71100,57476,104944,95692,15553,27,27
2021-07-13T23:59:59+02:00,1172,1066,25922,25611,44691,40020,46963,45969,58004,58772,69064,70138,51718,57296,36292,46912,11452,21780,10950,10600,23617,21863,27201,27942,35681,38970,50514,52975,47960,53118,34542,44577,10954,20760,521334,348991,71094,52270,104941,95590,15447,27,27
2021-07-12T23:59:59+02:00,708,669,24545,24356,44131,39538,46762,45752,57791,58577,68881,69966,51656,57205,36274,46886,11450,21772,10715,10492,23416,21724,26946,27805,35431,38800,50072,52553,47885,53032,34513,44542,10954,20754,515444,347523,71093,52243,104935,94509,15422,26,27
2021-07-11T23:59:59+02:00,705,664,24526,24336,44101,39518,46744,45741,57777,58564,68867,69963,51654,57202,36271,46882,11449,21772,10619,10404,23196,21599,26680,27706,35121,38718,49358,52066,46400,51443,34423,44434,10954,20752,515357,347010,71089,52196,104921,89384,15344,26,27
2021-07-10T23:59:59+02:00,703,659,24518,24331,44096,39509,46742,45739,57771,58563,68867,69962,51654,57202,36271,46882,11449,21772,10606,10394,23173,21578,26666,27695,35099,38713,49344,52061,46386,51427,34421,44433,10954,20752,515324,346901,71088,52195,104919,89329,15334,26,27
2021-07-09T23:59:59+02:00,696,649,24070,23871,43816,39266,46676,45679,57711,58522,68815,69937,51637,57189,36267,46874,11448,21772,10525,10225,23078,21390,26605,27485,35031,38496,49278,51957,46364,51402,34417,44430,10954,20752,513561,345667,71084,52182,104913,89285,15312,26,27
2021-07-08T23:59:59+02:00,630,583,22981,22865,43018,38666,46426,45474,57503,58379,68617,69798,51560,57123,36239,46851,11446,21764,10268,10032,22703,21136,26210,27219,34550,38181,48668,51434,46026,51035,34347,44352,10947,20730,508874,342078,71059,52032,104856,88666,15109,26,27
2021-07-07T23:59:59+02:00,578,537,21659,21475,42278,37981,46202,45251,57263,58189,68450,69638,51475,57039,36202,46798,11438,21750,9899,9729,21826,20544,25099,26426,32711,36813,47747,50547,45525,50498,34240,44212,10938,20712,503491,337140,70884,47648,104834,87746,14969,26,26
2021-07-06T23:59:59+02:00,521,473,20423,20194,41422,37335,45724,44900,56867,57884,68122,69380,51376,56913,36158,46747,11430,21741,9509,9348,20961,19950,24133,25768,31224,35618,46549,49346,44746,49715,34104,44036,10925,20692,498999,329806,68949,45546,104814,86473,14823,26,26
2021-07-05T23:59:59+02:00,484,445,19012,18811,40558,36532,45507,44672,56684,57681,67961,69253,51320,56857,36137,46718,11428,21734,9219,9091,20404,19567,23464,25346,30584,35191,45789,48729,43991,48925,33974,43847,10916,20680,493269,324019,68946,45524,104807,85443,14749,24,26
2021-07-04T23:59:59+02:00,477,439,17224,16800,40216,36302,45419,44599,56598,57611,67882,69184,51288,56831,36127,46697,11426,21732,9158,9038,20265,19502,23292,25268,30326,35111,44995,48599,42628,47573,33895,43773,10914,20674,488439,323559,68919,45478,104792,81314,14678,24,26
2021-07-03T23:59:59+02:00,477,437,17202,16776,40167,36256,45400,44582,56593,57606,67876,69177,51286,56828,36127,46697,11426,21731,9114,8996,20197,19434,23230,25202,30243,35031,44774,48423,42559,47497,33850,43714,10911,20674,488252,322595,68917,45477,104791,81134,14660,24,26
2021-07-02T23:59:59+02:00,457,414,17083,16668,39700,35876,45285,44482,56539,57565,67828,69145,51274,56823,36121,46685,11426,21730,8953,8826,19870,19155,22840,24824,29825,34616,44148,47778,42357,47266,33751,43578,10905,20670,486742,319590,68899,44443,104789,80697,14647,24,26
2021-07-01T23:59:59+02:00,405,374,16775,16385,37965,34542,44712,43983,56279,57355,67653,68976,51194,56733,36093,46647,11422,21722,8580,8428,19007,18442,21873,23969,28440,33427,41118,44807,41360,46184,33138,42852,10888,20641,481257,312095,68824,39561,104767,77160,14343,24,26
2021-06-30T23:59:59+02:00,357,329,16485,16140,35778,32717,44090,43352,56054,57159,67448,68784,51113,56641,36064,46593,11418,21706,8220,8093,18333,17812,20984,23137,27165,32161,36473,39933,40279,45037,32477,42063,10867,20615,474410,301595,68778,33528,104747,74260,14269,24,26
2021-06-29T23:59:59+02:00,317,292,16263,15938,34781,31632,43638,42907,55872,56995,67276,68634,51037,56568,36025,46549,11410,21699,7637,7488,17205,16881,19730,21921,25464,30483,33727,36807,37424,41988,31733,41172,10844,20577,470201,285392,68770,33480,104733,68103,14105,24,25
2021-06-28T23:59:59+02:00,307,270,16114,15781,33068,30223,43316,42613,55708,56854,67159,68527,50991,56516,36007,46528,11407,21687,7331,7231,16647,16506,19337,21606,24957,30095,33139,36306,36045,40499,30945,40238,10840,20566,465788,282345,68745,33426,104711,62705,13808,24,25
2021-06-27T23:59:59+02:00,307,270,16093,15756,32918,30136,43254,42585,55671,56845,67133,68519,50986,56512,36004,46527,11407,21686,7287,7201,16511,16440,19173,21544,24756,30021,32912,36166,34787,39225,29318,38317,10839,20565,465469,282175,68742,33387,104705,55826,13669,24,25
2021-06-26T23:59:59+02:00,305,268,16070,15731,32894,30118,43208,42543,55647,56830,67127,68516,50985,56510,36001,46526,11407,21686,7283,7188,16492,16429,19157,21534,24723,29998,32892,36146,34773,39212,29316,38314,10839,20565,465236,281979,68739,33387,104705,55821,13668,24,25
2021-06-25T23:59:59+02:00,298,266,16011,15684,32774,30020,43016,42383,55590,56784,67085,68492,50975,56499,35997,46525,11407,21686,7097,6911,16208,15920,18888,20878,24353,29065,32504,35425,34612,38995,29293,38284,10839,20565,464398,279296,68736,33377,104688,53512,13646,24,25
2021-06-24T23:59:59+02:00,278,253,15738,15480,32315,29729,41545,41139,55126,56428,66852,68332,50921,56443,35981,46497,11402,21676,6776,6681,15508,15474,17437,19857,22275,27506,31404,34528,34208,38569,29169,38102,10827,20551,459823,269584,68733,33324,104684,53086,12871,24,25
2021-06-23T23:59:59+02:00,263,236,15457,15191,31814,29329,39440,39317,54582,55885,66601,68111,50832,56334,35941,46451,11397,21663,6569,6516,15143,15194,16910,19408,21392,26707,29703,33162,33450,37716,28978,37862,10820,20536,452761,261756,68684,33233,104680,52372,12695,24,25
2021-06-22T23:59:59+02:00,241,201,15079,14795,31145,28696,35999,36268,53670,55083,66298,67806,50725,56212,35902,46394,11393,21649,6389,6303,14736,14865,16106,18687,19972,25393,28098,31509,32650,36739,28438,37256,10802,20503,441818,251638,68651,33148,104674,51257,12389,24,25
2021-06-21T23:59:59+02:00,226,195,14836,14617,30457,28230,33836,34302,53206,54657,66119,67689,50644,56138,35877,46372,11388,21644,6294,6218,14576,14745,15936,18550,19851,25281,27988,31422,32495,36599,27229,36020,10802,20500,434983,250955,68629,33100,104643,48283,12154,24,25
2021-06-20T23:59:59+02:00,219,194,14712,14528,28555,26888,33224,33851,53117,54561,66051,67652,50621,56110,35869,46369,11387,21642,5844,5920,13629,14105,15103,17957,19295,24923,27671,31220,32329,36420,27203,35989,10800,20496,430599,245950,68625,33065,104639,48211,11664,23,25
2021-06-19T23:59:59+02:00,213,189,14686,14495,28440,26805,33195,33824,53095,54545,66035,67641,50615,56101,35867,46364,11386,21640,5631,5759,13069,13694,14495,17480,18969,24721,27476,31049,32250,36320,27186,35975,10800,20496,430192,242428,68623,33061,104639,48208,11659,23,25
2021-06-18T23:59:59+02:00,211,180,14596,14410,28336,26738,31944,32920,52729,54238,65901,67547,50584,56067,35849,46338,11382,21636,5564,5681,12968,13609,14331,17354,18733,24492,26656,30382,32044,36083,27120,35900,10796,20489,429689,239479,65657,32946,104629,48154,11608,23,25
2021-06-17T23:59:59+02:00,197,164,14221,14145,27745,26485,31456,32659,51940,53671,65475,67280,50503,55966,35815,46297,11376,21623,5185,5423,12182,13134,13542,16742,17640,23563,24496,28417,31402,35346,26921,35622,10779,20474,426483,230456,65652,32667,104605,47472,10257,21,25
2021-06-16T23:59:59+02:00,168,136,13792,13740,27280,26128,31012,32302,51127,52968,65020,66891,50384,55846,35786,46240,11365,21611,4820,4988,11464,12467,12750,16048,16539,22441,21527,25553,30333,34138,26623,35218,10764,20433,421614,216420,65605,32639,104598,47073,9958,21,25
2021-06-15T23:59:59+02:00,106,83,13160,13116,26533,25551,30229,31706,49875,51902,64308,66366,50206,55649,35719,46128,11356,21592,4326,4358,10498,11533,11595,14669,14810,20738,18095,22247,28961,32702,26236,34698,10739,20390,413901,197808,65585,32522,104593,46764,9485,21,25
2021-06-14T23:59:59+02:00,76,62,12755,12744,26122,25226,29567,31240,48082,50433,63257,65531,49990,55423,35642,46052,11348,21580,4226,4303,10322,11402,11453,14537,14633,20617,17902,22088,28889,32621,26218,34670,10735,20387,406027,197367,65575,32250,104592,46455,8915,21,25
2021-06-13T23:59:59+02:00,75,61,12714,12701,26051,25190,29504,31214,48029,50408,63222,65507,49984,55420,35640,46048,11347,21577,4070,4225,9995,11274,11130,14426,14336,20505,17501,21746,27375,30978,26078,34475,10731,20376,405827,196625,65499,27575,104585,46245,8760,21,25
2021-06-12T23:59:59+02:00,75,60,12696,12684,26035,25179,29493,31202,47969,50337,63180,65471,49983,55417,35640,46048,11347,21577,4068,4216,9980,11257,11121,14411,14317,20488,17480,21737,27334,30933,26073,34469,10731,20376,405530,196438,65499,27573,104583,46204,8760,21,25
2021-06-11T23:59:59+02:00,73,57,12596,12558,25911,25064,29371,31078,47731,50112,63048,65352,49959,55391,35629,46037,11345,21575,3975,3948,9463,10073,10692,13503,14029,19930,17207,21261,26925,30510,25982,34387,10728,20374,404261,195395,65490,27569,104543,41435,8572,21,25
2021-06-10T23:59:59+02:00,65,50,12352,12341,25593,24783,29026,30809,46657,49095,62313,64783,49874,55295,35595,45985,11335,21562,3706,3584,8697,8829,9797,11861,12728,17174,15422,17659,25205,28588,25685,34082,10722,20350,399384,189879,65433,27132,104341,28728,8334,21,24
2021-06-09T23:59:59+02:00,51,38,12058,12016,25187,24378,28629,30414,44647,47271,61222,63844,49769,55171,35548,45931,11329,21544,3459,3462,8273,8579,9286,11540,12212,16783,14710,17059,21366,24265,25459,33780,10710,20324,391397,178292,65305,26784,104339,28190,7985,21,24
2021-06-08T23:59:59+02:00,45,27,11628,11479,24517,23757,27971,29748,41473,44426,59448,62210,49598,54979,35474,45840,11319,21522,3251,3325,7872,8322,8668,11166,11549,16363,14053,16412,15985,18309,25068,33254,10692,20294,378719,163085,65242,26451,104329,27885,7150,21,20
2021-06-07T23:59:59+02:00,40,20,11466,11285,24167,23480,27689,29539,38846,42498,59019,61847,49564,54948,35462,45819,11317,21516,3154,3256,7566,8150,8349,10990,10976,15911,13548,15934,15908,18229,25037,33203,10690,20287,373059,162765,64815,24626,104320,27478,6307,21,20
2021-06-06T23:59:59+02:00,37,19,11330,11181,23845,23251,27479,29368,37248,41312,58893,61768,49540,54919,35454,45805,11317,21514,3052,3206,7294,8061,8083,10822,10237,15229,12951,15314,15756,18117,25023,33180,10688,20287,372653,162650,61433,21466,104309,27309,5864,21,19
2021-06-05T23:59:59+02:00,35,18,11312,11161,23801,23210,27444,29341,37220,41298,58793,61683,49529,54912,35452,45803,11317,21511,3040,3194,7270,8027,8052,10804,10207,15214,12908,15290,15633,17952,25018,33172,10687,20286,372308,162213,61430,21465,104309,27293,5772,21,19
2021-06-04T23:59:59+02:00,35,16,11129,10903,23441,22745,27167,28945,36792,40848,58173,61143,49495,54871,35442,45785,11315,21505,3016,3178,7241,8010,8030,10787,10176,15190,12874,15256,15421,17745,25007,33151,10685,20285,370508,161627,59160,21452,104295,27195,5766,21,19
2021-06-03T23:59:59+02:00,33,15,10908,10686,22982,22355,26741,28609,35695,40021,55411,58794,49366,54712,35399,45721,11310,21490,2923,3098,7034,7853,7573,10490,9147,14559,11624,14552,14238,16274,24828,32933,10673,20266,366559,158268,54239,17719,104245,26883,5184,21,18
2021-06-02T23:59:59+02:00,33,15,10870,10649,22947,22321,26707,28583,35664,39981,55285,58636,49352,54687,35393,45714,11310,21489,2882,3067,6979,7834,7512,10457,8991,14519,11399,14488,12882,14790,24710,32760,10668,20259,365967,154444,54233,17707,104244,26864,5171,21,18
2021-06-01T23:59:59+02:00,20,8,10454,10299,22293,21812,26020,28000,34942,39402,52283,55488,48963,54278,35275,45551,11294,21463,2426,2708,5628,7151,6239,9880,7594,13848,10265,13525,8571,9225,24230,32079,10645,20204,355204,136246,54053,17337,104225,26282,4342,21,18
2021-05-31T23:59:59+02:00,19,7,10178,10067,21716,21418,25611,27750,34620,39198,50834,54092,48865,54154,35242,45510,11287,21456,2316,2585,5338,6907,5976,9660,7230,13607,10009,13364,8520,9163,24204,32030,10637,20192,350470,135472,54010,17216,104201,25717,3322,21,18
2021-05-30T23:59:59+02:00,18,7,10122,10018,21624,21379,25546,27716,34507,39127,50468,53751,48839,54129,35236,45504,11285,21453,2279,2556,5235,6829,5876,9592,7041,13520,9783,13267,8476,9116,24188,32023,10636,20187,349281,134879,53989,17042,104184,25418,3254,21,18
2021-05-29T23:59:59+02:00,17,7,10108,10006,21590,21360,25529,27703,34486,39114,50455,53733,48835,54125,35233,45503,11285,21453,2260,2504,5192,6702,5816,9462,6925,13322,9644,13046,8405,9024,24121,31956,10635,20186,349124,134601,53989,16990,104163,24353,3245,21,18
2021-05-28T23:59:59+02:00,17,7,10048,9936,21514,21250,25448,27582,34408,39014,50376,53635,48814,54107,35224,45495,11285,21449,2177,2238,4580,6166,5196,8745,6558,12360,9150,12051,8227,8825,23750,31474,10634,20183,348269,133100,53976,16893,104105,19072,3239,20,17
2021-05-27T23:59:59+02:00,16,7,9782,9689,20989,20873,24904,27223,33884,38636,49764,53025,48644,53915,35154,45421,11281,21429,1936,1970,4004,5649,4518,8144,6048,11591,8204,10727,7721,8162,22186,29320,10619,20161,343988,127431,53567,15760,103998,14694,3063,20,17
2021-05-26T23:59:59+02:00,16,7,9507,9445,20268,20306,24030,26553,32621,37607,48999,52319,48390,53626,35078,45309,11269,21405,1879,1898,3910,5525,4385,7982,5840,11328,7877,10342,7158,7436,19746,25892,10599,20117,339269,118939,50595,15508,103945,14529,2926,20,16
2021-05-25T23:59:59+02:00,15,7,9244,9209,19856,19949,23593,26162,32111,37090,48106,51339,48092,53308,34989,45167,11257,21375,1811,1849,3790,5427,4248,7833,5630,11104,7563,10019,6532,6595,15607,20499,10579,20059,333681,106707,50513,15465,103872,14178,2783,20,16
2021-05-24T23:59:59+02:00,14,7,9028,9049,19287,19658,22822,25774,30598,36076,47881,51167,48000,53208,34960,45137,11255,21374,1786,1831,3744,5395,4183,7791,5565,11045,7487,9962,6506,6571,15593,20490,10579,20059,332097,106587,46717,15452,103811,13887,2650,20,15
2021-05-23T23:59:59+02:00,14,7,8821,8842,18931,19367,22400,25427,30174,35755,47289,50654,47566,52753,34857,44991,11247,21365,1784,1830,3734,5390,4179,7785,5555,11037,7477,9953,6501,6560,15593,20488,10579,20059,327267,106528,46715,15450,103810,13867,2648,20,15
2021-05-22T23:59:59+02:00,14,7,8790,8806,18881,19324,22354,25395,30121,35724,47181,50584,47547,52730,34854,44982,11244,21365,1783,1826,3722,5378,4175,7779,5550,11031,7470,9949,6498,6558,15590,20487,10579,20059,326724,106492,46715,15450,103809,13846,2635,20,15
2021-05-21T23:59:59+02:00,13,7,8518,8451,18440,18810,21993,24750,29694,34914,46694,49918,47458,52605,34816,44939,11241,21360,1719,1784,3645,5339,4131,7744,5518,10985,7429,9901,6468,6532,15512,20390,10578,20058,321519,106178,46684,15449,103785,13482,2613,20,15
2021-05-20T23:59:59+02:00,12,7,7944,7907,17496,18013,20985,23833,28373,33713,44948,48094,47018,52143,34708,44782,11223,21341,1420,1622,3335,5052,3866,7357,5219,10505,7048,9448,6234,6274,14193,18844,10554,20019,309911,102413,46597,14966,103555,11143,2457,20,15
2021-05-19T23:59:59+02:00,12,7,7679,7591,16891,17411,20085,22956,27144,32454,43152,46006,46487,51588,34556,44559,11202,21310,1354,1537,3133,4839,3660,7105,4993,10153,6753,9118,5950,5940,11980,15983,10536,19958,298765,96166,46558,14490,103508,10087,2239,20,14
2021-05-18T23:59:59+02:00,11,7,7153,7052,15740,16389,18814,21708,25638,30824,40461,42776,45657,50641,34318,44254,11177,21268,1333,1511,3074,4769,3584,6984,4859,10021,6572,8907,5683,5663,10275,13804,10511,19904,282980,91020,45353,14440,103403,9851,2133,19,14
2021-05-17T23:59:59+02:00,11,7,7075,6991,15559,16278,18598,21540,25238,30497,38712,41138,45547,50561,34270,44189,11167,21244,1300,1488,3019,4724,3520,6925,4790,9917,6479,8806,5641,5623,10261,13786,10507,19896,282761,90947,40586,14159,103360,9670,1896,19,14
2021-05-16T23:59:59+02:00,10,6,6960,6939,15438,16191,18469,21433,25058,30382,35729,38368,45511,50526,34248,44165,11164,21239,1277,1470,2974,4684,3472,6867,4707,9848,6385,8727,5610,5586,10249,13770,10505,19893,282480,90899,34435,13893,103240,9560,1662,19,14
2021-05-15T23:59:59+02:00,10,6,6935,6909,15377,16133,18423,21393,24991,30337,35693,38327,45488,50499,34241,44160,11164,21239,1265,1444,2942,4612,3453,6798,4688,9767,6363,8676,5604,5582,10244,13769,10505,19893,281997,90844,34434,13889,103226,9213,1649,19,14
2021-05-14T23:59:59+02:00,10,5,6762,6539,15028,15636,18110,20975,24654,29876,35448,37977,45459,50468,34231,44155,11164,21237,1206,1385,2863,4509,3406,6695,4624,9616,6280,8546,5574,5537,10231,13759,10505,19892,280932,90755,34285,13870,100915,8411,1583,19,13
2021-05-13T23:59:59+02:00,10,5,6407,6217,14268,15056,17404,20343,23796,29135,34678,37307,45172,50124,34152,44031,11160,21226,1034,1300,2668,4399,3289,6573,4483,9446,6158,8403,5531,5499,10214,13742,10501,19887,274522,90602,33954,13789,100699,7430,1297,19,13
2021-05-12T23:59:59+02:00,10,5,6010,5945,13295,14379,16383,19541,23132,28698,34371,37023,44989,49929,34121,44000,11157,21223,1031,1298,2661,4393,3271,6569,4478,9436,6150,8398,5524,5493,10212,13737,10500,19886,268270,90541,33943,13779,100695,7425,1284,19,12
2021-05-11T23:59:59+02:00,10,5,5632,5721,12707,13928,14579,18099,20181,26172,32055,34696,43934,48667,33796,43528,11128,21173,968,1224,2543,4220,3163,6331,4360,9148,6033,8172,5452,5413,10170,13675,10492,19868,250975,90062,33664,13561,100251,6499,1102,19,11
2021-05-10T23:59:59+02:00,10,5,5483,5622,12435,13802,14227,17875,19378,25603,30679,33673,43403,48053,33739,43439,11120,21154,925,1165,2444,4056,3068,6129,4235,8884,5911,7975,5415,5381,10158,13658,10488,19859,245499,89953,33453,13501,99943,5503,786,19,11
2021-05-09T23:59:59+02:00,10,5,5079,5383,11247,13274,13227,17514,18353,25272,30134,33384,43347,47981,33713,43425,11117,21146,901,1135,2345,3951,2978,5992,4103,8709,5817,7871,5406,5367,10151,13653,10483,19855,240182,89906,33381,13459,99600,4916,429,19,10
2021-05-08T23:59:59+02:00,10,5,5068,5375,11225,13255,13201,17495,18323,25239,30093,33341,43339,47970,33712,43421,11117,21146,898,1128,2333,3943,2973,5992,4099,8703,5814,7868,5403,5364,10148,13648,10483,19855,239914,89879,33379,13459,99599,4883,424,19,10
2021-05-07T23:59:59+02:00,10,5,4966,5292,10994,13087,12916,17275,17716,24638,29143,32447,43145,47729,33656,43349,11113,21140,870,1097,2299,3888,2931,5943,4045,8648,5730,7815,5356,5316,10136,13639,10483,19854,237413,89743,31487,13456,99490,4631,213,18,10
2021-05-06T23:59:59+02:00,10,5,4553,5008,10324,12671,12159,16609,16119,23192,26597,30054,42442,46980,33489,43112,11097,21117,813,1041,2163,3641,2762,5634,3851,8175,5531,7492,5305,5263,10113,13611,10481,19846,228648,89559,28144,13142,98673,2959,55,18,10
2021-05-05T23:59:59+02:00,10,5,4243,4781,9726,12228,11438,16026,15019,22163,23741,27293,41461,45874,33206,42725,11079,21075,798,1017,2100,3516,2704,5478,3757,7964,5435,7358,5256,5208,10076,13572,10479,19843,215621,89296,27960,13004,98450,2209,45,17,10
2021-05-04T23:59:59+02:00,10,5,3895,4328,9057,11537,10666,15186,13715,20912,20137,23887,40114,44413,32833,42202,11056,21036,780,987,2031,3400,2634,5343,3664,7812,5338,7235,5218,5162,10047,13543,10477,19840,198571,89076,27942,12705,98421,1684,39,16,10
2021-05-03T23:59:59+02:00,10,4,3653,3908,8650,11045,10185,14563,13181,20257,19414,23241,39848,44161,32754,42098,11053,21021,766,957,1965,3297,2576,5237,3605,7699,5287,7148,5203,5149,10032,13526,10474,19835,192718,88935,27930,12696,98358,1094,24,16,10
2021-05-02T23:59:59+02:00,10,4,3650,3907,8632,11037,10175,14555,13160,20245,19396,23231,39845,44160,32753,42097,11052,21021,762,941,1935,3215,2529,5141,3558,7574,5267,7084,5199,5146,10031,13522,10474,19833,192626,88917,27916,12664,98352,603,20,16,10
2021-05-01T23:59:59+02:00,10,4,3648,3900,8619,11023,10166,14544,13153,20243,19385,23222,39845,44158,32753,42097,11052,21021,761,941,1934,3215,2528,5141,3558,7574,5267,7084,5199,5146,10031,13522,10473,19833,192542,88916,27914,12662,98352,603,19,16,10
2021-04-30T23:59:59+02:00,10,3,3626,3874,8574,10988,10121,14505,13092,20204,19283,23071,39576,43835,32732,42076,11051,21021,757,936,1919,3207,2527,5133,3555,7567,5265,7077,5196,5143,10027,13521,10473,19833,191616,88889,27645,12659,98346,562,19,16,10
2021-04-29T23:59:59+02:00,10,3,3359,3700,8139,10716,9573,14220,12595,19839,18548,22342,36514,40382,32470,41711,11040,20985,744,922,1871,3146,2478,5067,3489,7426,5174,6978,5156,5108,10004,13478,10471,19827,186064,88682,21808,12504,98241,128,18,15,10
2021-04-28T23:59:59+02:00,10,3,3194,3634,7872,10606,9177,14047,12217,19605,18064,21907,32720,36064,32252,41409,11027,20963,727,906,1845,3107,2433,5018,3451,7368,5108,6914,5092,5046,9953,13419,10468,19817,174893,88468,21654,12065,98196,120,13,15,9
2021-04-27T23:59:59+02:00,9,3,3113,3568,7615,10477,8825,13873,11733,19380,17586,21415,27151,29870,31875,40901,11006,20930,717,892,1813,3070,2397,4972,3397,7309,5053,6838,5042,4976,9918,13366,10464,19808,159537,88255,21632,11642,98133,117,13,15,8
2021-04-26T23:59:59+02:00,9,3,3057,3533,7471,10412,8658,13813,11503,19313,17061,21029,27115,29836,31861,40886,11006,20930,694,860,1745,3011,2330,4917,3329,7219,4955,6733,4943,4901,9837,13282,10462,19805,158952,88122,21413,10767,97104,116,13,14,8
2021-04-25T23:59:59+02:00,9,3,3019,3517,7311,10361,8422,13763,11171,19270,16229,20558,25560,28175,31807,40822,11006,20927,694,859,1739,3006,2323,4914,3323,7211,4951,6724,4940,4896,9829,13271,10462,19805,158468,88099,21403,10730,92032,100,13,14,8
2021-04-24T23:59:59+02:00,9,3,3015,3511,7296,10347,8410,13755,11157,19260,16209,20540,25515,28112,31804,40816,11005,20926,694,859,1739,3005,2323,4914,3322,7211,4951,6724,4940,4895,9827,13270,10462,19805,158259,88093,21399,10730,92005,100,13,14,8
2021-04-23T23:59:59+02:00,9,3,2998,3494,7255,10305,8363,13713,11090,19201,16148,20475,25094,27608,31771,40760,11002,20923,684,851,1721,2996,2307,4885,3271,7173,4851,6627,4801,4772,9656,13071,10456,19790,157071,87800,21262,9996,91852,99,13,14,7
2021-04-22T23:59:59+02:00,8,3,2919,3415,7062,10120,7822,13305,9882,18404,14592,19429,23079,25174,31558,40490,10983,20893,619,801,1607,2883,2180,4720,3111,7001,4667,6427,4644,4598,9143,12413,10419,19711,152263,85881,15961,8966,90888,80,13,13,7
2021-04-21T23:59:59+02:00,8,3,2866,3366,6938,10032,7612,13150,9514,18163,14121,18981,20563,22036,31258,40100,10963,20867,571,777,1527,2804,2093,4629,2984,6858,4504,6262,4460,4418,8570,11645,10373,19618,145249,84076,15189,7928,90078,72,13,12,7
2021-04-20T23:59:59+02:00,8,3,2826,3327,6832,9943,7475,13040,9262,17945,13628,18589,17167,17970,30944,39626,10946,20831,541,742,1454,2740,2007,4550,2883,6737,4369,6101,4271,4223,7703,10429,10303,19466,136386,81143,14945,7294,89006,67,13,12,5
2021-04-19T23:59:59+02:00,8,3,2812,3318,6784,9903,7422,13004,9187,17871,13491,18473,16834,17589,30909,39587,10944,20826,482,702,1334,2645,1908,4452,2751,6579,4171,5910,4016,3921,5849,7993,10084,19061,136062,75270,14749,6510,88129,63,13,12,5
2021-04-18T23:59:59+02:00,8,3,2796,3304,6706,9877,7317,12953,8990,17804,12653,18343,15422,16183,30841,39524,10940,20819,476,696,1324,2637,1893,4441,2718,6550,4110,5860,3940,3850,5435,7362,10037,18977,135840,73771,14606,6461,84012,59,13,12,5
2021-04-17T23:59:59+02:00,8,3,2786,3300,6689,9854,7287,12932,8958,17765,12620,18323,15370,16133,30787,39452,10939,20819,476,693,1324,2636,1892,4437,2714,6545,4107,5856,3939,3848,5430,7361,10036,18976,135486,73735,14605,6461,83909,59,13,12,5
2021-04-16T23:59:59+02:00,8,3,2773,3286,6655,9839,7236,12893,8883,17713,12512,18220,15122,15851,30269,38803,10936,20811,476,690,1319,2631,1883,4435,2708,6539,4099,5848,3933,3842,5413,7332,10034,18974,133957,73634,14598,6450,83234,57,13,11,5
2021-04-15T23:59:59+02:00,8,3,2719,3231,6524,9741,7047,12714,8540,17440,12037,17754,14062,14628,28146,35994,10917,20788,467,684,1315,2605,1868,4412,2685,6511,4056,5795,3877,3768,5381,7280,10026,18961,128026,73317,14322,6312,79922,48,12,11,5
2021-04-14T23:59:59+02:00,7,1,2663,3180,6430,9647,6901,12553,8266,17172,11604,17291,12880,13244,23426,29912,10895,20732,463,677,1300,2595,1855,4394,2663,6486,4013,5758,3830,3716,5319,7225,9996,18923,115621,73016,14290,6158,76871,25,12,10,5
2021-04-13T23:59:59+02:00,7,1,2610,3145,6302,9562,6749,12418,7988,16921,11179,16866,10216,10318,20336,25737,10872,20688,447,653,1253,2552,1804,4332,2555,6385,3831,5596,3616,3531,5170,7086,9987,18900,107171,72668,14095,4995,70627,21,12,10,5
2021-04-12T23:59:59+02:00,7,1,2589,3131,6242,9533,6642,12332,7796,16792,10931,16658,8853,8827,19515,24762,10870,20679,441,644,1234,2536,1788,4308,2521,6345,3780,5544,3552,3483,5135,7045,9982,18878,107045,72528,14040,4657,65053,17,12,10,5
2021-04-11T23:59:59+02:00,7,1,2560,3121,6146,9507,6527,12295,7631,16741,10731,16554,7577,7550,17784,22785,10868,20676,441,644,1233,2534,1788,4307,2521,6345,3776,5539,3547,3482,5129,7043,9982,18878,106975,72517,14034,4645,58031,14,11,10,5
2021-04-10T23:59:59+02:00,7,1,2559,3119,6137,9502,6518,12290,7625,16736,10724,16546,7568,7538,17774,22778,10868,20676,441,640,1231,2531,1787,4304,2519,6341,3773,5538,3538,3468,5121,7029,9982,18878,106890,72457,14034,4638,58022,14,10,10,5
2021-04-09T23:59:59+02:00,7,1,2497,3021,6002,9295,6364,12027,7366,16328,10412,16051,7410,7333,17658,22598,10867,20674,436,635,1213,2518,1762,4286,2486,6291,3694,5457,3420,3358,4980,6934,9977,18876,106416,72370,14005,3929,55470,12,10,10,5
2021-04-08T23:59:59+02:00,7,1,2419,2949,5907,9176,6261,11897,7195,16143,10156,15862,7213,7073,16390,21139,10856,20643,429,629,1199,2484,1736,4249,2459,6218,3640,5391,3341,3311,4899,6829,9955,18830,102756,71915,13651,3661,54860,11,10,10,5
2021-04-07T23:59:59+02:00,7,1,2392,2913,5835,9104,6172,11822,7062,16043,9913,15711,6915,6747,14062,18186,10835,20596,423,628,1188,2471,1723,4225,2445,6178,3572,5332,3269,3258,4840,6767,9946,18801,96583,71629,13490,3415,54224,10,10,9,5
2021-04-06T23:59:59+02:00,7,1,2375,2881,5738,9037,6082,11743,6908,15930,9673,15529,6559,6383,11955,15568,10808,20537,420,621,1180,2444,1712,4202,2419,6140,3507,5268,3183,3208,4794,6714,9940,18783,91530,71384,13190,3131,52977,10,8,9,5
2021-04-05T23:59:59+02:00,7,1,2367,2871,5720,9020,6071,11724,6895,15911,9653,15503,6435,6283,10675,14272,10807,20536,416,614,1176,2429,1706,4186,2403,6108,3474,5227,3154,3171,4773,6669,9933,18765,91447,71192,13154,2994,50134,9,7,9,5
2021-04-04T23:59:59+02:00,7,1,2367,2871,5717,9016,6069,11724,6893,15911,9651,15502,6430,6279,10675,14270,10807,20536,416,613,1176,2428,1706,4186,2402,6108,3474,5227,3153,3171,4771,6669,9932,18764,91438,71185,13151,2993,50121,9,7,9,5
2021-04-03T23:59:59+02:00,7,1,2365,2864,5710,9008,6063,11720,6890,15907,9648,15499,6427,6274,10668,14267,10807,20536,416,613,1176,2428,1706,4186,2402,6108,3474,5226,3153,3171,4771,6669,9932,18764,91381,71184,13149,2993,50115,9,7,9,5
2021-04-02T23:59:59+02:00,7,1,2362,2862,5704,9001,6061,11717,6886,15906,9644,15497,6423,6267,10653,14238,10806,20535,414,611,1175,2428,1705,4185,2401,6108,3473,5219,3128,3154,4761,6660,9932,18764,91295,71108,13146,2992,50114,9,7,8,5
2021-04-01T23:59:59+02:00,7,1,2341,2859,5673,8971,6018,11674,6843,15851,9589,15441,6329,6170,10356,13889,10783,20485,412,595,1172,2422,1698,4174,2386,6091,3447,5198,3063,3105,4698,6584,9854,18646,90301,70539,13123,2989,49842,9,6,8,5
2021-03-31T23:59:59+02:00,7,1,2307,2832,5598,8904,5949,11580,6741,15739,9455,15307,6186,6027,9803,13141,10736,20391,407,589,1166,2411,1692,4158,2379,6078,3427,5164,3031,3072,4648,6525,9796,18544,88310,70085,12907,2987,49474,9,5,8,4
2021-03-30T23:59:59+02:00,7,1,2287,2815,5551,8847,5886,11506,6669,15640,9357,15163,5998,5813,8889,11794,10658,20206,405,586,1162,2407,1679,4141,2361,6056,3393,5119,2972,3003,4557,6427,9664,18303,85213,69377,12527,2846,49338,9,3,6,3
2021-03-29T23:59:59+02:00,6,1,2220,2760,5449,8735,5777,11359,6501,15409,9122,14908,5638,5438,6933,9262,10431,19776,398,582,1151,2396,1665,4129,2336,6029,3363,5063,2902,2937,4436,6321,9456,17963,79091,68406,11718,2709,48908,9,3,5,3
2021-03-28T23:59:59+02:00,6,1,2198,2747,5405,8675,5701,11281,6414,15323,9004,14788,5512,5285,6286,8324,10364,19658,389,576,1136,2380,1640,4102,2289,5969,3307,4972,2818,2857,4324,6183,9381,17823,76779,67954,11459,2184,48726,5,3,5,3
2021-03-27T23:59:59+01:00,6,1,2198,2740,5396,8669,5697,11266,6399,15301,8993,14776,5484,5258,6275,8320,10364,19656,389,576,1134,2379,1639,4097,2285,5966,3298,4965,2813,2854,4308,6159,9299,17674,76671,67644,11459,2183,48661,5,3,5,3
2021-03-26T23:59:59+01:00,6,1,2182,2719,5359,8630,5658,11216,6322,15231,8843,14625,5319,5109,6105,8139,10361,19646,385,568,1127,2366,1623,4068,2257,5930,3264,4911,2752,2790,4120,5900,8584,16476,76324,64968,10621,2145,48518,5,3,5,3
2021-03-25T23:59:59+01:00,6,0,2066,2639,5182,8416,5457,10940,6114,14930,8602,14338,5156,4956,6008,8018,10359,19638,376,554,1108,2340,1600,4038,2211,5872,3190,4832,2653,2683,3743,5405,7421,14704,75869,60801,9669,1923,47280,4,2,5,3
2021-03-24T23:59:59+01:00,6,0,1980,2590,5031,8254,5296,10745,5948,14691,8395,14106,5016,4797,5893,7900,10353,19627,372,543,1095,2312,1568,3983,2152,5807,3101,4732,2516,2568,3312,4788,6005,12456,75487,55732,8503,1572,46631,4,2,5,3
2021-03-23T23:59:59+01:00,6,0,1903,2539,4920,8131,5197,10602,5827,14499,8278,13937,4932,4711,5826,7840,10346,19608,361,518,1076,2277,1535,3925,2108,5717,3019,4640,2428,2474,2859,4145,4051,9178,75091,48882,7755,1424,46249,3,2,5,3
2021-03-22T23:59:59+01:00,6,0,1841,2476,4783,7996,5064,10425,5668,14266,8086,13724,4825,4596,5756,7733,10328,19563,334,501,1047,2239,1490,3851,2042,5606,2917,4489,2314,2322,2328,3450,1458,4929,74583,40127,6720,1186,45826,1,2,5,3
2021-03-21T23:59:59+01:00,6,0,1839,2470,4772,7982,5050,10415,5652,14249,8056,13699,4803,4581,5739,7720,10323,19562,333,501,1042,2225,1481,3822,2024,5568,2892,4439,2273,2273,2286,3409,1441,4883,74559,39985,6667,903,45685,1,2,5,3
2021-03-20T23:59:59+01:00,6,0,1839,2470,4771,7981,5049,10413,5651,14248,8048,13693,4802,4580,5731,7712,10323,19562,333,500,1042,2225,1481,3822,2024,5568,2890,4438,2272,2270,2286,3409,1440,4883,74547,39981,6667,898,45658,1,2,5,3
2021-03-19T23:59:59+01:00,6,0,1787,2226,4262,6698,4641,9430,5380,13691,7826,13291,4676,4482,5662,7645,10322,19562,332,500,1042,2225,1481,3821,2023,5567,2889,4438,2270,2269,2280,3403,1438,4881,74486,39964,6656,891,40438,1,2,5,3
2021-03-18T23:59:59+01:00,6,0,1732,1972,3848,5642,4112,8053,4564,11150,6467,9959,4306,4182,5456,7422,10301,19523,331,497,1035,2212,1474,3796,1996,5528,2864,4414,2249,2253,2255,3374,1433,4872,74051,39772,6591,807,28046,1,2,5,3
2021-03-17T23:59:59+01:00,6,0,1726,1964,3837,5616,4095,8023,4540,11086,6416,9885,4267,4135,5413,7376,10293,19495,328,496,1031,2204,1468,3787,1989,5513,2854,4388,2222,2224,2233,3359,1426,4856,73781,39615,6527,758,27858,1,2,5,3
2021-03-16T23:59:59+01:00,6,0,1703,1930,3778,5535,4026,7917,4413,10924,6209,9687,4044,3945,5270,7217,10286,19471,325,492,1030,2185,1463,3774,1980,5498,2845,4368,2213,2209,2220,3329,1417,4825,73466,39440,5253,728,27635,1,2,5,3
2021-03-15T23:59:59+01:00,6,0,1693,1910,3754,5499,4001,7880,4362,10855,6130,9601,3957,3878,5214,7155,10277,19444,322,488,1021,2169,1455,3768,1964,5462,2827,4340,2198,2177,2195,3264,1406,4786,73234,39219,4888,620,27489,1,0,5,3
2021-03-14T23:59:59+01:00,6,0,1687,1900,3745,5489,3996,7863,4353,10823,6121,9578,3949,3867,5209,7147,10276,19442,322,488,1019,2169,1450,3765,1961,5460,2809,4334,2192,2174,2184,3253,1401,4784,73199,39211,4870,551,27377,1,0,5,3
2021-03-13T23:59:59+01:00,6,0,1683,1894,3730,5466,3989,7853,4333,10812,6107,9562,3946,3864,5206,7144,10276,19442,322,488,1019,2169,1450,3765,1961,5459,2809,4333,2191,2173,2184,3251,1392,4779,73174,39191,4865,551,27269,1,0,5,3
2021-03-12T23:59:59+01:00,5,0,1646,1837,3222,5319,3476,7738,4199,10687,5881,9271,3775,3717,5063,7031,10250,19394,317,466,1015,2139,1442,3742,1942,5388,2756,4249,2012,2018,2124,3203,1385,4773,72956,38426,4130,543,25420,0,0,5,3
2021-03-11T23:59:59+01:00,5,0,1538,1699,2840,5061,3039,7481,3919,10274,5251,8377,3545,3541,4955,6910,10210,19338,316,465,1012,2126,1439,3722,1935,5369,2747,4232,2005,2010,2109,3186,1380,4753,72374,38301,3864,503,21740,0,0,5,3
2021-03-10T23:59:59+01:00,5,0,1508,1666,2801,5017,3001,7422,3862,10187,5142,8260,3420,3435,4837,6795,10162,19271,314,464,1011,2123,1435,3711,1931,5356,2735,4212,1986,2002,2082,3153,1370,4738,71956,38215,3532,406,21298,0,0,5,3
2021-03-09T23:59:59+01:00,5,0,1499,1650,2764,4990,2979,7378,3823,10128,5060,8181,3319,3349,4754,6706,10053,19059,311,463,1007,2117,1428,3698,1905,5334,2693,4182,1943,1977,2028,3124,1358,4728,71352,38185,3260,109,21080,0,0,5,3
2021-03-08T23:59:59+01:00,5,0,1484,1635,2735,4961,2950,7347,3800,10080,5036,8119,3277,3309,4677,6642,9872,18754,310,463,1005,2113,1420,3682,1888,5300,2674,4154,1924,1958,2001,3101,1351,4709,70546,38034,3251,17,20881,0,0,5,3
2021-03-07T23:59:59+01:00,5,0,1471,1625,2706,4917,2916,7299,3765,10019,4993,8058,3242,3275,4611,6540,9795,18609,310,462,1004,2112,1419,3676,1885,5290,2673,4149,1920,1955,1997,3097,1347,4700,70006,37979,3197,15,20638,0,0,5,3
2021-03-06T23:59:59+01:00,5,0,1470,1623,2700,4906,2913,7290,3757,10012,4975,8042,3232,3265,4588,6501,9704,18436,310,462,1002,2109,1419,3674,1879,5281,2671,4147,1915,1948,1992,3095,1346,4697,69609,37931,3197,15,20608,0,0,5,2
2021-03-05T23:59:59+01:00,5,0,1396,1546,2602,4745,2856,7132,3672,9805,4874,7846,3182,3205,4369,6212,8986,17226,310,462,1000,2107,1415,3669,1877,5280,2668,4141,1907,1944,1987,3092,1341,4693,66922,37877,3194,15,19538,0,0,5,2
2021-03-04T23:59:59+01:00,5,0,1222,1440,2435,4547,2687,6861,3504,9461,4617,7504,3066,3078,4004,5753,7790,15383,309,454,991,2084,1399,3629,1849,5227,2640,4094,1879,1919,1954,3037,1313,4647,62658,37409,3191,15,17503,0,0,5,2
2021-03-03T23:59:59+01:00,5,0,1188,1387,2357,4439,2626,6738,3418,9294,4519,7361,2979,3008,3622,5148,6371,13148,305,445,979,2062,1387,3601,1835,5177,2585,4039,1829,1883,1926,3004,1297,4618,57513,36956,3163,15,16928,0,0,4,2
2021-03-02T23:59:59+01:00,5,0,1155,1349,2296,4381,2577,6645,3336,9171,4382,7212,2865,2883,3133,4476,4322,9737,300,436,974,2035,1374,3558,1820,5122,2553,4012,1819,1867,1906,2975,1284,4590,50365,36609,2913,15,16644,0,0,3,2
2021-03-01T23:59:59+01:00,5,0,1096,1320,2234,4319,2504,6558,3241,9043,4240,7024,2734,2747,2559,3727,1544,5194,299,433,967,2023,1363,3540,1812,5107,2540,3996,1801,1856,1890,2956,1273,4561,41155,36401,2521,15,16410,0,0,3,2
2021-02-28T23:59:59+01:00,5,0,1062,1306,2193,4283,2474,6513,3193,8986,4178,6965,2669,2699,2510,3696,1536,5174,299,432,964,2017,1361,3527,1809,5093,2534,3987,1794,1845,1877,2944,1265,4547,41058,36279,2229,15,16152,0,0,3,2
2021-02-27T23:59:59+01:00,5,0,1021,1223,2125,4041,2417,6279,3130,8688,4088,6712,2614,2642,2490,3672,1533,5174,299,432,963,2017,1361,3527,1809,5092,2533,3987,1794,1844,1875,2944,1265,4547,40951,36273,2228,15,14672,0,0,3,2
2021-02-26T23:59:59+01:00,4,0,855,971,1927,3652,2255,5619,2915,7774,3779,5925,2566,2588,2471,3657,1529,5172,299,432,963,2014,1359,3525,1807,5091,2531,3986,1794,1841,1868,2943,1263,4540,40934,36240,2139,15,10583,0,0,3,2
2021-02-25T23:59:59+01:00,4,0,519,814,1649,3453,2075,5313,2719,7377,3552,5624,2484,2508,2430,3596,1525,5157,289,411,938,1964,1329,3455,1776,5010,2502,3922,1769,1813,1828,2897,1235,4499,40738,35624,1877,12,8182,0,0,2,2
2021-02-24T23:59:59+01:00,3,0,498,796,1614,3357,2013,5182,2659,7195,3486,5483,2416,2461,2394,3567,1515,5121,280,407,923,1932,1315,3401,1763,4949,2478,3878,1758,1795,1819,2878,1223,4468,40545,35262,1706,4,7507,0,0,2,2
2021-02-23T23:59:59+01:00,3,0,478,759,1554,3255,1958,5041,2581,7063,3401,5378,2356,2403,2355,3508,1500,5086,278,403,918,1917,1308,3370,1754,4917,2457,3846,1738,1775,1799,2842,1207,4412,40390,34937,1433,3,6854,0,0,2,2
2021-02-22T23:59:59+01:00,2,0,462,728,1500,3155,1919,4902,2522,6844,3340,5234,2346,2305,2339,3428,1494,5041,277,400,915,1905,1300,3343,1737,4881,2442,3816,1719,1756,1771,2811,1192,4363,40173,34626,1168,1,6218,0,0,2,2
2021-02-21T23:59:59+01:00,2,0,454,690,1442,3011,1871,4752,2469,6684,3258,5131,2310,2272,2311,3408,1484,5035,277,399,912,1897,1299,3334,1732,4871,2438,3807,1717,1753,1770,2809,1192,4362,40129,34567,935,1,5518,0,0,2,2
2021-02-20T23:59:59+01:00,2,0,450,684,1434,3007,1866,4752,2466,6681,3253,5127,2307,2271,2311,3407,1482,5035,277,399,912,1896,1299,3333,1732,4871,2437,3806,1716,1752,1767,2809,1191,4360,40124,34555,930,1,5479,0,0,2,2
2021-02-19T23:59:59+01:00,1,0,428,647,1405,2945,1839,4697,2425,6581,3166,5009,2127,2108,2247,3358,1477,5029,275,398,910,1894,1298,3332,1732,4866,2434,3805,1715,1751,1765,2808,1191,4359,39372,34532,910,1,5205,0,0,2,1
2021-02-18T23:59:59+01:00,1,0,402,590,1301,2705,1735,4455,2287,6319,3064,4828,2098,2092,2231,3341,1472,5018,275,392,902,1861,1289,3292,1714,4818,2415,3767,1704,1740,1748,2796,1179,4339,39294,34230,836,1,3807,0,0,2,1
2021-02-17T23:59:59+01:00,1,0,386,558,1263,2573,1678,4280,2217,6078,3005,4679,2079,2073,2207,3321,1458,5008,265,375,866,1775,1246,3163,1654,4659,2339,3632,1625,1671,1672,2685,1126,4217,39137,32970,785,0,2940,0,0,2,1
2021-02-16T23:59:59+01:00,1,0,368,528,1209,2454,1628,4146,2138,5893,2925,4543,2070,2068,2199,3314,1453,4996,258,358,845,1694,1191,3027,1592,4456,2268,3454,1574,1617,1608,2584,1094,4081,39076,31701,754,0,2101,0,0,2,1
2021-02-15T23:59:59+01:00,1,0,358,506,1137,2312,1583,4073,2106,5839,2897,4502,2051,2052,2174,3283,1445,4975,252,339,822,1649,1159,2951,1536,4319,2195,3334,1498,1553,1550,2472,1047,3893,38968,30569,639,0,1685,0,0,2,1
2021-02-14T23:59:59+01:00,1,0,349,500,1113,2257,1520,3912,2065,5747,2866,4463,2045,2049,2162,3273,1442,4968,246,334,804,1621,1143,2912,1494,4267,2157,3304,1482,1532,1525,2435,1030,3847,38949,30133,570,0,1211,0,0,2,1
2021-02-13T23:59:59+01:00,1,0,349,500,1112,2257,1520,3911,2063,5746,2866,4463,2044,2047,2161,3273,1441,4965,246,334,804,1621,1143,2912,1493,4265,2157,3304,1480,1529,1524,2434,1030,3846,38938,30122,570,0,1210,0,0,1,1
2021-02-12T23:59:59+01:00,1,0,342,497,1094,2249,1515,3898,2058,5738,2863,4457,2030,2037,2155,3260,1436,4962,244,333,798,1616,1137,2903,1478,4247,2139,3291,1467,1513,1509,2402,1023,3809,38872,29909,562,0,1157,0,0,1,1
2021-02-11T23:59:59+01:00,1,0,320,473,1031,2154,1462,3771,1964,5474,2778,4338,1999,2004,2115,3192,1406,4904,224,305,748,1512,1057,2679,1353,3890,1951,2985,1278,1302,1336,2124,910,3440,38473,27094,525,0,387,0,0,1,1
2021-02-10T23:59:59+01:00,1,0,314,464,1009,2114,1423,3693,1910,5313,2685,4158,1928,1955,2067,3150,1385,4878,199,260,654,1324,929,2297,1167,3288,1707,2566,1115,1125,1186,1873,793,3076,38060,23559,385,0,1,0,0,1,1
2021-02-09T23:59:59+01:00,1,0,308,453,1001,2083,1408,3641,1866,5246,2619,4103,1870,1915,1995,3095,1364,4856,166,200,555,1062,781,1853,962,2679,1437,2153,963,964,988,1583,669,2629,37758,19644,64,0,1,0,0,1,1
2021-02-08T23:59:59+01:00,1,0,306,451,998,2076,1397,3625,1858,5223,2599,4086,1856,1904,1976,3077,1357,4831,116,165,456,848,617,1436,764,2030,1159,1667,771,788,786,1249,532,2147,37600,15531,19,0,1,0,0,1,1
2021-02-07T23:59:59+01:00,1,0,306,451,997,2075,1396,3620,1855,5220,2592,4083,1850,1895,1960,3069,1353,4823,106,146,407,703,543,1261,686,1815,1062,1520,694,707,705,1125,455,1908,37529,13843,16,0,0,0,0,1,1
2021-02-06T23:59:59+01:00,1,0,306,451,996,2074,1396,3617,1855,5218,2592,4080,1850,1894,1955,3067,1350,4821,105,145,402,700,538,1237,670,1796,1051,1498,691,703,700,1121,454,1904,37506,13716,16,0,0,0,0,1,0
2021-02-05T23:59:59+01:00,1,0,306,450,994,2071,1392,3608,1851,5204,2586,4074,1849,1893,1947,3059,1340,4807,101,137,387,682,521,1208,638,1744,1001,1435,654,653,651,1047,427,1811,37415,13098,16,0,0,0,0,1,0
2021-02-04T23:59:59+01:00,1,0,299,433,983,2040,1373,3555,1832,5127,2571,4026,1833,1872,1920,3024,1320,4774,76,106,286,461,361,817,455,1181,689,976,508,477,506,827,338,1451,36966,9516,16,0,0,0,0,1,0
2021-02-03T23:59:59+01:00,1,0,295,424,965,2014,1357,3517,1818,5078,2537,3983,1813,1849,1905,3000,1306,4757,60,82,239,393,291,638,347,923,531,729,340,331,368,586,246,1063,36602,7168,16,0,0,0,0,1,0
2021-02-02T23:59:59+01:00,1,0,290,417,959,1986,1349,3484,1807,5031,2514,3948,1795,1833,1877,2958,1284,4706,39,63,183,311,243,486,265,739,383,561,236,214,234,391,167,699,36222,5214,16,0,0,0,0,1,0
2021-02-01T23:59:59+01:00,1,0,289,414,954,1978,1346,3468,1799,5010,2505,3929,1787,1822,1862,2943,1279,4692,19,39,136,225,167,312,169,490,240,324,119,109,102,189,77,314,36061,3031,16,0,0,0,0,1,0
2021-01-31T23:59:59+01:00,1,0,288,413,952,1971,1343,3459,1796,4991,2501,3914,1783,1814,1858,2935,1276,4682,18,34,118,197,150,270,152,411,203,279,100,95,94,161,69,274,35960,2625,16,0,0,0,0,1,0
2021-01-30T23:59:59+01:00,1,0,288,413,952,1971,1343,3459,1796,4991,2501,3914,1782,1814,1858,2934,1276,4681,18,34,117,197,150,267,149,408,202,278,99,94,94,161,69,274,35957,2611,16,0,0,0,0,1,0
2021-01-29T23:59:59+01:00,1,0,286,410,951,1969,1342,3451,1790,4982,2498,3911,1776,1807,1849,2922,1269,4659,16,33,116,188,141,259,137,380,170,251,72,70,84,139,62,238,35856,2356,16,0,0,0,0,1,0
2021-01-28T23:59:59+01:00,1,0,282,402,932,1915,1318,3387,1765,4920,2470,3849,1754,1787,1817,2891,1251,4622,0,0,10,19,8,19,11,45,8,22,6,4,7,10,3,15,35347,187,15,0,0,0,0,1,0
2021-01-27T23:59:59+01:00,1,0,276,384,899,1834,1283,3273,1704,4797,2410,3749,1697,1738,1772,2823,1212,4533,0,0,4,6,5,11,7,19,4,12,5,4,7,10,3,14,34373,111,11,0,0,0,0,1,0
2021-01-26T23:59:59+01:00,1,0,271,374,889,1820,1269,3234,1687,4741,2380,3682,1664,1706,1733,2751,1194,4442,0,0,4,6,5,11,7,19,4,12,5,4,7,10,3,14,33830,111,7,0,0,0,0,1,0
2021-01-25T23:59:59+01:00,1,0,261,350,847,1701,1199,3070,1596,4470,2274,3474,1603,1653,1676,2663,1143,4256,0,0,1,3,1,3,4,2,4,5,5,4,6,9,2,14,32233,63,3,0,0,0,0,1,0
2021-01-24T23:59:59+01:00,1,0,258,347,836,1681,1189,3048,1565,4437,2248,3453,1592,1644,1664,2651,1137,4248,0,0,1,2,1,3,4,2,4,5,5,4,6,9,2,14,31995,62,3,0,0,0,0,1,0
2021-01-23T23:59:59+01:00,1,0,258,347,836,1681,1188,3047,1565,4433,2247,3452,1591,1644,1663,2650,1136,4243,0,0,1,2,1,3,4,2,4,5,5,4,6,9,2,14,31978,62,3,0,0,0,0,1,0
2021-01-22T23:59:59+01:00,1,0,257,345,830,1678,1184,3042,1562,4426,2235,3447,1579,1632,1657,2631,1130,4221,0,0,1,2,1,3,4,2,4,5,5,4,6,9,2,14,31853,62,3,0,0,0,0,1,0
2021-01-21T23:59:59+01:00,1,0,246,335,803,1612,1159,2915,1506,4265,2155,3312,1480,1528,1520,2463,1046,4031,0,0,1,2,1,3,4,2,4,5,4,3,5,9,1,14,30373,58,3,0,0,0,0,1,0
2021-01-20T23:59:59+01:00,1,0,224,292,730,1456,1068,2601,1372,3807,1981,2956,1357,1381,1398,2264,970,3790,0,0,1,2,1,3,4,2,3,5,4,3,5,9,1,14,27645,57,2,0,0,0,0,1,0
2021-01-19T23:59:59+01:00,1,0,193,235,630,1207,924,2157,1149,3192,1692,2525,1173,1176,1162,1921,808,3220,0,0,1,1,1,2,4,1,2,5,4,3,5,9,1,14,23362,53,2,0,0,0,0,1,0
2021-01-18T23:59:59+01:00,1,0,136,185,498,946,713,1642,882,2325,1316,1913,912,944,928,1515,630,2570,0,0,0,0,0,0,0,0,1,2,2,1,0,0,0,0,18054,6,1,0,0,0,0,1,0
2021-01-17T23:59:59+01:00,1,0,122,159,439,776,628,1419,781,2072,1201,1723,845,864,843,1376,555,2346,0,0,0,0,0,0,0,0,0,1,0,0,0,0,0,0,16149,1,0,0,0,0,0,1,0
2021-01-16T23:59:59+01:00,1,0,121,158,435,775,626,1411,771,2068,1192,1716,843,859,838,1365,547,2330,0,0,0,0,0,0,0,0,0,0,0,0,0,0,0,0,16056,0,0,0,0,0,0,0,0
2021-01-15T23:59:59+01:00,1,0,110,151,423,754,599,1373,739,1990,1130,1634,799,806,791,1276,516,2206,0,0,0,0,0,0,0,0,0,0,0,0,0,0,0,0,15298,0,0,0,0,0,0,0,0
2021-01-14T23:59:59+01:00,1,0,76,112,302,488,398,888,511,1282,774,1073,585,559,577,943,399,1684,0,0,0,0,0,0,0,0,0,0,0,0,0,0,0,0,10652,0,0,0,0,0,0,0,0
2021-01-13T23:59:59+01:00,1,0,59,85,250,410,322,671,379,982,567,765,369,355,392,638,284,1174,0,0,0,0,0,0,0,0,0,0,0,0,0,0,0,0,7703,0,0,0,0,0,0,0,0
2021-01-12T23:59:59+01:00,0,0,48,69,204,351,258,544,279,808,412,599,248,226,244,425,190,786,0,0,0,0,0,0,0,0,0,0,0,0,0,0,0,0,5691,0,0,0,0,0,0,0,0
2021-01-11T23:59:59+01:00,0,0,32,51,177,301,211,442,220,648,302,422,151,131,140,259,105,452,0,0,0,0,0,0,0,0,0,0,0,0,0,0,0,0,4044,0,0,0,0,0,0,0,0
2021-01-10T23:59:59+01:00,0,0,24,42,155,252,182,365,179,537,252,361,130,110,125,214,93,362,0,0,0,0,0,0,0,0,0,0,0,0,0,0,0,0,3383,0,0,0,0,0,0,0,0
2021-01-09T23:59:59+01:00,0,0,24,42,154,250,181,362,177,531,251,360,129,109,125,214,93,362,0,0,0,0,0,0,0,0,0,0,0,0,0,0,0,0,3364,0,0,0,0,0,0,0,0
2021-01-08T23:59:59+01:00,0,0,22,40,152,241,173,352,164,500,221,334,105,93,119,198,86,335,0,0,0,0,0,0,0,0,0,0,0,0,0,0,0,0,3135,0,0,0,0,0,0,0,0
2021-01-07T23:59:59+01:00,0,0,1,0,4,9,8,14,10,7,18,11,10,11,14,21,3,35,0,0,0,0,0,0,0,0,0,0,0,0,0,0,0,0,176,0,0,0,0,0,0,0,0
2021-01-06T23:59:59+01:00,0,0,0,0,1,3,1,6,5,2,4,6,6,4,7,10,1,16,0,0,0,0,0,0,0,0,0,0,0,0,0,0,0,0,72,0,0,0,0,0,0,0,0
2021-01-05T23:59:59+01:00,0,0,0,0,1,3,1,5,5,2,4,5,6,4,6,10,1,15,0,0,0,0,0,0,0,0,0,0,0,0,0,0,0,0,68,0,0,0,0,0,0,0,0
2021-01-04T23:59:59+01:00,0,0,0,0,1,3,1,4,4,2,4,5,6,4,5,9,1,15,0,0,0,0,0,0,0,0,0,0,0,0,0,0,0,0,64,0,0,0,0,0,0,0,0
2021-01-03T23:59:59+01:00,0,0,0,0,1,2,1,4,4,2,4,5,5,4,5,9,1,15,0,0,0,0,0,0,0,0,0,0,0,0,0,0,0,0,62,0,0,0,0,0,0,0,0
2021-01-02T23:59:59+01:00,0,0,0,0,1,2,1,4,4,2,4,5,5,4,5,9,1,15,0,0,0,0,0,0,0,0,0,0,0,0,0,0,0,0,62,0,0,0,0,0,0,0,0
2021-01-01T23:59:59+01:00,0,0,0,0,1,2,1,3,4,2,4,5,5,4,5,9,1,15,0,0,0,0,0,0,0,0,0,0,0,0,0,0,0,0,61,0,0,0,0,0,0,0,0
2020-12-31T23:59:59+01:00,0,0,0,0,1,2,1,3,4,2,4,5,5,4,5,9,1,15,0,0,0,0,0,0,0,0,0,0,0,0,0,0,0,0,61,0,0,0,0,0,0,0,0
2020-12-30T23:59:59+01:00,0,0,0,0,1,2,1,3,4,2,3,5,5,4,5,9,1,15,0,0,0,0,0,0,0,0,0,0,0,0,0,0,0,0,60,0,0,0,0,0,0,0,0
2020-12-29T23:59:59+01:00,0,0,0,0,1,1,1,2,4,1,2,5,5,4,5,9,1,15,0,0,0,0,0,0,0,0,0,0,0,0,0,0,0,0,56,0,0,0,0,0,0,0,0
2020-12-28T23:59:59+01:00,0,0,0,0,1,1,1,1,2,0,1,5,4,1,1,0,0,2,0,0,0,0,0,0,0,0,0,0,0,0,0,0,0,0,20,0,0,0,0,0,0,0,0
2020-12-27T23:59:59+01:00,0,0,0,0,1,1,1,1,2,0,0,3,2,0,1,0,0,2,0,0,0,0,0,0,0,0,0,0,0,0,0,0,0,0,14,0,0,0,0,0,0,0,0
