Datum,<15_m,<15_w,15-24_1_m,15-24_1_w,25-34_1_m,25-34_1_w,35-44_1_m,35-44_1_w,45-54_1_m,45-54_1_w,55-64_1_m,55-64_1_w,65-74_1_m,65-74_1_w,75-84_1_m,75-84_1_w,>84_1_m,>84_1_w,<24_2_m,<24_2_w,25-34_2_m,25-34_2_w,35-44_2_m,35-44_2_w,45-54_2_m,45-54_2_w,55-64_2_m,55-64_2_w,65-74_2_m,65-74_2_w,75-84_2_m,75-84_2_w,>84_2_m,>84_2_w,bp_1,bp_2,mo_1,mo_2,az_1,az_2,ja,unb_1,unb_2
2021-09-06T23:59:59+02:00,3978,3655,34687,33409,50655,45193,52052,50607,62946,63060,73147,73467,53265,58838,36673,47527,11142,21178,31563,30512,48100,42353,49808,47950,60622,60327,70852,71050,51921,57243,35782,46229,10821,20467,562437,535705,77577,74272,105555,101258,29882,28,24
2021-09-05T23:59:59+02:00,3971,3643,34672,33394,50653,45186,52040,50600,62935,63051,73132,73462,53261,58830,36667,47522,11140,21176,31545,30492,48087,42339,49795,47942,60611,60317,70842,71045,51917,57231,35780,46224,10820,20465,562313,535571,77576,74271,105555,101246,29863,28,24
2021-09-04T23:59:59+02:00,3971,3643,34671,33394,50652,45186,52039,50599,62935,63051,73132,73462,53261,58830,36667,47522,11140,21176,31544,30490,48086,42339,49793,47940,60611,60317,70841,71045,51917,57231,35780,46224,10820,20465,562312,535567,77576,74269,105555,101246,29860,28,24
2021-09-03T23:59:59+02:00,3923,3601,34515,33271,50504,45066,51937,50486,62787,62931,73012,73367,53222,58783,36647,47503,11136,21173,31282,30308,47897,42175,49630,47779,60416,60152,70700,70905,51863,57177,35755,46201,10818,20461,562174,535436,77019,73099,105551,101235,29092,28,24
2021-09-02T23:59:59+02:00,3900,3572,34461,33227,50474,45026,51904,50455,62750,62893,72975,73342,53201,58772,36638,47487,11136,21169,31214,30248,47851,42130,49588,47736,60366,60101,70659,70878,51847,57162,35748,46194,10818,20457,561785,535062,76998,73094,105551,101126,29020,28,24
2021-09-01T23:59:59+02:00,3883,3559,34434,33196,50449,44999,51885,50434,62730,62861,72947,73324,53192,58763,36635,47479,11136,21168,31165,30209,47819,42105,49559,47715,60342,60078,70641,70853,51828,57143,35738,46187,10818,20454,561522,534747,76994,73087,105551,101099,28979,28,24
2021-08-31T23:59:59+02:00,3856,3546,34395,33148,50422,44963,51858,50402,62702,62829,72919,73293,53172,58741,36628,47467,11133,21167,31107,30179,47793,42080,49538,47698,60315,60063,70628,70826,51814,57133,35735,46180,10815,20448,561132,534476,76994,73084,105551,101093,28936,28,24
2021-08-30T23:59:59+02:00,3632,3342,33823,32647,50011,44597,51513,50067,62415,62572,72712,73118,53091,58655,36598,47422,11130,21159,30831,29919,47501,41857,49316,47533,60133,59937,70473,70724,51749,57089,35717,46149,10812,20441,558213,533422,76994,73081,105550,101083,27719,28,24
2021-08-29T23:59:59+02:00,3626,3334,33801,32626,49993,44589,51497,50051,62404,62558,72702,73102,53084,58650,36596,47415,11130,21157,30813,29900,47477,41831,49296,47517,60116,59920,70461,70712,51746,57081,35714,46148,10812,20439,558069,533305,76993,73080,105549,101039,27676,28,24
2021-08-28T23:59:59+02:00,3626,3334,33799,32626,49988,44588,51497,50050,62404,62556,72700,73101,53084,58650,36596,47415,11130,21157,30805,29892,47471,41829,49295,47516,60114,59917,70458,70710,51746,57079,35714,46148,10812,20439,558061,533271,76993,73079,105549,101039,27670,28,24
2021-08-27T23:59:59+02:00,3621,3328,33792,32605,49984,44586,51485,50044,62396,62551,72683,73095,53080,58648,36595,47414,11130,21156,30788,29873,47462,41822,49286,47507,60106,59909,70446,70709,51744,57078,35713,46147,10812,20439,557986,533195,76993,73077,105549,101036,27637,28,24
2021-08-26T23:59:59+02:00,3596,3301,33752,32556,49959,44548,51446,49996,62353,62528,72652,73066,53070,58638,36587,47412,11129,21152,30516,29620,47258,41621,49126,47355,59998,59818,70370,70643,51714,57048,35697,46124,10810,20435,557640,531493,76967,73070,105548,100973,27558,28,24
2021-08-25T23:59:59+02:00,3556,3277,33706,32514,49933,44506,51416,49969,62316,62495,72618,73044,53063,58621,36582,47398,11128,21151,29810,28951,46852,41226,48823,47075,59784,59607,70207,70500,51649,56972,35677,46091,10801,20427,557234,527401,76967,73068,105548,100950,27516,28,24
2021-08-24T23:59:59+02:00,3516,3255,33649,32456,49904,44465,51387,49922,62272,62448,72574,72998,53041,58597,36569,47385,11126,21143,29582,28732,46724,41097,48715,46970,59692,59513,70123,70402,51603,56928,35657,46079,10798,20424,556747,525978,76964,73064,105546,100917,27422,28,24
2021-08-23T23:59:59+02:00,3215,2991,33018,31841,49482,44073,51046,49622,61947,62157,72283,72768,52947,58508,36531,47322,11115,21134,29163,28340,46341,40800,48474,46759,59423,59309,69898,70255,51527,56858,35632,46036,10792,20418,553724,524540,76961,73062,105545,100912,25742,28,24
2021-08-22T23:59:59+02:00,3204,2983,33007,31834,49472,44064,51039,49616,61942,62150,72279,72766,52944,58505,36529,47320,11115,21133,29140,28324,46323,40792,48466,46748,59413,59302,69892,70252,51518,56854,35629,46034,10792,20418,553657,524446,76957,73058,105542,100899,25718,28,24
2021-08-21T23:59:59+02:00,3202,2983,33002,31831,49470,44062,51038,49614,61939,62149,72279,72766,52944,58505,36529,47320,11115,21133,29128,28311,46319,40788,48461,46744,59409,59302,69892,70251,51517,56854,35629,46034,10792,20418,553644,524406,76957,73055,105542,100899,25710,28,24
2021-08-20T23:59:59+02:00,3186,2972,32880,31738,49281,43934,50868,49505,61762,62023,72134,72686,52896,58464,36514,47302,11112,21129,28591,27809,45847,40437,48182,46535,59158,59120,69690,70128,51433,56796,35599,46006,10788,20411,553420,522718,76957,72881,105541,100672,24440,28,24
2021-08-19T23:59:59+02:00,3159,2949,32833,31699,49247,43897,50822,49462,61717,61988,72085,72647,52870,58444,36507,47287,11109,21122,27652,26958,45060,39837,47756,46172,58830,58847,69418,69908,51334,56707,35557,45959,10783,20405,553012,518362,76922,71907,105536,100580,24346,28,24
2021-08-18T23:59:59+02:00,3138,2930,32787,31657,49211,43862,50785,49426,61674,61951,72038,72622,52842,58427,36493,47274,11108,21117,26365,25652,44144,38962,47058,45440,58159,58270,68936,69458,51149,56487,35481,45869,10772,20388,552588,512839,76901,68748,105534,100527,24291,28,24
2021-08-17T23:59:59+02:00,3116,2907,32716,31602,49173,43798,50745,49393,61632,61911,72004,72583,52821,58403,36480,47263,11105,21112,25077,24267,43279,38270,46462,44963,57633,57829,68506,69137,51014,56303,35409,45792,10758,20374,552074,507253,76896,66673,105533,100490,24233,28,24
2021-08-16T23:59:59+02:00,3105,2888,32700,31581,49149,43776,50736,49376,61612,61894,71983,72568,52812,58395,36479,47252,11103,21108,23646,22868,42372,37420,46191,44674,57414,57570,68300,68977,50943,56220,35380,45747,10756,20361,551852,500909,76893,66641,105531,100477,24213,28,24
2021-08-15T23:59:59+02:00,3098,2877,32689,31565,49139,43771,50726,49367,61597,61879,71968,72556,52808,58388,36476,47252,11103,21108,21212,20400,41618,36882,45826,44308,57082,57276,68016,68721,50831,56117,35343,45691,10753,20352,551730,492169,76892,66463,105521,100461,24196,28,24
2021-08-14T23:59:59+02:00,3098,2876,32685,31563,49134,43770,50723,49365,61592,61876,71964,72550,52808,58388,36475,47252,11103,21108,21190,20374,41578,36852,45809,44293,57069,57266,68004,68710,50829,56115,35342,45690,10753,20351,551724,491989,76891,66460,105521,100461,24166,28,24
2021-08-13T23:59:59+02:00,3084,2859,32643,31536,49111,43756,50701,49348,61559,61845,71942,72530,52803,58381,36472,47247,11102,21105,21075,20287,41490,36753,45747,44241,57021,57228,67964,68677,50812,56103,35333,45682,10752,20349,551569,491404,76890,66457,105520,100440,24017,28,24
2021-08-12T23:59:59+02:00,3067,2830,32595,31487,49077,43716,50663,49320,61508,61818,71906,72495,52787,58363,36455,47238,11101,21102,20609,19976,40536,35944,45380,43910,56806,57053,67788,68512,50741,56021,35303,45637,10747,20342,551163,487179,76886,66456,105518,100395,23933,28,24
2021-08-11T23:59:59+02:00,3026,2799,32539,31444,49043,43682,50639,49296,61481,61788,71877,72468,52766,58338,36445,47229,11100,21098,19717,19092,39209,34758,44779,43335,56446,56724,67496,68239,50621,55884,35266,45578,10745,20329,550759,479775,76880,66452,105517,100373,23874,28,24
2021-08-10T23:59:59+02:00,3011,2780,32488,31401,49008,43655,50609,49264,61462,61749,71837,72424,52744,58322,36434,47206,11099,21093,18695,18127,37110,32902,43895,42459,55994,56329,67108,67896,50474,55731,35205,45483,10740,20310,550307,469567,76880,66450,105516,100354,23855,28,24
2021-08-09T23:59:59+02:00,2995,2773,32459,31378,48987,43637,50582,49248,61443,61733,71818,72404,52735,58313,36429,47196,11097,21092,17273,16713,34118,30469,43232,41827,55590,55968,66776,67571,50335,55584,35155,45435,10735,20292,550067,457380,76878,66446,105512,100341,23834,28,24
2021-08-08T23:59:59+02:00,2992,2773,32447,31368,48977,43630,50577,49242,61435,61726,71815,72403,52734,58311,36429,47193,11097,21091,17246,16683,34096,30456,43196,41795,55577,55955,66767,67566,50330,55579,35154,45432,10734,20291,550012,457195,76878,66441,105501,100322,23821,28,24
2021-08-07T23:59:59+02:00,2991,2768,32440,31358,48974,43622,50572,49242,61432,61723,71808,72401,52733,58309,36428,47193,11097,21091,17220,16653,34068,30437,43163,41765,55556,55938,66756,67559,50324,55577,35152,45432,10734,20290,549963,456968,76878,66438,105501,100321,23812,28,24
2021-08-06T23:59:59+02:00,2903,2676,32097,31134,48720,43427,50319,49016,61146,61520,71534,72234,52601,58205,36374,47141,11094,21082,17015,16517,33360,29963,42695,41398,55215,55713,66446,67383,50194,55483,35103,45396,10731,20283,549894,455302,75774,66151,105499,100319,22028,28,24
2021-08-05T23:59:59+02:00,2856,2637,31943,31017,48626,43339,50238,48963,61093,61475,71483,72193,52576,58186,36365,47124,11092,21080,16786,16263,31503,28536,41659,40458,54943,55365,66235,67212,50129,55407,35080,45357,10724,20274,549025,448530,75771,66078,105490,100197,21972,28,24
2021-08-04T23:59:59+02:00,2781,2561,31697,30824,48439,43204,50086,48852,61014,61399,71422,72138,52547,58146,36352,47109,11089,21075,16522,16020,31149,28315,40467,39385,54552,55035,66064,67061,50066,55324,35050,45330,10721,20267,547740,444228,75770,66059,105488,100123,21716,21,23
2021-08-03T23:59:59+02:00,2594,2381,31189,30362,48189,42957,49913,48661,60853,61225,71276,71993,52492,58075,36330,47080,11079,21061,16083,15576,30563,27788,38736,37769,53862,54389,65729,66752,49970,55196,35002,45279,10716,20258,544805,436569,75770,66053,105485,100104,21629,21,23
2021-08-02T23:59:59+02:00,2483,2286,30876,30077,47991,42777,49762,48532,60747,61122,71189,71911,52459,58043,36308,47061,11078,21058,15779,15307,30226,27436,36592,35945,53305,53877,65523,66577,49898,55111,34980,45251,10714,20254,542879,429734,75767,66049,105480,99993,21613,21,22
2021-08-01T23:59:59+02:00,2480,2283,30864,30072,47973,42768,49750,48524,60736,61112,71181,71905,52454,58035,36304,47061,11078,21058,15656,15184,30089,27324,34288,34091,53008,53627,65431,66508,49859,55071,34973,45233,10713,20252,542827,424292,75765,66045,105434,99971,21591,21,22
2021-07-31T23:59:59+02:00,2480,2283,30860,30068,47971,42766,49748,48524,60735,61112,71181,71903,52451,58033,36304,47061,11078,21057,15641,15173,30057,27305,34275,34084,52990,53619,65418,66503,49855,55066,34973,45232,10712,20251,542809,424147,75765,66044,105434,99968,21586,21,22
2021-07-30T23:59:59+02:00,2466,2278,30814,30023,47939,42745,49724,48499,60701,61083,71146,71885,52442,58022,36304,47061,11078,21055,15486,14873,29799,26991,34095,33834,52790,53327,65254,66300,49808,55020,34962,45220,10712,20250,542635,423796,75760,66035,105431,98059,21418,21,22
2021-07-29T23:59:59+02:00,2434,2258,30653,29931,47856,42684,49673,48434,60640,61042,71100,71839,52423,58003,36296,47045,11075,21050,15175,14597,29486,26779,32815,32889,52011,52717,64900,66035,49709,54928,34920,45163,10707,20242,541971,421114,75754,63314,105419,97915,21271,21,22
2021-07-28T23:59:59+02:00,2388,2221,30502,29821,47774,42615,49600,48363,60569,60965,71035,71782,52399,57965,36278,47027,11074,21045,14772,14226,29047,26463,32445,32561,51297,52106,64511,65709,49615,54827,34886,45106,10691,20224,541033,416985,75750,63261,105413,97526,21206,21,22
2021-07-27T23:59:59+02:00,2309,2148,30261,29552,47622,42442,49456,48227,60461,60842,70935,71697,52343,57905,36251,46988,11066,21038,14130,13571,28282,25837,31697,31910,50045,51013,63786,65145,49428,54623,34819,44991,10684,20206,539216,408671,75740,63235,105407,97429,21159,21,22
2021-07-26T23:59:59+02:00,2248,2093,30061,29318,47504,42314,49382,48145,60398,60778,70885,71652,52319,57873,36240,46975,11064,21029,13765,13197,27932,25549,31079,31502,48491,49647,62811,64318,49223,54419,34752,44910,10674,20194,537995,400976,75737,63230,105403,97399,21122,21,22
2021-07-25T23:59:59+02:00,2001,1891,29238,28646,47113,42002,49097,47860,60163,60555,70704,71495,52263,57798,36213,46933,11063,21022,13672,13137,27836,25487,30994,31436,48371,49585,62724,64270,49202,54403,34746,44902,10674,20193,533825,400351,75737,63223,105396,97239,21078,21,22
2021-07-24T23:59:59+02:00,1921,1823,28984,28416,46962,41897,48980,47761,60008,60436,70575,71415,52215,57768,36196,46912,11061,21022,13537,13027,27633,25353,30835,31308,48160,49416,62561,64175,49159,54373,34731,44884,10672,20191,533136,399745,75735,63220,105395,97237,20065,21,22
2021-07-23T23:59:59+02:00,1809,1702,28654,28090,46717,41746,48726,47548,59759,60247,70372,71288,52140,57697,36177,46875,11057,21013,13286,12803,27200,25039,30457,31002,47562,48926,62233,63940,49076,54307,34709,44840,10667,20182,532142,397350,75358,63166,105384,97235,18712,21,22
2021-07-22T23:59:59+02:00,1797,1695,28576,28013,46580,41607,48515,47337,59582,60106,70256,71159,52097,57660,36161,46858,11057,21013,13060,12551,26865,24707,30107,30684,45640,47367,61430,63240,48980,54205,34671,44797,10664,20172,531843,390666,74207,63017,105343,97013,18655,21,22
2021-07-21T23:59:59+02:00,1764,1656,28312,27807,46198,41274,47924,46781,59001,59626,69803,70772,51928,57499,36104,46802,11048,21000,12634,12113,26289,24165,29535,30117,41917,44135,59948,61977,48813,54025,34608,44715,10654,20145,531299,379050,70941,62508,105190,96571,17848,21,22
2021-07-20T23:59:59+02:00,1741,1641,28191,27672,46135,41216,47878,46743,58947,59577,69750,70727,51893,57472,36088,46776,11044,20993,12136,11580,25551,23474,28886,29368,38463,41142,58403,60515,48610,53804,34526,44623,10636,20125,530617,368669,70921,59117,105173,96449,17752,21,22
2021-07-19T23:59:59+02:00,1736,1640,28163,27637,46114,41203,47866,46729,58934,59561,69738,70725,51891,57468,36088,46772,11042,20993,12091,11552,25488,23440,28855,29335,38419,41110,58362,60488,48606,53796,34525,44620,10633,20124,530474,368358,70921,59104,105158,96398,17726,21,22
2021-07-18T23:59:59+02:00,1732,1633,28138,27611,46090,41194,47852,46716,58928,59551,69731,70716,51889,57467,36087,46771,11042,20992,12029,11527,25404,23401,28795,29302,38358,41083,58302,60447,48604,53792,34522,44619,10633,20124,530343,368025,70919,59073,105150,96278,17707,21,22
2021-07-17T23:59:59+02:00,1732,1631,28119,27598,46075,41185,47842,46712,58921,59546,69724,70712,51884,57463,36086,46771,11042,20992,12002,11516,25371,23365,28762,29282,38336,41066,58267,60423,48594,53784,34520,44619,10633,20124,530266,367777,70918,59069,105150,96275,17680,21,22
2021-07-16T23:59:59+02:00,1717,1611,27853,27409,45792,41020,47618,46539,58623,59344,69492,70571,51778,57390,36042,46735,11037,20990,11749,11322,25042,23125,28464,29052,37941,40791,57759,60000,48458,53671,34468,44569,10627,20120,529950,366578,70917,59066,105025,96000,15648,21,22
2021-07-15T23:59:59+02:00,1619,1498,27390,27022,45535,40783,47472,46426,58484,59231,69390,70486,51739,57348,36027,46713,11036,20984,11456,11095,24562,22780,28099,28780,37547,40512,55715,57955,48288,53471,34411,44485,10619,20109,527637,359639,70914,58981,105017,95789,15594,21,22
2021-07-14T23:59:59+02:00,1452,1366,26825,26484,45229,40494,47270,46242,58301,59033,69230,70340,51678,57289,36001,46683,11030,20979,11270,10908,24153,22428,27747,28461,37023,40110,54498,56775,48151,53321,34360,44421,10611,20087,524467,355932,70908,57322,104998,95643,15532,21,22
2021-07-13T23:59:59+02:00,1167,1062,25872,25588,44737,40081,46913,45925,57976,58748,68955,70093,51565,57163,35958,46628,11026,20964,10925,10570,23620,21881,27129,27878,35644,38919,50369,52875,47788,52934,34232,44273,10594,20059,519080,346688,70902,52122,104995,95536,15423,21,22
2021-07-12T23:59:59+02:00,703,665,24491,24329,44177,39601,46714,45709,57764,58553,68773,69923,51503,57072,35940,46603,11024,20956,10692,10462,23413,21743,26877,27743,35399,38751,49928,52457,47714,52849,34202,44238,10594,20053,513190,345234,70902,52096,104991,94456,15397,20,22
2021-07-11T23:59:59+02:00,700,660,24470,24309,44148,39580,46696,45698,57750,58541,68759,69921,51502,57069,35937,46599,11023,20956,10596,10377,23196,21620,26613,27644,35089,38668,49215,51970,46229,51263,34112,44132,10594,20051,513103,344730,70899,52051,104979,89337,15317,20,22
2021-07-10T23:59:59+02:00,698,655,24463,24303,44143,39572,46693,45695,57743,58540,68759,69920,51502,57069,35937,46599,11023,20956,10584,10368,23172,21601,26599,27635,35066,38663,49202,51965,46215,51247,34110,44131,10594,20051,513069,344626,70896,52050,104977,89281,15308,20,22
2021-07-09T23:59:59+02:00,691,645,24015,23842,43866,39335,46624,45634,57683,58499,68709,69895,51486,57057,35933,46591,11022,20956,10505,10197,23078,21413,26538,27426,34999,38446,49138,51861,46193,51223,34106,44128,10594,20051,511312,343398,70893,52037,104973,89238,15285,20,22
2021-07-08T23:59:59+02:00,625,578,22935,22833,43061,38731,46372,45432,57475,58355,68512,69756,51408,56991,35905,46568,11020,20948,10249,10006,22700,21161,26144,27164,34522,38135,48530,51343,45857,50857,34036,44050,10587,20029,506616,339826,70869,51889,104915,88622,15085,20,22
2021-07-07T23:59:59+02:00,573,532,21610,21436,42321,38042,46153,45212,57237,58165,68346,69596,51323,56908,35868,46515,11013,20934,9875,9700,21823,20571,25041,26369,32686,36767,47610,50458,45357,50320,33932,43911,10580,20011,501229,334891,70697,47507,104892,87708,14946,20,22
2021-07-06T23:59:59+02:00,515,469,20378,20151,41471,37394,45675,44861,56843,57860,68021,69339,51223,56783,35824,46464,11005,20925,9483,9319,20960,19976,24079,25715,31196,35572,46419,49261,44579,49540,33798,43735,10567,19991,496738,327579,68771,45401,104870,86436,14802,20,22
2021-07-05T23:59:59+02:00,479,441,18970,18766,40606,36590,45457,44636,56662,57657,67860,69211,51168,56728,35803,46435,11003,20918,9194,9064,20399,19595,23412,25295,30557,35145,45660,48648,43823,48750,33668,43547,10558,19979,491011,321801,68768,45379,104865,85407,14729,17,22
2021-07-04T23:59:59+02:00,472,435,17181,16726,40262,36359,45369,44563,56578,57588,67781,69143,51135,56702,35793,46415,11001,20916,9134,9012,20261,19530,23238,25217,30301,35066,44866,48520,42459,47402,33590,43473,10556,19973,486152,321342,68741,45334,104850,81285,14659,17,22
2021-07-03T23:59:59+02:00,472,434,17160,16706,40212,36311,45353,44548,56571,57584,67775,69136,51133,56699,35793,46415,11001,20915,9091,8971,20195,19462,23179,25153,30217,34987,44646,48344,42391,47328,33545,43414,10553,19973,485969,320386,68739,45333,104849,81107,14644,17,22
2021-07-02T23:59:59+02:00,451,411,17046,16601,39743,35936,45240,44451,56518,57542,67727,69105,51122,56694,35787,46403,11001,20914,8932,8804,19867,19184,22794,24775,29798,34575,44018,47699,42189,47099,33447,43278,10548,19969,484473,317392,68723,44298,104847,80673,14632,17,22
2021-07-01T23:59:59+02:00,399,371,16740,16320,38006,34602,44667,43952,56259,57335,67555,68936,51042,56604,35759,46364,10997,20906,8558,8410,19005,18479,21830,23923,28412,33387,40992,44735,41193,46019,32834,42550,10531,19940,478991,309919,68649,39416,104824,77139,14333,17,22
2021-06-30T23:59:59+02:00,351,326,16450,16074,35816,32776,44043,43320,56037,57140,67352,68745,50960,56512,35730,46310,10993,20890,8199,8074,18336,17852,20947,23095,27136,32126,36359,39871,40115,44876,32171,41763,10510,19915,472134,299449,68605,33391,104805,74248,14264,17,22
2021-06-29T23:59:59+02:00,312,289,16231,15874,34814,31693,43595,42875,55856,56981,67182,68597,50884,56439,35693,46265,10985,20883,7618,7466,17205,16918,19694,21877,25439,30451,33614,36751,37265,41833,31431,40877,10487,19877,467943,283265,68597,33344,104792,68099,14099,17,20
2021-06-28T23:59:59+02:00,302,267,16088,15718,33092,30267,43274,42580,55692,56841,67065,68492,50838,56388,35675,46244,10982,20871,7316,7205,16655,16542,19302,21562,24931,30067,33022,36252,35887,40344,30643,39943,10483,19866,463510,280216,68575,33295,104772,62708,13802,17,20
2021-06-27T23:59:59+02:00,302,267,16066,15695,32937,30179,43212,42551,55655,56832,67039,68484,50833,56384,35672,46243,10982,20870,7272,7177,16517,16475,19138,21500,24729,29993,32794,36113,34632,39074,29017,38021,10482,19865,463187,280045,68572,33256,104765,55836,13662,17,20
2021-06-26T23:59:59+02:00,300,265,16045,15675,32913,30162,43167,42511,55632,56818,67033,68481,50831,56383,35670,46242,10982,20870,7268,7165,16497,16463,19122,21492,24696,29971,32773,36092,34619,39062,29015,38018,10482,19865,462967,279852,68570,33256,104765,55831,13661,17,20
2021-06-25T23:59:59+02:00,294,264,15991,15630,32800,30062,42975,42352,55576,56773,66993,68457,50821,56372,35666,46241,10982,20870,7080,6888,16214,15954,18854,20837,24330,29035,32385,35372,34457,38846,28992,37988,10482,19865,462145,277175,68569,33247,104748,53517,13640,17,20
2021-06-24T23:59:59+02:00,273,251,15720,15430,32350,29775,41506,41107,55111,56417,66761,68298,50768,56317,35650,46214,10977,20860,6764,6663,15520,15510,17403,19821,22252,27478,31287,34477,34055,38425,28869,37808,10470,19851,457582,267491,68568,33195,104744,53092,12874,17,20
2021-06-23T23:59:59+02:00,258,234,15439,15137,31851,29374,39400,39283,54564,55874,66510,68077,50679,56208,35610,46168,10972,20847,6557,6500,15157,15231,16877,19372,21370,26679,29594,33117,33299,37578,28678,37568,10463,19836,450503,259687,68522,33105,104741,52378,12702,17,20
2021-06-22T23:59:59+02:00,236,199,15055,14745,31182,28740,35955,36230,53651,55074,66208,67772,50573,56086,35572,46112,10968,20833,6381,6289,14752,14904,16076,18656,19953,25365,27993,31465,32500,36603,28139,36962,10445,19805,439552,249599,68490,33022,104737,51264,12395,17,20
2021-06-21T23:59:59+02:00,221,193,14814,14571,30493,28277,33785,34264,53188,54648,66029,67655,50492,56012,35546,46090,10963,20828,6285,6206,14592,14787,15906,18521,19833,25254,27885,31380,32345,36464,26931,35732,10445,19802,432719,248928,68468,32976,104706,48297,12159,17,20
2021-06-20T23:59:59+02:00,214,192,14690,14482,28587,26941,33173,33818,53099,54552,65960,67618,50470,55985,35538,46087,10962,20826,5838,5911,13648,14153,15085,17935,19283,24898,27575,31182,32181,36288,26905,35701,10443,19798,428340,243977,68464,32941,104702,48227,11671,17,20
2021-06-19T23:59:59+02:00,208,187,14665,14449,28473,26860,33142,33791,53077,54536,65944,67607,50464,55976,35536,46082,10961,20824,5623,5749,13086,13741,14478,17458,18956,24697,27382,31011,32102,36188,26888,35687,10443,19798,427935,240450,68462,32939,104702,48224,11666,17,20
2021-06-18T23:59:59+02:00,206,179,14576,14363,28373,26795,31894,32883,52710,54229,65811,67513,50433,55942,35518,46056,10957,20820,5552,5672,12988,13657,14314,17334,18720,24468,26562,30344,31897,35952,26822,35612,10439,19791,427447,237509,65486,32818,104693,48170,11615,17,20
2021-06-17T23:59:59+02:00,192,163,14206,14100,27779,26549,31405,32622,51922,53663,65384,67246,50352,55843,35485,46015,10951,20808,5176,5413,12204,13185,13528,16723,17628,23542,24408,28379,31256,35217,26624,35335,10422,19777,424256,228510,65481,32540,104669,47491,10264,15,20
2021-06-16T23:59:59+02:00,163,135,13779,13701,27315,26195,30967,32266,51110,52959,64932,66859,50235,55723,35456,45958,10940,20796,4812,4972,11482,12508,12739,16030,16527,22421,21443,25514,30190,34013,26328,34932,10407,19736,419408,214472,65439,32512,104663,47094,9964,15,20
2021-06-15T23:59:59+02:00,102,82,13151,13082,26563,25617,30184,31673,49858,51895,64221,66335,50056,55528,35388,45846,10931,20777,4316,4340,10512,11572,11586,14651,14796,20717,18017,22212,28819,32577,25943,34413,10381,19692,411702,195857,65423,32397,104657,46786,9492,15,20
2021-06-14T23:59:59+02:00,72,61,12747,12710,26156,25292,29523,31210,48062,50427,63170,65502,49841,55303,35311,45770,10923,20765,4216,4287,10337,11443,11446,14519,14618,20596,17825,22054,28749,32497,25924,34386,10377,19689,403838,195423,65414,32126,104655,46479,8923,15,20
2021-06-13T23:59:59+02:00,71,60,12706,12666,26082,25260,29460,31183,48008,50402,63134,65478,49834,55300,35309,45767,10922,20762,4062,4210,10010,11315,11123,14408,14323,20484,17425,21711,27238,30857,25784,34191,10373,19678,403636,194687,65339,27456,104648,46271,8766,15,20
2021-06-12T23:59:59+02:00,71,59,12689,12650,26068,25250,29449,31171,47949,50332,63092,65442,49833,55297,35309,45767,10922,20762,4060,4200,9994,11301,11115,14394,14304,20467,17405,21702,27197,30812,25779,34185,10373,19678,403345,194504,65339,27454,104647,46230,8766,15,20
2021-06-11T23:59:59+02:00,69,56,12590,12520,25943,25136,29328,31047,47714,50107,62960,65323,49809,55271,35298,45756,10920,20760,3966,3930,9468,10108,10684,13486,14014,19910,17132,21224,26789,30391,25689,34103,10370,19676,402081,193463,65330,27450,104605,41439,8576,15,20
2021-06-10T23:59:59+02:00,61,49,12346,12308,25625,24855,28983,30780,46643,49092,62225,64754,49724,55178,35264,45704,10910,20747,3698,3566,8699,8858,9783,11840,12712,17157,15347,17627,25083,28475,25393,33801,10364,19652,397213,187968,65278,27011,104405,28726,8337,15,20
2021-06-09T23:59:59+02:00,48,37,12055,11985,25218,24449,28590,30384,44638,47270,61135,63816,49620,55058,35218,45650,10905,20729,3453,3446,8284,8605,9275,11520,12201,16767,14639,17030,21256,24168,25167,33500,10352,19626,389235,176424,65157,26668,104404,28190,7994,15,20
2021-06-08T23:59:59+02:00,42,26,11625,11452,24557,23827,27934,29722,41471,44424,59362,62183,49452,54868,35145,45560,10895,20707,3244,3310,7886,8347,8658,11148,11537,16345,13982,16384,15882,18223,24776,32974,10334,19598,376587,161240,65096,26335,104394,27888,7160,15,12
2021-06-07T23:59:59+02:00,37,19,11464,11263,24207,23553,27658,29515,38844,42496,58933,61821,49418,54837,35133,45539,10893,20701,3148,3242,7579,8171,8341,10972,10963,15895,13479,15906,15806,18145,24747,32924,10332,19591,370948,160924,64669,24510,104385,27487,6315,14,12
2021-06-06T23:59:59+02:00,34,18,11329,11157,23887,23325,27449,29342,37244,41310,58808,61743,49394,54809,35125,45525,10893,20699,3045,3192,7308,8083,8072,10805,10226,15214,12884,15288,15655,18034,24733,32901,10330,19591,370541,160810,61290,21353,104374,27321,5872,14,12
2021-06-05T23:59:59+02:00,34,17,11311,11140,23844,23290,27414,29316,37217,41296,58710,61658,49383,54803,35123,45523,10893,20696,3033,3181,7285,8051,8043,10789,10196,15200,12844,15264,15534,17870,24728,32893,10329,19590,370211,160386,61288,21352,104374,27306,5781,14,12
2021-06-04T23:59:59+02:00,34,15,11126,10880,23481,22826,27141,28919,36791,40845,58092,61117,49349,54762,35113,45505,10892,20690,3009,3164,7256,8035,8022,10771,10167,15175,12810,15230,15323,17664,24717,32872,10327,19589,368410,159803,59018,21339,104361,27209,5775,14,12
2021-06-03T23:59:59+02:00,32,14,10906,10664,23024,22434,26717,28584,35696,40018,55334,58767,49220,54604,35070,45441,10887,20675,2920,3083,7048,7880,7565,10474,9141,14545,11567,14532,14143,16197,24540,32655,10315,19570,364474,156453,54096,17622,104311,26902,5193,13,12
2021-06-02T23:59:59+02:00,32,14,10871,10631,22988,22400,26686,28559,35665,39977,55207,58609,49206,54581,35064,45434,10887,20674,2880,3054,6993,7862,7506,10441,8986,14506,11344,14469,12794,14722,24421,32482,10310,19563,363890,152650,54090,17611,104311,26886,5181,13,12
2021-06-01T23:59:59+02:00,19,7,10458,10289,22332,21892,26002,27976,34944,39401,52209,55464,48816,54173,34946,45272,10871,20648,2421,2695,5640,7176,6237,9865,7596,13836,10210,13505,8486,9163,23947,31802,10287,19505,353141,134460,53920,17243,104292,26310,4353,13,12
2021-05-31T23:59:59+02:00,18,6,10184,10061,21759,21495,25594,27724,34623,39198,50761,54068,48717,54048,34913,45231,10864,20640,2311,2571,5354,6931,5977,9644,7231,13595,9954,13345,8435,9101,23921,31755,10279,19492,348414,133690,53881,17122,104268,25751,3328,13,12
2021-05-30T23:59:59+02:00,17,6,10130,10013,21670,21457,25529,27691,34511,39127,50396,53727,48693,54023,34907,45225,10862,20637,2276,2541,5249,6853,5875,9576,7042,13507,9729,13249,8391,9054,23905,31748,10278,19487,347230,133096,53862,16949,104254,25448,3262,13,12
2021-05-29T23:59:59+02:00,16,6,10115,10001,21636,21439,25512,27679,34490,39114,50383,53709,48689,54019,34904,45224,10862,20637,2257,2487,5205,6728,5815,9444,6926,13310,9591,13028,8318,8964,23838,31681,10277,19486,347074,132819,53862,16897,104233,24381,3253,13,12
2021-05-28T23:59:59+02:00,16,6,10057,9933,21561,21331,25433,27560,34413,39014,50306,53610,48668,54001,34896,45214,10862,20633,2173,2220,4587,6186,5194,8722,6555,12347,9095,12031,8142,8767,23470,31201,10276,19483,346229,131326,53851,16799,104175,19073,3246,13,12
2021-05-27T23:59:59+02:00,15,6,9793,9685,21033,20952,24889,27202,33889,38636,49693,53002,48499,53808,34827,45139,10858,20614,1931,1952,4004,5665,4516,8119,6046,11580,8151,10708,7638,8109,21913,29051,10261,19461,341949,125676,53442,15664,104067,14689,3069,13,12
2021-05-26T23:59:59+02:00,15,6,9519,9439,20309,20384,24019,26530,32628,37608,48929,52299,48245,53519,34753,45025,10847,20590,1876,1880,3910,5538,4382,7956,5840,11319,7826,10324,7076,7384,19486,25626,10243,19418,337240,117208,50467,15410,104014,14528,2930,13,12
2021-05-25T23:59:59+02:00,14,6,9254,9205,19896,20027,23581,26139,32120,37093,48035,51323,47947,53204,34670,44886,10835,20560,1810,1832,3790,5439,4245,7811,5631,11096,7514,10005,6453,6546,15373,20260,10223,19360,331669,105045,50387,15366,103941,14184,2785,13,12
2021-05-24T23:59:59+02:00,13,6,9035,9048,19327,19738,22810,25752,30606,36075,47811,51150,47854,53103,34641,44856,10833,20559,1785,1816,3744,5405,4182,7769,5566,11037,7439,9949,6427,6522,15359,20251,10223,19360,330088,104928,46583,15353,103881,13893,2652,13,12
2021-05-23T23:59:59+02:00,13,6,8827,8841,18968,19446,22388,25404,30181,35754,47219,50639,47420,52648,34539,44710,10825,20550,1783,1815,3735,5400,4178,7765,5556,11029,7430,9939,6422,6511,15359,20249,10223,19360,325254,104871,46581,15351,103880,13874,2650,13,12
2021-05-22T23:59:59+02:00,13,6,8796,8804,18918,19403,22341,25372,30128,35724,47110,50569,47401,52626,34536,44701,10822,20550,1782,1812,3722,5387,4174,7759,5552,11023,7423,9935,6420,6509,15357,20249,10223,19360,324711,104839,46581,15351,103879,13853,2636,13,12
2021-05-21T23:59:59+02:00,12,6,8522,8450,18478,18887,21980,24731,29701,34915,46621,49904,47313,52504,34498,44658,10819,20545,1719,1770,3643,5348,4132,7725,5520,10978,7382,9886,6392,6483,15280,20152,10222,19359,319511,104528,46551,15350,103855,13491,2614,13,12
2021-05-20T23:59:59+02:00,12,6,7948,7899,17529,18092,20978,23813,28383,33716,44874,48083,46874,52044,34390,44503,10802,20526,1417,1608,3330,5059,3865,7337,5224,10498,7002,9433,6158,6228,13974,18616,10199,19320,307908,100788,46465,14869,103628,11145,2458,13,12
2021-05-19T23:59:59+02:00,12,6,7682,7584,16924,17486,20080,22940,27156,32457,43079,45995,46343,51489,34238,44283,10781,20496,1353,1525,3127,4845,3659,7086,4999,10145,6705,9102,5875,5894,11777,15775,10182,19261,296772,94575,46425,14398,103581,10090,2240,13,11
2021-05-18T23:59:59+02:00,11,6,7156,7039,15769,16460,18814,21691,25644,30830,40388,42762,45514,50544,34000,43979,10756,20454,1332,1499,3067,4774,3583,6967,4864,10012,6523,8891,5609,5618,10079,13608,10157,19206,280974,89448,45220,14348,103479,9853,2133,11,11
2021-05-17T23:59:59+02:00,11,6,7076,6978,15586,16350,18599,21522,25246,30504,38635,41124,45404,50465,33953,43913,10747,20431,1299,1476,3011,4729,3519,6908,4796,9909,6428,8790,5568,5578,10065,13591,10154,19198,280759,89381,40450,14066,103436,9671,1894,11,11
2021-05-16T23:59:59+02:00,10,5,6961,6926,15466,16262,18470,21416,25063,30389,35652,38354,45368,50430,33931,43889,10744,20426,1275,1458,2967,4687,3471,6851,4710,9841,6332,8710,5538,5541,10053,13575,10152,19195,280480,89333,34299,13798,103315,9561,1657,11,11
2021-05-15T23:59:59+02:00,10,5,6937,6895,15405,16204,18424,21376,24996,30346,35616,38313,45345,50403,33924,43884,10744,20426,1263,1432,2935,4614,3452,6782,4691,9760,6310,8660,5532,5536,10048,13574,10152,19195,279998,89278,34299,13794,103301,9213,1644,11,11
2021-05-14T23:59:59+02:00,10,5,6760,6527,15060,15705,18112,20959,24661,29884,35370,37961,45316,50372,33914,43879,10744,20424,1206,1371,2857,4510,3405,6680,4627,9609,6228,8531,5502,5492,10035,13565,10152,19194,278941,89193,34151,13775,100981,8410,1579,11,11
2021-05-13T23:59:59+02:00,10,5,6410,6211,14304,15121,17406,20330,23803,29143,34602,37291,45028,50029,33835,43754,10740,20413,1029,1287,2661,4401,3286,6559,4486,9440,6106,8388,5459,5454,10020,13549,10148,19189,272539,89045,33827,13694,100767,7425,1291,11,11
2021-05-12T23:59:59+02:00,10,5,6009,5938,13324,14444,16386,19528,23137,28707,34296,37009,44845,49834,33804,43723,10737,20410,1026,1285,2654,4395,3267,6555,4481,9430,6098,8383,5453,5448,10018,13544,10147,19188,266276,88984,33818,13684,100763,7420,1278,11,10
2021-05-11T23:59:59+02:00,10,5,5634,5714,12736,13997,14581,18086,20183,26180,31981,34681,43791,48574,33480,43251,10708,20361,964,1211,2537,4223,3161,6322,4362,9142,5982,8157,5382,5370,9976,13484,10139,19172,248978,88512,33541,13468,100325,6499,1098,11,10
2021-05-10T23:59:59+02:00,10,5,5485,5617,12464,13871,14231,17863,19381,25609,30603,33661,43259,47962,33423,43163,10700,20341,921,1152,2438,4061,3067,6120,4237,8878,5860,7961,5345,5339,9964,13468,10135,19163,243501,88404,33330,13407,100020,5505,786,11,10
2021-05-09T23:59:59+02:00,10,5,5079,5376,11269,13338,13230,17500,18359,25279,30059,33370,43203,47890,33398,43148,10697,20334,897,1122,2339,3956,2977,5981,4105,8703,5766,7856,5337,5325,9957,13464,10130,19160,238167,88359,33258,13365,99680,4917,428,11,9
2021-05-08T23:59:59+02:00,10,5,5068,5367,11247,13319,13204,17481,18329,25246,30019,33327,43195,47879,33397,43144,10697,20334,893,1116,2326,3948,2971,5981,4101,8697,5763,7853,5334,5322,9954,13459,10130,19160,237898,88331,33257,13365,99679,4883,423,11,9
2021-05-07T23:59:59+02:00,10,5,4967,5284,11019,13151,12912,17264,17721,24645,29071,32433,43004,47639,33341,43072,10693,20328,866,1085,2290,3893,2925,5935,4046,8643,5680,7800,5287,5275,9942,13450,10130,19159,235405,88196,31364,13362,99571,4634,208,11,9
2021-05-06T23:59:59+02:00,10,5,4552,5004,10351,12733,12153,16599,16115,23200,26523,30040,42301,46890,33175,42836,10677,20305,810,1030,2153,3643,2757,5626,3852,8170,5484,7478,5236,5222,9919,13422,10128,19151,226641,88014,28015,13048,98754,2965,48,11,9
2021-05-05T23:59:59+02:00,10,5,4239,4777,9756,12287,11434,16017,15014,22173,23674,27281,41323,45785,32893,42449,10659,20264,796,1008,2091,3518,2700,5471,3758,7959,5388,7342,5187,5167,9882,13383,10126,19148,213627,87752,27832,12910,98530,2216,40,11,9
2021-05-04T23:59:59+02:00,10,5,3889,4318,9085,11589,10663,15177,13710,20918,20070,23874,39975,44325,32521,41929,10636,20226,778,978,2024,3401,2630,5336,3666,7808,5293,7219,5149,5121,9852,13354,10124,19145,196556,87536,27814,12611,98505,1691,34,11,9
2021-05-03T23:59:59+02:00,10,4,3647,3895,8674,11094,10185,14552,13175,20263,19348,23227,39710,44074,32442,41826,10633,20211,764,949,1957,3295,2573,5229,3606,7694,5243,7132,5135,5110,9837,13337,10121,19140,190693,87396,27802,12603,98442,1095,22,11,9
2021-05-02T23:59:59+02:00,10,4,3644,3893,8656,11087,10176,14544,13154,20251,19330,23218,39709,44073,32441,41825,10632,20211,760,932,1927,3214,2527,5133,3559,7569,5223,7066,5131,5107,9836,13333,10121,19138,190605,87378,27789,12572,98435,602,18,11,9
2021-05-01T23:59:59+02:00,10,4,3642,3886,8644,11074,10168,14535,13147,20249,19319,23209,39709,44071,32441,41825,10632,20211,759,932,1926,3214,2527,5133,3559,7569,5223,7066,5131,5107,9836,13333,10120,19138,190525,87377,27788,12571,98435,602,17,11,9
2021-04-30T23:59:59+02:00,10,3,3619,3863,8598,11038,10125,14496,13086,20210,19216,23058,39441,43748,32420,41805,10631,20211,756,928,1913,3205,2526,5124,3556,7562,5221,7059,5128,5104,9832,13332,10120,19138,189601,87351,27519,12568,98430,562,17,11,9
2021-04-29T23:59:59+02:00,10,3,3353,3690,8165,10764,9576,14211,12594,19847,18478,22331,36383,40297,32160,41437,10619,20173,743,914,1865,3144,2477,5058,3490,7420,5129,6960,5090,5070,9810,13289,10118,19132,184058,87147,21682,12412,98324,128,16,11,9
2021-04-28T23:59:59+02:00,10,3,3191,3623,7901,10654,9179,14037,12219,19610,17991,21897,32592,35980,31943,41136,10606,20151,726,899,1839,3105,2432,5009,3453,7362,5063,6898,5028,5010,9758,13231,10115,19123,172894,86939,21529,11977,98278,118,11,11,9
2021-04-27T23:59:59+02:00,9,3,3110,3557,7641,10522,8826,13864,11734,19385,17513,21408,27029,29789,31566,40629,10585,20119,716,885,1807,3068,2397,4963,3399,7303,5008,6822,4977,4940,9723,13180,10112,19114,157550,86730,21507,11553,98210,115,11,11,8
2021-04-26T23:59:59+02:00,9,3,3057,3523,7499,10457,8660,13805,11503,19317,16988,21021,26995,29755,31552,40614,10585,20119,693,854,1739,3008,2330,4907,3333,7214,4912,6718,4879,4865,9643,13096,10110,19111,156973,86599,21289,10682,97178,115,11,11,8
2021-04-25T23:59:59+02:00,9,3,3019,3506,7337,10405,8422,13755,11171,19273,16158,20549,25439,28096,31497,40551,10585,20116,693,852,1733,3003,2323,4904,3328,7206,4908,6709,4876,4860,9635,13085,10110,19111,156487,86576,21279,10645,92103,99,11,11,8
2021-04-24T23:59:59+02:00,9,3,3015,3500,7321,10392,8411,13747,11157,19264,16141,20531,25396,28033,31494,40545,10584,20115,693,852,1733,3002,2323,4904,3327,7206,4908,6709,4876,4859,9633,13084,10110,19111,156285,86570,21275,10645,92076,99,11,11,8
2021-04-23T23:59:59+02:00,9,3,2997,3482,7279,10349,8366,13702,11091,19204,16081,20467,24973,27529,31461,40489,10581,20112,684,844,1715,2993,2307,4875,3275,7168,4809,6614,4739,4736,9466,12886,10104,19096,155096,86280,21135,9917,91922,99,11,11,7
2021-04-22T23:59:59+02:00,8,3,2918,3400,7087,10165,7824,13294,9881,18411,14529,19425,22959,25097,31250,40220,10562,20084,619,793,1600,2881,2182,4711,3113,6997,4625,6413,4584,4562,8956,12231,10068,19017,150297,84367,15838,8890,90960,80,11,11,7
2021-04-21T23:59:59+02:00,8,3,2865,3352,6963,10076,7613,13139,9515,18169,14059,18979,20451,21960,30953,39834,10545,20058,570,769,1520,2802,2096,4620,2987,6854,4463,6249,4398,4381,8387,11472,10025,18928,143295,82578,15075,7856,90151,72,11,10,7
2021-04-20T23:59:59+02:00,8,3,2825,3313,6856,9987,7475,13030,9262,17951,13568,18586,17062,17895,30640,39359,10528,20022,540,735,1447,2738,2009,4541,2887,6735,4328,6088,4212,4187,7525,10263,9957,18777,134438,79666,14830,7223,89081,67,11,10,5
2021-04-19T23:59:59+02:00,8,3,2811,3305,6809,9946,7423,12995,9186,17877,13431,18471,16729,17514,30608,39324,10527,20018,480,695,1328,2643,1910,4443,2754,6577,4131,5896,3959,3884,5698,7845,9742,18382,134126,73852,14635,6438,88203,64,11,10,5
2021-04-18T23:59:59+02:00,8,3,2795,3291,6733,9920,7318,12946,8989,17810,12595,18342,15319,16108,30540,39263,10524,20011,474,689,1318,2635,1895,4432,2721,6548,4070,5847,3883,3813,5288,7221,9697,18299,133913,72365,14492,6392,84089,60,11,10,5
2021-04-17T23:59:59+02:00,8,3,2785,3287,6716,9898,7288,12925,8957,17771,12563,18322,15266,16058,30486,39191,10523,20011,474,687,1318,2634,1894,4428,2717,6543,4067,5843,3882,3811,5283,7220,9696,18298,133559,72330,14491,6392,83987,60,11,10,5
2021-04-16T23:59:59+02:00,8,3,2772,3273,6682,9883,7237,12886,8882,17719,12455,18220,15021,15781,29968,38544,10520,20004,474,685,1312,2629,1885,4426,2711,6537,4059,5835,3877,3805,5266,7190,9696,18296,132038,72232,14484,6381,83315,57,11,10,5
2021-04-15T23:59:59+02:00,8,3,2720,3216,6549,9782,7048,12708,8539,17446,11981,17755,13965,14563,27853,35737,10504,19981,465,679,1307,2603,1870,4403,2688,6509,4016,5782,3822,3729,5235,7139,9688,18284,126122,71916,14208,6245,80008,46,10,10,5
2021-04-14T23:59:59+02:00,7,1,2664,3166,6455,9687,6904,12548,8267,17179,11551,17292,12785,13180,23144,29659,10486,19927,461,673,1293,2593,1858,4386,2666,6484,3973,5745,3775,3678,5175,7085,9660,18248,113746,71624,14175,6093,76962,24,10,9,5
2021-04-13T23:59:59+02:00,7,1,2612,3132,6327,9601,6753,12415,7988,16930,11127,16871,10122,10257,20072,25496,10464,19885,445,648,1245,2550,1805,4323,2557,6382,3794,5583,3562,3493,5029,6947,9651,18226,105337,71279,13981,4929,70723,20,10,9,5
2021-04-12T23:59:59+02:00,7,1,2591,3118,6267,9572,6647,12328,7796,16802,10880,16664,8759,8763,19252,24525,10463,19876,439,639,1225,2535,1789,4300,2523,6340,3741,5531,3501,3445,4994,6906,9646,18204,105217,71138,13927,4592,65148,16,10,9,5
2021-04-11T23:59:59+02:00,7,1,2563,3110,6171,9545,6532,12291,7631,16752,10681,16559,7488,7485,17526,22548,10461,19873,439,639,1224,2533,1789,4299,2523,6340,3739,5526,3497,3444,4988,6904,9646,18204,105148,71128,13921,4582,58136,12,10,9,5
2021-04-10T23:59:59+02:00,7,1,2562,3108,6161,9540,6523,12286,7626,16747,10674,16550,7480,7473,17517,22542,10461,19873,438,636,1222,2530,1788,4297,2521,6335,3736,5525,3488,3430,4980,6890,9646,18204,105066,71068,13920,4575,58127,12,9,9,5
2021-04-09T23:59:59+02:00,7,1,2500,3010,6026,9330,6366,12024,7366,16339,10362,16051,7323,7268,17401,22362,10460,19871,433,631,1204,2518,1761,4282,2490,6286,3657,5446,3375,3320,4841,6801,9641,18201,104597,70986,13891,3880,55561,10,9,9,5
2021-04-08T23:59:59+02:00,7,1,2421,2938,5930,9211,6263,11896,7195,16153,10106,15863,7129,7009,16142,20902,10449,19841,426,626,1192,2486,1736,4246,2463,6213,3605,5380,3301,3273,4762,6696,9619,18156,100948,70544,13537,3616,54953,9,9,9,5
2021-04-07T23:59:59+02:00,7,1,2394,2902,5857,9140,6175,11821,7062,16054,9864,15712,6832,6682,13827,17954,10428,19794,421,625,1182,2473,1723,4223,2449,6173,3538,5321,3230,3221,4707,6637,9612,18128,94794,70271,13376,3373,54318,8,9,9,5
2021-04-06T23:59:59+02:00,7,1,2377,2869,5761,9074,6084,11742,6909,15941,9624,15529,6475,6319,11728,15353,10401,19735,418,618,1175,2446,1711,4200,2423,6135,3474,5256,3146,3171,4662,6583,9607,18112,89766,70028,13076,3092,53071,8,7,9,5
2021-04-05T23:59:59+02:00,7,1,2369,2860,5743,9057,6072,11723,6896,15922,9604,15504,6351,6221,10447,14064,10401,19734,414,610,1171,2431,1705,4184,2407,6105,3441,5215,3116,3134,4641,6537,9601,18096,89686,69838,13040,2955,50235,7,6,9,5
2021-04-04T23:59:59+02:00,7,1,2369,2860,5740,9054,6070,11723,6894,15922,9602,15503,6346,6217,10447,14062,10401,19734,414,609,1171,2430,1705,4184,2406,6105,3441,5215,3116,3134,4639,6537,9601,18096,89677,69834,13038,2954,50222,7,6,9,5
2021-04-03T23:59:59+02:00,7,1,2367,2852,5732,9047,6065,11719,6891,15918,9599,15501,6343,6212,10440,14059,10401,19734,414,609,1171,2430,1705,4184,2406,6105,3441,5214,3116,3134,4639,6537,9601,18096,89620,69833,13037,2954,50216,7,6,9,5
2021-04-02T23:59:59+02:00,7,1,2365,2850,5726,9040,6063,11716,6887,15917,9595,15499,6339,6206,10426,14030,10400,19733,412,607,1170,2430,1704,4183,2405,6105,3440,5207,3090,3117,4629,6528,9601,18096,89537,69756,13034,2953,50215,7,6,8,5
2021-04-01T23:59:59+02:00,7,1,2344,2847,5695,9011,6020,11674,6844,15862,9540,15443,6246,6109,10131,13683,10377,19685,410,591,1167,2424,1697,4172,2389,6088,3414,5186,3027,3068,4569,6456,9526,17983,88550,69203,13013,2950,49943,7,5,8,5
2021-03-31T23:59:59+02:00,7,1,2310,2820,5619,8945,5952,11581,6741,15750,9406,15309,6101,5966,9581,12945,10335,19595,405,585,1161,2413,1690,4156,2382,6075,3394,5152,2995,3035,4522,6397,9470,17882,86576,68754,12800,2948,49576,7,4,8,4
2021-03-30T23:59:59+02:00,7,1,2290,2804,5572,8887,5889,11506,6670,15652,9308,15165,5915,5752,8677,11608,10260,19414,403,583,1158,2409,1677,4139,2364,6053,3360,5108,2938,2967,4435,6298,9339,17643,83508,68053,12419,2810,49440,7,4,6,3
2021-03-29T23:59:59+02:00,6,1,2223,2750,5469,8776,5781,11356,6501,15421,9076,14910,5556,5377,6738,9074,10040,18994,396,579,1147,2398,1664,4127,2339,6026,3330,5051,2868,2902,4317,6194,9135,17311,77419,67099,11609,2674,49012,7,4,5,3
2021-03-28T23:59:59+02:00,6,1,2201,2737,5425,8717,5705,11278,6414,15335,8958,14791,5432,5225,6097,8145,9974,18878,387,573,1132,2382,1639,4100,2292,5964,3274,4959,2783,2823,4201,6049,9063,17174,75125,66639,11351,2148,48834,4,4,5,3
2021-03-27T23:59:59+01:00,6,1,2201,2731,5414,8711,5701,11263,6399,15313,8947,14778,5404,5198,6087,8142,9974,18877,387,573,1130,2381,1638,4095,2288,5961,3265,4952,2778,2820,4185,6024,8983,17027,75018,66332,11351,2147,48769,4,4,5,3
2021-03-26T23:59:59+01:00,6,1,2185,2711,5377,8673,5662,11214,6320,15243,8798,14629,5242,5049,5918,7962,9972,18869,383,565,1124,2368,1622,4066,2260,5925,3231,4898,2717,2757,4001,5768,8278,15852,74673,63698,10520,2109,48629,4,4,5,3
2021-03-25T23:59:59+01:00,6,0,2068,2630,5201,8458,5460,10938,6112,14943,8558,14341,5082,4895,5822,7843,9969,18861,374,551,1103,2342,1598,4037,2214,5867,3158,4820,2619,2655,3628,5274,7148,14118,74218,59610,9572,1889,47389,4,3,5,3
2021-03-24T23:59:59+01:00,6,0,1981,2582,5053,8298,5299,10745,5948,14705,8353,14109,4943,4736,5708,7727,9963,18852,370,540,1090,2314,1565,3981,2155,5802,3070,4719,2485,2540,3203,4657,5749,11897,73843,54587,8410,1543,46747,4,3,5,3
2021-03-23T23:59:59+01:00,6,0,1904,2529,4942,8175,5200,10603,5827,14512,8238,13941,4861,4650,5642,7668,9955,18834,359,515,1071,2279,1532,3923,2111,5712,2988,4628,2396,2445,2753,4025,3855,8686,73449,47877,7663,1395,46367,3,3,5,3
2021-03-22T23:59:59+01:00,6,0,1839,2470,4807,8039,5067,10428,5667,14279,8046,13727,4757,4536,5573,7559,9941,18791,332,498,1042,2241,1487,3850,2045,5602,2886,4477,2282,2293,2235,3343,1339,4565,72952,39351,6625,1161,45947,1,3,5,3
2021-03-21T23:59:59+01:00,6,0,1837,2464,4795,8024,5052,10418,5651,14262,8016,13703,4734,4521,5557,7547,9937,18791,331,498,1036,2227,1478,3821,2027,5564,2860,4427,2241,2245,2193,3302,1322,4520,72929,39211,6575,877,45804,1,2,5,3
2021-03-20T23:59:59+01:00,6,0,1837,2464,4794,8023,5051,10416,5650,14261,8009,13697,4733,4520,5549,7539,9937,18791,331,498,1036,2227,1478,3821,2027,5564,2859,4426,2240,2242,2193,3302,1322,4520,72918,39209,6575,873,45777,1,2,5,3
2021-03-19T23:59:59+01:00,6,0,1784,2216,4278,6728,4642,9434,5380,13704,7785,13295,4607,4423,5479,7473,9937,18791,330,498,1036,2227,1478,3820,2027,5563,2858,4426,2238,2241,2188,3296,1321,4518,72860,39194,6565,867,40530,1,2,5,3
2021-03-18T23:59:59+01:00,6,0,1729,1962,3860,5663,4112,8053,4562,11163,6428,9961,4241,4124,5277,7252,9916,18751,329,495,1029,2214,1471,3795,2000,5524,2833,4402,2217,2226,2163,3267,1316,4509,72430,39002,6503,784,28120,1,2,5,3
2021-03-17T23:59:59+01:00,6,0,1723,1953,3850,5637,4095,8023,4538,11099,6378,9889,4204,4077,5238,7208,9910,18728,326,494,1025,2206,1465,3786,1993,5509,2823,4376,2190,2199,2143,3252,1309,4495,72174,38851,6443,735,27932,1,2,5,3
2021-03-16T23:59:59+01:00,6,0,1701,1919,3791,5556,4024,7916,4409,10937,6173,9689,3981,3888,5098,7050,9904,18707,324,490,1024,2187,1460,3773,1984,5495,2814,4357,2182,2185,2131,3223,1301,4466,71863,38685,5168,706,27711,1,2,5,3
2021-03-15T23:59:59+01:00,6,0,1691,1899,3766,5522,3999,7879,4358,10868,6094,9604,3899,3821,5045,6990,9898,18682,321,486,1015,2170,1452,3767,1968,5459,2796,4329,2167,2153,2106,3161,1293,4428,71639,38466,4810,602,27567,1,0,5,3
2021-03-14T23:59:59+01:00,6,0,1685,1889,3758,5512,3994,7863,4349,10837,6086,9582,3892,3812,5040,6982,9897,18680,321,486,1013,2170,1447,3764,1965,5457,2778,4323,2161,2151,2095,3151,1289,4426,71607,38457,4794,537,27458,1,0,5,3
2021-03-13T23:59:59+01:00,6,0,1682,1884,3745,5489,3987,7854,4329,10826,6072,9566,3889,3809,5037,6979,9897,18680,321,486,1013,2170,1447,3764,1965,5456,2778,4322,2160,2150,2095,3149,1281,4421,71583,38438,4789,537,27354,1,0,5,3
2021-03-12T23:59:59+01:00,5,0,1643,1827,3231,5342,3472,7740,4195,10700,5846,9277,3723,3663,4896,6871,9872,18633,316,464,1009,2140,1439,3740,1945,5385,2725,4237,1981,1995,2035,3099,1274,4415,71371,37668,4069,529,25491,0,0,5,3
2021-03-11T23:59:59+01:00,5,0,1534,1691,2845,5081,3035,7484,3915,10287,5217,8383,3499,3487,4790,6754,9834,18583,315,463,1006,2127,1436,3720,1938,5366,2716,4220,1974,1987,2021,3082,1269,4397,70808,37546,3807,489,21804,0,0,5,3
2021-03-10T23:59:59+01:00,5,0,1504,1659,2806,5036,2999,7425,3859,10200,5109,8266,3373,3383,4675,6640,9791,18516,313,462,1004,2124,1434,3709,1934,5353,2704,4200,1957,1980,1996,3050,1258,4383,70399,37465,3477,394,21365,0,0,5,3
2021-03-09T23:59:59+01:00,5,0,1495,1643,2773,5011,2978,7381,3821,10140,5031,8186,3276,3300,4595,6551,9685,18306,310,461,1000,2118,1427,3696,1908,5331,2662,4170,1916,1955,1945,3022,1246,4374,69808,37435,3210,104,21154,0,0,5,3
2021-03-08T23:59:59+01:00,5,0,1480,1629,2744,4984,2952,7351,3798,10092,5007,8124,3235,3260,4521,6487,9511,18007,310,461,998,2114,1419,3680,1891,5298,2643,4142,1897,1936,1920,2999,1240,4355,69020,37287,3201,14,20961,0,0,5,3
2021-03-07T23:59:59+01:00,5,0,1467,1619,2714,4939,2918,7303,3765,10030,4964,8063,3200,3227,4456,6387,9435,17863,310,460,997,2113,1418,3675,1888,5288,2642,4137,1893,1933,1916,2995,1237,4347,68484,37235,3147,12,20719,0,0,5,3
2021-03-06T23:59:59+01:00,5,0,1466,1617,2708,4928,2915,7294,3757,10023,4946,8047,3190,3217,4433,6348,9347,17694,310,460,995,2110,1418,3673,1882,5279,2640,4135,1888,1925,1910,2993,1236,4344,68094,37185,3147,12,20689,0,0,5,2
2021-03-05T23:59:59+01:00,5,0,1393,1538,2610,4766,2858,7137,3672,9816,4845,7851,3140,3158,4217,6062,8643,16507,310,460,993,2108,1413,3668,1880,5278,2636,4128,1879,1921,1905,2990,1231,4341,65453,37128,3144,12,19616,0,0,5,2
2021-03-04T23:59:59+01:00,5,0,1220,1434,2440,4566,2687,6867,3504,9470,4587,7509,3024,3034,3856,5605,7481,14695,309,452,984,2084,1397,3628,1852,5225,2608,4081,1851,1896,1872,2935,1204,4295,61261,36660,3141,12,17577,0,0,5,2
2021-03-03T23:59:59+01:00,5,0,1187,1381,2361,4458,2627,6743,3417,9305,4490,7365,2938,2964,3483,5006,6098,12514,305,443,972,2061,1385,3600,1838,5175,2554,4027,1802,1861,1847,2905,1189,4267,56221,36218,3115,12,17002,0,0,4,2
2021-03-02T23:59:59+01:00,5,0,1153,1344,2301,4400,2576,6652,3335,9182,4353,7215,2824,2837,3001,4341,4103,9162,300,434,967,2034,1372,3556,1823,5120,2522,4001,1792,1847,1828,2879,1178,4240,49193,35880,2867,12,16721,0,0,3,2
2021-03-01T23:59:59+01:00,5,0,1094,1314,2239,4337,2503,6565,3241,9055,4211,7027,2693,2700,2433,3600,1394,4716,299,431,960,2022,1361,3537,1815,5105,2510,3985,1776,1837,1811,2860,1166,4212,40160,35674,2478,12,16486,0,0,3,2
2021-02-28T23:59:59+01:00,5,0,1060,1300,2197,4300,2473,6522,3193,8998,4149,6968,2626,2654,2385,3569,1386,4696,299,430,957,2017,1359,3524,1812,5091,2504,3977,1769,1826,1798,2849,1159,4197,40064,35555,2186,12,16228,0,0,3,2
2021-02-27T23:59:59+01:00,5,0,1018,1217,2132,4057,2415,6288,3129,8700,4058,6714,2571,2597,2365,3545,1383,4696,299,430,956,2017,1359,3524,1812,5090,2503,3977,1769,1825,1796,2849,1159,4197,39958,35549,2185,12,14744,0,0,3,2
2021-02-26T23:59:59+01:00,4,0,851,963,1930,3664,2253,5620,2912,7778,3747,5920,2522,2544,2347,3531,1380,4694,299,430,956,2014,1357,3522,1810,5089,2501,3976,1769,1822,1789,2848,1157,4190,39943,35516,2098,12,10616,0,0,3,2
2021-02-25T23:59:59+01:00,4,0,508,806,1650,3465,2070,5315,2716,7380,3520,5617,2441,2467,2307,3470,1376,4680,289,409,931,1964,1327,3453,1780,5008,2472,3912,1744,1795,1751,2804,1130,4150,39748,34907,1841,11,8200,0,0,3,2
2021-02-24T23:59:59+01:00,3,0,488,788,1615,3368,2008,5185,2656,7197,3454,5475,2375,2420,2272,3441,1367,4647,280,405,916,1930,1313,3399,1767,4947,2448,3867,1733,1777,1742,2785,1118,4123,39560,34546,1672,3,7524,0,0,3,2
2021-02-23T23:59:59+01:00,3,0,469,752,1554,3265,1953,5045,2578,7066,3368,5370,2315,2361,2237,3384,1352,4616,278,401,911,1915,1306,3369,1758,4916,2427,3835,1713,1757,1722,2750,1103,4070,39414,34227,1401,3,6870,0,0,3,2
2021-02-22T23:59:59+01:00,2,0,453,721,1499,3164,1914,4906,2519,6848,3307,5226,2307,2265,2222,3305,1348,4571,277,398,908,1904,1298,3342,1741,4880,2413,3805,1694,1738,1695,2722,1088,4025,39203,33926,1138,1,6233,0,0,3,2
2021-02-21T23:59:59+01:00,2,0,445,683,1441,3022,1866,4756,2466,6689,3224,5122,2271,2232,2195,3285,1338,4566,277,397,905,1896,1297,3333,1737,4870,2409,3796,1692,1735,1694,2720,1088,4024,39161,33868,905,1,5534,0,0,3,2
2021-02-20T23:59:59+01:00,2,0,441,678,1433,3018,1860,4756,2463,6686,3220,5118,2268,2231,2195,3284,1337,4566,277,397,905,1895,1297,3332,1737,4870,2408,3795,1691,1734,1691,2720,1087,4022,39157,33856,901,1,5495,0,0,3,2
2021-02-19T23:59:59+01:00,1,0,420,641,1404,2956,1833,4702,2422,6586,3133,5000,2088,2069,2132,3235,1332,4560,275,396,903,1893,1296,3331,1737,4865,2405,3794,1689,1732,1689,2719,1087,4021,38405,33831,882,1,5224,0,0,3,1
2021-02-18T23:59:59+01:00,1,0,395,585,1299,2713,1729,4458,2284,6324,3031,4818,2059,2053,2116,3218,1327,4552,275,390,895,1860,1287,3292,1719,4817,2386,3758,1677,1721,1672,2707,1075,4003,38331,33533,809,1,3819,0,0,3,1
2021-02-17T23:59:59+01:00,1,0,379,554,1260,2583,1673,4283,2214,6081,2972,4669,2040,2034,2093,3198,1312,4543,266,373,860,1775,1244,3163,1658,4658,2312,3622,1600,1652,1598,2597,1026,3886,38175,32289,758,1,2953,0,0,3,1
2021-02-16T23:59:59+01:00,1,0,361,524,1205,2463,1623,4147,2135,5896,2891,4533,2031,2030,2085,3191,1307,4532,258,356,839,1694,1189,3027,1597,4454,2240,3445,1550,1598,1537,2497,999,3758,38115,31037,728,1,2109,0,0,3,1
2021-02-15T23:59:59+01:00,1,0,351,502,1132,2319,1578,4074,2103,5843,2863,4492,2012,2014,2064,3161,1300,4512,251,337,816,1649,1157,2951,1541,4319,2169,3325,1475,1534,1483,2390,957,3581,38010,29934,618,1,1690,0,0,3,1
2021-02-14T23:59:59+01:00,1,0,343,497,1108,2263,1515,3910,2061,5751,2832,4453,2006,2012,2053,3152,1298,4505,244,332,798,1622,1141,2912,1499,4267,2131,3295,1459,1513,1459,2354,942,3539,37991,29506,553,1,1213,0,0,3,1
2021-02-13T23:59:59+01:00,1,0,343,497,1107,2263,1515,3909,2059,5750,2832,4453,2005,2010,2052,3152,1297,4502,244,332,798,1622,1141,2912,1498,4265,2131,3295,1457,1510,1458,2353,942,3538,37980,29495,553,1,1212,0,0,2,1
2021-02-12T23:59:59+01:00,1,0,339,494,1090,2254,1510,3895,2054,5741,2829,4447,1991,2000,2046,3139,1292,4499,243,331,792,1617,1135,2903,1481,4246,2112,3282,1444,1494,1443,2322,935,3505,37913,29284,545,1,1161,0,0,2,1
2021-02-11T23:59:59+01:00,1,0,319,470,1026,2156,1456,3768,1960,5477,2744,4328,1961,1967,2006,3074,1267,4443,223,305,743,1512,1055,2677,1357,3889,1928,2975,1257,1287,1275,2046,829,3155,37524,26512,508,1,389,0,0,2,1
2021-02-10T23:59:59+01:00,1,0,313,461,1004,2116,1418,3689,1906,5315,2649,4147,1892,1917,1963,3035,1249,4417,199,259,650,1323,928,2294,1169,3285,1689,2560,1098,1113,1129,1802,722,2815,37116,23034,373,1,1,0,0,2,1
2021-02-09T23:59:59+01:00,1,0,307,451,996,2084,1402,3637,1862,5248,2582,4091,1836,1881,1895,2982,1228,4396,165,199,551,1063,780,1850,964,2675,1425,2148,952,953,941,1523,606,2402,36816,19197,60,0,1,0,0,2,1
2021-02-08T23:59:59+01:00,1,0,306,449,993,2077,1392,3620,1854,5225,2563,4075,1822,1869,1877,2964,1221,4371,114,164,451,850,617,1434,765,2025,1149,1662,766,777,749,1205,483,1953,36660,15164,16,0,1,0,0,2,1
2021-02-07T23:59:59+01:00,1,0,306,449,992,2075,1391,3615,1851,5222,2556,4072,1816,1860,1861,2957,1217,4365,105,145,401,704,543,1259,686,1810,1053,1515,693,697,673,1084,418,1736,36591,13522,13,0,0,0,0,2,1
2021-02-06T23:59:59+01:00,1,0,306,449,991,2074,1391,3612,1851,5220,2556,4069,1816,1859,1856,2955,1214,4363,105,144,396,701,538,1235,670,1791,1042,1493,690,693,668,1080,417,1732,36568,13396,13,0,0,0,0,2,0
2021-02-05T23:59:59+01:00,1,0,306,448,989,2071,1387,3603,1847,5206,2550,4063,1815,1858,1848,2947,1205,4350,101,137,381,683,521,1206,638,1739,994,1430,653,643,623,1006,391,1644,36479,12791,13,0,0,0,0,2,0
2021-02-04T23:59:59+01:00,1,0,299,431,978,2039,1368,3550,1828,5129,2535,4015,1799,1838,1823,2912,1188,4319,76,106,282,461,360,813,454,1176,682,971,505,469,482,795,305,1312,36037,9250,13,0,0,0,0,2,0
2021-02-03T23:59:59+01:00,1,0,295,422,960,2012,1352,3512,1815,5080,2501,3972,1779,1815,1807,2888,1175,4305,60,82,236,395,290,634,347,919,522,724,339,325,346,568,218,959,35676,6965,13,0,0,0,0,2,0
2021-02-02T23:59:59+01:00,1,0,290,415,954,1984,1344,3480,1804,5034,2478,3937,1761,1799,1781,2847,1154,4258,39,63,181,312,243,485,265,736,377,556,235,208,221,377,150,627,35306,5075,13,0,0,0,0,2,0
2021-02-01T23:59:59+01:00,1,0,289,413,949,1977,1341,3464,1796,5014,2470,3918,1754,1788,1766,2832,1148,4245,19,39,134,227,168,310,169,490,236,321,119,105,96,184,69,277,35150,2963,13,0,0,0,0,2,0
2021-01-31T23:59:59+01:00,1,0,288,412,947,1970,1338,3455,1793,4995,2466,3903,1750,1780,1762,2825,1146,4236,18,34,116,199,151,268,152,410,200,277,100,91,88,157,61,243,35052,2565,13,0,0,0,0,2,0
2021-01-30T23:59:59+01:00,1,0,288,412,947,1970,1338,3455,1793,4995,2466,3903,1749,1780,1762,2824,1146,4235,18,34,115,199,151,266,149,407,199,276,99,90,88,157,61,243,35049,2552,13,0,0,0,0,2,0
2021-01-29T23:59:59+01:00,1,0,286,409,945,1968,1337,3447,1787,4986,2463,3900,1743,1773,1753,2814,1139,4214,16,33,114,190,142,258,137,379,168,249,72,66,79,136,56,211,34951,2306,13,0,0,0,0,1,0
2021-01-28T23:59:59+01:00,1,0,282,401,925,1913,1313,3383,1762,4924,2435,3839,1721,1753,1722,2783,1121,4179,0,0,9,19,8,18,11,46,7,22,7,3,7,9,2,13,34444,181,12,0,0,0,0,1,0
2021-01-27T23:59:59+01:00,1,0,277,383,892,1833,1279,3269,1700,4801,2375,3739,1665,1705,1678,2717,1085,4097,0,0,4,6,5,11,7,20,3,12,6,3,7,9,2,12,33487,107,8,0,0,0,0,1,0
2021-01-26T23:59:59+01:00,1,0,271,374,882,1820,1265,3231,1683,4744,2345,3673,1634,1673,1641,2647,1068,4015,0,0,4,6,5,11,7,20,3,12,6,3,7,9,2,12,32960,107,6,0,0,0,0,1,0
2021-01-25T23:59:59+01:00,1,0,260,350,840,1701,1195,3067,1593,4473,2241,3464,1576,1620,1589,2563,1022,3847,0,0,1,3,1,3,4,3,3,5,6,3,6,8,2,12,31399,60,2,0,0,0,0,1,0
2021-01-24T23:59:59+01:00,1,0,257,347,829,1682,1185,3045,1562,4440,2215,3443,1565,1612,1579,2552,1017,3840,0,0,1,2,1,3,4,3,3,5,6,3,6,8,2,12,31168,59,2,0,0,0,0,1,0
2021-01-23T23:59:59+01:00,1,0,257,347,829,1682,1184,3044,1562,4436,2214,3442,1564,1612,1578,2551,1016,3835,0,0,1,2,1,3,4,3,3,5,6,3,6,8,2,12,31151,59,2,0,0,0,0,1,0
2021-01-22T23:59:59+01:00,1,0,256,345,823,1679,1180,3039,1559,4429,2202,3437,1552,1601,1572,2532,1011,3816,0,0,1,2,1,3,4,3,3,5,6,3,6,8,2,12,31031,59,2,0,0,0,0,1,0
2021-01-21T23:59:59+01:00,1,0,245,335,796,1613,1155,2912,1503,4268,2122,3302,1454,1499,1440,2369,932,3635,0,0,1,2,1,3,4,2,3,5,4,2,5,8,1,12,29578,53,2,0,0,0,0,1,0
2021-01-20T23:59:59+01:00,1,0,222,291,724,1456,1065,2598,1367,3808,1949,2948,1333,1353,1320,2174,861,3415,0,0,1,2,1,3,4,2,3,5,4,2,5,8,1,12,26882,53,2,0,0,0,0,1,0
2021-01-19T23:59:59+01:00,1,0,191,235,625,1208,919,2152,1147,3191,1668,2518,1153,1155,1094,1838,716,2902,0,0,1,1,1,2,4,1,2,5,4,2,5,8,1,12,22710,49,2,0,0,0,0,1,0
2021-01-18T23:59:59+01:00,1,0,133,185,491,947,710,1637,879,2321,1298,1906,903,924,875,1457,560,2313,0,0,0,0,0,0,0,0,1,2,2,1,0,0,0,0,17538,6,1,0,0,0,0,1,0
2021-01-17T23:59:59+01:00,1,0,120,159,431,776,625,1415,778,2068,1186,1717,839,845,795,1321,501,2106,0,0,0,0,0,0,0,0,0,1,0,0,0,0,0,0,15682,1,0,0,0,0,0,1,0
2021-01-16T23:59:59+01:00,1,0,120,158,427,775,623,1407,768,2064,1178,1710,837,840,790,1310,493,2091,0,0,0,0,0,0,0,0,0,0,0,0,0,0,0,0,15592,0,0,0,0,0,0,0,0
2021-01-15T23:59:59+01:00,1,0,110,152,415,754,597,1369,736,1986,1117,1629,793,788,747,1225,463,1977,0,0,0,0,0,0,0,0,0,0,0,0,0,0,0,0,14859,0,0,0,0,0,0,0,0
2021-01-14T23:59:59+01:00,1,0,76,112,298,487,395,884,508,1278,762,1068,579,546,543,903,353,1501,0,0,0,0,0,0,0,0,0,0,0,0,0,0,0,0,10294,0,0,0,0,0,0,0,0
2021-01-13T23:59:59+01:00,1,0,59,85,246,410,319,667,378,978,556,761,365,344,362,614,246,1037,0,0,0,0,0,0,0,0,0,0,0,0,0,0,0,0,7428,0,0,0,0,0,0,0,0
2021-01-12T23:59:59+01:00,0,0,48,69,200,352,257,542,278,804,405,596,245,217,227,406,166,691,0,0,0,0,0,0,0,0,0,0,0,0,0,0,0,0,5503,0,0,0,0,0,0,0,0
2021-01-11T23:59:59+01:00,0,0,32,50,174,303,210,441,218,647,297,420,150,126,129,248,88,397,0,0,0,0,0,0,0,0,0,0,0,0,0,0,0,0,3930,0,0,0,0,0,0,0,0
2021-01-10T23:59:59+01:00,0,0,24,41,152,254,180,363,179,536,248,359,129,106,114,204,77,320,0,0,0,0,0,0,0,0,0,0,0,0,0,0,0,0,3286,0,0,0,0,0,0,0,0
2021-01-09T23:59:59+01:00,0,0,24,41,151,252,179,361,177,530,247,358,128,105,114,204,77,320,0,0,0,0,0,0,0,0,0,0,0,0,0,0,0,0,3268,0,0,0,0,0,0,0,0
2021-01-08T23:59:59+01:00,0,0,22,40,149,243,171,351,164,499,218,332,104,89,109,189,71,298,0,0,0,0,0,0,0,0,0,0,0,0,0,0,0,0,3049,0,0,0,0,0,0,0,0
2021-01-07T23:59:59+01:00,0,0,1,0,4,9,8,13,10,6,16,11,10,9,14,21,2,32,0,0,0,0,0,0,0,0,0,0,0,0,0,0,0,0,166,0,0,0,0,0,0,0,0
2021-01-06T23:59:59+01:00,0,0,0,0,1,3,1,5,5,2,3,6,6,2,7,10,1,14,0,0,0,0,0,0,0,0,0,0,0,0,0,0,0,0,66,0,0,0,0,0,0,0,0
2021-01-05T23:59:59+01:00,0,0,0,0,1,3,1,5,5,2,3,5,6,2,6,9,1,13,0,0,0,0,0,0,0,0,0,0,0,0,0,0,0,0,62,0,0,0,0,0,0,0,0
2021-01-04T23:59:59+01:00,0,0,0,0,1,3,1,4,4,2,3,5,6,2,5,8,1,13,0,0,0,0,0,0,0,0,0,0,0,0,0,0,0,0,58,0,0,0,0,0,0,0,0
2021-01-03T23:59:59+01:00,0,0,0,0,1,2,1,4,4,2,3,5,5,2,5,8,1,13,0,0,0,0,0,0,0,0,0,0,0,0,0,0,0,0,56,0,0,0,0,0,0,0,0
2021-01-02T23:59:59+01:00,0,0,0,0,1,2,1,4,4,2,3,5,5,2,5,8,1,13,0,0,0,0,0,0,0,0,0,0,0,0,0,0,0,0,56,0,0,0,0,0,0,0,0
2021-01-01T23:59:59+01:00,0,0,0,0,1,2,1,3,4,2,3,5,5,2,5,8,1,13,0,0,0,0,0,0,0,0,0,0,0,0,0,0,0,0,55,0,0,0,0,0,0,0,0
2020-12-31T23:59:59+01:00,0,0,0,0,1,2,1,3,4,2,3,5,5,2,5,8,1,13,0,0,0,0,0,0,0,0,0,0,0,0,0,0,0,0,55,0,0,0,0,0,0,0,0
2020-12-30T23:59:59+01:00,0,0,0,0,1,2,1,3,4,2,3,5,5,2,5,8,1,13,0,0,0,0,0,0,0,0,0,0,0,0,0,0,0,0,55,0,0,0,0,0,0,0,0
2020-12-29T23:59:59+01:00,0,0,0,0,1,1,1,2,4,1,2,5,5,2,5,8,1,13,0,0,0,0,0,0,0,0,0,0,0,0,0,0,0,0,51,0,0,0,0,0,0,0,0
2020-12-28T23:59:59+01:00,0,0,0,0,1,1,1,1,2,0,1,5,4,1,1,0,0,2,0,0,0,0,0,0,0,0,0,0,0,0,0,0,0,0,20,0,0,0,0,0,0,0,0
2020-12-27T23:59:59+01:00,0,0,0,0,1,1,1,1,2,0,0,3,2,0,1,0,0,2,0,0,0,0,0,0,0,0,0,0,0,0,0,0,0,0,14,0,0,0,0,0,0,0,0
