Datum,<24_1_m,<24_1_w,25-34_1_m,25-34_1_w,35-44_1_m,35-44_1_w,45-54_1_m,45-54_1_w,55-64_1_m,55-64_1_w,65-74_1_m,65-74_1_w,75-84_1_m,75-84_1_w,>84_1_m,>84_1_w,<24_2_m,<24_2_w,25-34_2_m,25-34_2_w,35-44_2_m,35-44_2_w,45-54_2_m,45-54_2_w,55-64_2_m,55-64_2_w,65-74_2_m,65-74_2_w,75-84_2_m,75-84_2_w,>84_2_m,>84_2_w,bp_1,bp_2,mo_1,mo_2,az_1,az_2,ja
2021-05-04T23:59:59+02:00,3987,5024,8690,11256,10087,15213,13724,21000,20893,24378,38273,42882,30626,40178,8954,17753,850,1197,1976,3371,2544,5360,3683,7693,5170,6664,4791,4816,10870,15140,8416,16664,192377,85867,26718,11696,93812,1631,11
2021-05-03T23:59:59+02:00,3746,4592,8306,10792,9644,14634,13195,20395,20252,23814,38057,42669,30560,40096,8951,17739,836,1158,1913,3272,2497,5263,3635,7594,5127,6600,4779,4807,10858,15126,8414,16659,186982,85752,26705,11689,93750,1092,5
2021-05-02T23:59:59+02:00,3742,4589,8289,10785,9635,14627,13177,20386,20241,23809,38056,42668,30559,40095,8950,17739,830,1135,1882,3191,2452,5164,3587,7469,5109,6543,4777,4804,10857,15122,8414,16657,186907,85735,26695,11659,93743,597,2
2021-05-01T23:59:59+02:00,3738,4574,8275,10778,9628,14617,13168,20383,20230,23801,38056,42665,30559,40095,8950,17739,830,1135,1881,3191,2452,5164,3587,7469,5109,6543,4777,4804,10857,15122,8414,16657,186817,85735,26695,11659,93743,597,1
2021-04-30T23:59:59+02:00,3712,4544,8233,10748,9587,14587,13108,20346,20123,23616,37803,42382,30542,40077,8949,17739,824,1131,1872,3184,2450,5155,3585,7462,5106,6538,4775,4802,10853,15121,8414,16657,185927,85714,26428,11658,93740,556,1
2021-04-29T23:59:59+02:00,3428,4358,7818,10491,9097,14315,12620,19983,18939,22320,35472,39803,30359,39797,8940,17710,810,1110,1818,3120,2408,5089,3519,7326,5017,6454,4750,4772,10834,15091,8412,16652,180595,85545,21207,11499,93647,137,1
2021-04-28T23:59:59+02:00,3254,4286,7573,10382,8723,14141,12256,19748,18386,21783,31936,35775,30182,39567,8930,17691,792,1092,1794,3081,2367,5049,3486,7274,4955,6391,4692,4717,10789,15045,8410,16645,169953,85371,21055,11084,93604,123,1
2021-04-27T23:59:59+02:00,3153,4213,7320,10248,8389,13981,11755,19509,17851,21196,26621,29832,29890,39171,8913,17666,775,1078,1766,3044,2334,5002,3438,7220,4898,6315,4645,4656,10759,14995,8407,16639,155131,85184,21035,10665,93541,121,1
2021-04-26T23:59:59+02:00,3086,4171,7181,10188,8233,13916,11524,19447,17376,20830,26602,29805,29880,39163,8913,17666,751,1049,1708,2985,2273,4956,3374,7137,4802,6214,4551,4588,10695,14924,8406,16636,154565,85076,20815,9851,92600,121,1
2021-04-25T23:59:59+02:00,3042,4147,7020,10141,7998,13869,11195,19407,15761,19386,26055,29264,29837,39109,8913,17664,751,1047,1702,2983,2267,4953,3372,7132,4798,6205,4549,4585,10688,14916,8406,16636,154093,85062,20803,9813,87911,114,1
2021-04-24T23:59:59+02:00,3034,4139,7004,10128,7989,13862,11180,19397,15740,19369,26014,29201,29834,39104,8913,17664,751,1047,1702,2982,2266,4953,3372,7132,4798,6205,4549,4584,10687,14915,8406,16636,153889,85057,20800,9813,87882,114,1
2021-04-23T23:59:59+02:00,3012,4116,6970,10088,7945,13815,11112,19341,15674,19291,25606,28711,29802,39059,8911,17661,741,1038,1688,2975,2249,4927,3317,7091,4702,6107,4413,4462,10535,14733,8400,16623,152718,84774,20666,9112,87729,114,1
2021-04-22T23:59:59+02:00,2922,4013,6770,9914,7413,13391,9926,18534,14348,18372,23675,26341,29633,38854,8896,17637,669,976,1590,2876,2136,4788,3152,6928,4523,5920,4281,4303,10034,14097,8372,16561,148050,82918,15801,8222,86787,65,1
2021-04-21T23:59:59+02:00,2861,3959,6641,9830,7214,13241,9561,18285,13893,17897,21274,23336,29409,38565,8879,17617,618,948,1524,2798,2058,4702,3035,6793,4372,5772,4122,4154,9483,13339,8338,16489,141429,81136,15035,7350,85997,58,1
2021-04-20T23:59:59+02:00,2813,3919,6541,9748,7080,13129,9303,18065,13438,17453,18013,19454,29171,38186,8867,17586,582,915,1449,2728,1983,4623,2928,6670,4242,5624,3937,3949,8660,12187,8281,16365,133028,78350,14794,6719,84943,53,1
2021-04-19T23:59:59+02:00,2798,3911,6499,9710,7027,13097,9233,17994,13299,17323,17702,19093,29142,38157,8867,17581,506,870,1352,2634,1881,4530,2799,6509,4054,5450,3707,3665,6945,9872,8114,16034,132724,72878,14606,5993,84102,50,1
2021-04-18T23:59:59+02:00,2781,3897,6419,9685,6920,13050,9041,17930,12468,17173,16502,17837,29094,38113,8863,17575,501,865,1343,2626,1865,4524,2764,6483,3998,5399,3633,3599,6552,9263,8081,15971,132517,71469,14464,5950,80366,47,1
2021-04-17T23:59:59+02:00,2774,3895,6408,9672,6895,13028,9009,17901,12447,17154,16445,17788,29050,38048,8862,17575,501,863,1343,2624,1864,4521,2759,6477,3995,5394,3632,3598,6547,9263,8080,15970,132217,71433,14464,5950,80269,47,1
2021-04-16T23:59:59+02:00,2755,3881,6373,9655,6847,12991,8929,17842,12318,17031,16162,17464,28598,37466,8861,17570,501,860,1338,2619,1856,4519,2754,6471,3990,5385,3627,3592,6530,9236,8079,15968,130713,71340,14453,5940,79576,44,1
2021-04-15T23:59:59+02:00,2698,3817,6241,9550,6651,12810,8581,17568,11788,16477,14993,16048,26767,35061,8846,17552,494,850,1334,2599,1841,4495,2729,6444,3944,5330,3576,3520,6499,9185,8070,15955,124921,71030,14175,5800,76351,34,1
2021-04-14T23:59:59+02:00,2631,3762,6152,9452,6509,12650,8312,17306,11278,15960,13669,14432,22453,29470,8832,17511,491,843,1326,2592,1830,4477,2703,6423,3909,5288,3521,3476,6444,9127,8050,15930,112881,70765,14139,5648,73358,16,1
2021-04-13T23:59:59+02:00,2574,3719,6025,9366,6373,12520,8019,17061,10812,15498,10934,11310,19703,25759,8812,17477,477,816,1297,2553,1786,4429,2620,6330,3781,5162,3389,3361,6366,9047,8042,15916,104698,70437,13942,4922,67321,12,1
2021-04-12T23:59:59+02:00,2549,3702,5965,9331,6270,12431,7825,16931,10543,15276,9277,9464,19287,25248,8811,17470,469,805,1282,2538,1766,4410,2587,6287,3729,5111,3329,3321,6338,9010,8040,15902,104583,70324,13892,4588,61904,11,1
2021-04-11T23:59:59+02:00,2514,3691,5871,9306,6156,12392,7663,16880,10338,15170,7209,7292,18439,24233,8810,17467,469,805,1281,2536,1766,4410,2586,6287,3728,5108,3324,3320,6334,9007,8040,15902,104519,70316,13882,4578,55030,9,0
2021-04-10T23:59:59+02:00,2512,3689,5861,9301,6149,12387,7658,16875,10327,15160,7202,7282,18431,24228,8810,17467,469,802,1278,2532,1765,4407,2583,6284,3726,5107,3315,3307,6327,8993,8040,15902,104437,70257,13881,4571,55021,9,0
2021-04-09T23:59:59+02:00,2440,3567,5731,9101,5989,12117,7399,16446,10021,14670,7070,7111,18323,24064,8809,17465,465,796,1258,2523,1740,4389,2547,6236,3650,5021,3188,3198,6214,8907,8035,15898,103992,70181,13851,3877,52480,7,0
2021-04-08T23:59:59+02:00,2371,3490,5640,8974,5889,11991,7229,16276,9789,14481,6885,6841,17091,22643,8799,17438,457,790,1246,2498,1715,4352,2520,6172,3593,4966,3116,3149,6138,8801,8016,15862,100407,69770,13500,3615,51920,6,0
2021-04-07T23:59:59+02:00,2340,3449,5573,8903,5803,11928,7094,16174,9550,14330,6577,6495,14833,19780,8781,17397,451,789,1234,2484,1705,4328,2504,6135,3523,4906,3046,3098,6083,8745,8010,15835,94379,69496,13337,3375,51291,5,0
2021-04-06T23:59:59+02:00,2314,3413,5489,8841,5722,11856,6934,16053,9316,14143,6100,6023,12942,17385,8757,17345,449,780,1227,2462,1696,4302,2473,6092,3455,4843,2969,3053,6039,8695,8004,15819,89519,69256,13034,3097,50080,5,0
2021-04-05T23:59:59+02:00,2305,3401,5474,8827,5711,11836,6920,16038,9298,14118,5922,5861,11750,16191,8756,17344,444,771,1225,2446,1689,4287,2453,6059,3420,4803,2942,3013,6020,8654,7998,15803,89447,69063,13000,2960,47305,4,0
2021-04-04T23:59:59+02:00,2305,3401,5474,8824,5709,11836,6918,16038,9296,14117,5917,5858,11750,16190,8756,17344,444,771,1225,2446,1689,4287,2452,6059,3420,4803,2942,3013,6017,8653,7997,15803,89440,69057,13000,2960,47293,4,0
2021-04-03T23:59:59+02:00,2304,3391,5466,8818,5703,11834,6915,16035,9293,14114,5913,5853,11745,16188,8756,17344,444,771,1225,2446,1689,4287,2452,6059,3420,4802,2942,3013,6017,8653,7997,15803,89384,69056,13000,2960,47288,4,0
2021-04-02T23:59:59+02:00,2302,3389,5462,8815,5701,11833,6911,16034,9288,14112,5908,5847,11732,16159,8755,17343,444,771,1224,2446,1688,4287,2452,6059,3419,4797,2931,3008,6015,8650,7997,15803,89305,69028,12998,2959,47288,4,0
2021-04-01T23:59:59+02:00,2278,3382,5434,8783,5657,11789,6868,15980,9228,14054,5813,5751,11439,15811,8735,17302,441,756,1222,2439,1683,4277,2436,6045,3389,4774,2876,2965,5946,8560,7936,15705,88313,68490,12972,2956,47019,4,0
2021-03-31T23:59:59+02:00,2243,3349,5362,8715,5591,11699,6763,15874,9098,13916,5681,5612,10883,15061,8698,17224,434,748,1216,2428,1677,4262,2428,6029,3369,4742,2844,2932,5885,8485,7895,15621,86332,68037,12761,2954,46676,4,0
2021-03-30T23:59:59+02:00,2220,3330,5313,8655,5533,11620,6691,15774,8998,13769,5491,5396,9972,13700,8635,17074,431,746,1210,2422,1668,4248,2409,6007,3333,4695,2782,2858,5781,8369,7786,15404,83248,67329,12378,2816,46545,4,0
2021-03-29T23:59:59+02:00,2146,3270,5214,8540,5427,11471,6528,15543,8765,13515,5142,5025,8020,11151,8449,16707,423,739,1200,2415,1653,4234,2388,5981,3296,4637,2717,2795,5630,8234,7616,15104,77194,66380,11579,2678,46140,4,0
2021-03-28T23:59:59+02:00,2124,3256,5168,8476,5351,11398,6443,15455,8648,13395,5022,4877,7393,10234,8395,16611,414,732,1184,2397,1628,4206,2336,5917,3235,4540,2630,2721,5507,8080,7555,14980,74960,65907,11323,2152,45963,3,0
2021-03-27T23:59:59+01:00,2123,3251,5157,8469,5347,11386,6427,15430,8636,13381,4995,4852,7383,10232,8395,16609,414,732,1182,2397,1627,4200,2331,5914,3229,4534,2626,2717,5482,8030,7482,14855,74856,65597,11323,2152,45894,3,0
2021-03-26T23:59:59+01:00,2105,3225,5121,8433,5307,11338,6345,15352,8484,13229,4828,4704,7233,10070,8393,16602,410,724,1176,2381,1608,4171,2307,5881,3192,4477,2568,2655,5142,7567,6929,13880,74520,62949,10489,2116,45760,3,0
2021-03-25T23:59:59+01:00,1997,3141,4948,8219,5141,11072,6144,15068,8271,12963,4692,4564,7156,9969,8389,16596,402,708,1155,2357,1583,4141,2268,5828,3121,4399,2465,2554,4508,6709,6060,12510,74086,58869,9557,1897,44687,2,0
2021-03-24T23:59:59+01:00,1894,3080,4823,8057,4981,10882,5979,14830,8072,12747,4562,4418,7054,9859,8384,16587,398,697,1141,2329,1552,4094,2214,5757,3035,4308,2339,2443,3794,5659,4972,10746,73741,53927,8401,1549,44067,2,0
2021-03-23T23:59:59+01:00,1814,3021,4717,7937,4893,10740,5857,14643,7960,12587,4484,4337,6992,9806,8376,16572,386,670,1120,2292,1525,4033,2166,5669,2954,4220,2246,2348,3055,4577,3371,7977,73355,47211,7687,1397,43694,1,0
2021-03-22T23:59:59+01:00,1729,2946,4596,7803,4761,10568,5700,14399,7796,12406,4383,4235,6936,9712,8364,16537,359,650,1098,2252,1479,3967,2101,5561,2858,4061,2140,2210,2213,3444,1210,4333,72883,38773,6680,1163,43308,0,0
2021-03-21T23:59:59+01:00,1727,2938,4585,7789,4748,10556,5682,14383,7769,12387,4364,4218,6917,9702,8363,16537,358,650,1092,2239,1471,3935,2088,5526,2829,4010,2100,2163,2174,3401,1197,4292,72864,38633,6629,892,43172,0,0
2021-03-20T23:59:59+01:00,1726,2938,4585,7787,4747,10554,5681,14383,7761,12382,4362,4217,6910,9694,8363,16537,358,650,1092,2239,1471,3935,2088,5526,2827,4009,2099,2160,2174,3401,1197,4292,72854,38631,6629,887,43144,0,0
2021-03-19T23:59:59+01:00,1649,2593,4060,6534,4361,9597,5423,13859,7543,12032,4252,4132,6854,9638,8362,16537,357,650,1092,2239,1471,3934,2088,5525,2826,4009,2097,2158,2168,3395,1196,4290,72801,38615,6619,880,38006,0,0
2021-03-18T23:59:59+01:00,1576,2262,3628,5488,3822,8113,4550,11191,6254,9041,3961,3902,6672,9436,8342,16502,356,645,1084,2227,1465,3909,2059,5484,2802,3988,2080,2142,2143,3367,1192,4283,72371,38426,6551,800,25818,0,0
2021-03-17T23:59:59+01:00,1570,2250,3619,5464,3803,8084,4525,11123,6203,8966,3923,3856,6634,9398,8335,16476,352,643,1080,2221,1460,3899,2050,5467,2788,3962,2058,2113,2122,3351,1186,4267,72101,38271,6490,748,25638,0,0
2021-03-16T23:59:59+01:00,1539,2211,3570,5384,3731,7983,4388,10948,5999,8770,3698,3666,6511,9258,8330,16452,350,638,1079,2203,1455,3886,2040,5453,2778,3942,2051,2100,2109,3325,1179,4236,71792,38105,5216,719,25430,0,0
2021-03-15T23:59:59+01:00,1529,2187,3547,5351,3702,7945,4338,10883,5920,8689,3620,3607,6464,9202,8324,16427,347,632,1070,2188,1448,3881,2025,5414,2762,3918,2031,2064,2087,3267,1171,4200,71566,37893,4863,612,25306,0,0
2021-03-14T23:59:59+01:00,1529,2184,3542,5346,3697,7934,4328,10859,5915,8672,3612,3599,6460,9194,8323,16426,347,632,1067,2187,1444,3879,2022,5412,2743,3912,2026,2062,2074,3256,1167,4198,71535,37885,4847,543,25238,0,0
2021-03-13T23:59:59+01:00,1526,2178,3527,5329,3686,7925,4311,10847,5902,8657,3609,3595,6458,9191,8323,16426,347,632,1067,2187,1444,3879,2022,5410,2743,3911,2026,2060,2074,3254,1159,4193,71508,37865,4842,543,25140,0,0
2021-03-12T23:59:59+01:00,1482,2114,2966,5198,3266,7822,4182,10718,5679,8376,3451,3466,6343,9084,8299,16383,342,609,1062,2157,1435,3851,2005,5338,2680,3801,1857,1936,2021,3208,1154,4185,71336,37106,4119,535,23374,0,0
2021-03-11T23:59:59+01:00,1416,1983,2605,4979,2892,7605,3901,10293,5093,7566,3275,3335,6236,8963,8271,16341,341,609,1059,2143,1432,3832,1997,5315,2672,3786,1851,1929,2006,3188,1150,4169,70765,36984,3850,495,20139,0,0
2021-03-10T23:59:59+01:00,1388,1951,2570,4941,2862,7543,3847,10204,4976,7460,3147,3228,6122,8839,8242,16289,339,606,1057,2141,1430,3822,1992,5301,2659,3769,1835,1918,1979,3160,1141,4155,70356,36904,3516,400,19737,0,0
2021-03-09T23:59:59+01:00,1384,1939,2553,4917,2841,7499,3808,10145,4895,7379,3054,3145,6026,8736,8151,16094,336,605,1054,2134,1421,3809,1961,5277,2622,3741,1787,1893,1932,3135,1131,4146,69758,36878,3244,106,19564,0,0
2021-03-08T23:59:59+01:00,1373,1926,2533,4895,2820,7467,3789,10102,4868,7320,3015,3105,5921,8643,8001,15819,336,604,1051,2129,1414,3790,1943,5248,2603,3714,1770,1876,1907,3113,1125,4129,68950,36738,3235,14,19412,0,0
2021-03-07T23:59:59+01:00,1366,1916,2516,4861,2793,7427,3761,10046,4837,7267,2980,3074,5847,8528,7936,15694,336,603,1051,2128,1413,3783,1939,5241,2601,3709,1765,1873,1904,3109,1123,4123,68414,36689,3185,12,19250,0,0
2021-03-06T23:59:59+01:00,1363,1913,2512,4853,2789,7417,3752,10039,4822,7253,2969,3062,5813,8461,7858,15550,336,601,1049,2126,1413,3782,1933,5232,2599,3706,1759,1866,1899,3107,1123,4120,68016,36639,3185,12,19225,0,0
2021-03-05T23:59:59+01:00,1285,1833,2435,4697,2737,7259,3666,9836,4726,7071,2925,3011,5442,7967,7299,14553,336,601,1047,2123,1407,3778,1933,5230,2594,3700,1752,1863,1894,3104,1118,4116,65350,36584,3183,12,18209,0,0
2021-03-04T23:59:59+01:00,1171,1744,2311,4519,2589,7001,3524,9516,4486,6775,2828,2900,4790,7116,6417,13128,333,592,1034,2097,1394,3740,1906,5176,2570,3664,1724,1842,1864,3055,1096,4070,61144,36145,3181,12,16490,0,0
2021-03-03T23:59:59+01:00,1142,1697,2247,4415,2535,6880,3446,9354,4394,6651,2751,2834,4135,6082,5331,11379,330,582,1022,2072,1382,3715,1892,5126,2500,3608,1695,1811,1838,3028,1081,4044,56141,35714,3154,12,15978,0,0
2021-03-02T23:59:59+01:00,1114,1662,2208,4355,2494,6794,3362,9235,4256,6510,2642,2708,3344,4953,3621,8455,325,573,1015,2047,1372,3673,1875,5076,2472,3585,1686,1797,1816,3003,1072,4016,49044,35391,2904,12,15765,0,0
2021-03-01T23:59:59+01:00,1065,1632,2170,4297,2425,6713,3269,9104,4119,6321,2510,2582,2423,3710,1262,4484,324,571,1006,2036,1362,3654,1868,5058,2460,3571,1672,1787,1798,2984,1061,3989,39977,35189,2512,12,15597,0,0
2021-02-28T23:59:59+01:00,1051,1624,2147,4268,2410,6674,3226,9046,4056,6264,2446,2542,2382,3677,1256,4468,323,570,1005,2030,1360,3640,1864,5048,2455,3564,1665,1776,1785,2973,1054,3974,39888,35074,2218,12,15431,0,0
2021-02-27T23:59:59+01:00,1006,1508,2077,4042,2354,6444,3163,8736,3967,6031,2396,2490,2362,3658,1254,4468,323,570,1004,2030,1360,3640,1864,5047,2454,3564,1665,1775,1783,2973,1054,3974,39782,35068,2218,12,13956,0,0
2021-02-26T23:59:59+01:00,850,1234,1913,3647,2199,5765,2963,7810,3667,5319,2368,2462,2347,3647,1251,4466,323,569,1004,2027,1358,3638,1862,5046,2452,3563,1665,1772,1778,2970,1052,3969,39760,35036,2130,12,10018,0,0
2021-02-25T23:59:59+01:00,600,1102,1732,3470,2060,5488,2797,7421,3480,5063,2296,2395,2312,3593,1247,4452,316,547,987,1980,1342,3581,1834,4971,2421,3510,1643,1746,1745,2928,1027,3937,39565,34505,1874,10,8069,0,0
2021-02-24T23:59:59+01:00,575,1078,1695,3373,2002,5348,2729,7229,3416,4943,2237,2348,2277,3563,1240,4420,307,539,978,1959,1328,3532,1825,4915,2403,3469,1633,1730,1734,2909,1018,3914,39381,34189,1702,4,7390,0,0
2021-02-23T23:59:59+01:00,551,1027,1632,3276,1951,5211,2648,7100,3323,4841,2186,2294,2237,3507,1230,4391,306,534,973,1942,1321,3504,1816,4883,2377,3444,1618,1706,1711,2873,1007,3862,39233,33873,1425,4,6747,0,0
2021-02-22T23:59:59+01:00,529,985,1585,3180,1910,5069,2587,6879,3268,4709,2178,2197,2223,3435,1226,4349,305,530,968,1929,1312,3477,1801,4851,2362,3413,1600,1685,1684,2845,996,3816,39029,33573,1161,1,6119,0,0
2021-02-21T23:59:59+01:00,516,926,1523,3039,1861,4920,2532,6716,3190,4617,2142,2165,2199,3417,1218,4344,305,528,964,1921,1312,3468,1797,4840,2358,3406,1599,1682,1683,2843,996,3815,38989,33516,931,1,5405,0,0
2021-02-20T23:59:59+01:00,511,920,1515,3036,1855,4920,2530,6712,3185,4614,2140,2164,2199,3415,1217,4343,305,528,964,1920,1312,3467,1797,4839,2357,3406,1598,1681,1679,2843,996,3813,38984,33504,926,1,5366,0,0
2021-02-19T23:59:59+01:00,487,881,1488,2974,1830,4861,2487,6608,3091,4475,1966,2033,2141,3369,1212,4336,303,527,963,1917,1310,3467,1797,4834,2354,3404,1596,1680,1677,2842,996,3812,38233,33478,906,1,5100,0,0
2021-02-18T23:59:59+01:00,451,798,1379,2745,1731,4612,2349,6336,2991,4318,1942,2017,2127,3352,1208,4330,303,522,954,1880,1302,3431,1780,4789,2338,3372,1586,1673,1662,2829,984,3795,38158,33199,834,1,3694,0,0
2021-02-17T23:59:59+01:00,437,747,1341,2628,1673,4436,2285,6100,2935,4199,1928,2002,2104,3333,1194,4321,292,499,917,1794,1261,3290,1715,4629,2263,3246,1509,1603,1586,2712,939,3692,38003,31946,781,1,2879,0,0
2021-02-16T23:59:59+01:00,413,703,1286,2512,1627,4307,2222,5935,2865,4097,1919,1996,2099,3329,1191,4310,284,474,885,1715,1209,3146,1655,4417,2195,3093,1457,1548,1525,2608,910,3573,37949,30693,750,1,2112,0,0
2021-02-15T23:59:59+01:00,398,661,1212,2382,1586,4231,2190,5886,2835,4059,1898,1979,2079,3299,1185,4292,275,452,862,1669,1177,3069,1597,4287,2126,2986,1382,1487,1471,2492,869,3401,37843,29601,636,1,1693,0,0
2021-02-14T23:59:59+01:00,388,654,1183,2310,1528,4069,2146,5807,2805,4022,1894,1977,2066,3289,1183,4286,267,446,843,1644,1158,3027,1557,4235,2089,2960,1365,1466,1446,2452,855,3360,37827,29169,567,1,1213,0,0
2021-02-13T23:59:59+01:00,387,654,1183,2310,1528,4068,2144,5806,2805,4022,1893,1975,2065,3289,1183,4283,267,446,843,1644,1158,3027,1556,4234,2088,2960,1364,1463,1445,2451,855,3359,37816,29159,567,1,1212,0,0
2021-02-12T23:59:59+01:00,379,650,1169,2300,1523,4055,2140,5796,2799,4017,1882,1965,2058,3276,1179,4280,265,444,838,1640,1152,3016,1534,4217,2072,2944,1350,1448,1432,2419,848,3327,37749,28945,559,1,1160,0,0
2021-02-11T23:59:59+01:00,356,620,1097,2202,1473,3918,2038,5532,2725,3918,1857,1940,2016,3211,1158,4229,243,409,790,1530,1069,2793,1415,3876,1883,2649,1171,1261,1274,2140,755,2997,37381,26255,521,0,388,0,0
2021-02-10T23:59:59+01:00,348,611,1069,2156,1432,3840,1983,5352,2621,3752,1804,1895,1972,3176,1138,4205,217,356,693,1328,938,2390,1217,3278,1664,2284,1020,1093,1127,1894,657,2674,36971,22830,382,0,1,0,0
2021-02-09T23:59:59+01:00,343,600,1059,2124,1418,3786,1934,5279,2560,3697,1742,1857,1905,3128,1121,4184,180,272,585,1065,789,1943,1012,2669,1406,1925,883,940,953,1592,551,2301,36675,19066,61,0,1,0,0
2021-02-08T23:59:59+01:00,342,599,1053,2116,1408,3770,1929,5253,2542,3684,1726,1844,1887,3111,1115,4160,126,225,478,857,632,1515,804,2032,1146,1512,708,762,761,1279,437,1875,36521,15149,17,0,1,0,0
2021-02-07T23:59:59+01:00,341,599,1053,2115,1407,3762,1925,5251,2536,3681,1719,1834,1871,3104,1110,4154,118,196,422,711,556,1335,719,1823,1057,1372,637,685,681,1155,376,1665,36448,13508,14,0,0,0,0
2021-02-06T23:59:59+01:00,341,598,1052,2114,1407,3760,1925,5249,2536,3678,1719,1833,1865,3102,1108,4152,117,195,418,709,553,1310,703,1801,1046,1359,635,681,676,1151,375,1662,36425,13391,14,0,0,0,0
2021-02-05T23:59:59+01:00,341,596,1050,2111,1406,3749,1921,5236,2529,3674,1719,1828,1857,3095,1100,4142,113,187,400,691,535,1282,673,1748,996,1296,601,629,628,1074,353,1579,36340,12785,14,0,0,0,0
2021-02-04T23:59:59+01:00,332,576,1039,2073,1388,3700,1900,5157,2513,3630,1704,1808,1829,3061,1083,4114,83,144,293,458,381,854,464,1183,683,883,471,463,486,843,279,1267,35893,9235,14,0,0,0,0
2021-02-03T23:59:59+01:00,326,563,1020,2049,1375,3657,1883,5105,2482,3591,1685,1786,1811,3040,1073,4100,65,116,243,394,305,658,367,921,511,650,316,326,354,600,198,916,35532,6940,14,0,0,0,0
2021-02-02T23:59:59+01:00,321,552,1016,2025,1365,3626,1872,5051,2456,3565,1671,1765,1782,3000,1054,4055,42,93,188,313,256,504,273,732,374,499,217,207,222,417,134,597,35162,5068,14,0,0,0,0
2021-02-01T23:59:59+01:00,320,548,1011,2018,1362,3609,1864,5031,2448,3549,1666,1754,1767,2983,1049,4043,22,63,140,223,176,327,173,481,239,284,103,114,99,199,63,267,35008,2973,14,0,0,0,0
2021-01-31T23:59:59+01:00,319,546,1009,2010,1358,3600,1860,5010,2444,3535,1663,1747,1763,2974,1046,4033,20,56,123,196,155,279,156,405,201,244,88,99,90,173,57,233,34903,2575,14,0,0,0,0
2021-01-30T23:59:59+01:00,319,546,1009,2010,1358,3600,1860,5010,2443,3535,1663,1747,1763,2973,1046,4031,20,56,123,196,155,277,153,402,200,243,88,99,90,173,57,233,34899,2565,14,0,0,0,0
2021-01-29T23:59:59+01:00,317,543,1008,2007,1355,3592,1855,5002,2440,3532,1656,1737,1754,2964,1041,4012,18,54,121,186,146,270,139,375,170,218,63,73,81,149,50,204,34801,2317,14,0,0,0,0
2021-01-28T23:59:59+01:00,312,533,986,1943,1334,3530,1828,4940,2411,3473,1634,1719,1725,2929,1024,3983,0,3,8,14,8,17,13,44,9,17,7,6,8,7,1,12,34292,174,12,0,0,0,0
2021-01-27T23:59:59+01:00,305,508,951,1863,1300,3412,1766,4816,2351,3384,1583,1674,1679,2856,990,3910,0,2,4,4,5,13,8,20,5,10,6,6,8,7,1,11,33339,110,9,0,0,0,0
2021-01-26T23:59:59+01:00,299,497,940,1849,1286,3373,1749,4754,2322,3328,1549,1640,1641,2782,975,3830,0,2,4,4,5,13,8,20,5,10,6,6,8,7,1,11,32807,110,7,0,0,0,0
2021-01-25T23:59:59+01:00,287,465,887,1733,1222,3195,1656,4482,2219,3141,1493,1589,1582,2689,936,3666,0,2,1,1,1,3,5,3,5,5,6,5,7,7,1,11,31240,63,2,0,0,0,0
2021-01-24T23:59:59+01:00,283,461,875,1713,1211,3173,1626,4448,2192,3125,1484,1580,1573,2678,930,3659,0,2,1,0,1,3,5,3,5,5,5,5,7,7,1,11,31009,61,2,0,0,0,0
2021-01-23T23:59:59+01:00,283,461,875,1713,1210,3172,1626,4444,2191,3124,1483,1580,1572,2677,929,3654,0,2,1,0,1,3,5,3,5,5,5,5,7,7,1,11,30992,61,2,0,0,0,0
2021-01-22T23:59:59+01:00,281,459,870,1710,1205,3165,1620,4439,2180,3117,1472,1569,1565,2657,924,3636,0,2,1,0,1,3,5,3,5,5,5,5,7,7,1,11,30867,61,2,0,0,0,0
2021-01-21T23:59:59+01:00,270,445,840,1638,1180,3038,1563,4274,2093,2984,1376,1474,1434,2481,854,3473,0,2,1,0,1,3,4,2,4,5,4,4,6,7,0,11,29415,54,2,0,0,0,0
2021-01-20T23:59:59+01:00,243,392,762,1478,1094,2724,1415,3814,1935,2682,1259,1329,1319,2300,792,3271,0,2,1,0,1,3,4,2,4,5,4,4,6,7,0,11,26807,54,2,0,0,0,0
2021-01-19T23:59:59+01:00,211,316,654,1223,946,2272,1195,3207,1657,2281,1076,1142,1108,1927,654,2798,0,1,1,0,1,2,4,1,3,5,3,4,6,7,0,11,22665,49,2,0,0,0,0
2021-01-18T23:59:59+01:00,149,254,514,954,735,1732,923,2332,1299,1752,841,911,880,1544,509,2227,0,0,0,0,0,0,0,0,2,2,1,1,0,0,0,0,17555,6,1,0,0,0,0
2021-01-17T23:59:59+01:00,136,217,448,785,648,1506,819,2090,1193,1576,784,831,793,1396,450,2034,0,0,0,0,0,0,0,0,0,1,0,0,0,0,0,0,15706,1,0,0,0,0,0
2021-01-16T23:59:59+01:00,135,216,445,785,646,1498,808,2086,1185,1570,783,827,787,1384,443,2019,0,0,0,0,0,0,0,0,0,0,0,0,0,0,0,0,15617,0,0,0,0,0,0
2021-01-15T23:59:59+01:00,126,208,430,767,620,1458,774,2009,1125,1488,740,773,742,1296,417,1910,0,0,0,0,0,0,0,0,0,0,0,0,0,0,0,0,14883,0,0,0,0,0,0
2021-01-14T23:59:59+01:00,85,151,306,486,418,927,523,1298,767,981,540,539,546,958,321,1448,0,0,0,0,0,0,0,0,0,0,0,0,0,0,0,0,10294,0,0,0,0,0,0
2021-01-13T23:59:59+01:00,66,120,251,410,335,696,399,983,543,684,330,345,373,649,223,992,0,0,0,0,0,0,0,0,0,0,0,0,0,0,0,0,7399,0,0,0,0,0,0
2021-01-12T23:59:59+01:00,53,102,207,352,271,564,290,806,399,535,222,221,232,448,154,675,0,0,0,0,0,0,0,0,0,0,0,0,0,0,0,0,5531,0,0,0,0,0,0
2021-01-11T23:59:59+01:00,37,79,180,302,222,462,222,639,294,375,133,137,128,271,85,386,0,0,0,0,0,0,0,0,0,0,0,0,0,0,0,0,3952,0,0,0,0,0,0
2021-01-10T23:59:59+01:00,27,70,160,246,188,381,181,531,250,318,114,114,113,227,74,311,0,0,0,0,0,0,0,0,0,0,0,0,0,0,0,0,3305,0,0,0,0,0,0
2021-01-09T23:59:59+01:00,27,70,160,244,187,380,180,526,249,317,114,114,113,227,74,311,0,0,0,0,0,0,0,0,0,0,0,0,0,0,0,0,3293,0,0,0,0,0,0
2021-01-08T23:59:59+01:00,25,68,157,234,179,371,165,497,222,293,92,96,107,211,67,289,0,0,0,0,0,0,0,0,0,0,0,0,0,0,0,0,3073,0,0,0,0,0,0
2021-01-07T23:59:59+01:00,1,3,4,7,8,12,11,6,17,11,10,12,16,20,1,31,0,0,0,0,0,0,0,0,0,0,0,0,0,0,0,0,170,0,0,0,0,0,0
2021-01-06T23:59:59+01:00,0,2,1,1,1,5,5,2,5,6,5,5,8,8,0,13,0,0,0,0,0,0,0,0,0,0,0,0,0,0,0,0,67,0,0,0,0,0,0
2021-01-05T23:59:59+01:00,0,2,1,1,1,5,5,2,5,5,5,5,7,7,0,12,0,0,0,0,0,0,0,0,0,0,0,0,0,0,0,0,63,0,0,0,0,0,0
2021-01-04T23:59:59+01:00,0,2,1,1,1,4,4,2,5,5,4,4,6,7,0,12,0,0,0,0,0,0,0,0,0,0,0,0,0,0,0,0,58,0,0,0,0,0,0
2021-01-03T23:59:59+01:00,0,2,1,0,1,4,4,2,5,5,3,4,6,7,0,12,0,0,0,0,0,0,0,0,0,0,0,0,0,0,0,0,56,0,0,0,0,0,0
2021-01-02T23:59:59+01:00,0,2,1,0,1,4,4,2,5,5,3,4,6,7,0,12,0,0,0,0,0,0,0,0,0,0,0,0,0,0,0,0,56,0,0,0,0,0,0
2021-01-01T23:59:59+01:00,0,2,1,0,1,3,4,2,5,5,3,4,6,7,0,12,0,0,0,0,0,0,0,0,0,0,0,0,0,0,0,0,55,0,0,0,0,0,0
2020-12-31T23:59:59+01:00,0,2,1,0,1,3,4,2,5,5,3,4,6,7,0,12,0,0,0,0,0,0,0,0,0,0,0,0,0,0,0,0,55,0,0,0,0,0,0
2020-12-30T23:59:59+01:00,0,2,1,0,1,3,4,2,5,5,3,4,6,7,0,12,0,0,0,0,0,0,0,0,0,0,0,0,0,0,0,0,55,0,0,0,0,0,0
2020-12-29T23:59:59+01:00,0,1,1,0,1,2,4,1,4,5,3,4,6,7,0,12,0,0,0,0,0,0,0,0,0,0,0,0,0,0,0,0,51,0,0,0,0,0,0
2020-12-28T23:59:59+01:00,0,1,1,0,1,1,2,0,3,5,2,1,1,0,0,2,0,0,0,0,0,0,0,0,0,0,0,0,0,0,0,0,20,0,0,0,0,0,0
2020-12-27T23:59:59+01:00,0,1,1,0,1,1,2,0,1,3,1,0,1,0,0,2,0,0,0,0,0,0,0,0,0,0,0,0,0,0,0,0,14,0,0,0,0,0,0
