Datum,<15_1_m,<15_1_w,15-24_1_m,15-24_1_w,25-34_1_m,25-34_1_w,35-44_1_m,35-44_1_w,45-54_1_m,45-54_1_w,55-64_1_m,55-64_1_w,65-74_1_m,65-74_1_w,75-84_1_m,75-84_1_w,>84_1_m,>84_1_w,<15_2_m,<15_2_w,15-24_2_m,15-24_2_w,25-34_2_m,25-34_2_w,35-44_2_m,35-44_2_w,45-54_2_m,45-54_2_w,55-64_2_m,55-64_2_w,65-74_2_m,65-74_2_w,75-84_2_m,75-84_2_w,>84_2_m,>84_2_w,bp_1,bp_2,mo_1,mo_2,az_1,az_2,ja,unb_1,unb_2
2021-11-04T23:59:59+01:00,6206,5788,41232,39267,56477,50399,56757,54917,67133,66553,76132,75849,54488,60110,37538,48551,11715,22330,5197,4842,37422,35987,52686,46813,53643,51750,64086,63482,73754,73504,53291,58741,36766,47465,11359,21594,608202,575852,79359,76618,105601,101629,38250,36,33
2021-11-03T23:59:59+01:00,6173,5754,41142,39205,56372,50311,56673,54840,67064,66490,76088,75809,54479,60092,37530,48538,11710,22327,5164,4817,37356,35928,52642,46768,53603,51699,64047,63443,73713,73471,53276,58718,36757,47448,11356,21586,607400,575297,79345,76612,105599,101626,38224,35,33
2021-11-02T23:59:59+01:00,6127,5705,41018,39099,56221,50195,56560,54738,66940,66413,76017,75750,54452,60068,37516,48525,11709,22317,5097,4750,37229,35783,52499,46628,53493,51586,63964,63348,73631,73386,53232,58678,36739,47416,11354,21576,606228,573957,79320,76580,105599,101626,38193,35,33
2021-11-01T23:59:59+01:00,6045,5629,40542,38745,55715,49853,56211,54493,66664,66221,75880,75662,54421,60042,37509,48518,11706,22310,5064,4709,37091,35673,52371,46537,53380,51505,63871,63290,73570,73343,53219,58665,36730,47401,11351,21569,603339,573243,79297,76539,105599,101624,37900,35,33
2021-10-31T23:59:59+01:00,6044,5629,40537,38739,55712,49850,56206,54489,66661,66218,75878,75660,54421,60042,37509,48518,11706,22310,5064,4709,37089,35670,52371,46536,53378,51504,63870,63290,73570,73343,53219,58665,36730,47401,11351,21569,603308,573236,79294,76539,105599,101624,37897,35,33
2021-10-30T23:59:59+02:00,6040,5628,40534,38739,55705,49847,56205,54487,66659,66217,75878,75658,54421,60042,37509,48518,11706,22310,5064,4709,37089,35670,52371,46535,53377,51503,63869,63289,73570,73343,53218,58665,36730,47401,11351,21569,603283,573231,79294,76539,105599,101624,37896,35,33
2021-10-29T23:59:59+02:00,6037,5623,40516,38723,55691,49829,56188,54478,66640,66210,75861,75652,54418,60039,37508,48517,11702,22310,5062,4706,37080,35659,52370,46530,53373,51498,63866,63283,73562,73335,53213,58664,36729,47398,11350,21568,603129,573162,79290,76536,105599,101622,37893,35,33
2021-10-28T23:59:59+02:00,5943,5527,40015,38384,55248,49510,55798,54189,66313,65993,75699,75544,54380,60011,37497,48491,11699,22301,5004,4661,36909,35547,52217,46420,53236,51399,63725,63204,73482,73288,53189,58639,36715,47380,11348,21561,600130,572223,79251,76515,105596,101621,37532,35,33
2021-10-27T23:59:59+02:00,5918,5506,39964,38324,55178,49455,55742,54141,66249,65966,75673,75525,54364,59999,37491,48480,11698,22295,4980,4635,36858,35507,52167,46386,53205,51363,63681,63153,73447,73262,53167,58619,36709,47369,11345,21550,599573,571728,79242,76503,105596,101615,37524,35,33
2021-10-26T23:59:59+02:00,5870,5472,39856,38230,55077,49353,55669,54074,66182,65899,75621,75484,54349,59983,37479,48464,11695,22290,4927,4592,36755,35365,52072,46301,53138,51281,63628,63092,73387,73210,53134,58598,36695,47344,11339,21537,598673,570749,79241,76495,105596,101614,37504,35,33
2021-10-25T23:59:59+02:00,5808,5404,39626,37997,54796,49153,55417,53913,65965,65756,75518,75406,54327,59952,37472,48454,11695,22287,4914,4583,36699,35304,51986,46249,53070,51242,63581,63052,73342,73179,53125,58582,36689,47339,11337,21534,596849,570440,79241,76493,105596,101614,37227,35,33
2021-10-24T23:59:59+02:00,5778,5375,39542,37913,54719,49076,55361,53875,65918,65730,75497,75387,54322,59943,37467,48451,11694,22283,4881,4567,36637,35242,51942,46205,53036,51201,63544,63023,73320,73147,53117,58569,36678,47331,11335,21532,596248,569959,79239,76486,105596,101614,37215,35,33
2021-10-23T23:59:59+02:00,5778,5375,39541,37913,54717,49076,55359,53873,65918,65730,75497,75387,54322,59942,37467,48451,11694,22283,4881,4567,36637,35241,51942,46205,53036,51200,63544,63023,73320,73147,53117,58569,36678,47331,11335,21532,596240,569957,79239,76486,105596,101614,37215,35,33
2021-10-22T23:59:59+02:00,5775,5370,39515,37895,54698,49063,55348,53866,65904,65717,75488,75379,54318,59939,37467,48449,11693,22283,4876,4558,36621,35227,51930,46186,53028,51189,63528,63016,73306,73138,53107,58562,36677,47328,11334,21530,596108,569808,79228,76485,105595,101612,37203,35,33
2021-10-21T23:59:59+02:00,5698,5291,39263,37701,54429,48875,55139,53714,65722,65594,75390,75322,54299,59919,37454,48432,11689,22274,4792,4486,36396,35022,51747,46028,52859,51058,63397,62894,73222,73079,53082,58527,36665,47310,11330,21524,594395,568338,79194,76448,105595,101611,36988,35,33
2021-10-20T23:59:59+02:00,5676,5277,39229,37675,54409,48854,55124,53686,65696,65569,75365,75304,54291,59907,37445,48417,11688,22267,4773,4467,36377,34993,51725,45996,52835,51028,63374,62872,73197,73052,53065,58504,36660,47297,11327,21517,594081,567995,79188,76438,105595,101611,36982,35,33
2021-10-19T23:59:59+02:00,5642,5248,39176,37641,54372,48816,55088,53656,65664,65537,75340,75276,54275,59886,37437,48402,11684,22263,4750,4445,36322,34946,51684,45945,52802,50989,63337,62838,73159,73012,53052,58480,36640,47282,11322,21507,593617,567461,79182,76434,105595,101608,36976,35,33
2021-10-18T23:59:59+02:00,5608,5220,39038,37510,54251,48719,55007,53574,65599,65499,75284,75242,54265,59870,37430,48389,11682,22262,4683,4384,36174,34802,51560,45824,52720,50898,63290,62777,73100,72964,53027,58445,36629,47264,11317,21501,592761,566427,79171,76402,105595,101608,36889,35,33
2021-10-17T23:59:59+02:00,5602,5212,39027,37499,54237,48703,55003,53564,65594,65488,75277,75238,54262,59866,37427,48387,11682,22258,4673,4373,36154,34773,51539,45801,52704,50876,63276,62760,73082,72950,53016,58433,36623,47257,11316,21492,592642,566177,79171,76396,105595,101607,36885,35,33
2021-10-16T23:59:59+02:00,5602,5212,39026,37499,54235,48702,55002,53562,65594,65488,75277,75238,54262,59866,37427,48387,11682,22258,4670,4370,36149,34769,51535,45798,52700,50872,63274,62756,73080,72949,53015,58432,36622,47256,11316,21490,592638,566135,79171,76396,105595,101607,36882,35,33
2021-10-15T23:59:59+02:00,5597,5209,39009,37486,54219,48691,54996,53557,65577,65482,75270,75226,54254,59864,37423,48380,11681,22258,4662,4368,36137,34767,51529,45791,52695,50866,63269,62749,73076,72943,53011,58428,36619,47255,11316,21489,592509,566072,79171,76394,105595,101600,36871,35,33
2021-10-14T23:59:59+02:00,5539,5153,38875,37367,54086,48590,54906,53476,65508,65398,75204,75170,54219,59841,37412,48359,11672,22238,4546,4252,35855,34439,51310,45567,52544,50694,63123,62604,72981,72866,52955,58381,36595,47224,11311,21480,591465,563983,79153,76356,105595,101588,36767,35,33
2021-10-13T23:59:59+02:00,5499,5119,38840,37324,54052,48554,54880,53441,65483,65373,75184,75144,54207,59829,37405,48351,11668,22234,4515,4225,35815,34400,51285,45525,52509,50659,63089,62568,72949,72838,52932,58365,36586,47201,11310,21469,591059,563557,79140,76318,105595,101572,36760,35,33
2021-10-12T23:59:59+02:00,5465,5096,38767,37280,53992,48485,54839,53393,65450,65338,75147,75104,54192,59811,37395,48335,11662,22224,4495,4200,35760,34350,51240,45471,52475,50624,63054,62527,72912,72794,52907,58336,36563,47177,11304,21456,590461,562981,79138,76314,105595,101569,36748,35,33
2021-10-11T23:59:59+02:00,5410,5045,38605,37148,53858,48372,54735,53312,65376,65279,75100,75075,54180,59793,37384,48324,11660,22220,4403,4119,35533,34134,51053,45283,52341,50490,62959,62415,72827,72730,52868,58298,36548,47149,11299,21443,589521,561392,79136,76312,105595,101564,36591,35,33
2021-10-10T23:59:59+02:00,5391,5035,38559,37109,53817,48331,54714,53281,65359,65260,75084,75054,54177,59788,37380,48321,11659,22214,4384,4112,35499,34113,51032,45257,52323,50473,62949,62403,72814,72716,52864,58289,36543,47139,11296,21439,589195,561171,79133,76304,105595,101560,36577,35,33
2021-10-09T23:59:59+02:00,5391,5035,38559,37109,53817,48331,54714,53281,65359,65260,75084,75054,54177,59788,37380,48321,11659,22214,4384,4112,35498,34113,51032,45257,52323,50473,62947,62403,72814,72716,52864,58289,36543,47139,11296,21439,589195,561170,79133,76303,105595,101559,36577,35,33
2021-10-08T23:59:59+02:00,5383,5022,38541,37091,53804,48315,54707,53277,65348,65252,75071,75045,54175,59785,37378,48316,11658,22213,4377,4103,35484,34094,51020,45242,52318,50462,62938,62396,72808,72710,52862,58287,36541,47135,11296,21437,589055,561053,79133,76301,105595,101558,36565,35,33
2021-10-07T23:59:59+02:00,5315,4938,38365,36940,53678,48190,54595,53174,65250,65161,75003,74996,54156,59748,37354,48292,11651,22200,4226,3934,35108,33745,50772,44932,52119,50194,62742,62200,72639,72552,52795,58217,36514,47086,11283,21412,587745,558821,79103,75533,105593,101551,36532,35,33
2021-10-06T23:59:59+02:00,5279,4910,38320,36900,53646,48153,54551,53137,65201,65126,74976,74973,54137,59734,37347,48276,11645,22191,4206,3917,35067,33709,50750,44903,52098,50171,62713,62185,72614,72535,52773,58187,36495,47066,11276,21400,587267,558441,79098,75532,105593,101548,36511,35,33
2021-10-05T23:59:59+02:00,5247,4885,38239,36826,53581,48090,54499,53072,65138,65068,74933,74926,54099,59705,37328,48245,11635,22158,4175,3888,35000,33639,50703,44840,52063,50127,62660,62147,72574,72495,52741,58149,36465,47012,11268,21377,586513,557757,79079,75531,105593,101546,36456,35,33
2021-10-04T23:59:59+02:00,5185,4828,38023,36656,53409,47974,54384,52969,65070,64996,74867,74878,54069,59671,37313,48227,11626,22143,4063,3752,34697,33290,50457,44597,51878,49951,62499,61995,72459,72398,52684,58088,36410,46956,11256,21358,585423,555507,79069,75531,105592,101546,36171,35,33
2021-10-03T23:59:59+02:00,5174,4814,38001,36632,53377,47941,54359,52955,65053,64978,74856,74866,54062,59658,37308,48214,11626,22139,4047,3748,34645,33254,50407,44554,51840,49903,62457,61956,72419,72366,52667,58064,36398,46941,11254,21350,585178,555025,79067,75531,105589,101535,36146,35,33
2021-10-02T23:59:59+02:00,5172,4805,37997,36625,53370,47937,54356,52953,65050,64977,74853,74863,54062,59657,37308,48214,11626,22139,4046,3748,34643,33252,50399,44552,51836,49903,62455,61956,72419,72365,52667,58063,36398,46941,11254,21350,585142,555016,79067,75530,105589,101535,36133,35,33
2021-10-01T23:59:59+02:00,5164,4788,37950,36597,53337,47911,54333,52928,65019,64962,74826,74846,54052,59652,37305,48211,11623,22137,4042,3745,34624,33240,50381,44544,51822,49889,62442,61947,72402,72353,52658,58057,36395,46939,11252,21348,584897,554931,79065,75528,105587,101529,36059,35,33
2021-09-30T23:59:59+02:00,5074,4725,37742,36396,53169,47750,54191,52801,64915,64844,74756,74789,54037,59622,37294,48194,11620,22130,3965,3670,34481,33088,50287,44417,51746,49775,62358,61855,72335,72294,52646,58027,36387,46914,11249,21338,583380,554351,79047,74918,105584,101524,36006,34,33
2021-09-29T23:59:59+02:00,5051,4704,37708,36355,53123,47702,54153,52753,64883,64806,74725,74761,54020,59599,37282,48183,11616,22118,3949,3653,34454,33052,50260,44391,51724,49754,62337,61825,72313,72274,52637,58018,36382,46904,11247,21330,582917,554064,79035,74914,105584,101519,35974,34,33
2021-09-28T23:59:59+02:00,5028,4680,37647,36298,53084,47653,54118,52711,64839,64763,74680,74726,53983,59563,37263,48161,11608,22107,3935,3637,34398,33014,50228,44364,51698,49732,62311,61805,72276,72244,52607,57980,36360,46877,11244,21318,582362,553672,79033,74908,105584,101514,35901,34,33
2021-09-27T23:59:59+02:00,4953,4620,37451,36121,52900,47488,53997,52601,64736,64656,74582,74647,53954,59535,37251,48143,11606,22096,3802,3478,33975,32625,49921,44040,51469,49484,62114,61619,72148,72118,52566,57920,36339,46846,11242,21308,581308,551160,79012,74907,105584,101513,35401,34,33
2021-09-26T23:59:59+02:00,4950,4614,37429,36091,52872,47471,53983,52585,64721,64646,74570,74637,53947,59524,37250,48140,11606,22091,3793,3471,33960,32618,49909,44025,51464,49475,62101,61613,72140,72111,52562,57912,36338,46841,11240,21304,581135,551049,78992,74899,105583,101511,35385,34,33
2021-09-25T23:59:59+02:00,4947,4611,37423,36087,52869,47467,53979,52582,64719,64642,74566,74635,53946,59521,37249,48139,11606,22090,3793,3470,33957,32618,49908,44025,51464,49474,62101,61612,72138,72111,52562,57911,36338,46841,11240,21304,581092,551043,78990,74899,105583,101511,35381,34,33
2021-09-24T23:59:59+02:00,4944,4608,37405,36073,52848,47454,53958,52570,64700,64631,74553,74625,53939,59518,37246,48135,11606,22086,3789,3464,33947,32603,49893,44016,51444,49459,62088,61606,72120,72102,52555,57904,36332,46834,11240,21302,580976,550937,78990,74897,105580,101510,35321,34,33
2021-09-23T23:59:59+02:00,4814,4488,37000,35654,52495,47122,53667,52296,64458,64414,74369,74495,53877,59462,37217,48091,11597,22066,3756,3422,33762,32433,49673,43863,51275,49354,61937,61501,72004,72026,52519,57879,36308,46813,11238,21294,578647,550266,78947,74875,105580,101507,34376,34,33
2021-09-22T23:59:59+02:00,4785,4465,36958,35598,52428,47045,53600,52236,64391,64362,74310,74442,53848,59439,37209,48074,11595,22061,3739,3410,33726,32390,49630,43806,51216,49303,61882,61461,71957,71992,52501,57861,36302,46802,11236,21293,578209,550008,78940,74872,105577,101506,34088,34,33
2021-09-21T23:59:59+02:00,4769,4442,36901,35549,52361,46980,53555,52186,64325,64311,74252,74388,53805,59407,37195,48048,11590,22052,3718,3396,33694,32338,49596,43759,51177,49258,61836,61423,71918,71950,52470,57837,36291,46784,11235,21286,577655,549639,78931,74870,105575,101501,33923,34,33
2021-09-20T23:59:59+02:00,4665,4378,36566,35245,52037,46671,53319,51963,64114,64120,74093,74275,53740,59353,37174,48013,11583,22046,3513,3208,33184,31905,49218,43424,50892,48954,61581,61211,71751,71798,52414,57772,36268,46739,11228,21276,575810,546931,78926,74865,105574,101495,33013,34,32
2021-09-19T23:59:59+02:00,4652,4373,36553,35234,52026,46663,53305,51951,64102,64115,74085,74265,53737,59347,37171,48010,11582,22046,3503,3200,33163,31888,49214,43414,50884,48942,61567,61200,71739,71788,52408,57768,36267,46737,11228,21273,575705,546808,78919,74861,105573,101494,32988,34,32
2021-09-18T23:59:59+02:00,4652,4373,36551,35233,52024,46662,53305,51950,64102,64115,74084,74265,53737,59347,37171,48010,11582,22046,3502,3200,33160,31888,49210,43412,50884,48942,61567,61200,71738,71788,52408,57768,36267,46737,11228,21273,575703,546803,78919,74861,105573,101494,32982,34,32
2021-09-17T23:59:59+02:00,4645,4360,36535,35209,52002,46644,53294,51931,64085,64106,74069,74246,53728,59340,37168,48005,11581,22045,3501,3196,33150,31871,49198,43402,50880,48933,61563,61196,71730,71776,52401,57766,36267,46736,11228,21271,575539,546750,78919,74861,105573,101492,32930,34,32
2021-09-16T23:59:59+02:00,4494,4209,36165,34846,51746,46344,53082,51666,63901,63921,73911,74096,53673,59280,37152,47970,11576,22033,3433,3155,33022,31765,49116,43295,50801,48851,61502,61141,71679,71743,52386,57752,36258,46724,11227,21265,573096,545912,78462,74781,105572,101487,32903,34,32
2021-09-15T23:59:59+02:00,4451,4171,36097,34771,51702,46291,53016,51610,63851,63872,73873,74053,53655,59259,37142,47959,11575,22027,3391,3123,32968,31714,49066,43243,50745,48801,61455,61097,71649,71712,52378,57731,36248,46714,11227,21259,572724,545577,78376,74766,105572,101475,32671,34,32
2021-09-14T23:59:59+02:00,4410,4131,36034,34719,51652,46220,52974,51559,63805,63826,73828,74011,53630,59240,37127,47940,11573,22023,3345,3095,32902,31643,49021,43194,50711,48756,61401,61059,71613,71671,52355,57707,36239,46700,11226,21256,572181,545023,78306,74760,105572,101468,32611,34,32
2021-09-13T23:59:59+02:00,4260,3953,35667,34285,51378,45904,52758,51326,63595,63617,73693,73886,53575,59170,37089,47906,11572,22015,3055,2845,32435,31171,48787,42945,50529,48555,61254,60876,71471,71560,52302,57648,36223,46664,11220,21246,569588,542033,77879,74681,105571,101462,32578,34,32
2021-09-12T23:59:59+02:00,4251,3943,35644,34269,51363,45881,52740,51309,63581,63600,73684,73876,53572,59164,37084,47905,11572,22014,3038,2837,32410,31153,48772,42927,50519,48547,61243,60862,71455,71548,52295,57640,36217,46662,11217,21245,569438,541877,77863,74673,105560,101447,32558,34,32
2021-09-11T23:59:59+02:00,4248,3940,35640,34265,51362,45879,52734,51302,63579,63595,73682,73870,53568,59159,37084,47903,11572,22014,3035,2836,32401,31149,48769,42924,50515,48543,61240,60858,71452,71545,52293,57638,36217,46660,11217,21245,569411,541856,77863,74673,105560,101447,32529,34,32
2021-09-10T23:59:59+02:00,4247,3939,35527,34164,51166,45725,52543,51161,63402,63480,73549,73779,53530,59120,37064,47885,11570,22009,3025,2826,32275,31038,48569,42758,50317,48406,61050,60735,71319,71450,52251,57595,36195,46639,11214,21240,569354,541702,77861,74670,105559,101445,31053,34,32
2021-09-09T23:59:59+02:00,4219,3900,35447,34096,51109,45654,52482,51073,63344,63422,73509,73741,53507,59092,37050,47866,11568,22005,2992,2795,32181,30970,48524,42709,50265,48365,61009,60701,71278,71417,52233,57581,36187,46624,11213,21236,568743,541220,77826,74663,105540,101423,30942,34,32
2021-09-08T23:59:59+02:00,4194,3880,35413,34054,51084,45623,52464,51047,63310,63389,73488,73718,53500,59077,37043,47855,11568,22002,2974,2779,32122,30940,48486,42683,50237,48334,60973,60673,71262,71396,52220,57568,36177,46613,11210,21218,568394,540844,77826,74662,105540,101411,30916,34,32
2021-09-07T23:59:59+02:00,4181,3866,35373,34011,51052,45592,52440,51021,63285,63366,73453,73689,53488,59061,37027,47841,11566,21996,2952,2761,32075,30891,48451,42648,50197,48297,60948,60642,71230,71368,52207,57552,36168,46600,11207,21214,568022,540425,77825,74660,105540,101403,30888,34,32
2021-09-06T23:59:59+02:00,4005,3682,34893,33539,50675,45201,52174,50719,63058,63126,73295,73538,53425,58980,37008,47801,11563,21987,2911,2706,31868,30709,48247,42492,50054,48157,60834,60523,71135,71279,52161,57506,36152,46581,11202,21201,565211,539568,77825,74659,105540,101399,30060,34,32
2021-09-05T23:59:59+02:00,3997,3670,34874,33524,50672,45193,52162,50711,63046,63116,73280,73533,53420,58972,37002,47794,11561,21983,2903,2696,31848,30690,48228,42477,50041,48149,60823,60513,71125,71274,52155,57494,36150,46576,11201,21199,565075,539430,77824,74657,105540,101385,30038,34,32
2021-09-04T23:59:59+02:00,3997,3670,34873,33524,50671,45193,52161,50710,63046,63116,73280,73533,53420,58972,37002,47794,11561,21983,2903,2696,31847,30688,48228,42477,50039,48147,60823,60513,71124,71274,52155,57494,36150,46576,11201,21199,565073,539426,77824,74655,105540,101385,30036,34,32
2021-09-03T23:59:59+02:00,3949,3623,34709,33390,50518,45068,52050,50592,62897,62993,73155,73433,53380,58924,36981,47773,11557,21980,2826,2608,31572,30496,48026,42308,49867,47980,60617,60341,70979,71128,52101,57437,36125,46553,11199,21195,564933,539293,77225,73409,105529,101372,29252,34,32
2021-09-02T23:59:59+02:00,3923,3593,34649,33343,50483,45027,52017,50559,62856,62952,73116,73406,53360,58912,36972,47755,11557,21974,2810,2583,31502,30435,47976,42260,49826,47936,60562,60289,70938,71101,52083,57421,36116,46545,11198,21190,564518,538900,77203,73405,105529,101263,29171,34,32
2021-09-01T23:59:59+02:00,3907,3579,34621,33310,50460,45000,51998,50537,62836,62919,73088,73388,53351,58903,36968,47747,11557,21973,2782,2564,31452,30396,47943,42233,49796,47911,60531,60265,70915,71070,52064,57402,36106,46538,11198,21187,564251,538555,77199,73399,105528,101236,29131,34,32
2021-08-31T23:59:59+02:00,3880,3566,34581,33262,50434,44964,51970,50505,62808,62887,73058,73356,53331,58881,36960,47734,11554,21973,2773,2552,31392,30363,47916,42208,49774,47894,60503,60249,70900,71043,52050,57392,36103,46531,11195,21181,563860,538278,77199,73395,105527,101229,29085,34,32
2021-08-30T23:59:59+02:00,3654,3356,33993,32745,50010,44584,51619,50158,62518,62625,72851,73178,53248,58795,36929,47687,11551,21965,2716,2493,31108,30100,47617,41974,49547,47723,60320,60118,70745,70939,51982,57346,36084,46500,11192,21174,560857,537183,77199,73392,105526,101219,27852,33,32
2021-08-29T23:59:59+02:00,3648,3348,33971,32723,49994,44575,51604,50139,62507,62611,72841,73162,53240,58790,36927,47680,11551,21963,2710,2492,31088,30080,47595,41948,49526,47706,60303,60101,70733,70927,51979,57337,36081,46499,11192,21172,560712,537063,77197,73391,105525,101175,27808,33,32
2021-08-28T23:59:59+02:00,3648,3348,33968,32723,49989,44574,51603,50137,62506,62608,72839,73161,53239,58788,36927,47680,11551,21963,2710,2489,31079,30071,47590,41946,49523,47703,60300,60097,70730,70925,51978,57333,36081,46499,11192,21172,560704,537027,77197,73390,105525,101175,27794,33,32
2021-08-27T23:59:59+02:00,3644,3342,33959,32704,49986,44570,51593,50130,62499,62603,72822,73155,53235,58785,36926,47679,11550,21962,2702,2486,31061,30053,47582,41936,49515,47694,60293,60089,70718,70924,51976,57332,36080,46498,11191,21172,560629,536949,77197,73388,105525,101172,27761,33,32
2021-08-26T23:59:59+02:00,3619,3314,33918,32653,49959,44534,51552,50081,62453,62579,72789,73125,53225,58775,36919,47677,11549,21958,2628,2392,30764,29785,47364,41724,49340,47538,60177,59988,70633,70853,51942,57299,36063,46474,11189,21168,560278,535125,77170,73382,105524,101107,27675,33,32
2021-08-25T23:59:59+02:00,3578,3290,33867,32609,49933,44488,51516,50052,62414,62545,72753,73101,53216,58757,36913,47662,11548,21957,2365,2171,30007,29083,46920,41311,49013,47246,59953,59763,70458,70702,51875,57223,36041,46439,11180,21160,559847,530789,77170,73379,105524,101084,27626,33,32
2021-08-24T23:59:59+02:00,3538,3267,33808,32550,49901,44446,51488,50004,62369,62496,72710,73054,53195,58732,36900,47649,11546,21949,2288,2107,29773,28861,46787,41179,48905,47139,59861,59669,70373,70603,51829,57176,36021,46427,11176,21157,559356,529351,77167,73373,105522,101050,27525,33,32
2021-08-23T23:59:59+02:00,3233,3001,33169,31928,49475,44049,51146,49698,62041,62199,72417,72822,53098,58643,36861,47586,11535,21940,2228,2054,29352,28467,46401,40882,48663,46927,59589,59459,70149,70456,51753,57105,35997,46384,11170,21150,556285,527898,77163,73370,105520,101045,25841,33,32
2021-08-22T23:59:59+02:00,3222,2993,33159,31922,49465,44039,51138,49692,62036,62192,72412,72820,53094,58640,36859,47584,11535,21939,2224,2051,29327,28449,46382,40873,48654,46917,59578,59451,70142,70452,51744,57101,35994,46381,11170,21150,556219,527798,77159,73363,105515,101031,25816,33,32
2021-08-21T23:59:59+02:00,3220,2993,33154,31920,49463,44038,51137,49689,62033,62191,72411,72819,53094,58640,36859,47584,11535,21939,2223,2049,29314,28437,46377,40869,48648,46913,59574,59451,70142,70451,51743,57101,35994,46381,11170,21150,556204,527759,77159,73356,105515,101031,25809,33,32
2021-08-20T23:59:59+02:00,3204,2982,33030,31826,49271,43901,50964,49580,61852,62063,72265,72737,53046,58598,36844,47566,11532,21935,2196,2035,28773,27938,45898,40499,48367,46703,59317,59267,69938,70326,51658,57043,35964,46353,11166,21143,555978,526060,77159,73181,105515,100799,24512,33,32
2021-08-19T23:59:59+02:00,3177,2959,32978,31786,49237,43866,50916,49541,61807,62025,72216,72698,53020,58578,36837,47551,11528,21928,2108,1953,27831,27084,45115,39898,47942,46343,58982,58993,69662,70104,51558,56954,35922,46305,11161,21138,555563,521688,77124,72207,105510,100707,24419,33,32
2021-08-18T23:59:59+02:00,3156,2940,32928,31742,49203,43831,50877,49505,61763,61989,72170,72671,52991,58561,36823,47537,11527,21923,2009,1855,26538,25785,44189,39026,47238,45603,58301,58410,69176,69648,51370,56734,35845,46212,11149,21121,555131,516160,77103,68999,105507,100654,24364,33,32
2021-08-17T23:59:59+02:00,3132,2917,32859,31678,49157,43764,50834,49470,61716,61944,72134,72630,52968,58537,36810,47525,11524,21918,1880,1745,25252,24393,43313,38336,46637,45122,57767,57968,68743,69322,51235,56550,35769,46133,11133,21107,554583,510543,77098,66914,105506,100618,24298,33,32
2021-08-16T23:59:59+02:00,3121,2896,32842,31659,49134,43741,50825,49452,61696,61926,72113,72615,52958,58529,36808,47514,11522,21914,1788,1660,23815,23003,42411,37493,46359,44828,57541,57707,68535,69163,51162,56464,35738,46089,11131,21093,554355,504183,77095,66881,105504,100605,24279,33,32
2021-08-15T23:59:59+02:00,3113,2884,32828,31641,49123,43735,50815,49442,61680,61910,72098,72603,52954,58520,36805,47514,11522,21914,1504,1403,21388,20552,41657,36951,45992,44455,57210,57408,68250,68906,51050,56362,35701,46033,11128,21083,554219,495448,77094,66702,105494,100589,24262,33,32
2021-08-14T23:59:59+02:00,3113,2883,32823,31639,49118,43733,50812,49440,61675,61907,72094,72597,52954,58520,36804,47514,11522,21914,1502,1395,21362,20525,41619,36919,45975,44440,57196,57396,68238,68895,51048,56359,35700,46032,11128,21082,554212,495257,77092,66701,105494,100589,24232,33,32
2021-08-13T23:59:59+02:00,3099,2866,32780,31610,49094,43720,50790,49423,61642,61876,72072,72578,52948,58513,36801,47509,11521,21911,1477,1370,21242,20438,41530,36821,45913,44388,57148,57356,68197,68863,51031,56347,35691,46024,11127,21080,554055,494663,77091,66698,105493,100568,24082,33,32
2021-08-12T23:59:59+02:00,3081,2837,32733,31561,49062,43678,50753,49394,61588,61849,72036,72543,52933,58494,36784,47500,11520,21908,1392,1310,20770,20126,40578,36009,45544,44058,56930,57177,68020,68699,50959,56263,35661,45980,11122,21073,553648,490425,77087,66694,105490,100523,23997,33,32
2021-08-11T23:59:59+02:00,3039,2806,32677,31516,49028,43645,50728,49370,61561,61818,72008,72515,52911,58468,36772,47491,11519,21901,1168,1130,19874,19245,39250,34820,44939,43479,56569,56849,67727,68425,50837,56125,35623,45921,11120,21060,553233,483002,77081,66689,105490,100501,23937,33,32
2021-08-10T23:59:59+02:00,3023,2787,32624,31471,48997,43616,50699,49337,61541,61779,71970,72470,52889,58452,36761,47468,11518,21896,922,886,18846,18280,37152,32952,44052,42602,56114,56449,67336,68078,50687,55972,35562,45825,11115,21040,552778,472750,77080,66687,105489,100482,23919,33,32
2021-08-09T23:59:59+02:00,3008,2780,32595,31447,48971,43596,50671,49319,61521,61762,71950,72449,52879,58443,36756,47458,11516,21895,492,475,17424,16868,34168,30533,43386,41969,55706,56086,67003,67751,50543,55823,35511,45776,11110,21022,552529,460568,77078,66683,105484,100470,23893,33,32
2021-08-08T23:59:59+02:00,3005,2780,32581,31434,48960,43589,50666,49313,61510,61754,71946,72448,52878,58440,36756,47455,11516,21894,489,472,17396,16838,34147,30518,43349,41939,55692,56073,66994,67746,50538,55818,35510,45773,11109,21021,552466,460384,77078,66677,105471,100451,23878,33,32
2021-08-07T23:59:59+02:00,3004,2775,32573,31423,48958,43581,50660,49312,61507,61751,71939,72446,52877,58438,36755,47455,11516,21894,486,468,17364,16805,34121,30498,43313,41908,55670,56055,66983,67739,50533,55816,35508,45773,11109,21020,552416,460146,77078,66674,105471,100450,23867,33,32
2021-08-06T23:59:59+02:00,2915,2683,32224,31195,48699,43387,50402,49082,61219,61546,71664,72279,52745,58335,36701,47403,11513,21885,478,466,17154,16661,33409,30016,42842,41539,55328,55828,66673,67562,50403,55722,35459,45737,11106,21013,552344,458465,75967,66384,105467,100448,22067,33,32
2021-08-05T23:59:59+02:00,2869,2644,32065,31076,48608,43299,50321,49027,61166,61501,71611,72238,52720,58316,36692,47386,11511,21883,450,433,16921,16409,31549,28582,41798,40584,55052,55482,66460,67389,50340,55645,35436,45698,11099,21004,551464,451650,75964,66310,105457,100323,22016,33,32
2021-08-04T23:59:59+02:00,2794,2568,31803,30884,48420,43163,50172,48916,61087,61424,71548,72182,52690,58276,36679,47371,11508,21878,424,410,16639,16161,31203,28359,40608,39509,54663,55150,66283,67237,50277,55563,35406,45670,11096,20997,550164,447331,75963,66291,105455,100250,21752,30,31
2021-08-03T23:59:59+02:00,2606,2387,31288,30418,48170,42915,49997,48724,60926,61253,71402,72035,52636,58204,36657,47342,11498,21864,375,346,16201,15713,30614,27833,38875,37891,53971,54504,65949,66925,50181,55434,35359,45618,11091,20987,547212,439653,75961,66284,105452,100231,21668,30,31
2021-08-02T23:59:59+02:00,2495,2292,30974,30133,47969,42732,49844,48596,60819,61147,71314,71953,52603,58172,36635,47323,11497,21861,333,313,15896,15442,30278,27479,36732,36066,53412,53989,65741,66750,50109,55349,35337,45590,11089,20983,545272,432805,75958,66279,105447,100120,21653,30,31
2021-08-01T23:59:59+02:00,2492,2289,30962,30124,47950,42719,49832,48588,60806,61137,71304,71947,52598,58163,36631,47323,11497,21861,320,303,15771,15317,30141,27363,34431,34212,53115,53736,65648,66681,50069,55309,35330,45571,11088,20981,545211,427358,75956,66274,105400,100096,21627,30,31
2021-07-31T23:59:59+02:00,2492,2289,30957,30120,47948,42717,49830,48588,60805,61137,71304,71945,52595,58160,36631,47323,11497,21860,319,303,15757,15305,30106,27336,34419,34205,53097,53728,65636,66676,50065,55304,35330,45570,11087,20980,545192,427205,75956,66273,105399,100092,21622,30,31
2021-07-30T23:59:59+02:00,2478,2284,30910,30074,47916,42696,49806,48563,60771,61108,71269,71927,52586,58149,36631,47323,11497,21858,317,298,15595,15003,29839,27023,34237,33956,52896,53434,65470,66473,50019,55258,35320,45558,11087,20978,545020,426833,75950,66263,105396,98183,21451,30,31
2021-07-29T23:59:59+02:00,2446,2264,30753,29980,47832,42635,49753,48497,60709,61067,71222,71881,52566,58130,36623,47307,11494,21853,294,276,15277,14721,29523,26803,32950,33009,52111,52822,65114,66205,49920,55165,35277,45501,11082,20970,544350,424121,75943,63525,105385,98038,21305,30,31
2021-07-28T23:59:59+02:00,2399,2227,30600,29871,47749,42567,49680,48425,60635,60988,71155,71824,52542,58092,36605,47288,11493,21848,264,256,14874,14344,29082,26488,32580,32678,51401,52209,64722,65878,49825,55062,35243,45444,11066,20951,543400,419973,75939,63470,105379,97652,21241,30,31
2021-07-27T23:59:59+02:00,2321,2154,30360,29604,47598,42388,49535,48287,60524,60864,71055,71736,52484,58032,36577,47249,11485,21841,188,166,14229,13689,28317,25859,31829,32024,50149,51113,63989,65312,49637,54855,35175,45329,11059,20931,541571,411629,75929,63444,105373,97554,21192,30,31
2021-07-26T23:59:59+02:00,2260,2099,30157,29373,47480,42259,49460,48203,60459,60799,71004,71690,52458,58000,36565,47236,11483,21832,151,139,13866,13314,27958,25568,31213,31610,48592,49740,63012,64485,49432,54649,35107,45248,11049,20918,540336,403903,75926,63438,105369,97522,21157,30,31
2021-07-25T23:59:59+02:00,2014,1897,29337,28698,47086,41942,49174,47916,60225,60574,70820,71532,52402,57925,36538,47194,11482,21824,148,137,13773,13253,27861,25503,31129,31543,48472,49676,62925,64434,49410,54631,35100,45239,11049,20917,536150,403265,75926,63430,105362,97361,21113,30,31
2021-07-24T23:59:59+02:00,1933,1829,29079,28467,46936,41836,49057,47815,60067,60456,70691,71452,52353,57895,36520,47174,11480,21824,147,131,13638,13136,27661,25367,30967,31413,48258,49507,62761,64340,49366,54601,35085,45222,11047,20915,535454,402647,75923,63427,105361,97360,20097,30,31
2021-07-23T23:59:59+02:00,1818,1709,28749,28141,46692,41681,48803,47603,59817,60269,70488,71325,52279,57824,36501,47138,11476,21815,137,123,13385,12902,27230,25049,30584,31106,47657,49019,62432,64101,49283,54535,35063,45179,11042,20906,534451,400222,75548,63373,105350,97357,18750,30,31
2021-07-22T23:59:59+02:00,1806,1702,28668,28061,46551,41541,48588,47391,59639,60125,70369,71196,52236,57787,36485,47121,11476,21815,119,118,13156,12639,26893,24716,30230,30786,45728,47456,61626,63400,49187,54433,35025,45135,11039,20896,534134,393510,74399,63222,105306,97130,18689,30,31
2021-07-21T23:59:59+02:00,1772,1660,28406,27854,46164,41204,47996,46835,59053,59644,69914,70806,52065,57627,36427,47065,11467,21802,104,108,12732,12190,26312,24173,29656,30218,41995,44212,60139,62126,49019,54252,34961,45053,11029,20869,533576,381855,71128,62704,105152,96682,17876,30,31
2021-07-20T23:59:59+02:00,1749,1645,28286,27718,46100,41148,47948,46796,58997,59596,69860,70759,52031,57599,36410,47040,11462,21795,88,81,12232,11655,25574,23484,29001,29467,38542,41219,58592,60664,48815,54029,34879,44960,11011,20849,532887,371445,71106,59324,105135,96560,17782,30,31
2021-07-19T23:59:59+02:00,1744,1644,28259,27680,46078,41136,47934,46784,58984,59580,69848,70757,52029,57595,36410,47036,11460,21795,87,79,12184,11622,25507,23449,28967,29433,38497,41186,58551,60637,48811,54021,34878,44957,11008,20848,532744,371119,71105,59308,105118,96507,17757,30,31
2021-07-18T23:59:59+02:00,1740,1637,28234,27655,46054,41126,47922,46775,58978,59572,69841,70749,52027,57594,36409,47035,11460,21794,87,78,12121,11596,25422,23407,28907,29400,38436,41160,58491,60596,48809,54017,34875,44956,11008,20848,532623,370781,71103,59277,105110,96388,17737,30,31
2021-07-17T23:59:59+02:00,1740,1635,28211,27641,46040,41114,47911,46770,58970,59566,69834,70745,52023,57590,36408,47035,11460,21794,85,76,12093,11582,25388,23371,28874,29381,38414,41142,58455,60572,48799,54009,34873,44956,11008,20848,532540,370531,71102,59273,105109,96384,17707,30,31
2021-07-16T23:59:59+02:00,1725,1614,27946,27447,45751,40948,47680,46600,58669,59364,69601,70604,51917,57519,36364,46999,11455,21792,85,73,11842,11386,25054,23130,28569,29151,38013,40867,57946,60149,48662,53896,34821,44906,11002,20844,532225,369325,71101,59269,104977,96108,15663,30,31
2021-07-15T23:59:59+02:00,1627,1501,27482,27063,45490,40714,47534,46487,58529,59251,69498,70518,51876,57477,36349,46976,11454,21785,77,66,11542,11155,24573,22792,28202,28881,37622,40586,55896,58101,48491,53694,34762,44822,10994,20833,529905,362376,71099,59176,104969,95897,15609,30,31
2021-07-14T23:59:59+02:00,1460,1369,26916,26525,45186,40424,47329,46302,58344,59054,69337,70372,51814,57418,36324,46946,11448,21780,70,58,11349,10962,24165,22435,27849,28562,37098,40184,54675,56920,48353,53543,34711,44758,10986,20811,526729,358653,71093,57507,104950,95751,15547,30,31
2021-07-13T23:59:59+02:00,1173,1064,25964,25630,44693,40013,46970,45981,58021,58769,69065,70126,51703,57292,36281,46891,11444,21765,58,43,11005,10620,23634,21883,27226,27974,35717,38994,50541,53012,47989,53155,34580,44609,10969,20782,521340,349368,71087,52301,104947,95649,15442,30,31
2021-07-12T23:59:59+02:00,709,667,24590,24378,44133,39528,46770,45766,57808,58575,68882,69954,51641,57201,36264,46865,11442,21757,50,40,10767,10511,23431,21744,26972,27838,35466,38824,50099,52590,47914,53069,34549,44574,10969,20776,515458,347895,71086,52273,104941,94567,15417,29,31
2021-07-11T23:59:59+02:00,706,662,24571,24357,44102,39509,46752,45753,57794,58562,68868,69951,51639,57198,36261,46861,11441,21757,48,40,10672,10422,23210,21618,26705,27739,35155,38742,49384,52103,46429,51478,34459,44466,10969,20774,515370,347380,71082,52225,104926,89439,15338,29,31
2021-07-10T23:59:59+02:00,704,657,24563,24351,44097,39500,46749,45751,57788,58561,68868,69950,51639,57198,36261,46861,11441,21757,45,39,10659,10411,23188,21597,26691,27728,35133,38737,49370,52098,46415,51462,34457,44465,10969,20774,515335,347271,71081,52224,104924,89384,15328,29,31
2021-07-09T23:59:59+02:00,697,647,24113,23892,43818,39260,46683,45691,57728,58520,68816,69925,51622,57185,36258,46853,11440,21756,45,39,10578,10240,23092,21408,26630,27518,35065,38520,49304,51994,46393,51437,34453,44462,10969,20774,513575,346033,71077,52211,104918,89340,15306,29,31
2021-07-08T23:59:59+02:00,631,581,23026,22890,43022,38662,46433,45489,57521,58377,68619,69786,51545,57119,36230,46830,11438,21748,40,34,10319,10050,22715,21153,26234,27252,34584,38205,48694,51470,46055,51070,34383,44384,10962,20752,508907,342444,71050,52058,104860,88721,15102,29,31
2021-07-07T23:59:59+02:00,579,535,21706,21502,42284,37977,46208,45267,57281,58185,68453,69626,51461,57036,36193,46776,11430,21734,33,30,9946,9742,21841,20560,25123,26459,32747,36835,47774,50583,45555,50532,34276,44244,10953,20734,503531,337503,70877,47675,104839,87801,14958,29,30
2021-07-06T23:59:59+02:00,522,472,20473,20221,41430,37334,45732,44916,56885,57879,68125,69368,51363,56910,36149,46725,11422,21725,25,25,9553,9362,20974,19964,24157,25800,31261,35640,46572,49380,44775,49747,34140,44069,10940,20714,499052,330158,68942,45574,104819,86526,14810,29,30
2021-07-05T23:59:59+02:00,485,444,19061,18846,40564,36531,45515,44689,56701,57676,67964,69241,51307,56854,36128,46696,11420,21718,23,21,9262,9105,20416,19580,23488,25377,30621,35212,45814,48762,44020,48956,34010,43880,10931,20702,493327,324370,68940,45552,104812,85493,14735,27,30
2021-07-04T23:59:59+02:00,478,438,17271,16845,40224,36303,45427,44615,56615,57607,67885,69173,51275,56828,36118,46675,11418,21716,23,21,9200,9053,20276,19517,23316,25299,30362,35134,45020,48633,42657,47603,33931,43806,10929,20696,488506,323909,68914,45507,104797,81363,14667,27,30
2021-07-03T23:59:59+02:00,478,436,17249,16814,40175,36256,45408,44598,56610,57602,67879,69166,51273,56825,36118,46675,11418,21715,22,21,9156,9009,20208,19448,23254,25233,30279,35054,44799,48457,42588,47527,33886,43747,10926,20696,488311,322943,68912,45506,104796,81182,14649,27,30
2021-07-02T23:59:59+02:00,458,413,17132,16704,39711,35874,45292,44498,56556,57561,67831,69135,51261,56820,36112,46663,11418,21714,22,19,8994,8837,19883,19166,22862,24854,29861,34639,44174,47811,42385,47298,33787,43611,10920,20692,486803,319933,68894,44472,104794,80745,14635,27,30
2021-07-01T23:59:59+02:00,406,373,16824,16420,37976,34544,44719,43999,56295,57351,67657,68966,51181,56729,36084,46625,11414,21706,17,14,8617,8438,19020,18454,21893,23999,28476,33448,41143,44837,41388,46216,33172,42885,10903,20663,481322,312427,68820,39591,104772,77207,14328,27,30
2021-06-30T23:59:59+02:00,358,328,16535,16173,35792,32722,44096,43369,56071,57156,67452,68774,51100,56637,36055,46571,11410,21690,16,13,8257,8104,18345,17826,21003,23166,27195,32181,36497,39963,40307,45069,32511,42096,10882,20636,474484,301916,68774,33561,104752,74308,14252,27,30
2021-06-29T23:59:59+02:00,318,291,16309,15972,34798,31639,43644,42924,55890,56992,67280,68625,51024,56564,36016,46527,11402,21683,14,10,7673,7498,17215,16897,19745,21949,25493,30502,33752,36833,37453,42019,31767,41204,10859,20598,470280,285701,68766,33511,104738,68153,14087,27,29
2021-06-28T23:59:59+02:00,309,269,16158,15812,33087,30232,43323,42630,55725,56851,67164,68517,50978,56512,35998,46506,11399,21671,13,8,7369,7241,16658,16521,19353,21634,24985,30114,33164,36332,36075,40529,30978,40269,10855,20587,465864,282653,68741,33458,104716,62752,13793,27,29
2021-06-27T23:59:59+02:00,309,269,16137,15786,32936,30145,43260,42603,55690,56842,67138,68509,50974,56508,35995,46505,11399,21670,12,8,7325,7212,16522,16454,19189,21572,24785,30040,32937,36192,34817,39255,29351,38346,10854,20586,465545,282482,68737,33419,104711,55872,13655,27,29
2021-06-26T23:59:59+02:00,307,267,16113,15758,32913,30127,43214,42559,55665,56826,67132,68506,50973,56506,35992,46504,11399,21670,11,8,7321,7199,16503,16443,19173,21561,24752,30017,32917,36172,34803,39241,29349,38343,10854,20586,465306,282284,68733,33419,104711,55867,13654,27,29
2021-06-25T23:59:59+02:00,300,265,16052,15707,32791,30026,43021,42399,55608,56780,67090,68482,50963,56495,35988,46503,11399,21670,11,8,7133,6921,16218,15935,18904,20905,24381,29084,32529,35449,34642,39023,29326,38312,10854,20586,464458,279594,68729,33408,104694,53559,13631,27,29
2021-06-24T23:59:59+02:00,280,252,15778,15501,32335,29735,41552,41155,55144,56424,66857,68321,50908,56439,35972,46475,11394,21660,10,8,6811,6687,15518,15489,17453,19883,22300,27524,31428,34551,34236,38596,29202,38130,10842,20571,459887,269872,68724,33355,104690,53129,12854,27,29
2021-06-23T23:59:59+02:00,264,235,15496,15207,31829,29336,39449,39333,54600,55880,66606,68101,50819,56330,35932,46429,11389,21647,9,6,6605,6521,15154,15212,16927,19434,21415,26722,29726,33185,33478,37741,29010,37889,10835,20556,452819,262041,68673,33263,104685,52414,12678,27,29
2021-06-22T23:59:59+02:00,242,200,15115,14813,31164,28704,36012,36285,53687,55077,66304,67796,50712,56208,35893,46372,11385,21633,6,5,6425,6308,14750,14883,16122,18713,19996,25407,28119,31530,32677,36765,28470,37283,10817,20524,441884,251920,68641,33178,104678,51301,12372,27,29
2021-06-21T23:59:59+02:00,227,194,14871,14635,30477,28240,33851,34319,53222,54651,66125,67678,50631,56134,35867,46350,11380,21628,6,5,6328,6224,14589,14763,15952,18575,19875,25294,28010,31442,32521,36625,27260,36048,10817,20521,435050,251232,68619,33130,104647,48327,12137,27,29
2021-06-20T23:59:59+02:00,220,193,14747,14546,28579,26900,33241,33870,53133,54556,66057,67642,50608,56106,35859,46347,11379,21626,6,5,5874,5926,13644,14123,15119,17982,19318,24936,27693,31240,32354,36444,27234,36017,10815,20517,430672,246216,68615,33095,104644,48255,11652,26,29
2021-06-19T23:59:59+02:00,214,188,14722,14513,28462,26815,33212,33843,53111,54540,66041,67631,50602,56097,35857,46342,11378,21624,6,5,5661,5766,13084,13716,14511,17504,18989,24734,27498,31069,32275,36344,27217,36003,10815,20517,430262,242695,68613,33091,104644,48252,11647,26,29
2021-06-18T23:59:59+02:00,212,179,14632,14429,28355,26746,31961,32940,52744,54233,65907,67537,50571,56063,35839,46316,11374,21620,6,4,5594,5688,12983,13631,14346,17378,18753,24505,26678,30402,32068,36107,27151,35928,10811,20510,429754,239743,65648,32977,104634,48198,11596,26,29
2021-06-17T23:59:59+02:00,198,163,14255,14164,27765,26493,31473,32680,51956,53666,65482,67270,50490,55962,35805,46275,11368,21607,5,4,5214,5430,12199,13156,13558,16767,17662,23576,24519,28438,31426,35370,26952,35651,10794,20495,426546,230722,65642,32700,104610,47516,10249,25,29
2021-06-16T23:59:59+02:00,169,135,13827,13758,27302,26137,31029,32324,51143,52964,65027,66881,50371,55842,35776,46218,11357,21595,5,4,4847,4993,11482,12488,12765,16072,16559,22453,21547,25572,30355,34162,26654,35247,10779,20454,421682,216670,65596,32671,104603,47119,9949,25,29
2021-06-15T23:59:59+02:00,106,82,13195,13132,26557,25560,30250,31730,49891,51899,64315,66356,50193,55645,35709,46106,11348,21576,5,4,4350,4366,10517,11553,11610,14693,14830,20750,18116,22265,28981,32724,26267,34726,10754,20410,413972,198050,65576,32553,104598,46810,9479,25,29
2021-06-14T23:59:59+02:00,76,61,12789,12758,26145,25235,29589,31264,48099,50430,63264,65523,49977,55419,35632,46030,11340,21564,5,4,4249,4310,10341,11421,11469,14561,14653,20627,17923,22105,28908,32643,26249,34698,10750,20407,406099,197606,65566,32281,104598,46500,8907,25,29
2021-06-13T23:59:59+02:00,75,60,12746,12715,26074,25199,29526,31238,48046,50405,63229,65499,49971,55416,35630,46026,11339,21561,5,4,4093,4231,10013,11291,11146,14450,14356,20514,17522,21761,27394,31000,26109,34503,10746,20396,405898,196857,65490,27606,104591,46291,8751,25,29
2021-06-12T23:59:59+02:00,75,59,12728,12698,26058,25189,29514,31226,47986,50334,63187,65464,49970,55413,35630,46026,11339,21561,5,4,4090,4222,9998,11274,11137,14435,14337,20497,17500,21752,27353,30955,26104,34498,10746,20396,405602,196669,65490,27604,104589,46250,8751,25,29
2021-06-11T23:59:59+02:00,73,56,12627,12571,25932,25074,29391,31100,47748,50107,63055,65345,49946,55387,35619,46015,11337,21559,5,4,3997,3951,9480,10087,10708,13525,14049,19939,17227,21275,26944,30531,26013,34416,10743,20394,404326,195624,65480,27599,104549,41474,8562,25,29
2021-06-10T23:59:59+02:00,65,49,12384,12351,25609,24789,29046,30831,46673,49092,62320,64775,49861,55291,35585,45963,11327,21546,5,3,3726,3586,8713,8842,9815,11883,12746,17179,15436,17670,25221,28609,25717,34109,10737,20370,399437,190096,65423,27160,104347,28758,8325,25,28
2021-06-09T23:59:59+02:00,51,37,12090,12027,25199,24383,28649,30438,44662,47268,61230,63837,49756,55167,35538,45909,11321,21528,5,3,3476,3462,8288,8590,9303,11563,12229,16787,14723,17070,21384,24286,25490,33807,10725,20344,391451,178503,65294,26811,104345,28219,7975,25,27
2021-06-08T23:59:59+02:00,45,26,11658,11487,24529,23759,27991,29773,41490,44424,59453,62204,49585,54975,35464,45818,11311,21506,5,3,3266,3326,7887,8334,8685,11190,11566,16369,14065,16423,16001,18326,25099,33282,10707,20314,378768,163295,65231,26478,104335,27913,7139,25,23
2021-06-07T23:59:59+02:00,40,19,11495,11291,24179,23481,27708,29565,38863,42497,59026,61842,49551,54944,35452,45797,11309,21500,5,3,3171,3256,7582,8161,8367,11013,10992,15917,13560,15945,15924,18246,25068,33231,10705,20307,373106,162975,64804,24654,104326,27503,6298,25,23
2021-06-06T23:59:59+02:00,37,18,11359,11187,23855,23250,27496,29393,37268,41313,58900,61764,49527,54915,35444,45783,11309,21498,5,3,3071,3205,7307,8072,8100,10844,10252,15235,12962,15323,15772,18134,25054,33208,10703,20307,372698,162859,61425,21490,104315,27333,5853,25,22
2021-06-05T23:59:59+02:00,35,17,11341,11167,23811,23210,27461,29366,37240,41299,58800,61679,49516,54908,35442,45781,11309,21495,5,3,3059,3193,7283,8038,8069,10826,10221,15220,12917,15299,15649,17969,25049,33200,10702,20306,372354,162419,61422,21489,104315,27317,5761,25,22
2021-06-04T23:59:59+02:00,35,15,11159,10908,23452,22745,27183,28971,36812,40851,58180,61139,49482,54867,35432,45763,11307,21489,5,2,3035,3178,7254,8020,8047,10809,10190,15196,12883,15265,15437,17761,25038,33179,10700,20305,370556,161832,59153,21476,104301,27219,5755,25,22
2021-06-03T23:59:59+02:00,33,14,10939,10690,22990,22356,26758,28637,35713,40024,55418,58791,49353,54708,35389,45699,11302,21474,5,2,2942,3099,7046,7865,7591,10512,9160,14564,11633,14559,14253,16289,24859,32961,10688,20286,366607,158467,54231,17744,104250,26907,5175,25,21
2021-06-02T23:59:59+02:00,33,14,10901,10653,22953,22323,26724,28611,35680,39983,55290,58633,49339,54683,35383,45692,11302,21473,5,2,2900,3069,6990,7844,7529,10478,9004,14523,11407,14495,12897,14802,24741,32788,10684,20279,366010,154638,54225,17733,104249,26884,5161,25,21
2021-06-01T23:59:59+02:00,20,7,10485,10304,22296,21812,26039,28031,34959,39403,52289,55484,48950,54275,35264,45529,11286,21447,5,2,2444,2711,5637,7164,6255,9903,7605,13852,10273,13533,8584,9233,24261,32107,10661,20226,355248,136435,54042,17363,104230,26302,4335,25,21
2021-05-31T23:59:59+02:00,19,6,10206,10074,21720,21418,25633,27783,34636,39199,50840,54087,48851,54151,35230,45489,11279,21439,5,2,2333,2592,5347,6922,5993,9683,7240,13611,10017,13373,8533,9171,24235,32058,10653,20213,350510,135660,53998,17242,104206,25737,3321,25,21
2021-05-30T23:59:59+02:00,18,6,10149,10025,21627,21379,25568,27749,34523,39129,50474,53745,48825,54126,35224,45483,11277,21436,5,2,2296,2562,5242,6844,5893,9615,7051,13523,9791,13276,8489,9123,24219,32051,10652,20208,349321,135065,53977,17068,104189,25437,3251,25,21
2021-05-29T23:59:59+02:00,17,6,10135,10013,21594,21360,25551,27736,34502,39116,50461,53727,48821,54122,35221,45482,11277,21436,5,2,2276,2510,5199,6717,5833,9485,6935,13325,9652,13055,8418,9031,24152,31984,10651,20207,349165,134785,53977,17016,104168,24373,3242,25,21
2021-05-28T23:59:59+02:00,17,6,10075,9943,21518,21248,25470,27615,34424,39016,50382,53629,48800,54104,35212,45474,11277,21432,5,2,2194,2244,4586,6182,5211,8767,6568,12363,9158,12060,8240,8832,23780,31502,10650,20204,348308,133283,53964,16919,104110,19090,3236,24,20
2021-05-27T23:59:59+02:00,16,6,9807,9696,20991,20872,24926,27254,33900,38638,49770,53019,48630,53913,35143,45400,11273,21412,3,2,1953,1979,4009,5663,4535,8165,6058,11593,8211,10735,7734,8170,22216,29349,10635,20182,344025,127614,53553,15786,104004,14712,3060,24,20
2021-05-26T23:59:59+02:00,16,6,9531,9448,20272,20307,24053,26584,32637,37611,49005,52313,48376,53624,35067,45289,11261,21388,3,1,1896,1907,3912,5536,4403,8003,5850,11331,7884,10352,7171,7444,19773,25916,10615,20138,339306,119112,50582,15533,103951,14546,2925,24,19
2021-05-25T23:59:59+02:00,15,6,9267,9212,19860,19950,23614,26191,32127,37094,48111,51333,48078,53305,34979,45148,11249,21358,3,1,1830,1857,3793,5437,4265,7854,5641,11107,7570,10029,6545,6601,15630,20521,10595,20080,333713,106873,50500,15490,103879,14196,2781,24,19
2021-05-24T23:59:59+02:00,14,6,9051,9053,19291,19658,22843,25803,30618,36080,47886,51162,47986,53205,34950,45118,11247,21357,3,1,1804,1839,3747,5405,4200,7812,5575,11047,7494,9972,6519,6577,15616,20512,10595,20080,332130,106752,46707,15477,103819,13903,2648,24,18
2021-05-23T23:59:59+02:00,14,6,8844,8846,18936,19368,22420,25455,30195,35759,47295,50649,47553,52750,34847,44972,11239,21348,3,1,1802,1838,3737,5401,4195,7806,5565,11039,7483,9963,6514,6566,15616,20510,10595,20080,327305,106692,46705,15475,103817,13884,2645,24,18
2021-05-22T23:59:59+02:00,14,6,8813,8809,18885,19325,22373,25423,30142,35728,47188,50579,47534,52727,34844,44963,11236,21348,3,1,1801,1834,3725,5389,4191,7800,5560,11033,7476,9959,6511,6564,15613,20509,10595,20080,326760,106656,46705,15475,103816,13863,2632,24,18
2021-05-21T23:59:59+02:00,13,6,8538,8454,18445,18812,22011,24778,29714,34919,46701,49912,47445,52602,34806,44920,11233,21343,3,1,1736,1793,3648,5350,4146,7765,5528,10987,7434,9911,6481,6538,15535,20412,10594,20079,321553,106340,46674,15474,103792,13500,2609,24,18
2021-05-20T23:59:59+02:00,12,6,7965,7910,17503,18018,21003,23863,28393,33717,44954,48088,47005,52140,34698,44764,11215,21324,3,1,1436,1630,3340,5062,3880,7378,5229,10509,7053,9458,6246,6280,14215,18866,10570,20040,309949,102572,46586,14990,103563,11160,2456,24,18
2021-05-19T23:59:59+02:00,12,6,7700,7596,16899,17417,20101,22985,27161,32456,43158,45999,46474,51584,34548,44541,11194,21292,3,1,1371,1544,3141,4848,3673,7126,5003,10157,6758,9128,5962,5946,11997,16006,10552,19979,298798,96318,46545,14514,103517,10107,2239,24,17
2021-05-18T23:59:59+02:00,11,6,7175,7058,15746,16395,18830,21737,25654,30827,40468,42766,45644,50637,34312,44237,11169,21250,3,1,1349,1518,3081,4777,3598,7005,4868,10025,6577,8916,5695,5668,10291,13826,10528,19925,283014,91168,45341,14463,103410,9869,2134,23,17
2021-05-17T23:59:59+02:00,11,6,7097,6996,15562,16284,18614,21569,25254,30499,38719,41128,45533,50557,34264,44172,11159,21226,3,1,1316,1495,3024,4731,3533,6946,4799,9921,6483,8815,5653,5628,10277,13808,10524,19917,282792,91095,40575,14182,103366,9686,1894,23,17
2021-05-16T23:59:59+02:00,10,5,6982,6943,15441,16197,18485,21462,25074,30384,35737,38359,45497,50522,34242,44148,11156,21221,3,1,1293,1476,2980,4691,3485,6888,4716,9851,6389,8736,5622,5591,10265,13792,10522,19914,282509,91047,34427,13916,103246,9575,1660,23,17
2021-05-15T23:59:59+02:00,10,5,6957,6913,15380,16139,18439,21420,25006,30339,35701,38318,45474,50495,34235,44143,11156,21221,3,1,1280,1451,2948,4620,3466,6819,4697,9770,6367,8685,5616,5587,10260,13791,10522,19914,282023,90991,34426,13912,103232,9230,1647,23,17
2021-05-14T23:59:59+02:00,10,4,6784,6542,15032,15644,18125,21001,24668,29878,35456,37968,45445,50464,34225,44138,11156,21219,3,1,1221,1391,2870,4516,3417,6716,4633,9619,6284,8555,5587,5542,10247,13781,10522,19913,280958,90904,34276,13892,100920,8424,1582,23,16
2021-05-13T23:59:59+02:00,10,4,6429,6216,14275,15065,17418,20369,23808,29135,34688,37297,45158,50120,34146,44015,11152,21208,3,1,1049,1306,2675,4405,3300,6594,4492,9448,6162,8410,5544,5504,10230,13764,10518,19908,274547,90748,33943,13811,100704,7443,1296,23,15
2021-05-12T23:59:59+02:00,10,4,6032,5944,13303,14396,16397,19567,23143,28698,34380,37013,44975,49924,34115,43984,11149,21205,3,1,1046,1304,2668,4398,3282,6590,4487,9438,6154,8405,5537,5498,10228,13759,10517,19907,268301,90687,33932,13800,100700,7438,1283,23,14
2021-05-11T23:59:59+02:00,10,4,5654,5720,12713,13945,14595,18125,20190,26173,32065,34685,43920,48665,33790,43512,11120,21155,3,0,984,1229,2550,4224,3173,6352,4369,9150,6037,8179,5465,5418,10185,13697,10509,19889,251010,90207,33653,13583,100254,6509,1101,23,13
2021-05-10T23:59:59+02:00,10,4,5504,5621,12441,13818,14244,17899,19387,25603,30690,33662,43389,48050,33732,43423,11112,21136,3,0,941,1170,2451,4059,3079,6150,4244,8887,5915,7981,5427,5386,10173,13680,10505,19880,245528,90096,33442,13523,99946,5513,786,23,13
2021-05-09T23:59:59+02:00,10,4,5101,5382,11255,13291,13243,17537,18360,25272,30145,33373,43333,47977,33706,43409,11109,21128,3,0,916,1139,2353,3952,2989,6012,4112,8712,5821,7877,5418,5372,10166,13675,10500,19876,240209,90049,33369,13481,99605,4922,429,23,12
2021-05-08T23:59:59+02:00,10,4,5089,5374,11233,13271,13217,17518,18330,25240,30104,33330,43325,47966,33705,43405,11109,21128,3,0,912,1132,2340,3945,2984,6012,4108,8706,5818,7874,5415,5369,10163,13670,10500,19876,239940,90023,33367,13481,99604,4887,424,23,12
2021-05-07T23:59:59+02:00,10,4,4988,5291,11004,13103,12931,17297,17722,24640,29154,32435,43131,47725,33649,43333,11105,21122,3,0,882,1101,2306,3890,2941,5963,4054,8652,5734,7821,5368,5321,10151,13661,10500,19875,237435,89887,31477,13478,99496,4632,214,22,12
2021-05-06T23:59:59+02:00,10,4,4575,5006,10334,12686,12172,16630,16126,23197,26608,30044,42430,46976,33482,43096,11089,21101,3,0,823,1045,2172,3643,2771,5653,3860,8180,5535,7500,5317,5267,10128,13633,10498,19869,228668,89704,28136,13164,98681,2958,59,22,12
2021-05-05T23:59:59+02:00,10,4,4266,4776,9733,12241,11452,16047,15025,22169,23755,27282,41448,45870,33199,42709,11071,21059,3,0,807,1021,2109,3518,2713,5497,3766,7969,5439,7366,5268,5212,10091,13594,10496,19866,215633,89440,27953,13026,98460,2208,49,21,12
2021-05-04T23:59:59+02:00,10,4,3917,4325,9067,11551,10680,15207,13721,20917,20151,23874,40101,44410,32825,42185,11048,21020,3,0,789,991,2040,3402,2642,5362,3673,7816,5342,7243,5229,5166,10061,13565,10494,19863,198584,89218,27935,12727,98432,1682,42,20,12
2021-05-03T23:59:59+02:00,10,4,3674,3907,8659,11059,10199,14582,13187,20262,19428,23225,39835,44158,32746,42081,11045,21005,3,0,775,961,1973,3301,2583,5254,3614,7701,5291,7156,5213,5153,10045,13547,10491,19858,192730,89076,27923,12716,98368,1090,25,20,12
2021-05-02T23:59:59+02:00,10,4,3672,3905,8639,11050,10189,14572,13166,20250,19410,23215,39832,44157,32745,42080,11044,21005,3,0,771,945,1942,3220,2536,5158,3567,7576,5271,7092,5209,5149,10044,13543,10491,19856,192635,89058,27909,12684,98361,600,20,20,11
2021-05-01T23:59:59+02:00,10,4,3669,3897,8626,11036,10180,14561,13158,20248,19397,23206,39832,44155,32745,42080,11044,21005,3,0,770,945,1941,3220,2535,5158,3567,7576,5271,7092,5209,5149,10044,13543,10490,19856,192546,89057,27907,12682,98361,600,19,20,11
2021-04-30T23:59:59+02:00,10,3,3646,3872,8581,11001,10136,14522,13097,20209,19295,23054,39563,43832,32724,42059,11043,21005,3,0,765,940,1926,3212,2534,5150,3564,7569,5269,7085,5206,5146,10040,13542,10490,19856,191621,89030,27638,12679,98355,559,18,20,11
2021-04-29T23:59:59+02:00,10,3,3376,3698,8146,10729,9588,14237,12598,19844,18558,22325,36502,40380,32462,41693,11032,20969,3,0,752,926,1878,3151,2485,5084,3498,7428,5178,6986,5166,5111,10017,13499,10488,19850,186062,88823,21803,12524,98249,125,17,19,11
2021-04-28T23:59:59+02:00,10,3,3209,3632,7879,10618,9192,14064,12218,19609,18074,21890,32715,36064,32245,41391,11019,20947,3,0,735,910,1852,3112,2440,5036,3460,7370,5112,6922,5100,5049,9965,13440,10485,19840,174894,88608,21650,12084,98204,117,12,19,10
2021-04-27T23:59:59+02:00,9,3,3128,3566,7619,10489,8840,13890,11734,19384,17595,21398,27146,29869,31869,40884,10998,20914,3,0,725,896,1820,3075,2404,4990,3406,7311,5057,6846,5050,4979,9930,13387,10481,19831,159535,88394,21628,11662,98141,114,12,19,9
2021-04-26T23:59:59+02:00,9,3,3071,3530,7475,10425,8672,13830,11503,19318,17070,21011,27110,29835,31855,40869,10998,20914,3,0,702,864,1752,3016,2337,4935,3338,7221,4959,6741,4950,4904,9851,13303,10479,19828,158949,88262,21410,10787,97109,113,12,18,9
2021-04-25T23:59:59+02:00,9,3,3034,3513,7315,10374,8436,13780,11171,19275,16237,20541,25556,28171,31801,40805,10998,20911,3,0,702,863,1746,3011,2330,4932,3332,7213,4955,6732,4947,4899,9843,13292,10479,19828,158462,88239,21401,10750,92037,97,12,18,9
2021-04-24T23:59:59+02:00,9,3,3030,3507,7300,10359,8424,13772,11157,19265,16216,20523,25510,28108,31798,40799,10997,20910,3,0,702,863,1746,3010,2330,4932,3331,7213,4955,6732,4947,4898,9841,13291,10479,19828,158251,88233,21397,10750,92009,97,12,18,9
2021-04-23T23:59:59+02:00,9,3,3013,3490,7260,10315,8377,13730,11090,19206,16155,20458,25089,27603,31765,40743,10994,20907,3,0,692,855,1728,3001,2314,4903,3280,7175,4855,6635,4807,4775,9670,13092,10473,19813,157061,87940,21260,10015,91856,96,12,18,8
2021-04-22T23:59:59+02:00,8,3,2932,3411,7067,10130,7838,13323,9882,18408,14599,19410,23072,25168,31553,40473,10975,20877,3,0,627,805,1615,2889,2187,4737,3120,7003,4671,6434,4650,4601,9158,12434,10436,19734,152247,86020,15962,8987,90892,77,12,16,8
2021-04-21T23:59:59+02:00,8,3,2880,3363,6944,10043,7627,13167,9515,18167,14128,18963,20557,22035,31253,40084,10956,20851,3,0,578,780,1535,2810,2100,4646,2993,6860,4508,6270,4466,4421,8587,11666,10390,19641,145245,84216,15189,7949,90083,69,12,15,8
2021-04-20T23:59:59+02:00,8,3,2840,3324,6838,9954,7490,13056,9263,17949,13635,18571,17167,17972,30939,39610,10939,20817,3,0,548,745,1462,2746,2014,4566,2891,6738,4374,6109,4276,4226,7718,10447,10320,19490,136393,81277,14945,7314,89010,64,12,15,6
2021-04-19T23:59:59+02:00,8,3,2825,3315,6790,9914,7437,13020,9187,17875,13498,18454,16833,17591,30904,39573,10937,20812,3,0,489,705,1342,2650,1914,4468,2757,6580,4176,5918,4021,3925,5865,8005,10101,19085,136068,75399,14749,6527,88132,60,12,15,6
2021-04-18T23:59:59+02:00,8,3,2809,3301,6712,9888,7332,12969,8989,17808,12660,18324,15421,16184,30836,39511,10933,20805,3,0,483,699,1331,2642,1899,4457,2724,6551,4115,5868,3945,3854,5451,7375,10054,19001,135846,73899,14606,6479,84014,56,12,15,6
2021-04-17T23:59:59+02:00,8,3,2799,3297,6695,9865,7302,12948,8957,17769,12627,18304,15369,16134,30782,39439,10932,20805,3,0,483,696,1331,2640,1898,4453,2720,6546,4112,5864,3944,3852,5446,7374,10053,19000,135492,73862,14605,6479,83911,56,12,15,6
2021-04-16T23:59:59+02:00,8,3,2786,3283,6661,9850,7250,12909,8882,17717,12519,18201,15121,15852,30263,38790,10929,20797,3,0,482,693,1326,2635,1889,4451,2714,6540,4104,5856,3938,3846,5429,7345,10051,18998,133962,73760,14598,6468,83235,54,12,14,6
2021-04-15T23:59:59+02:00,8,3,2732,3228,6530,9752,7060,12730,8539,17444,12042,17735,14061,14629,28139,35982,10910,20774,3,0,473,687,1322,2609,1875,4427,2691,6512,4061,5803,3881,3772,5396,7291,10043,18985,128028,73439,14323,6330,79922,45,11,14,6
2021-04-14T23:59:59+02:00,7,1,2676,3177,6436,9657,6914,12570,8265,17176,11609,17273,12880,13247,23419,29902,10889,20718,3,0,469,680,1307,2599,1862,4408,2669,6487,4019,5766,3833,3720,5334,7235,10012,18947,115626,73135,14289,6174,76877,24,11,13,6
2021-04-13T23:59:59+02:00,7,1,2625,3142,6308,9572,6761,12435,7989,16925,11184,16848,10215,10325,20330,25731,10866,20674,3,0,452,656,1260,2556,1811,4346,2561,6386,3837,5603,3621,3535,5183,7096,10003,18924,107182,72786,14095,5010,70637,20,11,13,6
2021-04-12T23:59:59+02:00,7,1,2604,3128,6248,9543,6654,12349,7797,16796,10937,16639,8852,8833,19507,24756,10864,20665,3,0,446,648,1241,2539,1794,4321,2527,6346,3786,5551,3557,3487,5148,7055,9998,18902,107053,72647,14040,4669,65063,16,11,13,6
2021-04-11T23:59:59+02:00,7,1,2577,3118,6152,9517,6538,12312,7632,16745,10738,16537,7577,7556,17776,22778,10862,20662,3,0,446,648,1240,2537,1794,4321,2527,6346,3782,5546,3552,3486,5142,7053,9998,18902,106984,72636,14033,4657,58045,14,10,13,6
2021-04-10T23:59:59+02:00,7,1,2576,3116,6143,9512,6529,12307,7626,16740,10731,16529,7568,7544,17766,22771,10862,20662,3,0,446,644,1237,2534,1793,4318,2525,6342,3779,5545,3543,3472,5134,7038,9998,18902,106899,72574,14033,4650,58036,14,9,13,6
2021-04-09T23:59:59+02:00,7,1,2514,3018,6008,9305,6374,12045,7368,16333,10419,16034,7411,7339,17649,22592,10861,20660,3,0,441,639,1219,2521,1767,4300,2492,6292,3700,5463,3425,3362,4992,6943,9993,18900,106424,72484,14004,3941,55488,12,9,13,6
2021-04-08T23:59:59+02:00,7,1,2436,2946,5913,9185,6271,11915,7197,16148,10163,15845,7213,7079,16380,21132,10850,20629,3,0,434,633,1204,2487,1741,4263,2465,6220,3646,5397,3346,3315,4911,6838,9971,18854,102761,72033,13650,3669,54877,11,9,13,6
2021-04-07T23:59:59+02:00,7,1,2409,2910,5840,9113,6179,11840,7064,16048,9920,15694,6916,6752,14051,18181,10829,20582,3,0,428,631,1193,2474,1728,4239,2451,6180,3578,5338,3274,3262,4852,6776,9962,18824,96587,71746,13490,3422,54238,10,9,12,6
2021-04-06T23:59:59+02:00,7,1,2392,2880,5743,9046,6089,11761,6910,15935,9680,15512,6561,6388,11944,15565,10802,20523,3,0,424,624,1185,2447,1717,4216,2425,6142,3513,5274,3188,3212,4806,6723,9956,18806,91538,71500,13190,3138,52992,10,7,12,6
2021-04-05T23:59:59+02:00,7,1,2384,2870,5724,9029,6078,11742,6897,15916,9660,15486,6435,6288,10665,14270,10801,20522,3,0,420,617,1181,2432,1711,4200,2409,6110,3480,5233,3159,3174,4785,6678,9949,18788,91454,71307,13153,3001,50150,9,6,12,6
2021-04-04T23:59:59+02:00,7,1,2384,2870,5721,9025,6076,11742,6895,15916,9658,15485,6430,6283,10665,14268,10801,20522,3,0,420,616,1181,2431,1711,4200,2408,6110,3480,5233,3158,3174,4782,6678,9948,18787,91445,71299,13150,3000,50137,9,6,11,6
2021-04-03T23:59:59+02:00,7,1,2381,2863,5714,9017,6070,11737,6892,15912,9655,15482,6427,6278,10658,14265,10801,20522,3,0,420,616,1181,2431,1711,4200,2408,6110,3480,5232,3158,3174,4782,6678,9948,18787,91387,71298,13148,3000,50130,9,6,11,6
2021-04-02T23:59:59+02:00,7,1,2378,2861,5709,9010,6068,11734,6888,15911,9651,15480,6423,6271,10643,14236,10800,20521,3,0,418,614,1180,2431,1710,4199,2407,6110,3479,5225,3133,3157,4772,6669,9948,18787,91302,71222,13145,2999,50129,9,6,10,6
2021-04-01T23:59:59+02:00,7,1,2357,2858,5678,8980,6025,11691,6846,15856,9596,15424,6329,6174,10347,13887,10777,20472,3,0,416,598,1177,2425,1703,4188,2391,6093,3452,5204,3067,3109,4709,6593,9870,18669,90310,70651,13122,2996,49858,9,5,10,6
2021-03-31T23:59:59+02:00,7,1,2324,2831,5603,8912,5956,11596,6744,15744,9462,15290,6186,6031,9795,13138,10730,20378,3,0,411,592,1171,2413,1697,4172,2384,6080,3432,5170,3035,3076,4659,6534,9812,18567,88318,70197,12906,2994,49491,9,3,10,5
2021-03-30T23:59:59+02:00,7,1,2304,2814,5556,8853,5893,11522,6671,15645,9365,15147,5998,5817,8885,11796,10653,20195,3,0,409,588,1167,2409,1684,4155,2366,6058,3398,5126,2977,3007,4568,6436,9680,18325,85233,69488,12526,2852,49352,9,3,8,4
2021-03-29T23:59:59+02:00,6,1,2237,2759,5454,8740,5783,11375,6503,15414,9130,14892,5639,5442,6933,9260,10426,19765,3,0,401,584,1156,2398,1670,4143,2341,6031,3368,5070,2907,2940,4445,6330,9472,17985,79110,68515,11718,2713,48921,9,3,7,4
2021-03-28T23:59:59+02:00,6,1,2215,2746,5410,8679,5708,11297,6415,15328,9012,14772,5513,5289,6286,8322,10359,19647,3,0,391,577,1140,2382,1644,4116,2294,5971,3312,4980,2823,2860,4332,6191,9396,17845,76797,68059,11459,2187,48739,5,3,7,3
2021-03-27T23:59:59+01:00,6,1,2214,2739,5402,8673,5704,11282,6400,15306,9001,14760,5485,5262,6275,8318,10359,19645,3,0,391,577,1138,2381,1643,4111,2290,5968,3303,4973,2818,2857,4316,6167,9314,17696,76689,67749,11459,2186,48674,5,3,7,3
2021-03-26T23:59:59+01:00,6,1,2197,2718,5365,8634,5665,11232,6323,15236,8851,14610,5320,5113,6105,8137,10356,19636,3,0,387,569,1131,2368,1627,4082,2262,5932,3269,4919,2757,2793,4128,5907,8597,16498,76343,65070,10622,2148,48530,5,3,7,3
2021-03-25T23:59:59+01:00,6,0,2080,2638,5188,8419,5465,10955,6115,14932,8611,14322,5157,4960,6008,8015,10354,19628,3,0,378,554,1111,2342,1604,4052,2216,5874,3194,4840,2658,2686,3750,5412,7434,14724,75886,60897,9669,1926,47289,4,2,7,3
2021-03-24T23:59:59+01:00,6,0,1995,2590,5037,8258,5305,10761,5949,14693,8404,14091,5017,4801,5894,7897,10348,19617,3,0,374,542,1098,2314,1571,3997,2157,5808,3105,4740,2521,2572,3318,4794,6014,12474,75506,55818,8505,1575,46643,4,2,7,3
2021-03-23T23:59:59+01:00,6,0,1918,2539,4926,8135,5206,10620,5828,14502,8287,13922,4934,4717,5827,7837,10341,19598,3,0,363,517,1079,2279,1538,3939,2113,5718,3023,4648,2432,2478,2864,4149,4061,9190,75110,48959,7762,1427,46262,3,2,7,3
2021-03-22T23:59:59+01:00,6,0,1856,2475,4790,8000,5072,10443,5668,14269,8095,13709,4827,4602,5757,7729,10324,19557,2,0,336,500,1051,2241,1493,3865,2047,5607,2921,4496,2315,2325,2332,3452,1464,4934,74607,40188,6724,1187,45839,1,2,7,3
2021-03-21T23:59:59+01:00,6,0,1854,2469,4779,7986,5058,10432,5652,14252,8065,13684,4805,4587,5740,7717,10319,19556,2,0,335,500,1046,2227,1484,3836,2029,5569,2896,4446,2274,2276,2290,3411,1447,4888,74582,40046,6672,904,45698,1,2,7,3
2021-03-20T23:59:59+01:00,6,0,1854,2469,4777,7985,5057,10430,5651,14251,8057,13678,4804,4586,5732,7708,10319,19556,2,0,335,499,1046,2227,1484,3836,2029,5569,2894,4445,2273,2273,2290,3411,1446,4888,74568,40042,6672,899,45671,1,2,7,3
2021-03-19T23:59:59+01:00,6,0,1801,2225,4267,6706,4649,9448,5383,13694,7835,13276,4677,4486,5662,7641,10318,19556,2,0,334,499,1046,2227,1484,3835,2028,5568,2893,4445,2271,2272,2284,3404,1444,4886,74505,40024,6661,892,40455,1,2,7,3
2021-03-18T23:59:59+01:00,6,0,1746,1972,3853,5649,4120,8072,4567,11152,6474,9947,4308,4186,5458,7417,10297,19519,2,0,333,496,1039,2214,1477,3810,2001,5529,2868,4421,2250,2256,2259,3375,1439,4877,74072,39832,6597,808,28065,1,2,7,3
2021-03-17T23:59:59+01:00,6,0,1740,1963,3841,5623,4103,8042,4543,11087,6423,9873,4269,4139,5415,7371,10289,19491,1,0,330,495,1035,2206,1471,3801,1994,5514,2858,4394,2223,2227,2237,3360,1432,4861,73801,39674,6533,759,27875,1,2,7,3
2021-03-16T23:59:59+01:00,6,0,1716,1930,3782,5541,4033,7936,4416,10925,6215,9674,4045,3949,5272,7212,10282,19467,1,0,327,491,1034,2187,1466,3788,1985,5498,2849,4374,2214,2212,2224,3330,1423,4830,73487,39498,5256,729,27649,1,2,7,3
2021-03-15T23:59:59+01:00,6,0,1706,1910,3758,5505,4007,7898,4365,10856,6136,9588,3958,3882,5216,7150,10273,19440,1,0,324,487,1025,2171,1458,3782,1969,5462,2831,4346,2199,2180,2199,3265,1412,4791,73255,39277,4889,621,27503,1,0,7,3
2021-03-14T23:59:59+01:00,6,0,1700,1900,3749,5495,4002,7881,4356,10825,6127,9566,3950,3871,5210,7142,10272,19438,1,0,324,487,1023,2171,1453,3779,1966,5460,2813,4340,2193,2177,2188,3254,1407,4789,73219,39269,4871,552,27393,1,0,7,3
2021-03-13T23:59:59+01:00,6,0,1696,1894,3734,5472,3995,7871,4336,10814,6113,9550,3947,3868,5207,7139,10272,19438,1,0,324,487,1023,2171,1453,3779,1966,5459,2813,4339,2192,2176,2188,3252,1398,4784,73194,39249,4866,552,27285,1,0,7,3
2021-03-12T23:59:59+01:00,5,0,1659,1836,3226,5326,3480,7754,4202,10689,5887,9259,3776,3721,5065,7026,10246,19390,1,0,319,465,1019,2141,1445,3754,1947,5388,2760,4255,2013,2022,2128,3203,1391,4778,72973,38482,4132,544,25435,0,0,7,3
2021-03-11T23:59:59+01:00,5,0,1551,1698,2844,5066,3042,7497,3922,10274,5257,8370,3547,3545,4957,6905,10206,19334,1,0,318,464,1016,2128,1442,3734,1940,5369,2751,4238,2006,2014,2113,3186,1386,4758,72390,38357,3866,504,21758,0,0,6,3
2021-03-10T23:59:59+01:00,5,0,1519,1664,2805,5021,3004,7438,3865,10186,5147,8253,3421,3439,4839,6791,10158,19267,1,0,316,463,1015,2125,1438,3723,1936,5356,2739,4218,1987,2006,2086,3153,1376,4743,71970,38271,3534,407,21312,0,0,6,3
2021-03-09T23:59:59+01:00,5,0,1509,1648,2768,4993,2982,7394,3826,10126,5065,8174,3320,3352,4756,6702,10049,19055,1,0,313,462,1011,2118,1431,3710,1910,5334,2697,4188,1944,1981,2032,3124,1364,4733,71363,38240,3262,110,21093,0,0,6,3
2021-03-08T23:59:59+01:00,5,0,1493,1633,2739,4964,2953,7363,3803,10078,5041,8112,3278,3312,4679,6638,9868,18750,1,0,312,462,1009,2114,1423,3694,1893,5300,2678,4160,1925,1962,2005,3101,1357,4714,70556,38089,3253,18,20894,0,0,6,3
2021-03-07T23:59:59+01:00,5,0,1480,1622,2709,4921,2919,7315,3768,10017,4998,8052,3243,3278,4613,6536,9791,18604,1,0,312,461,1008,2113,1422,3688,1890,5290,2677,4155,1921,1959,2001,3097,1353,4705,70014,38034,3199,16,20652,0,0,6,3
2021-03-06T23:59:59+01:00,5,0,1479,1621,2704,4909,2916,7306,3760,10010,4980,8036,3233,3268,4590,6497,9700,18431,1,0,312,461,1006,2110,1422,3686,1884,5281,2675,4153,1916,1952,1996,3095,1352,4702,69617,37986,3199,16,20623,0,0,6,2
2021-03-05T23:59:59+01:00,5,0,1406,1545,2606,4748,2859,7147,3675,9803,4880,7840,3183,3208,4371,6207,8980,17221,1,0,312,461,1004,2108,1418,3681,1882,5280,2672,4147,1908,1948,1991,3092,1347,4698,66927,37932,3196,16,19555,0,0,6,2
2021-03-04T23:59:59+01:00,5,0,1233,1439,2440,4549,2691,6876,3508,9459,4622,7499,3067,3082,4007,5748,7789,15379,1,0,310,453,995,2085,1402,3641,1854,5227,2644,4099,1880,1923,1958,3037,1319,4652,62669,37462,3193,16,17525,0,0,6,2
2021-03-03T23:59:59+01:00,5,0,1199,1385,2364,4441,2630,6753,3422,9292,4524,7356,2980,3012,3624,5142,6370,13147,1,0,306,444,984,2062,1390,3613,1840,5177,2589,4044,1830,1887,1930,3004,1303,4623,57524,37009,3165,16,16952,0,0,5,2
2021-03-02T23:59:59+01:00,5,0,1166,1346,2303,4382,2581,6661,3340,9168,4387,7207,2865,2887,3135,4473,4321,9739,1,0,301,435,979,2035,1377,3571,1825,5122,2557,4017,1820,1871,1910,2975,1289,4595,50381,36662,2914,16,16667,0,0,4,2
2021-03-01T23:59:59+01:00,5,0,1107,1317,2241,4320,2508,6574,3245,9040,4245,7019,2733,2751,2561,3724,1543,5194,1,0,300,432,972,2023,1366,3553,1817,5107,2544,4001,1802,1860,1894,2956,1278,4566,41167,36454,2523,16,16433,0,0,4,2
2021-02-28T23:59:59+01:00,5,0,1071,1302,2200,4285,2478,6529,3197,8983,4183,6960,2668,2703,2512,3693,1535,5174,1,0,300,431,969,2016,1364,3540,1814,5093,2538,3992,1795,1849,1881,2944,1270,4551,41070,36330,2230,16,16174,0,0,4,2
2021-02-27T23:59:59+01:00,5,0,1030,1220,2132,4044,2420,6295,3134,8685,4093,6707,2613,2646,2492,3669,1532,5174,1,0,300,431,968,2016,1364,3540,1814,5092,2537,3992,1795,1848,1879,2944,1270,4551,40963,36324,2229,16,14695,0,0,4,2
2021-02-26T23:59:59+01:00,4,0,864,967,1934,3655,2258,5634,2918,7771,3783,5919,2565,2592,2473,3653,1528,5172,1,0,300,431,968,2013,1362,3538,1812,5091,2535,3991,1795,1845,1872,2943,1268,4544,40945,36291,2140,16,10601,0,0,4,2
2021-02-25T23:59:59+01:00,4,0,529,811,1657,3455,2079,5329,2722,7374,3556,5618,2484,2512,2432,3592,1524,5157,1,0,291,410,943,1962,1332,3467,1780,5010,2506,3928,1770,1817,1832,2897,1239,4503,40749,35673,1879,13,8204,0,0,3,2
2021-02-24T23:59:59+01:00,3,0,508,792,1622,3357,2017,5198,2662,7192,3490,5477,2416,2465,2395,3563,1514,5121,1,0,282,405,927,1931,1318,3413,1767,4949,2482,3884,1759,1799,1823,2878,1227,4472,40555,35311,1708,4,7526,0,0,3,2
2021-02-23T23:59:59+01:00,3,0,487,755,1562,3254,1962,5057,2584,7060,3405,5372,2356,2407,2356,3504,1499,5086,1,0,280,401,922,1915,1311,3383,1758,4917,2461,3852,1739,1779,1803,2842,1211,4416,40400,34986,1435,3,6871,0,0,3,2
2021-02-22T23:59:59+01:00,2,0,471,724,1508,3154,1922,4918,2525,6841,3344,5228,2346,2308,2340,3424,1493,5041,1,0,279,398,919,1903,1303,3356,1740,4881,2446,3822,1720,1760,1775,2811,1196,4367,40183,34674,1169,1,6234,0,0,3,2
2021-02-21T23:59:59+01:00,2,0,462,685,1450,3010,1874,4768,2472,6681,3262,5125,2310,2275,2312,3404,1483,5035,1,0,279,397,916,1895,1302,3347,1735,4871,2442,3813,1718,1758,1774,2809,1196,4366,40139,34616,936,1,5532,0,0,3,2
2021-02-20T23:59:59+01:00,2,0,456,679,1441,3006,1869,4768,2469,6678,3257,5121,2307,2274,2312,3403,1481,5035,1,0,279,397,916,1894,1302,3346,1735,4871,2440,3812,1717,1757,1771,2809,1195,4364,40134,34603,931,1,5490,0,0,3,2
2021-02-19T23:59:59+01:00,1,0,433,642,1412,2944,1841,4712,2428,6578,3170,5003,2127,2112,2248,3354,1476,5029,1,0,277,396,915,1892,1301,3345,1735,4866,2437,3811,1716,1756,1769,2808,1195,4363,39382,34580,911,1,5214,0,0,3,2
2021-02-18T23:59:59+01:00,1,0,406,585,1307,2704,1737,4470,2290,6316,3067,4821,2098,2096,2232,3337,1471,5018,1,0,277,390,907,1858,1292,3305,1717,4818,2418,3773,1705,1745,1752,2796,1183,4343,39304,34277,837,1,3812,0,0,3,2
2021-02-17T23:59:59+01:00,1,0,389,553,1269,2573,1680,4295,2220,6075,3008,4672,2079,2077,2208,3317,1457,5008,1,0,267,373,871,1772,1249,3176,1657,4659,2342,3638,1626,1675,1676,2685,1130,4221,39148,33016,786,0,2944,0,0,3,2
2021-02-16T23:59:59+01:00,1,0,371,523,1216,2454,1630,4161,2141,5890,2928,4536,2070,2072,2200,3310,1452,4996,1,0,259,356,850,1691,1194,3039,1594,4456,2271,3460,1575,1621,1612,2583,1098,4085,39088,31743,755,0,2105,0,0,3,2
2021-02-15T23:59:59+01:00,1,0,361,501,1144,2314,1585,4086,2109,5836,2900,4495,2051,2056,2175,3279,1444,4975,1,0,253,337,827,1646,1162,2963,1538,4319,2198,3340,1499,1556,1554,2471,1051,3897,38980,30610,640,0,1689,0,0,3,2
2021-02-14T23:59:59+01:00,1,0,352,495,1120,2258,1522,3925,2068,5743,2869,4456,2045,2053,2163,3269,1441,4968,1,0,247,332,809,1618,1146,2923,1496,4267,2160,3310,1483,1535,1529,2434,1034,3851,38961,30173,571,0,1213,0,0,3,2
2021-02-13T23:59:59+01:00,1,0,352,495,1119,2258,1522,3924,2066,5742,2869,4456,2044,2051,2162,3269,1440,4965,1,0,247,332,809,1618,1146,2923,1495,4265,2160,3310,1481,1532,1528,2433,1034,3850,38950,30162,571,0,1212,0,0,2,2
2021-02-12T23:59:59+01:00,1,0,344,492,1101,2250,1517,3911,2061,5734,2866,4450,2030,2041,2156,3256,1435,4962,1,0,245,331,803,1613,1140,2914,1480,4247,2141,3297,1468,1516,1513,2401,1027,3813,38884,29949,563,0,1158,0,0,2,1
2021-02-11T23:59:59+01:00,1,0,321,468,1038,2154,1464,3784,1967,5470,2782,4331,1999,2008,2116,3188,1405,4904,1,0,225,303,754,1508,1060,2690,1355,3890,1952,2990,1278,1304,1340,2121,913,3444,38484,27127,526,0,388,0,0,2,1
2021-02-10T23:59:59+01:00,1,0,316,459,1016,2114,1425,3706,1913,5309,2688,4151,1928,1958,2068,3146,1383,4878,1,0,200,260,660,1321,932,2304,1169,3287,1708,2570,1115,1126,1188,1870,794,3081,38069,23585,386,0,2,0,0,2,1
2021-02-09T23:59:59+01:00,1,0,310,448,1008,2083,1410,3654,1869,5242,2622,4096,1870,1918,1996,3091,1362,4856,1,0,167,200,559,1060,782,1857,963,2678,1438,2156,963,965,990,1580,670,2632,37767,19660,65,0,2,0,0,2,1
2021-02-08T23:59:59+01:00,1,0,308,446,1005,2076,1399,3638,1861,5219,2602,4079,1856,1907,1977,3073,1356,4831,1,0,117,165,458,845,618,1439,765,2031,1160,1669,770,789,789,1246,533,2150,37610,15544,20,0,2,0,0,2,1
2021-02-07T23:59:59+01:00,1,0,308,446,1003,2075,1398,3633,1858,5216,2595,4076,1850,1898,1961,3065,1352,4823,1,0,107,146,409,701,544,1264,685,1815,1063,1521,694,708,706,1122,456,1907,37539,13848,17,0,0,0,0,2,1
2021-02-06T23:59:59+01:00,1,0,308,446,1002,2074,1398,3630,1858,5214,2595,4073,1850,1897,1956,3063,1349,4821,1,0,106,145,404,698,539,1240,669,1796,1052,1499,691,704,701,1118,455,1903,37516,13721,17,0,0,0,0,2,0
2021-02-05T23:59:59+01:00,1,0,308,445,1000,2071,1394,3621,1854,5200,2589,4067,1849,1896,1948,3055,1339,4807,1,0,102,137,389,680,522,1210,637,1744,1002,1436,654,653,652,1044,428,1809,37425,13100,17,0,0,0,0,2,0
2021-02-04T23:59:59+01:00,1,0,300,428,989,2041,1375,3567,1834,5123,2574,4019,1833,1875,1921,3020,1319,4774,1,0,77,106,288,459,362,818,454,1182,690,977,508,477,506,825,340,1450,36974,9520,17,0,0,0,0,2,0
2021-02-03T23:59:59+01:00,1,0,296,419,970,2015,1359,3529,1820,5074,2540,3976,1813,1852,1906,2996,1305,4757,1,0,61,82,242,391,292,639,346,924,532,730,340,331,368,586,248,1063,36609,7176,17,0,0,0,0,2,0
2021-02-02T23:59:59+01:00,1,0,291,413,964,1986,1351,3496,1809,5027,2517,3941,1795,1836,1878,2955,1283,4706,0,0,40,63,185,309,244,486,265,739,384,561,236,214,234,391,168,699,36230,5218,17,0,0,0,0,2,0
2021-02-01T23:59:59+01:00,1,0,290,410,959,1978,1348,3481,1801,5006,2508,3922,1787,1825,1863,2940,1278,4692,0,0,20,39,137,223,168,312,169,490,240,324,119,109,102,189,78,313,36070,3032,17,0,0,0,0,2,0
2021-01-31T23:59:59+01:00,1,0,289,409,957,1970,1345,3472,1798,4987,2504,3907,1783,1817,1859,2932,1275,4682,0,0,19,34,119,195,151,271,152,411,203,279,100,95,94,161,70,274,35968,2628,17,0,0,0,0,2,0
2021-01-30T23:59:59+01:00,1,0,289,409,957,1970,1345,3472,1798,4987,2504,3907,1782,1817,1859,2931,1275,4681,0,0,19,34,118,195,151,268,149,408,202,278,99,94,94,161,70,274,35965,2614,17,0,0,0,0,2,0
2021-01-29T23:59:59+01:00,1,0,287,406,956,1968,1344,3464,1792,4978,2501,3904,1776,1810,1850,2919,1268,4659,0,0,17,33,116,186,142,260,137,380,170,251,72,70,84,139,63,238,35864,2358,17,0,0,0,0,2,0
2021-01-28T23:59:59+01:00,1,0,284,397,937,1913,1320,3400,1767,4916,2473,3842,1754,1789,1818,2888,1249,4623,0,0,1,0,10,19,8,20,11,45,8,22,6,4,7,10,3,15,35354,189,15,0,0,0,0,2,0
2021-01-27T23:59:59+01:00,1,0,278,379,904,1832,1285,3286,1706,4793,2413,3742,1697,1740,1773,2820,1210,4534,0,0,1,0,4,6,5,12,7,19,4,12,5,4,7,10,3,14,34380,113,11,0,0,0,0,2,0
2021-01-26T23:59:59+01:00,1,0,273,369,894,1818,1271,3246,1688,4737,2383,3675,1664,1708,1734,2748,1192,4443,0,0,1,0,4,6,5,12,7,19,4,12,5,4,7,10,3,14,33835,113,7,0,0,0,0,2,0
2021-01-25T23:59:59+01:00,1,0,262,345,852,1699,1201,3082,1597,4466,2277,3467,1603,1655,1677,2660,1142,4257,0,0,1,0,1,3,1,4,4,2,4,5,5,4,6,9,2,14,32238,65,3,0,0,0,0,2,0
2021-01-24T23:59:59+01:00,1,0,259,342,841,1679,1191,3059,1566,4433,2251,3446,1592,1646,1665,2648,1136,4249,0,0,1,0,1,2,1,4,4,2,4,5,5,4,6,9,2,14,31999,64,3,0,0,0,0,2,0
2021-01-23T23:59:59+01:00,1,0,259,342,841,1679,1190,3058,1566,4429,2250,3445,1591,1646,1664,2647,1135,4244,0,0,1,0,1,2,1,4,4,2,4,5,5,4,6,9,2,14,31982,64,3,0,0,0,0,2,0
2021-01-22T23:59:59+01:00,1,0,258,340,835,1676,1186,3053,1563,4422,2237,3440,1579,1634,1658,2628,1129,4222,0,0,1,0,1,2,1,4,4,2,4,5,5,4,6,9,2,14,31857,64,3,0,0,0,0,1,0
2021-01-21T23:59:59+01:00,1,0,247,330,808,1609,1161,2926,1507,4260,2157,3305,1480,1530,1521,2460,1045,4032,0,0,1,0,1,2,1,4,4,2,4,5,4,3,5,9,1,14,30375,60,3,0,0,0,0,1,0
2021-01-20T23:59:59+01:00,1,0,225,289,734,1453,1069,2609,1373,3801,1983,2950,1357,1382,1398,2261,967,3792,0,0,1,0,1,2,1,4,4,2,3,5,4,3,5,9,1,14,27641,59,2,0,0,0,0,1,0
2021-01-19T23:59:59+01:00,1,0,194,232,633,1205,924,2163,1150,3186,1694,2519,1173,1177,1162,1918,805,3220,0,0,1,0,1,1,1,2,4,1,2,5,4,3,5,9,1,14,23353,54,2,0,0,0,0,1,0
2021-01-18T23:59:59+01:00,1,0,137,184,500,945,713,1647,882,2320,1318,1908,911,945,927,1512,629,2570,0,0,0,0,0,0,0,0,0,0,1,2,2,1,0,0,0,0,18047,6,1,0,0,0,0,1,0
2021-01-17T23:59:59+01:00,1,0,123,159,441,774,628,1424,780,2068,1203,1719,845,866,843,1374,555,2350,0,0,0,0,0,0,0,0,0,0,0,1,0,0,0,0,0,0,16152,1,0,0,0,0,0,1,0
2021-01-16T23:59:59+01:00,1,0,122,158,437,773,626,1416,770,2064,1194,1712,843,861,838,1363,547,2334,0,0,0,0,0,0,0,0,0,0,0,0,0,0,0,0,0,0,16059,0,0,0,0,0,0,0,0
2021-01-15T23:59:59+01:00,1,0,111,151,425,752,599,1377,738,1986,1132,1630,799,807,791,1274,516,2209,0,0,0,0,0,0,0,0,0,0,0,0,0,0,0,0,0,0,15298,0,0,0,0,0,0,0,0
2021-01-14T23:59:59+01:00,1,0,77,112,304,486,398,892,509,1280,775,1069,585,559,575,939,400,1682,0,0,0,0,0,0,0,0,0,0,0,0,0,0,0,0,0,0,10643,0,0,0,0,0,0,0,0
2021-01-13T23:59:59+01:00,1,0,60,85,253,408,322,675,377,981,568,764,369,355,389,636,285,1173,0,0,0,0,0,0,0,0,0,0,0,0,0,0,0,0,0,0,7701,0,0,0,0,0,0,0,0
2021-01-12T23:59:59+01:00,0,0,49,69,206,349,258,547,277,807,412,598,248,226,242,424,191,785,0,0,0,0,0,0,0,0,0,0,0,0,0,0,0,0,0,0,5688,0,0,0,0,0,0,0,0
2021-01-11T23:59:59+01:00,0,0,33,51,179,299,211,444,220,647,302,422,151,131,139,259,106,451,0,0,0,0,0,0,0,0,0,0,0,0,0,0,0,0,0,0,4045,0,0,0,0,0,0,0,0
2021-01-10T23:59:59+01:00,0,0,25,42,157,250,182,366,179,536,253,361,130,110,124,214,94,362,0,0,0,0,0,0,0,0,0,0,0,0,0,0,0,0,0,0,3385,0,0,0,0,0,0,0,0
2021-01-09T23:59:59+01:00,0,0,25,42,156,248,181,363,177,530,252,360,129,109,124,214,94,362,0,0,0,0,0,0,0,0,0,0,0,0,0,0,0,0,0,0,3366,0,0,0,0,0,0,0,0
2021-01-08T23:59:59+01:00,0,0,23,40,153,239,173,353,164,499,222,334,105,93,118,198,87,335,0,0,0,0,0,0,0,0,0,0,0,0,0,0,0,0,0,0,3136,0,0,0,0,0,0,0,0
2021-01-07T23:59:59+01:00,0,0,2,0,4,9,8,15,10,7,18,11,10,11,14,21,3,35,0,0,0,0,0,0,0,0,0,0,0,0,0,0,0,0,0,0,178,0,0,0,0,0,0,0,0
2021-01-06T23:59:59+01:00,0,0,1,0,1,3,1,7,5,2,4,6,6,4,7,10,1,16,0,0,0,0,0,0,0,0,0,0,0,0,0,0,0,0,0,0,74,0,0,0,0,0,0,0,0
2021-01-05T23:59:59+01:00,0,0,1,0,1,3,1,6,5,2,4,5,6,4,6,10,1,15,0,0,0,0,0,0,0,0,0,0,0,0,0,0,0,0,0,0,70,0,0,0,0,0,0,0,0
2021-01-04T23:59:59+01:00,0,0,1,0,1,3,1,5,4,2,4,5,6,4,5,9,1,15,0,0,0,0,0,0,0,0,0,0,0,0,0,0,0,0,0,0,66,0,0,0,0,0,0,0,0
2021-01-03T23:59:59+01:00,0,0,1,0,1,2,1,5,4,2,4,5,5,4,5,9,1,15,0,0,0,0,0,0,0,0,0,0,0,0,0,0,0,0,0,0,64,0,0,0,0,0,0,0,0
2021-01-02T23:59:59+01:00,0,0,1,0,1,2,1,5,4,2,4,5,5,4,5,9,1,15,0,0,0,0,0,0,0,0,0,0,0,0,0,0,0,0,0,0,64,0,0,0,0,0,0,0,0
2021-01-01T23:59:59+01:00,0,0,1,0,1,2,1,4,4,2,4,5,5,4,5,9,1,15,0,0,0,0,0,0,0,0,0,0,0,0,0,0,0,0,0,0,63,0,0,0,0,0,0,0,0
2020-12-31T23:59:59+01:00,0,0,1,0,1,2,1,4,4,2,4,5,5,4,5,9,1,15,0,0,0,0,0,0,0,0,0,0,0,0,0,0,0,0,0,0,63,0,0,0,0,0,0,0,0
2020-12-30T23:59:59+01:00,0,0,1,0,1,2,1,4,4,2,3,5,5,4,5,9,1,15,0,0,0,0,0,0,0,0,0,0,0,0,0,0,0,0,0,0,62,0,0,0,0,0,0,0,0
2020-12-29T23:59:59+01:00,0,0,0,0,1,1,1,2,4,1,2,5,5,4,5,9,1,15,0,0,0,0,0,0,0,0,0,0,0,0,0,0,0,0,0,0,56,0,0,0,0,0,0,0,0
2020-12-28T23:59:59+01:00,0,0,0,0,1,1,1,1,2,0,1,5,4,1,1,0,0,2,0,0,0,0,0,0,0,0,0,0,0,0,0,0,0,0,0,0,20,0,0,0,0,0,0,0,0
2020-12-27T23:59:59+01:00,0,0,0,0,1,1,1,1,2,0,0,3,2,0,1,0,0,2,0,0,0,0,0,0,0,0,0,0,0,0,0,0,0,0,0,0,14,0,0,0,0,0,0,0,0
