Datum,<15_m,<15_w,15-24_1_m,15-24_1_w,25-34_1_m,25-34_1_w,35-44_1_m,35-44_1_w,45-54_1_m,45-54_1_w,55-64_1_m,55-64_1_w,65-74_1_m,65-74_1_w,75-84_1_m,75-84_1_w,>84_1_m,>84_1_w,<24_2_m,<24_2_w,25-34_2_m,25-34_2_w,35-44_2_m,35-44_2_w,45-54_2_m,45-54_2_w,55-64_2_m,55-64_2_w,65-74_2_m,65-74_2_w,75-84_2_m,75-84_2_w,>84_2_m,>84_2_w,bp_1,bp_2,mo_1,mo_2,az_1,az_2,ja,unb_1,unb_2
2021-09-28T23:59:59+02:00,4993,4652,37387,36138,52998,47617,53963,52580,64724,64696,74528,74651,53841,59434,36950,47909,11191,21304,34150,32882,50138,44309,51523,49577,62159,61690,72080,72088,52448,57810,36073,46619,10899,20626,579715,550927,78778,74686,105497,101426,35542,26,23
2021-09-27T23:59:59+02:00,4919,4592,37219,35976,52838,47465,53862,52482,64632,64599,74435,74578,53814,59408,36937,47893,11189,21292,33762,32510,49863,44006,51315,49353,61977,61514,71957,71972,52407,57752,36053,46590,10897,20618,578701,548521,78766,74685,105497,101425,35142,26,23
2021-09-26T23:59:59+02:00,4915,4586,37200,35948,52808,47451,53848,52469,64619,64589,74423,74570,53807,59397,36936,47890,11189,21288,33748,32503,49851,43991,51310,49344,61965,61508,71949,71965,52403,57744,36053,46585,10895,20614,578535,548412,78751,74677,105497,101424,35126,26,23
2021-09-25T23:59:59+02:00,4912,4583,37194,35944,52805,47447,53844,52466,64617,64585,74419,74567,53806,59394,36935,47889,11189,21287,33745,32503,49850,43991,51310,49343,61965,61507,71947,71965,52403,57743,36053,46585,10895,20614,578491,548406,78749,74677,105497,101424,35122,26,23
2021-09-24T23:59:59+02:00,4909,4580,37175,35930,52784,47434,53822,52452,64598,64574,74405,74558,53799,59391,36932,47885,11189,21283,33736,32488,49834,43982,51292,49327,61952,61501,71928,71956,52396,57736,36047,46578,10895,20612,578372,548301,78749,74675,105494,101423,35061,26,23
2021-09-23T23:59:59+02:00,4784,4462,36799,35539,52474,47123,53551,52195,64368,64362,74239,74432,53743,59337,36900,47839,11180,21264,33564,32323,49643,43840,51136,49231,61814,61404,71828,71885,52361,57714,36022,46555,10893,20604,576154,547656,78707,74653,105494,101420,34213,25,23
2021-09-22T23:59:59+02:00,4758,4442,36755,35481,52407,47046,53484,52135,64302,64311,74181,74379,53714,59314,36892,47822,11178,21259,33529,32280,49599,43782,51075,49178,61759,61365,71781,71851,52343,57697,36016,46544,10892,20603,575720,547394,78699,74650,105491,101419,33927,25,23
2021-09-21T23:59:59+02:00,4742,4420,36696,35432,52340,46987,53439,52084,64236,64261,74124,74325,53671,59283,36879,47797,11173,21250,33498,32227,49567,43735,51036,49133,61713,61328,71742,71809,52312,57673,36005,46526,10891,20596,575175,547029,78691,74647,105489,101415,33761,25,23
2021-09-20T23:59:59+02:00,4640,4357,36367,35131,52027,46690,53205,51867,64029,64074,73968,74212,53609,59230,36858,47762,11166,21244,32998,31798,49198,43413,50752,48836,61460,61119,71576,71656,52258,57608,35983,46481,10884,20586,573371,544357,78687,74642,105488,101410,32867,25,23
2021-09-19T23:59:59+02:00,4629,4353,36355,35123,52016,46683,53193,51856,64017,64069,73960,74202,53605,59224,36855,47759,11165,21244,32978,31782,49191,43403,50744,48824,61446,61108,71564,71646,52252,57604,35982,46479,10884,20583,573269,544231,78686,74639,105487,101409,32843,25,23
2021-09-18T23:59:59+02:00,4629,4353,36353,35122,52014,46682,53193,51855,64017,64069,73960,74202,53605,59224,36855,47759,11165,21244,32975,31782,49187,43400,50744,48824,61446,61108,71564,71646,52252,57604,35982,46479,10884,20583,573267,544225,78686,74639,105487,101409,32838,25,23
2021-09-17T23:59:59+02:00,4621,4340,36341,35101,51997,46668,53183,51841,64006,64064,73947,74189,53601,59221,36854,47756,11164,21244,32968,31768,49177,43388,50740,48818,61446,61106,71556,71636,52247,57603,35982,46478,10884,20582,573133,544169,78686,74639,105486,101406,32810,25,23
2021-09-16T23:59:59+02:00,4472,4192,35983,34744,51749,46371,52977,51586,63821,63881,73791,74039,53547,59162,36839,47722,11161,21233,32838,31664,49093,43281,50661,48736,61384,61050,71504,71603,52232,57590,35972,46466,10883,20575,570732,543326,78249,74560,105485,101401,32781,25,23
2021-09-15T23:59:59+02:00,4432,4154,35917,34671,51705,46317,52912,51532,63771,63832,73755,73997,53529,59141,36829,47711,11160,21227,32788,31613,49043,43228,50605,48686,61339,61006,71474,71571,52224,57569,35962,46456,10883,20569,570364,542988,78164,74545,105485,101389,32556,25,23
2021-09-14T23:59:59+02:00,4391,4114,35854,34620,51658,46247,52873,51484,63728,63789,73716,73958,53504,59123,36813,47692,11159,21223,32723,31542,49002,43178,50571,48641,61285,60968,71441,71530,52203,57546,35953,46442,10882,20566,569845,542443,78095,74538,105485,101382,32498,25,23
2021-09-13T23:59:59+02:00,4245,3941,35494,34198,51393,45937,52660,51253,63520,63583,73581,73834,53449,59054,36776,47658,11158,21215,32262,31073,48767,42933,50393,48442,61137,60786,71299,71421,52150,57487,35937,46406,10876,20556,567302,539480,77675,74457,105484,101376,32464,25,23
2021-09-12T23:59:59+02:00,4237,3931,35473,34182,51376,45915,52643,51236,63507,63566,73572,73824,53446,59048,36771,47657,11158,21214,32237,31055,48753,42915,50383,48434,61126,60772,71283,71409,52144,57479,35931,46404,10873,20555,567156,539326,77659,74449,105473,101361,32444,25,23
2021-09-11T23:59:59+02:00,4234,3928,35469,34178,51374,45913,52638,51229,63505,63561,73570,73819,53442,59043,36771,47655,11158,21214,32228,31051,48750,42912,50380,48431,61123,60768,71280,71407,52142,57477,35931,46402,10873,20555,567128,539306,77659,74449,105473,101361,32417,25,23
2021-09-10T23:59:59+02:00,4233,3927,35356,34081,51182,45764,52453,51089,63330,63449,73437,73729,53404,59004,36751,47637,11156,21209,32103,30943,48556,42751,50188,48295,60936,60648,71147,71313,52100,57434,35909,46380,10870,20550,567071,539153,77657,74447,105472,101359,30967,25,23
2021-09-09T23:59:59+02:00,4206,3889,35279,34020,51126,45695,52395,51004,63273,63394,73397,73691,53381,58976,36737,47620,11154,21205,32011,30876,48513,42701,50138,48253,60895,60614,71104,71279,52082,57420,35902,46365,10869,20546,566476,538669,77623,74440,105458,101337,30861,25,23
2021-09-08T23:59:59+02:00,4181,3868,35244,33982,51100,45663,52377,50978,63240,63361,73376,73667,53371,58961,36730,47609,11154,21202,31952,30849,48475,42675,50110,48222,60860,60586,71088,71258,52069,57407,35892,46354,10866,20527,566124,538296,77623,74439,105458,101325,30835,25,23
2021-09-07T23:59:59+02:00,4169,3853,35204,33938,51071,45633,52352,50949,63214,63338,73341,73638,53359,58945,36714,47595,11152,21196,31905,30802,48439,42641,50070,48186,60835,60555,71054,71229,52056,57391,35883,46341,10863,20523,565751,537877,77623,74437,105458,101318,30805,25,23
2021-09-06T23:59:59+02:00,3994,3670,34738,33468,50704,45251,52091,50653,62993,63100,73183,73490,53294,58864,36695,47554,11149,21187,31700,30623,48238,42486,49929,48047,60725,60437,70959,71141,52008,57345,35867,46322,10858,20510,562980,537020,77623,74436,105458,101314,29993,25,23
2021-09-05T23:59:59+02:00,3987,3658,34723,33453,50702,45243,52079,50644,62981,63090,73168,73485,53290,58856,36689,47547,11147,21183,31682,30604,48222,42472,49916,48039,60714,60427,70949,71136,52002,57333,35865,46317,10857,20508,562847,536884,77622,74434,105458,101301,29974,25,23
2021-09-04T23:59:59+02:00,3987,3658,34722,33453,50700,45243,52078,50643,62981,63090,73168,73485,53290,58856,36689,47547,11147,21183,31681,30602,48221,42472,49914,48037,60714,60427,70948,71136,52002,57333,35865,46317,10857,20508,562845,536880,77622,74432,105458,101301,29971,25,23
2021-09-03T23:59:59+02:00,3939,3611,34560,33326,50551,45122,51973,50526,62833,62966,73043,73387,53250,58808,36669,47526,11143,21180,31410,30412,48027,42301,49744,47872,60512,60256,70803,70991,51948,57276,35840,46294,10855,20504,562705,536747,77037,73197,105447,101288,29200,25,23
2021-09-02T23:59:59+02:00,3914,3582,34504,33280,50516,45081,51940,50494,62794,62926,73005,73362,53229,58797,36660,47509,11143,21175,31342,30351,47977,42254,49701,47827,60457,60203,70761,70964,51930,57260,35831,46285,10854,20499,562304,536355,77016,73192,105447,101177,29120,25,23
2021-09-01T23:59:59+02:00,3897,3568,34477,33249,50493,45054,51920,50472,62774,62891,72976,73344,53220,58788,36656,47501,11143,21174,31290,30312,47943,42224,49671,47802,60427,60178,70738,70933,51911,57241,35821,46278,10854,20496,562034,536006,77013,73185,105447,101150,29079,25,23
2021-08-31T23:59:59+02:00,3870,3555,34437,33200,50466,45017,51893,50439,62746,62859,72946,73313,53200,58766,36647,47488,11140,21174,31231,30280,47916,42198,49649,47785,60400,60162,70723,70906,51897,57231,35817,46271,10851,20490,561640,535730,77013,73181,105447,101144,29032,25,23
2021-08-30T23:59:59+02:00,3644,3346,33858,32689,50049,44645,51545,50098,62455,62598,72739,73135,53118,58680,36617,47441,11137,21166,30952,30019,47620,41968,49425,47618,60218,60032,70567,70802,51830,57186,35798,46239,10848,20483,558666,534645,77013,73178,105446,101134,27811,25,23
2021-08-29T23:59:59+02:00,3638,3338,33836,32667,50031,44637,51529,50080,62444,62584,72729,73119,53110,58675,36615,47434,11137,21164,30934,29999,47596,41941,49405,47601,60201,60015,70555,70790,51827,57178,35795,46238,10848,20481,558519,534526,77012,73177,105445,101090,27767,25,23
2021-08-28T23:59:59+02:00,3638,3338,33833,32667,50026,44636,51528,50078,62442,62581,72727,73118,53109,58673,36615,47434,11137,21164,30925,29990,47590,41939,49402,47598,60198,60011,70552,70788,51826,57174,35795,46238,10848,20481,558510,534489,77012,73176,105445,101090,27753,25,23
2021-08-27T23:59:59+02:00,3633,3332,33826,32647,50022,44632,51515,50072,62434,62576,72710,73112,53105,58671,36614,47433,11136,21163,30907,29971,47581,41930,49392,47589,60190,60003,70540,70787,51824,57173,35794,46237,10847,20481,558436,534411,77012,73174,105445,101087,27716,25,23
2021-08-26T23:59:59+02:00,3608,3304,33784,32597,49995,44593,51473,50023,62389,62552,72677,73082,53095,58662,36607,47431,11135,21159,30613,29700,47364,41718,49219,47434,60075,59902,70456,70716,51790,57141,35777,46214,10845,20477,558083,532595,76985,73167,105444,101023,27630,25,23
2021-08-25T23:59:59+02:00,3566,3280,33734,32554,49969,44547,51440,49994,62350,62517,72640,73059,53087,58644,36601,47417,11134,21158,29866,29000,46936,41305,48895,47142,59851,59679,70282,70566,51723,57065,35756,46179,10836,20469,557651,528290,76985,73164,105444,101000,27587,25,23
2021-08-24T23:59:59+02:00,3526,3258,33677,32494,49940,44504,51412,49946,62305,62468,72595,73011,53066,58619,36588,47404,11132,21150,29637,28780,46808,41174,48787,47036,59759,59585,70197,70466,51677,57018,35735,46167,10833,20466,557156,526858,76982,73160,105442,100966,27491,25,23
2021-08-23T23:59:59+02:00,3222,2994,33044,31874,49517,44111,51070,49644,61978,62175,72302,72780,52969,58530,36550,47341,11121,21141,29217,28388,46424,40876,48546,46824,59489,59378,69971,70318,51600,56947,35710,46124,10827,20459,554110,525408,76979,73158,105441,100961,25809,25,23
2021-08-22T23:59:59+02:00,3211,2986,33033,31867,49507,44101,51062,49638,61973,62168,72298,72778,52966,58527,36548,47339,11121,21140,29193,28372,46406,40868,48538,46813,59478,59370,69965,70315,51591,56943,35707,46121,10827,20459,554041,525312,76975,73153,105438,100947,25785,25,23
2021-08-21T23:59:59+02:00,3209,2986,33027,31864,49505,44099,51061,49635,61970,62167,72297,72777,52966,58527,36548,47339,11121,21140,29181,28359,46401,40864,48533,46808,59474,59370,69965,70314,51590,56943,35707,46121,10827,20459,554024,525271,76975,73149,105438,100947,25777,25,23
2021-08-20T23:59:59+02:00,3193,2975,32905,31771,49316,43970,50889,49525,61790,62041,72150,72697,52918,58485,36533,47321,11118,21136,28642,27857,45925,40507,48253,46598,59219,59187,69761,70191,51505,56885,35677,46093,10823,20452,553798,523569,76975,72975,105437,100720,24499,25,23
2021-08-19T23:59:59+02:00,3166,2952,32853,31732,49281,43935,50842,49483,61745,62003,72101,72658,52892,58465,36526,47306,11114,21129,27700,27004,45135,39903,47826,46235,58887,58914,69487,69969,51405,56796,35635,46046,10818,20446,553383,519195,76940,71998,105432,100628,24404,25,23
2021-08-18T23:59:59+02:00,3145,2933,32806,31687,49245,43900,50804,49447,61700,61966,72054,72631,52863,58448,36512,47292,11113,21124,26406,25696,44210,39025,47124,45493,58212,58330,69000,69514,51218,56574,35558,45953,10806,20429,552950,513648,76919,68798,105429,100575,24348,25,23
2021-08-17T23:59:59+02:00,3121,2910,32734,31626,49202,43830,50762,49413,61654,61921,72018,72590,52840,58424,36499,47280,11110,21119,25116,24308,43341,38332,46523,45015,57682,57889,68568,69189,51083,56390,35483,45872,10790,20415,552402,508035,76914,66720,105428,100538,24285,25,23
2021-08-16T23:59:59+02:00,3110,2890,32717,31605,49178,43808,50753,49396,61633,61903,71997,72575,52829,58416,36497,47269,11108,21115,23679,22906,42431,37481,46250,44724,57459,57628,68362,69029,51011,56306,35452,45827,10788,20401,552173,501663,76911,66688,105426,100525,24265,25,23
2021-08-15T23:59:59+02:00,3102,2878,32705,31588,49167,43802,50742,49385,61617,61887,71982,72563,52825,58407,36494,47269,11108,21115,21244,20434,41676,36942,45884,44356,57127,57332,68077,68773,50899,56203,35415,45771,10785,20392,552040,492913,76910,66509,105416,100509,24246,25,23
2021-08-14T23:59:59+02:00,3102,2877,32701,31586,49162,43801,50739,49383,61612,61884,71978,72557,52825,58407,36493,47269,11108,21115,21221,20408,41636,36912,45867,44341,57113,57321,68065,68762,50897,56200,35414,45770,10785,20391,552034,492729,76909,66506,105416,100509,24216,25,23
2021-08-13T23:59:59+02:00,3088,2860,32659,31559,49139,43786,50717,49365,61579,61853,71956,72537,52819,58400,36490,47264,11107,21112,21103,20321,41548,36813,45805,44289,57065,57283,68025,68728,50880,56188,35405,45762,10784,20389,551876,492138,76908,66503,105415,100488,24067,25,23
2021-08-12T23:59:59+02:00,3071,2831,32611,31509,49104,43746,50679,49336,61525,61824,71920,72501,52803,58381,36473,47255,11106,21109,20635,20008,40594,36002,45437,43958,56847,57105,67848,68563,50808,56104,35375,45717,10779,20382,551461,487897,76904,66501,105413,100443,23982,25,23
2021-08-11T23:59:59+02:00,3029,2800,32555,31465,49070,43710,50655,49312,61497,61793,71892,72473,52781,58355,36461,47246,11105,21102,19741,19122,39267,34813,44834,43381,56487,56775,67555,68289,50687,55966,35338,45658,10777,20369,551044,480476,76898,66497,105412,100421,23923,25,23
2021-08-10T23:59:59+02:00,3013,2781,32504,31420,49033,43680,50625,49280,61478,61753,71852,72428,52758,58339,36450,47223,11104,21097,18717,18153,37164,32952,43948,42505,56033,56379,67166,67942,50536,55812,35277,45561,10772,20349,550581,470235,76898,66495,105411,100402,23904,25,23
2021-08-09T23:59:59+02:00,2997,2774,32475,31396,49009,43662,50597,49262,61459,61735,71832,72408,52748,58330,36445,47213,11102,21096,17294,16734,34169,30517,43283,41869,55626,56016,66834,67616,50393,55664,35226,45512,10767,20331,550332,458020,76896,66491,105407,100389,23881,25,23
2021-08-08T23:59:59+02:00,2994,2774,32463,31386,48999,43655,50592,49256,61451,61728,71829,72407,52747,58328,36445,47210,11102,21095,17267,16704,34147,30503,43246,41837,55613,56003,66825,67611,50388,55659,35225,45509,10766,20330,550277,457833,76896,66486,105396,100370,23868,25,23
2021-08-07T23:59:59+02:00,2993,2769,32456,31376,48996,43647,50587,49256,61448,61725,71822,72405,52746,58326,36444,47210,11102,21095,17241,16675,34119,30484,43213,41807,55592,55986,66814,67604,50382,55657,35223,45509,10766,20329,550228,457607,76896,66483,105396,100369,23859,25,23
2021-08-06T23:59:59+02:00,2905,2677,32113,31152,48742,43449,50331,49029,61160,61521,71547,72238,52614,58222,36390,47157,11099,21086,17036,16538,33407,30005,42745,41439,55248,55759,66504,67428,50252,55563,35174,45472,10763,20322,550157,455931,75790,66195,105392,100367,22069,25,23
2021-08-05T23:59:59+02:00,2858,2638,31960,31034,48648,43360,50251,48975,61107,61476,71494,72197,52587,58203,36381,47140,11097,21084,16806,16284,31542,28564,41700,40490,54973,55410,66292,67256,50187,55486,35151,45433,10756,20313,549283,449112,75787,66122,105383,100244,22013,25,23
2021-08-04T23:59:59+02:00,2783,2562,31714,30840,48461,43224,50097,48863,61026,61400,71432,72141,52558,58163,36368,47125,11094,21079,16541,16040,31189,28343,40508,39415,54582,55079,66119,67104,50123,55403,35121,45405,10753,20306,547988,444803,75786,66103,105381,100171,21754,22,22
2021-08-03T23:59:59+02:00,2595,2382,31205,30379,48211,42975,49923,48671,60863,61228,71286,71994,52504,58092,36346,47096,11084,21065,16102,15595,30603,27816,38776,37796,53892,54431,65784,66794,50026,55275,35073,45353,10748,20296,545047,437132,75786,66097,105378,100152,21667,22,22
2021-08-02T23:59:59+02:00,2484,2287,30892,30095,48013,42794,49769,48542,60756,61124,71198,71912,52471,58060,36324,47077,11083,21062,15798,15326,30265,27464,36630,35972,53334,53917,65576,66618,49954,55190,35051,45325,10746,20292,543115,430290,75783,66093,105373,100038,21651,22,22
2021-08-01T23:59:59+02:00,2481,2284,30880,30088,47994,42782,49757,48534,60743,61114,71189,71906,52466,58052,36320,47077,11083,21062,15675,15200,30127,27350,34324,34117,53036,53667,65484,66549,49914,55150,35044,45306,10745,20290,543058,424841,75781,66089,105327,100015,21625,22,22
2021-07-31T23:59:59+02:00,2481,2284,30875,30084,47992,42780,49755,48534,60742,61114,71189,71904,52463,58049,36320,47077,11083,21061,15660,15188,30094,27330,34311,34110,53018,53659,65471,66544,49910,55145,35044,45305,10744,20289,543039,424693,75781,66088,105326,100012,21620,22,22
2021-07-30T23:59:59+02:00,2467,2279,30829,30040,47960,42759,49731,48509,60708,61085,71154,71886,52454,58038,36320,47077,11083,21059,15504,14888,29836,27015,34131,33860,52818,53367,65307,66341,49863,55099,35033,45293,10744,20288,542866,424342,75776,66079,105323,98101,21452,22,22
2021-07-29T23:59:59+02:00,2435,2259,30669,29948,47877,42698,49678,48443,60647,61044,71108,71840,52435,58019,36312,47061,11080,21054,15192,14612,29523,26802,32846,32913,52037,52755,64952,66074,49764,55007,34991,45236,10739,20280,542202,421650,75769,63354,105311,97956,21304,22,22
2021-07-28T23:59:59+02:00,2389,2222,30516,29837,47794,42629,49605,48371,60574,60966,71042,71783,52411,57981,36294,47043,11079,21049,14789,14240,29084,26485,32476,32583,51323,52144,64560,65747,49670,54904,34957,45179,10723,20261,541256,417511,75764,63301,105305,97566,21239,22,22
2021-07-27T23:59:59+02:00,2311,2149,30275,29568,47643,42454,49461,48235,60466,60843,70942,71696,52353,57921,36266,47004,11071,21042,14147,13584,28317,25859,31724,31931,50070,51050,63832,65181,49483,54697,34889,45064,10716,20242,539434,409177,75754,63275,105299,97469,21192,22,22
2021-07-26T23:59:59+02:00,2250,2094,30075,29334,47525,42325,49386,48151,60403,60778,70892,71651,52328,57889,36254,46991,11069,21033,13782,13207,27966,25571,31106,31521,48512,49681,62855,64354,49278,54493,34821,44983,10706,20230,538207,401467,75751,63270,105295,97439,21154,22,22
2021-07-25T23:59:59+02:00,2004,1892,29254,28663,47133,42012,49101,47866,60168,60555,70711,71493,52272,57814,36227,46949,11068,21026,13689,13147,27870,25508,31021,31454,48392,49619,62768,64305,49257,54475,34814,44974,10706,20229,534038,400835,75751,63263,105288,97279,21110,22,22
2021-07-24T23:59:59+02:00,1924,1824,29001,28433,46982,41907,48984,47766,60013,60436,70582,71413,52225,57784,36209,46928,11066,21026,13554,13037,27667,25373,30861,31325,48181,49449,62605,64210,49213,54445,34799,44956,10704,20227,533350,400225,75749,63260,105287,97277,20096,22,22
2021-07-23T23:59:59+02:00,1812,1703,28671,28107,46737,41756,48729,47552,59764,60247,70378,71286,52150,57713,36190,46891,11062,21017,13303,12813,27234,25059,30481,31017,47583,48959,62276,63974,49130,54379,34777,44912,10699,20218,532356,397827,75372,63206,105276,97275,18740,22,22
2021-07-22T23:59:59+02:00,1800,1696,28592,28029,46599,41616,48518,47341,59586,60105,70261,71157,52107,57676,36174,46874,11062,21017,13074,12558,26899,24725,30131,30700,45657,47397,61470,63273,49034,54277,34739,44868,10696,20208,532052,391126,74221,63057,105234,97052,18682,22,22
2021-07-21T23:59:59+02:00,1766,1657,28327,27824,46215,41281,47927,46785,59003,59622,69804,70767,51935,57515,36116,46817,11053,21004,12648,12120,26320,24183,29557,30132,41927,44158,59986,62004,48865,54097,34675,44785,10686,20181,531497,379491,70952,62547,105080,96605,17868,22,22
2021-07-20T23:59:59+02:00,1743,1642,28206,27686,46152,41223,47880,46747,58948,59572,69751,70719,51900,57487,36100,46791,11049,20997,12151,11586,25582,23492,28906,29383,38471,41164,58440,60540,48662,53876,34593,44693,10668,20161,530805,369104,70932,59154,105063,96483,17772,22,22
2021-07-19T23:59:59+02:00,1738,1641,28176,27651,46130,41210,47868,46733,58935,59556,69739,70717,51898,57483,36100,46787,11047,20997,12106,11558,25518,23458,28875,29350,38427,41131,58399,60513,48658,53868,34592,44690,10665,20160,530659,368792,70932,59141,105048,96431,17746,22,22
2021-07-18T23:59:59+02:00,1734,1634,28150,27626,46106,41201,47854,46720,58929,59547,69732,70708,51896,57482,36099,46786,11047,20996,12044,11533,25432,23418,28814,29318,38366,41104,58339,60472,48656,53864,34589,44689,10665,20160,530529,368456,70930,59110,105040,96311,17727,22,22
2021-07-17T23:59:59+02:00,1734,1632,28131,27613,46091,41192,47844,46716,58922,59542,69725,70704,51891,57478,36098,46786,11047,20996,12017,11522,25399,23382,28781,29298,38344,41087,58304,60448,48646,53856,34587,44689,10665,20160,530452,368208,70929,59106,105040,96308,17700,22,22
2021-07-16T23:59:59+02:00,1719,1612,27865,27424,45808,41027,47620,46543,58623,59340,69493,70563,51785,57405,36054,46750,11042,20994,11764,11328,25070,23143,28483,29067,37948,40812,57796,60025,48510,53742,34535,44639,10659,20156,530136,367007,70928,59103,104915,96034,15667,22,22
2021-07-15T23:59:59+02:00,1621,1499,27402,27036,45550,40789,47474,46430,58482,59226,69390,70475,51744,57362,36039,46728,11041,20987,11471,11099,24589,22799,28118,28795,37553,40532,55749,57979,48340,53540,34477,44555,10651,20145,527809,360061,70925,59014,104907,95823,15613,22,22
2021-07-14T23:59:59+02:00,1454,1367,26836,26497,45245,40501,47272,46246,58299,59029,69230,70328,51683,57303,36014,46698,11035,20982,11284,10914,24179,22446,27766,28476,37030,40129,54531,56799,48202,53389,34426,44491,10643,20123,524640,356351,70919,57354,104888,95677,15551,22,22
2021-07-13T23:59:59+02:00,1169,1063,25883,25602,44753,40088,46915,45928,57973,58744,68957,70081,51570,57177,35971,46643,11031,20967,10939,10576,23644,21899,27148,27890,35652,38938,50398,52895,47838,53001,34296,44342,10626,20094,519254,347091,70913,52152,104885,95570,15442,22,22
2021-07-12T23:59:59+02:00,705,666,24502,24343,44193,39608,46716,45712,57760,58548,68774,69909,51508,57086,35953,46617,11029,20959,10705,10468,23437,21760,26896,27755,35406,38770,49957,52476,47763,52916,34267,44307,10626,20088,513361,345634,70913,52126,104879,94490,15415,21,22
2021-07-11T23:59:59+02:00,702,661,24481,24322,44163,39586,46698,45700,57746,58536,68760,69907,51506,57083,35950,46613,11028,20959,10609,10383,23220,21637,26631,27656,35096,38687,49244,51989,46277,51329,34177,44200,10626,20086,513271,345130,70909,52080,104866,89368,15335,21,22
2021-07-10T23:59:59+02:00,700,656,24474,24316,44158,39578,46695,45697,57740,58535,68760,69906,51506,57083,35950,46613,11028,20959,10597,10374,23196,21618,26617,27647,35074,38682,49230,51984,46263,51313,34175,44199,10626,20086,513237,345025,70906,52079,104864,89312,15327,21,22
2021-07-09T23:59:59+02:00,693,646,24025,23856,43880,39340,46626,45636,57680,58494,68708,69881,51489,57070,35946,46605,11027,20959,10517,10203,23102,21430,26556,27438,35006,38465,49166,51880,46241,51288,34171,44196,10626,20086,511476,343795,70903,52066,104858,89268,15304,21,22
2021-07-08T23:59:59+02:00,627,579,22942,22849,43075,38735,46374,45431,57471,58350,68510,69742,51411,57004,35918,46582,11025,20951,10261,10012,22725,21177,26160,27175,34529,38152,48559,51362,45905,50921,34101,44118,10619,20064,506773,340218,70880,51919,104800,88652,15103,21,22
2021-07-07T23:59:59+02:00,575,533,21617,21450,42333,38047,46153,45210,57233,58160,68343,69582,51326,56920,35881,46528,11017,20937,9887,9705,21848,20586,25057,26380,32693,36784,47638,50476,45404,50384,33994,43979,10611,20046,501375,335275,70707,47538,104779,87736,14964,21,22
2021-07-06T23:59:59+02:00,517,470,20383,20167,41482,37400,45675,44858,56839,57855,68015,69322,51226,56794,35837,46476,11009,20928,9494,9324,20985,19992,24093,25724,31201,35588,46443,49276,44625,49600,33859,43803,10598,20026,496877,327946,68779,45432,104758,86462,14819,21,22
2021-07-05T23:59:59+02:00,481,442,18975,18781,40617,36595,45457,44632,56657,57652,67854,69194,51170,56739,35816,46447,11007,20921,9205,9068,20424,19611,23426,25304,30561,35161,45684,48662,43869,48809,33729,43614,10589,20014,491146,322164,68776,45409,104751,85433,14746,19,22
2021-07-04T23:59:59+02:00,474,436,17187,16742,40271,36363,45369,44559,56572,57583,67775,69126,51137,56713,35806,46426,11005,20919,9144,9017,20284,19546,23252,25226,30304,35081,44890,48534,42506,47460,33650,43540,10587,20008,486287,321705,68749,45364,104735,81309,14673,19,22
2021-07-03T23:59:59+02:00,474,435,17166,16722,40221,36315,45353,44544,56565,57579,67769,69119,51135,56710,35806,46426,11005,20918,9101,8976,20218,19478,23192,25162,30220,35002,44669,48358,42437,47385,33605,43481,10584,20008,486104,320747,68747,45363,104734,81129,14658,19,22
2021-07-02T23:59:59+02:00,453,412,17051,16617,39751,35939,45240,44447,56512,57537,67721,69087,51123,56705,35800,46414,11005,20917,8943,8809,19890,19200,22806,24784,29801,34588,44039,47714,42235,47155,33507,43346,10578,20004,484604,317751,68730,44326,104732,80695,14646,19,22
2021-07-01T23:59:59+02:00,401,372,16745,16334,38013,34604,44666,43948,56252,57328,67547,68918,51043,56615,35772,46375,11001,20909,8569,8414,19027,18493,21841,23930,28416,33399,41012,44743,41238,46073,32894,42618,10561,19975,479115,310265,68655,39443,104709,77159,14345,19,22
2021-06-30T23:59:59+02:00,353,327,16454,16088,35822,32779,44042,43316,56028,57132,67342,68727,50959,56522,35743,46321,10997,20893,8210,8077,18355,17865,20956,23099,27141,32138,36371,39873,40157,44929,32231,41829,10540,19949,472252,299780,68610,33412,104690,74261,14274,19,22
2021-06-29T23:59:59+02:00,313,290,16234,15888,34819,31695,43593,42871,55846,56972,67171,68578,50882,56449,35704,46277,10989,20886,7629,7468,17224,16930,19703,21880,25443,30461,33625,36750,37303,41881,31489,40940,10517,19911,468052,283580,68602,33365,104676,68105,14108,19,20
2021-06-28T23:59:59+02:00,303,268,16090,15731,33097,30269,43271,42576,55681,56832,67054,68471,50836,56397,35686,46256,10986,20874,7325,7207,16669,16551,19311,21565,24934,30076,33035,36251,35924,40393,30702,40005,10513,19900,463615,280525,68579,33314,104655,62713,13810,19,20
2021-06-27T23:59:59+02:00,303,268,16068,15708,32942,30181,43209,42547,55644,56823,67028,68463,50831,56393,35683,46255,10986,20873,7281,7180,16531,16483,19148,21503,24732,30002,32807,36110,34667,39121,29074,38083,10512,19899,463291,280354,68576,33275,104649,55834,13670,19,20
2021-06-26T23:59:59+02:00,301,266,16047,15688,32918,30164,43164,42506,55621,56809,67022,68460,50829,56391,35680,46254,10986,20873,7277,7168,16511,16471,19132,21495,24699,29980,32786,36089,34654,39109,29072,38080,10512,19899,463068,280161,68574,33275,104649,55829,13669,19,20
2021-06-25T23:59:59+02:00,295,265,15993,15643,32805,30064,42972,42346,55563,56764,66982,68436,50819,56380,35676,46253,10986,20873,7089,6891,16227,15962,18864,20840,24331,29045,32398,35368,34493,38892,29049,38050,10512,19899,462245,277483,68573,33266,104632,53515,13646,19,20
2021-06-24T23:59:59+02:00,275,252,15720,15442,32352,29776,41502,41099,55096,56407,66750,68276,50766,56324,35660,46225,10981,20863,6773,6665,15530,15517,17412,19819,22252,27486,31299,34473,34090,38467,28925,37870,10500,19885,457671,267783,68572,33214,104628,53089,12876,19,20
2021-06-23T23:59:59+02:00,260,235,15438,15149,31853,29374,39397,39276,54552,55864,66499,68055,50677,56215,35620,46179,10976,20850,6566,6501,15166,15237,16884,19370,21367,26687,29605,33110,33332,37615,28734,37630,10493,19870,450595,259960,68526,33124,104625,52375,12704,19,20
2021-06-22T23:59:59+02:00,238,200,15055,14756,31184,28741,35951,36226,53640,55064,66197,67750,50571,56093,35581,46122,10972,20836,6390,6290,14760,14908,16083,18652,19949,25373,28003,31458,32533,36640,28195,37024,10475,19837,439647,249863,68494,33041,104620,51261,12397,19,20
2021-06-21T23:59:59+02:00,223,194,14813,14582,30493,28278,33782,34258,53176,54638,66018,67633,50490,56019,35555,46100,10967,20831,6294,6206,14598,14791,15913,18517,19829,25261,27894,31373,32378,36501,26986,35792,10475,19834,432809,249190,68472,32994,104589,48289,12161,19,20
2021-06-20T23:59:59+02:00,216,193,14688,14494,28581,26933,33168,33809,53087,54542,65949,67596,50467,55991,35547,46097,10966,20829,5845,5909,13650,14154,15086,17927,19277,24904,27583,31175,32213,36322,26960,35761,10473,19830,428408,244210,68468,32959,104585,48219,11673,19,20
2021-06-19T23:59:59+02:00,210,188,14663,14461,28467,26852,33137,33782,53065,54526,65933,67585,50461,55982,35545,46092,10965,20827,5630,5747,13087,13742,14479,17450,18950,24702,27390,31004,32134,36222,26943,35747,10473,19830,428003,240681,68466,32957,104585,48216,11668,19,20
2021-06-18T23:59:59+02:00,208,180,14574,14375,28367,26787,31888,32873,52698,54219,65800,67492,50430,55948,35527,46066,10961,20823,5560,5672,12989,13658,14314,17324,18714,24473,26570,30338,31928,35985,26877,35672,10469,19823,427514,237738,65491,32840,104576,48162,11616,19,20
2021-06-17T23:59:59+02:00,194,164,14201,14112,27775,26542,31399,32612,51909,53653,65373,67225,50349,55848,35494,46025,10955,20811,5183,5413,12207,13187,13526,16713,17621,23546,24411,28373,31285,35249,26678,35394,10452,19809,424318,228724,65486,32562,104552,47482,10268,17,20
2021-06-16T23:59:59+02:00,165,136,13773,13712,27311,26187,30960,32257,51097,52948,64922,66837,50231,55728,35465,45968,10944,20799,4818,4971,11486,12511,12736,16021,16521,22424,21442,25507,30216,34041,26381,34989,10437,19768,419465,214671,65444,32534,104546,47085,9968,17,20
2021-06-15T23:59:59+02:00,104,83,13145,13090,26559,25610,30177,31662,49844,51883,64209,66312,50053,55531,35397,45856,10935,20780,4323,4339,10515,11574,11584,14639,14790,20720,18010,22204,28844,32606,25995,34469,10411,19724,411754,196047,65424,32417,104540,46777,9495,17,20
2021-06-14T23:59:59+02:00,74,62,12741,12716,26152,25285,29516,31198,48047,50415,63158,65477,49838,55306,35320,45780,10927,20768,4223,4286,10340,11445,11444,14507,14612,20599,17818,22045,28774,32526,25976,34442,10407,19721,403884,195613,65415,32145,104538,46470,8926,17,20
2021-06-13T23:59:59+02:00,73,61,12700,12672,26078,25252,29453,31171,47994,50390,63122,65453,49832,55303,35318,45776,10926,20765,4068,4209,10012,11317,11121,14396,14316,20487,17418,21702,27260,30887,25836,34247,10403,19710,403682,194874,65339,27474,104531,46260,8770,17,20
2021-06-12T23:59:59+02:00,73,60,12683,12656,26064,25241,29442,31159,47935,50319,63080,65417,49831,55300,35318,45776,10926,20765,4066,4199,9996,11303,11113,14382,14297,20470,17398,21693,27219,30842,25831,34241,10403,19710,403389,194691,65339,27472,104530,46219,8770,17,20
2021-06-11T23:59:59+02:00,71,57,12584,12526,25939,25127,29321,31035,47700,50094,62948,65298,49807,55274,35307,45765,10924,20763,3972,3927,9471,10110,10682,13474,14007,19913,17125,21216,26811,30421,25741,34159,10400,19708,402125,193649,65330,27468,104488,41429,8580,17,20
2021-06-10T23:59:59+02:00,63,50,12339,12314,25623,24846,28976,30769,46627,49078,62213,64728,49722,55179,35273,45713,10914,20750,3704,3564,8703,8859,9783,11830,12705,17158,15341,17616,25098,28499,25444,33854,10394,19684,397256,188144,65277,27029,104287,28711,8340,17,20
2021-06-09T23:59:59+02:00,49,38,12048,11990,25214,24439,28582,30373,44622,47255,61122,63790,49617,55056,35226,45659,10908,20732,3458,3444,8286,8605,9275,11510,12194,16767,14632,17018,21265,24182,25218,33553,10382,19658,389267,176579,65154,26685,104286,28175,7996,17,20
2021-06-08T23:59:59+02:00,43,27,11618,11457,24552,23817,27926,29710,41457,44409,59349,62157,49446,54865,35153,45568,10898,20710,3249,3308,7888,8347,8658,11138,11532,16346,13975,16372,15888,18230,24827,33027,10364,19630,376615,161384,65092,26352,104276,27873,7162,17,16
2021-06-07T23:59:59+02:00,38,20,11457,11268,24200,23542,27649,29503,38828,42482,58921,61795,49412,54834,35141,45547,10896,20704,3153,3240,7581,8171,8341,10962,10958,15894,13472,15894,15812,18151,24796,32977,10362,19623,370972,161068,64665,24526,104267,27469,6316,17,16
2021-06-06T23:59:59+02:00,35,19,11322,11163,23880,23313,27440,29330,37226,41296,58794,61715,49388,54805,35133,45533,10896,20702,3050,3190,7310,8083,8070,10794,10219,15212,12878,15275,15661,18040,24782,32954,10360,19623,370565,160954,61279,21363,104256,27304,5873,17,15
2021-06-05T23:59:59+02:00,35,18,11304,11146,23837,23278,27405,29304,37199,41282,58696,61630,49377,54799,35131,45531,10896,20699,3038,3179,7287,8051,8041,10778,10189,15198,12838,15251,15540,17876,24777,32946,10359,19622,370235,160530,61277,21362,104256,27289,5782,17,15
2021-06-04T23:59:59+02:00,35,16,11118,10886,23474,22813,27133,28907,36772,40832,58078,61089,49343,54758,35121,45513,10894,20693,3014,3162,7258,8035,8020,10760,10160,15173,12804,15217,15328,17670,24766,32925,10357,19621,368433,159945,59007,21349,104242,27192,5776,17,15
2021-06-03T23:59:59+02:00,33,15,10898,10670,23018,22421,26709,28571,35676,40005,55317,58741,49214,54599,35078,45449,10889,20678,2923,3081,7051,7879,7563,10463,9133,14543,11558,14518,14146,16204,24587,32708,10345,19602,364496,156592,54084,17626,104192,26885,5193,16,15
2021-06-02T23:59:59+02:00,33,15,10863,10637,22982,22387,26678,28546,35646,39964,55190,58583,49200,54576,35072,45442,10889,20677,2883,3052,6996,7861,7504,10430,8977,14503,11334,14455,12793,14724,24468,32535,10340,19595,363913,152777,54078,17615,104192,26869,5181,16,15
2021-06-01T23:59:59+02:00,20,8,10450,10294,22326,21878,25993,27964,34925,39387,52189,55438,48811,54167,34954,45279,10873,20651,2424,2692,5639,7175,6232,9854,7584,13833,10200,13492,8482,9160,23993,31855,10318,19540,353157,134571,53908,17247,104173,26294,4353,16,15
2021-05-31T23:59:59+02:00,19,7,10176,10065,21752,21481,25586,27712,34604,39184,50741,54042,48713,54042,34921,45238,10866,20643,2314,2568,5353,6930,5973,9634,7219,13592,9944,13332,8431,9098,23967,31808,10310,19527,348428,133801,53869,17126,104149,25735,3330,16,15
2021-05-30T23:59:59+02:00,18,7,10122,10017,21662,21443,25521,27678,34492,39113,50376,53702,48688,54016,34915,45232,10864,20640,2279,2538,5248,6852,5871,9567,7030,13504,9719,13235,8387,9051,23951,31801,10309,19522,347244,133208,53849,16952,104133,25432,3264,16,15
2021-05-29T23:59:59+02:00,17,7,10107,10005,21628,21425,25504,27666,34471,39100,50363,53684,48684,54012,34912,45231,10864,20640,2260,2484,5204,6727,5811,9436,6914,13307,9581,13014,8315,8961,23884,31734,10308,19521,347088,132931,53849,16900,104112,24367,3255,16,15
2021-05-28T23:59:59+02:00,17,7,10049,9937,21552,21317,25425,27547,34394,39000,50285,53585,48663,53994,34905,45223,10864,20636,2176,2217,4587,6186,5192,8716,6543,12346,9085,12019,8138,8764,23513,31252,10307,19518,346245,131433,53837,16802,104054,19069,3248,16,14
2021-05-27T23:59:59+02:00,16,7,9785,9689,21025,20939,24881,27189,33870,38622,49673,52977,48493,53802,34835,45149,10860,20617,1934,1950,4005,5665,4514,8113,6032,11578,8140,10697,7633,8106,21951,29101,10292,19496,341966,125776,53429,15667,103947,14684,3071,16,14
2021-05-26T23:59:59+02:00,16,7,9511,9442,20301,20370,24012,26517,32610,37593,48909,52273,48238,53514,34761,45036,10849,20593,1879,1878,3911,5538,4379,7950,5826,11317,7815,10313,7071,7381,19519,25674,10274,19453,337256,117300,50453,15413,103895,14523,2932,16,14
2021-05-25T23:59:59+02:00,15,7,9247,9207,19888,20013,23575,26128,32101,37078,48016,51296,47940,53196,34673,44894,10837,20563,1813,1830,3791,5439,4243,7806,5616,11093,7502,9992,6448,6543,15395,20293,10254,19395,331674,105109,50373,15369,103823,14177,2788,16,14
2021-05-24T23:59:59+02:00,14,7,9028,9050,19319,19724,22804,25741,30586,36060,47791,51123,47848,53095,34644,44864,10835,20562,1788,1814,3745,5405,4180,7764,5551,11034,7426,9936,6422,6519,15381,20284,10254,19395,330093,104991,46569,15356,103762,13886,2655,16,14
2021-05-23T23:59:59+02:00,14,7,8820,8843,18960,19431,22382,25393,30161,35739,47199,50611,47415,52640,34541,44718,10827,20553,1786,1813,3736,5400,4176,7759,5541,11026,7418,9928,6417,6508,15381,20282,10254,19395,325257,104937,46567,15354,103761,13866,2653,16,14
2021-05-22T23:59:59+02:00,14,7,8789,8807,18910,19388,22336,25361,30108,35709,47090,50541,47396,52618,34538,44709,10824,20553,1785,1810,3723,5387,4172,7753,5537,11020,7411,9924,6415,6506,15379,20282,10254,19395,324716,104905,46567,15354,103760,13845,2639,16,14
2021-05-21T23:59:59+02:00,13,7,8517,8453,18470,18873,21976,24719,29681,34899,46601,49876,47307,52495,34500,44666,10821,20548,1722,1768,3644,5348,4129,7719,5505,10975,7370,9876,6386,6480,15302,20185,10253,19394,319516,104593,46537,15353,103736,13483,2617,16,14
2021-05-20T23:59:59+02:00,12,7,7943,7902,17521,18076,20972,23800,28362,33699,44854,48053,46868,52035,34391,44510,10804,20529,1420,1606,3331,5060,3863,7332,5208,10495,6990,9423,6152,6224,13990,18644,10230,19355,307904,100843,46450,14873,103508,11137,2460,16,14
2021-05-19T23:59:59+02:00,12,7,7677,7586,16915,17470,20074,22925,27134,32440,43059,45965,46337,51480,34237,44287,10783,20499,1355,1523,3128,4846,3657,7081,4982,10142,6695,9092,5869,5890,11789,15795,10213,19296,296760,94617,46410,14402,103459,10083,2242,16,13
2021-05-18T23:59:59+02:00,11,7,7151,7042,15761,16443,18808,21676,25624,30812,40367,42734,45507,50533,33999,43981,10758,20457,1334,1497,3068,4775,3581,6962,4847,10009,6514,8881,5602,5614,10089,13624,10188,19242,280958,89484,45205,14352,103357,9846,2136,15,13
2021-05-17T23:59:59+02:00,11,7,7072,6981,15578,16333,18593,21507,25226,30485,38615,41095,45397,50454,33952,43915,10749,20433,1301,1474,3012,4730,3517,6903,4779,9906,6419,8780,5561,5574,10075,13606,10185,19234,280742,89415,40435,14070,103314,9665,1897,15,13
2021-05-16T23:59:59+02:00,10,6,6957,6929,15458,16247,18464,21401,25044,30370,35636,38326,45361,50419,33930,43891,10746,20428,1277,1456,2968,4689,3469,6846,4693,9838,6324,8701,5531,5537,10063,13590,10183,19231,280464,89368,34288,13803,103195,9555,1661,15,13
2021-05-15T23:59:59+02:00,10,6,6933,6898,15396,16189,18418,21362,24977,30327,35600,38285,45338,50392,33923,43886,10746,20428,1265,1430,2936,4616,3450,6777,4674,9757,6302,8651,5525,5533,10058,13589,10183,19231,279983,89314,34287,13799,103181,9207,1648,15,13
2021-05-14T23:59:59+02:00,10,5,6758,6529,15051,15691,18106,20946,24642,29866,35355,37935,45309,50361,33913,43881,10746,20426,1208,1369,2858,4512,3403,6674,4610,9606,6220,8522,5495,5489,10045,13580,10183,19230,278926,89229,34139,13780,100868,8404,1582,15,13
2021-05-13T23:59:59+02:00,10,5,6407,6211,14293,15108,17400,20315,23785,29126,34586,37265,45022,50017,33834,43757,10742,20415,1032,1285,2662,4403,3284,6552,4469,9436,6098,8379,5453,5450,10029,13563,10179,19225,272519,89078,33815,13699,100654,7418,1295,15,13
2021-05-12T23:59:59+02:00,10,5,6007,5938,13314,14432,16379,19513,23119,28689,34280,36983,44839,49822,33803,43726,10739,20412,1029,1283,2655,4397,3265,6548,4464,9426,6090,8374,5446,5444,10027,13558,10178,19224,266257,89016,33806,13689,100650,7413,1282,15,12
2021-05-11T23:59:59+02:00,10,5,5632,5714,12726,13984,14574,18071,20168,26161,31965,34656,43785,48562,33479,43255,10710,20363,966,1210,2537,4225,3158,6313,4346,9139,5974,8148,5375,5366,9985,13497,10170,19208,248962,88543,33529,13473,100212,6491,1102,15,11
2021-05-10T23:59:59+02:00,10,5,5483,5616,12454,13857,14223,17848,19365,25590,30588,33635,43253,47948,33422,43167,10702,20343,923,1151,2438,4063,3063,6111,4221,8875,5852,7951,5338,5335,9973,13481,10166,19199,243482,88435,33318,13412,99907,5498,787,15,11
2021-05-09T23:59:59+02:00,10,5,5077,5375,11260,13325,13223,17486,18340,25260,30044,33345,43197,47876,33396,43153,10699,20336,899,1121,2339,3958,2973,5972,4089,8700,5758,7846,5330,5321,9966,13477,10161,19196,238151,88390,33246,13370,99566,4910,429,15,10
2021-05-08T23:59:59+02:00,10,5,5066,5367,11238,13306,13197,17467,18310,25227,30004,33302,43189,47865,33395,43149,10699,20336,895,1115,2326,3950,2967,5972,4085,8694,5755,7843,5327,5318,9963,13472,10161,19196,237883,88362,33245,13370,99565,4876,424,15,10
2021-05-07T23:59:59+02:00,10,5,4965,5284,11010,13138,12905,17250,17701,24627,29056,32408,42997,47625,33339,43077,10695,20330,868,1084,2290,3895,2922,5926,4031,8639,5672,7790,5280,5271,9951,13463,10161,19195,235391,88227,31351,13367,99457,4628,209,14,10
2021-05-06T23:59:59+02:00,10,5,4550,5005,10342,12721,12147,16584,16101,23183,26512,30016,42293,46876,33173,42841,10679,20307,812,1029,2153,3645,2754,5617,3837,8167,5476,7468,5229,5218,9928,13435,10159,19187,226632,88045,28006,13053,98642,2958,51,14,10
2021-05-05T23:59:59+02:00,10,5,4237,4777,9747,12276,11428,16002,15003,22155,23660,27254,41314,45770,32891,42453,10661,20266,798,1007,2091,3520,2697,5462,3743,7956,5380,7333,5180,5163,9891,13396,10157,19184,213610,87784,27823,12915,98419,2209,43,14,10
2021-05-04T23:59:59+02:00,10,5,3887,4317,9074,11578,10656,15162,13698,20904,20057,23851,39968,44310,32518,41932,10638,20228,780,977,2024,3403,2627,5327,3650,7804,5284,7210,5142,5117,9861,13367,10155,19181,196544,87566,27805,12616,98394,1684,36,14,10
2021-05-03T23:59:59+02:00,10,4,3645,3894,8663,11083,10178,14537,13164,20249,19335,23205,39703,44060,32439,41829,10635,20213,766,948,1957,3299,2570,5220,3590,7691,5234,7123,5128,5105,9846,13350,10152,19176,190684,87426,27793,12607,98331,1091,24,14,10
2021-05-02T23:59:59+02:00,10,4,3642,3893,8645,11076,10169,14529,13143,20237,19317,23195,39701,44059,32438,41828,10634,20213,762,931,1927,3218,2524,5124,3543,7566,5214,7058,5124,5102,9845,13346,10152,19174,190595,87408,27780,12576,98324,599,20,14,10
2021-05-01T23:59:59+02:00,10,4,3640,3886,8632,11063,10161,14520,13136,20235,19307,23186,39701,44057,32438,41828,10634,20213,761,931,1926,3218,2524,5124,3543,7566,5214,7058,5124,5102,9845,13346,10151,19174,190516,87407,27778,12575,98324,599,19,14,10
2021-04-30T23:59:59+02:00,10,3,3617,3863,8586,11027,10117,14481,13075,20196,19204,23035,39432,43734,32417,41808,10633,20213,758,927,1913,3209,2523,5115,3540,7559,5212,7051,5121,5099,9841,13345,10151,19174,189590,87381,27509,12572,98319,559,19,14,10
2021-04-29T23:59:59+02:00,10,3,3350,3690,8152,10754,9568,14196,12581,19832,18467,22308,36370,40283,32157,41442,10622,20178,745,913,1866,3147,2474,5049,3474,7417,5120,6952,5082,5065,9819,13302,10149,19168,184046,87176,21672,12416,98214,125,18,13,10
2021-04-28T23:59:59+02:00,10,3,3188,3623,7888,10643,9171,14021,12204,19595,17981,21874,32579,35967,31940,41141,10609,20156,728,898,1840,3108,2429,5000,3437,7359,5055,6888,5019,5003,9767,13243,10146,19159,172880,86965,21519,11979,98168,116,13,13,9
2021-04-27T23:59:59+02:00,9,3,3107,3557,7628,10512,8818,13848,11720,19370,17503,21385,27015,29778,31562,40634,10588,20124,718,884,1808,3071,2393,4954,3383,7300,5000,6812,4968,4933,9732,13191,10143,19150,157538,86754,21497,11555,98100,113,13,13,8
2021-04-26T23:59:59+02:00,9,3,3054,3523,7486,10447,8652,13789,11489,19302,16979,21000,26981,29744,31548,40619,10588,20124,695,852,1740,3011,2326,4899,3317,7210,4904,6708,4870,4858,9652,13108,10141,19147,156961,86622,21279,10685,97071,113,13,13,8
2021-04-25T23:59:59+02:00,9,3,3016,3506,7325,10395,8414,13739,11157,19258,16150,20528,25426,28085,31494,40556,10588,20121,695,851,1734,3006,2319,4896,3311,7202,4900,6699,4867,4853,9644,13097,10141,19147,156473,86599,21269,10648,92002,97,13,13,8
2021-04-24T23:59:59+02:00,9,3,3012,3500,7309,10382,8403,13731,11143,19249,16133,20510,25383,28022,31491,40550,10587,20120,695,851,1734,3005,2319,4896,3310,7202,4900,6699,4867,4852,9642,13096,10141,19147,156271,86593,21265,10648,91975,97,13,13,8
2021-04-23T23:59:59+02:00,9,3,2994,3482,7267,10339,8358,13686,11076,19189,16073,20446,24961,27519,31458,40494,10584,20117,686,843,1716,2996,2303,4867,3259,7164,4801,6604,4731,4729,9475,12897,10135,19132,155081,86302,21125,9922,91823,97,13,13,7
2021-04-22T23:59:59+02:00,8,3,2915,3400,7075,10156,7816,13278,9868,18395,14520,19402,22947,25086,31246,40225,10565,20088,621,792,1601,2884,2178,4703,3098,6992,4617,6404,4576,4555,8963,12240,10099,19053,150281,84387,15827,8894,90859,78,13,13,7
2021-04-21T23:59:59+02:00,8,3,2862,3352,6951,10067,7605,13123,9502,18153,14050,18956,20437,21951,30949,39838,10548,20062,572,768,1521,2804,2091,4612,2972,6849,4455,6240,4391,4375,8393,11477,10056,18964,143279,82596,15064,7857,90049,70,13,12,7
2021-04-20T23:59:59+02:00,8,3,2822,3313,6844,9978,7467,13015,9249,17935,13558,18564,17047,17887,30636,39363,10531,20026,542,734,1448,2740,2004,4533,2873,6729,4320,6079,4205,4181,7531,10265,9988,18813,134423,79682,14819,7223,88979,65,13,12,5
2021-04-19T23:59:59+02:00,8,3,2808,3305,6797,9937,7415,12980,9173,17861,13421,18448,16714,17507,30602,39324,10529,20021,482,694,1329,2645,1905,4435,2741,6571,4123,5887,3951,3880,5699,7843,9773,18417,134103,73860,14623,6438,88102,62,13,12,5
2021-04-18T23:59:59+02:00,8,3,2792,3291,6721,9911,7310,12931,8976,17794,12585,18319,15306,16103,30534,39262,10526,20014,476,688,1319,2637,1890,4424,2708,6542,4062,5838,3875,3809,5290,7219,9728,18334,133889,72374,14480,6392,83992,58,13,12,5
2021-04-17T23:59:59+02:00,8,3,2782,3287,6704,9889,7280,12910,8944,17755,12552,18299,15253,16053,30480,39190,10525,20014,476,686,1319,2636,1889,4420,2704,6537,4059,5834,3874,3807,5285,7218,9727,18333,133535,72339,14479,6392,83889,58,13,12,5
2021-04-16T23:59:59+02:00,8,3,2769,3273,6670,9874,7229,12871,8869,17703,12444,18197,15008,15776,29961,38542,10522,20007,476,684,1314,2631,1880,4418,2698,6531,4051,5826,3869,3801,5268,7189,9727,18331,132011,72242,14472,6381,83218,56,13,12,5
2021-04-15T23:59:59+02:00,8,3,2717,3217,6540,9773,7041,12693,8526,17430,11970,17732,13952,14558,27845,35734,10506,19984,467,678,1309,2605,1865,4395,2675,6503,4008,5773,3814,3727,5237,7138,9719,18319,126094,71927,14196,6245,79915,46,12,12,5
2021-04-14T23:59:59+02:00,7,1,2661,3167,6446,9678,6896,12532,8254,17162,11539,17269,12771,13175,23140,29656,10486,19930,463,672,1295,2595,1853,4378,2653,6478,3965,5736,3767,3676,5176,7084,9690,18283,113719,71633,14163,6093,76865,24,12,11,5
2021-04-13T23:59:59+02:00,7,1,2609,3133,6318,9593,6745,12399,7975,16913,11115,16848,10109,10252,20066,25491,10464,19887,447,647,1247,2552,1800,4315,2544,6377,3785,5573,3554,3491,5030,6946,9681,18260,105309,71285,13969,4930,70624,20,12,11,5
2021-04-12T23:59:59+02:00,7,1,2588,3119,6258,9564,6638,12313,7783,16785,10868,16641,8751,8762,19247,24519,10463,19878,441,638,1227,2537,1784,4292,2510,6336,3733,5521,3494,3443,4995,6905,9676,18238,105188,71144,13914,4596,65060,16,12,11,5
2021-04-11T23:59:59+02:00,7,1,2560,3111,6162,9537,6523,12276,7618,16735,10669,16536,7478,7485,17520,22542,10461,19875,441,638,1226,2535,1784,4291,2510,6336,3731,5516,3490,3442,4989,6903,9676,18238,105119,71134,13908,4586,58046,12,12,11,5
2021-04-10T23:59:59+02:00,7,1,2559,3109,6152,9532,6514,12271,7613,16730,10662,16528,7470,7473,17511,22536,10461,19875,440,635,1224,2532,1783,4289,2508,6332,3728,5515,3481,3428,4981,6889,9676,18238,105037,71075,13908,4579,58037,12,11,11,5
2021-04-09T23:59:59+02:00,7,1,2497,3011,6017,9322,6358,12008,7353,16322,10351,16032,7313,7268,17395,22356,10460,19873,435,630,1206,2520,1757,4274,2477,6282,3649,5436,3368,3318,4842,6800,9671,18235,104567,70994,13879,3883,55476,10,11,11,5
2021-04-08T23:59:59+02:00,7,1,2418,2939,5921,9203,6255,11879,7182,16136,10095,15844,7119,7009,16136,20898,10449,19844,428,624,1194,2488,1732,4238,2450,6209,3597,5370,3294,3271,4763,6695,9649,18190,100920,70551,13525,3619,54868,9,11,11,5
2021-04-07T23:59:59+02:00,7,1,2391,2903,5848,9132,6166,11804,7049,16036,9853,15693,6821,6682,13822,17951,10428,19797,422,623,1184,2475,1719,4214,2436,6169,3530,5311,3223,3218,4707,6636,9642,18162,94767,70275,13364,3375,54232,8,11,10,5
2021-04-06T23:59:59+02:00,7,1,2374,2870,5752,9066,6075,11724,6896,15922,9613,15510,6464,6318,11722,15346,10401,19738,419,616,1177,2448,1707,4191,2410,6131,3466,5246,3139,3168,4662,6583,9637,18146,89731,70033,13064,3094,52985,8,9,10,5
2021-04-05T23:59:59+02:00,7,1,2366,2860,5734,9049,6063,11705,6883,15903,9593,15485,6340,6219,10443,14055,10401,19737,415,609,1173,2433,1701,4175,2394,6100,3433,5205,3109,3131,4641,6537,9631,18130,89649,69843,13027,2957,50150,7,8,10,5
2021-04-04T23:59:59+02:00,7,1,2366,2860,5731,9046,6061,11705,6881,15903,9591,15484,6335,6215,10443,14053,10401,19737,415,608,1173,2432,1700,4175,2393,6100,3433,5205,3109,3131,4639,6537,9631,18130,89640,69838,13025,2956,50137,7,8,10,5
2021-04-03T23:59:59+02:00,7,1,2364,2852,5723,9039,6056,11701,6878,15899,9588,15482,6332,6210,10436,14050,10401,19737,415,608,1173,2432,1700,4175,2393,6100,3433,5204,3109,3131,4639,6537,9631,18130,89583,69837,13024,2956,50131,7,8,10,5
2021-04-02T23:59:59+02:00,7,1,2362,2850,5717,9032,6054,11698,6874,15898,9584,15480,6328,6204,10422,14021,10400,19736,413,606,1172,2432,1699,4174,2392,6100,3432,5197,3084,3114,4629,6528,9631,18130,89500,69761,13021,2955,50130,7,8,9,5
2021-04-01T23:59:59+02:00,7,1,2341,2847,5686,9003,6011,11656,6831,15843,9529,15424,6235,6107,10127,13674,10377,19688,411,590,1169,2426,1692,4163,2377,6083,3406,5176,3020,3065,4568,6456,9556,18016,88513,69206,13000,2952,49858,7,7,9,5
2021-03-31T23:59:59+02:00,7,1,2307,2820,5611,8936,5943,11562,6728,15731,9395,15289,6091,5965,9577,12932,10335,19598,406,584,1163,2415,1685,4147,2370,6070,3386,5142,2988,3032,4520,6397,9500,17915,86537,68756,12786,2950,49490,7,6,9,4
2021-03-30T23:59:59+02:00,7,1,2287,2804,5564,8878,5880,11487,6657,15633,9297,15145,5904,5751,8672,11596,10260,19417,404,582,1160,2411,1672,4130,2352,6048,3352,5097,2930,2964,4431,6299,9370,17676,83469,68056,12406,2811,49354,7,4,7,3
2021-03-29T23:59:59+02:00,6,1,2220,2750,5460,8767,5772,11340,6490,15402,9064,14890,5546,5377,6735,9069,10041,18998,397,578,1149,2400,1659,4118,2327,6021,3322,5041,2861,2899,4312,6195,9165,17343,77391,67101,11601,2675,48926,7,4,6,3
2021-03-28T23:59:59+02:00,6,1,2198,2737,5416,8708,5696,11262,6403,15316,8947,14772,5421,5224,6091,8140,9976,18882,388,572,1134,2384,1635,4091,2280,5961,3266,4949,2776,2820,4198,6050,9092,17206,75096,66643,11343,2151,48747,4,4,6,3
2021-03-27T23:59:59+01:00,6,1,2198,2731,5405,8702,5692,11247,6388,15294,8936,14760,5393,5197,6081,8137,9976,18881,388,572,1132,2383,1634,4086,2276,5958,3257,4942,2771,2817,4182,6026,9013,17059,74990,66338,11343,2150,48682,4,4,6,3
2021-03-26T23:59:59+01:00,6,1,2182,2711,5368,8664,5653,11198,6311,15224,8787,14611,5232,5048,5912,7957,9974,18873,384,564,1126,2370,1618,4058,2248,5922,3223,4888,2710,2754,3998,5770,8307,15880,74646,63700,10514,2112,48542,4,4,6,3
2021-03-25T23:59:59+01:00,6,0,2065,2630,5192,8449,5452,10922,6103,14923,8547,14324,5072,4895,5816,7838,9972,18865,375,550,1105,2344,1594,4029,2202,5864,3150,4811,2612,2651,3625,5277,7175,14144,74194,59608,9566,1893,47302,4,3,6,3
2021-03-24T23:59:59+01:00,6,0,1978,2582,5044,8288,5291,10729,5939,14685,8342,14093,4933,4736,5703,7722,9966,18855,371,539,1092,2316,1562,3973,2143,5799,3062,4711,2478,2536,3199,4658,5771,11919,73819,54575,8403,1547,46661,4,3,6,3
2021-03-23T23:59:59+01:00,6,0,1901,2529,4933,8165,5192,10587,5818,14492,8226,13925,4851,4650,5638,7663,9959,18836,360,514,1073,2281,1529,3915,2099,5709,2980,4620,2391,2442,2750,4023,3868,8702,73425,47851,7656,1399,46281,3,3,6,3
2021-03-22T23:59:59+01:00,6,0,1836,2469,4798,8029,5059,10411,5659,14259,8034,13711,4747,4536,5569,7556,9943,18792,333,497,1044,2243,1484,3841,2033,5599,2878,4470,2278,2290,2230,3338,1340,4561,72925,39290,6618,1164,45862,1,3,6,3
2021-03-21T23:59:59+01:00,6,0,1834,2463,4786,8014,5044,10401,5643,14242,8004,13687,4724,4521,5553,7544,9939,18792,332,497,1038,2229,1475,3812,2015,5561,2852,4420,2237,2242,2188,3297,1323,4516,72902,39150,6568,880,45719,1,2,6,3
2021-03-20T23:59:59+01:00,6,0,1834,2463,4785,8013,5043,10399,5642,14241,7997,13681,4723,4520,5545,7536,9939,18792,332,497,1038,2229,1475,3812,2015,5561,2851,4419,2236,2239,2188,3297,1322,4516,72891,39147,6568,876,45692,1,2,6,3
2021-03-19T23:59:59+01:00,6,0,1781,2214,4269,6718,4634,9416,5372,13684,7774,13279,4598,4423,5476,7470,9939,18792,331,497,1038,2229,1475,3811,2014,5560,2850,4419,2234,2238,2183,3291,1321,4514,72833,39131,6558,870,40446,1,2,6,3
2021-03-18T23:59:59+01:00,6,0,1726,1960,3852,5654,4104,8036,4554,11143,6417,9947,4232,4123,5276,7249,9918,18753,330,494,1031,2216,1468,3786,1987,5521,2825,4395,2213,2223,2158,3262,1316,4505,72402,38939,6496,787,28044,1,2,6,3
2021-03-17T23:59:59+01:00,6,0,1720,1951,3842,5628,4088,8006,4530,11079,6367,9875,4194,4076,5237,7205,9912,18730,327,493,1027,2208,1462,3777,1980,5506,2815,4369,2186,2196,2138,3247,1309,4491,72146,38788,6436,738,27856,1,2,6,3
2021-03-16T23:59:59+01:00,6,0,1697,1917,3783,5547,4017,7899,4403,10917,6162,9675,3972,3887,5098,7047,9906,18709,325,489,1026,2189,1457,3764,1971,5492,2806,4350,2178,2182,2126,3218,1301,4462,71834,38622,5165,709,27635,1,2,6,3
2021-03-15T23:59:59+01:00,6,0,1687,1897,3759,5513,3992,7862,4352,10848,6083,9590,3890,3820,5045,6987,9900,18684,322,485,1017,2172,1449,3758,1955,5456,2788,4322,2163,2150,2101,3155,1293,4424,71611,38403,4807,604,27491,1,0,6,3
2021-03-14T23:59:59+01:00,6,0,1681,1887,3751,5503,3987,7846,4343,10817,6075,9568,3883,3811,5040,6979,9899,18682,322,485,1015,2172,1444,3755,1952,5454,2770,4316,2157,2148,2091,3145,1289,4422,71579,38395,4791,539,27382,1,0,6,3
2021-03-13T23:59:59+01:00,6,0,1678,1882,3738,5480,3980,7837,4323,10806,6061,9552,3880,3808,5037,6976,9899,18682,322,485,1015,2172,1444,3755,1952,5453,2770,4315,2156,2147,2091,3143,1281,4417,71555,38376,4786,539,27278,1,0,6,3
2021-03-12T23:59:59+01:00,5,0,1641,1825,3225,5333,3465,7724,4188,10681,5835,9263,3714,3662,4897,6868,9874,18635,317,463,1011,2142,1436,3732,1933,5382,2717,4231,1977,1992,2031,3094,1274,4411,71344,37610,4066,531,25419,0,0,6,3
2021-03-11T23:59:59+01:00,5,0,1532,1688,2839,5073,3028,7469,3907,10268,5207,8370,3490,3486,4792,6751,9836,18585,316,462,1008,2129,1433,3712,1926,5363,2708,4214,1970,1984,2017,3077,1269,4393,70782,37488,3805,491,21733,0,0,6,3
2021-03-10T23:59:59+01:00,5,0,1502,1656,2801,5028,2992,7410,3850,10181,5099,8253,3364,3381,4677,6637,9793,18518,314,461,1006,2126,1431,3701,1922,5350,2696,4194,1952,1976,1992,3045,1258,4379,70372,37405,3476,396,21293,0,0,6,3
2021-03-09T23:59:59+01:00,5,0,1493,1640,2768,5003,2971,7366,3812,10122,5020,8173,3267,3298,4597,6548,9687,18308,311,460,1002,2120,1424,3688,1896,5328,2654,4164,1911,1951,1941,3017,1246,4370,69782,37375,3209,106,21081,0,0,6,3
2021-03-08T23:59:59+01:00,5,0,1478,1626,2739,4976,2945,7336,3789,10074,4996,8111,3226,3258,4521,6484,9513,18009,311,460,1000,2116,1416,3672,1879,5295,2636,4136,1892,1932,1916,2994,1240,4351,68992,37228,3200,16,20888,0,0,6,3
2021-03-07T23:59:59+01:00,5,0,1465,1616,2709,4931,2912,7288,3756,10013,4953,8050,3191,3225,4456,6384,9438,17865,311,459,999,2115,1415,3667,1876,5285,2635,4131,1888,1929,1912,2990,1237,4343,68459,37176,3146,14,20646,0,0,6,3
2021-03-06T23:59:59+01:00,5,0,1464,1614,2703,4920,2909,7279,3748,10006,4935,8034,3181,3215,4433,6345,9350,17696,311,459,997,2112,1415,3665,1870,5276,2633,4129,1883,1922,1907,2988,1236,4340,68069,37128,3146,14,20616,0,0,6,2
2021-03-05T23:59:59+01:00,5,0,1391,1535,2605,4758,2852,7122,3663,9800,4834,7838,3131,3156,4217,6059,8646,16509,311,459,995,2110,1411,3660,1868,5275,2630,4123,1875,1918,1902,2985,1231,4337,65428,37075,3143,14,19544,0,0,6,2
2021-03-04T23:59:59+01:00,5,0,1218,1431,2435,4559,2681,6852,3495,9456,4577,7497,3015,3031,3856,5603,7483,14697,310,451,986,2086,1395,3620,1840,5222,2602,4076,1847,1893,1869,2930,1204,4291,61235,36607,3140,14,17510,0,0,6,2
2021-03-03T23:59:59+01:00,5,0,1185,1378,2356,4451,2621,6728,3409,9291,4480,7354,2929,2961,3481,5004,6099,12520,306,442,974,2063,1383,3592,1826,5172,2547,4021,1798,1858,1844,2900,1189,4264,56198,36164,3113,14,16936,0,0,5,2
2021-03-02T23:59:59+01:00,5,0,1152,1340,2296,4393,2571,6637,3327,9168,4343,7205,2815,2835,2999,4339,4101,9168,301,433,969,2036,1370,3548,1811,5117,2515,3994,1788,1843,1825,2874,1178,4237,49170,35824,2865,14,16655,0,0,4,2
2021-03-01T23:59:59+01:00,5,0,1093,1310,2234,4330,2498,6550,3233,9041,4202,7017,2685,2699,2430,3597,1392,4716,300,430,962,2024,1359,3530,1803,5102,2502,3978,1772,1833,1810,2855,1167,4210,40131,35622,2476,14,16421,0,0,4,2
2021-02-28T23:59:59+01:00,5,0,1059,1296,2193,4294,2468,6506,3185,8984,4140,6958,2619,2653,2382,3566,1384,4696,300,429,959,2018,1357,3517,1800,5088,2496,3970,1765,1822,1797,2844,1160,4195,40035,35502,2186,14,16163,0,0,4,2
2021-02-27T23:59:59+01:00,5,0,1017,1214,2128,4051,2411,6272,3122,8686,4050,6705,2564,2596,2362,3542,1381,4696,300,429,958,2018,1357,3517,1800,5087,2495,3970,1765,1821,1795,2844,1160,4195,39929,35496,2185,14,14684,0,0,4,2
2021-02-26T23:59:59+01:00,4,0,850,961,1928,3660,2250,5609,2907,7770,3741,5915,2516,2543,2344,3528,1378,4694,300,429,958,2015,1355,3515,1798,5086,2493,3969,1765,1818,1788,2843,1158,4188,39913,35463,2098,14,10583,0,0,4,2
2021-02-25T23:59:59+01:00,4,0,508,804,1648,3461,2069,5306,2711,7373,3515,5613,2435,2466,2304,3467,1375,4680,290,408,932,1965,1325,3446,1768,5005,2464,3905,1740,1791,1750,2799,1131,4148,39720,34853,1841,13,8175,0,0,3,2
2021-02-24T23:59:59+01:00,3,0,488,786,1613,3364,2007,5176,2651,7191,3449,5472,2369,2419,2269,3438,1366,4647,281,404,917,1931,1311,3392,1755,4944,2440,3861,1729,1773,1741,2780,1119,4121,39532,34493,1672,5,7501,0,0,3,2
2021-02-23T23:59:59+01:00,3,0,469,750,1552,3261,1952,5036,2573,7060,3364,5367,2309,2361,2234,3381,1351,4616,279,400,912,1916,1304,3361,1746,4913,2419,3829,1709,1753,1721,2745,1104,4068,39386,34174,1401,4,6849,0,0,3,2
2021-02-22T23:59:59+01:00,2,0,453,719,1497,3161,1913,4897,2514,6842,3303,5223,2301,2265,2219,3302,1347,4571,278,397,909,1905,1296,3334,1729,4877,2405,3799,1690,1734,1694,2718,1089,4023,39175,33874,1138,2,6213,0,0,3,2
2021-02-21T23:59:59+01:00,2,0,445,681,1439,3019,1865,4747,2461,6683,3220,5119,2265,2232,2192,3282,1337,4566,278,396,906,1897,1295,3325,1725,4867,2401,3790,1688,1731,1693,2716,1089,4022,39133,33816,905,2,5514,0,0,3,2
2021-02-20T23:59:59+01:00,2,0,441,676,1431,3015,1859,4747,2458,6680,3216,5115,2262,2231,2192,3281,1336,4566,278,396,906,1896,1295,3324,1725,4867,2400,3789,1687,1730,1690,2716,1088,4020,39129,33804,901,2,5475,0,0,3,2
2021-02-19T23:59:59+01:00,1,0,420,639,1402,2953,1832,4693,2417,6580,3130,4997,2082,2068,2129,3232,1331,4560,276,395,904,1894,1294,3323,1725,4862,2397,3788,1686,1729,1688,2715,1088,4019,38377,33781,882,2,5204,0,0,3,1
2021-02-18T23:59:59+01:00,1,0,395,583,1298,2710,1728,4451,2279,6318,3029,4816,2053,2053,2113,3215,1326,4552,276,389,896,1861,1285,3284,1707,4814,2378,3752,1675,1718,1671,2703,1076,4001,38303,33484,809,2,3805,0,0,3,1
2021-02-17T23:59:59+01:00,1,0,379,552,1260,2580,1672,4276,2209,6077,2970,4667,2034,2034,2090,3195,1311,4543,267,372,860,1776,1243,3155,1646,4655,2303,3617,1598,1649,1597,2593,1026,3884,38147,32240,758,1,2942,0,0,3,1
2021-02-16T23:59:59+01:00,1,0,361,522,1206,2460,1622,4141,2130,5892,2890,4531,2025,2030,2082,3188,1306,4532,259,355,839,1695,1188,3019,1585,4451,2232,3440,1548,1595,1536,2494,999,3756,38087,30990,728,1,2101,0,0,3,1
2021-02-15T23:59:59+01:00,1,0,351,500,1133,2317,1577,4068,2098,5839,2862,4490,2006,2014,2061,3158,1299,4512,252,336,816,1650,1156,2943,1529,4315,2161,3320,1473,1532,1481,2387,957,3579,37982,29886,618,1,1683,0,0,3,1
2021-02-14T23:59:59+01:00,1,0,343,495,1109,2262,1514,3907,2056,5747,2831,4451,2001,2012,2050,3149,1297,4505,245,331,798,1622,1140,2904,1487,4263,2123,3290,1457,1511,1457,2351,942,3537,37963,29457,554,1,1210,0,0,3,1
2021-02-13T23:59:59+01:00,1,0,343,495,1108,2262,1514,3906,2054,5746,2831,4451,2000,2010,2049,3149,1296,4502,245,331,798,1622,1140,2904,1486,4261,2123,3290,1455,1508,1456,2350,942,3536,37952,29446,554,1,1209,0,0,2,1
2021-02-12T23:59:59+01:00,1,0,339,492,1091,2253,1509,3892,2049,5738,2828,4445,1986,2000,2043,3136,1291,4499,244,330,792,1617,1134,2895,1471,4243,2105,3277,1442,1492,1441,2319,935,3503,37886,29239,546,1,1158,0,0,2,1
2021-02-11T23:59:59+01:00,1,0,319,468,1027,2155,1456,3765,1955,5474,2743,4326,1956,1967,2003,3071,1266,4443,224,304,743,1512,1054,2670,1347,3886,1920,2972,1254,1287,1272,2044,829,3156,37497,26473,509,1,387,0,0,2,1
2021-02-10T23:59:59+01:00,1,0,313,459,1005,2115,1418,3686,1901,5313,2649,4145,1887,1917,1960,3032,1248,4417,199,259,650,1322,926,2288,1162,3286,1681,2556,1095,1113,1124,1799,722,2822,37089,23003,374,1,1,0,0,2,1
2021-02-09T23:59:59+01:00,1,0,307,449,997,2083,1402,3634,1857,5246,2583,4090,1831,1880,1892,2979,1227,4396,165,199,551,1062,779,1845,958,2676,1418,2145,948,952,936,1521,607,2408,36790,19170,61,0,1,0,0,2,1
2021-02-08T23:59:59+01:00,1,0,306,447,994,2076,1392,3618,1849,5223,2563,4073,1817,1869,1874,2961,1220,4372,114,164,451,849,615,1430,761,2026,1144,1660,761,776,745,1204,484,1958,36635,15142,17,0,1,0,0,2,1
2021-02-07T23:59:59+01:00,1,0,306,447,993,2075,1391,3613,1846,5220,2556,4070,1811,1860,1858,2954,1216,4365,105,145,401,703,541,1255,683,1811,1048,1514,689,696,668,1083,419,1741,36566,13502,14,0,0,0,0,2,1
2021-02-06T23:59:59+01:00,1,0,306,447,992,2074,1391,3610,1846,5218,2556,4067,1811,1859,1853,2952,1213,4363,105,144,396,700,536,1231,667,1792,1037,1492,686,692,663,1079,418,1737,36543,13376,14,0,0,0,0,2,0
2021-02-05T23:59:59+01:00,1,0,306,446,990,2071,1387,3601,1842,5204,2550,4061,1810,1858,1845,2944,1204,4350,101,137,381,682,519,1202,635,1740,989,1429,649,642,618,1005,392,1649,36454,12771,14,0,0,0,0,2,0
2021-02-04T23:59:59+01:00,1,0,299,429,979,2039,1368,3548,1823,5127,2535,4013,1794,1838,1820,2909,1187,4319,76,106,282,460,359,812,452,1179,677,971,503,468,481,795,306,1318,36012,9246,14,0,0,0,0,2,0
2021-02-03T23:59:59+01:00,1,0,295,420,961,2012,1352,3510,1810,5078,2501,3970,1774,1815,1804,2885,1174,4305,60,82,236,394,290,633,346,921,519,725,338,324,346,567,219,965,35651,6966,14,0,0,0,0,2,0
2021-02-02T23:59:59+01:00,1,0,290,413,955,1984,1344,3478,1799,5032,2478,3935,1756,1799,1778,2844,1153,4258,39,63,181,312,243,484,264,737,375,557,234,207,221,377,150,628,35281,5072,14,0,0,0,0,2,0
2021-02-01T23:59:59+01:00,1,0,289,410,950,1977,1341,3462,1791,5012,2470,3916,1749,1788,1763,2829,1147,4245,19,39,134,227,168,310,168,489,234,322,119,105,96,184,69,279,35124,2962,14,0,0,0,0,2,0
2021-01-31T23:59:59+01:00,1,0,288,409,948,1970,1338,3453,1788,4993,2466,3901,1745,1780,1759,2822,1145,4237,18,34,116,199,151,268,151,409,198,277,100,91,88,157,61,244,35027,2562,14,0,0,0,0,2,0
2021-01-30T23:59:59+01:00,1,0,288,409,948,1970,1338,3453,1788,4993,2466,3901,1744,1780,1759,2821,1145,4236,18,34,115,199,151,266,148,406,197,276,99,90,88,157,61,244,35024,2549,14,0,0,0,0,2,0
2021-01-29T23:59:59+01:00,1,0,286,406,946,1968,1337,3445,1782,4984,2463,3898,1738,1773,1750,2811,1138,4215,16,33,114,190,142,258,136,378,166,249,72,66,79,136,56,212,34926,2303,14,0,0,0,0,1,0
2021-01-28T23:59:59+01:00,1,0,282,398,926,1913,1313,3381,1757,4922,2435,3837,1716,1753,1719,2780,1119,4180,0,0,9,19,8,18,11,45,7,22,6,3,7,9,2,14,34418,180,13,0,0,0,0,1,0
2021-01-27T23:59:59+01:00,1,0,277,380,893,1833,1279,3267,1695,4799,2375,3737,1660,1705,1675,2715,1083,4098,0,0,4,6,5,11,7,19,3,12,5,3,7,9,2,13,33462,106,9,0,0,0,0,1,0
2021-01-26T23:59:59+01:00,1,0,271,371,883,1820,1265,3229,1678,4742,2345,3671,1629,1673,1638,2645,1066,4016,0,0,4,6,5,11,7,19,3,12,5,3,7,9,2,13,32935,106,7,0,0,0,0,1,0
2021-01-25T23:59:59+01:00,1,0,260,347,841,1701,1195,3065,1588,4471,2241,3463,1572,1620,1585,2560,1020,3848,0,0,1,3,1,3,4,2,3,5,5,3,6,8,2,13,31374,59,3,0,0,0,0,1,0
2021-01-24T23:59:59+01:00,1,0,257,344,830,1681,1185,3043,1557,4438,2215,3442,1561,1612,1575,2549,1015,3841,0,0,1,2,1,3,4,2,3,5,5,3,6,8,2,13,31142,58,3,0,0,0,0,1,0
2021-01-23T23:59:59+01:00,1,0,257,344,830,1681,1184,3042,1557,4434,2214,3441,1560,1612,1574,2548,1014,3836,0,0,1,2,1,3,4,2,3,5,5,3,6,8,2,13,31125,58,3,0,0,0,0,1,0
2021-01-22T23:59:59+01:00,1,0,256,342,824,1678,1180,3037,1554,4427,2202,3436,1548,1601,1568,2529,1009,3817,0,0,1,2,1,3,4,2,3,5,5,3,6,8,2,13,31005,58,3,0,0,0,0,1,0
2021-01-21T23:59:59+01:00,1,0,245,333,797,1612,1155,2910,1498,4265,2122,3301,1450,1499,1436,2366,930,3635,0,0,1,2,1,3,4,2,3,5,4,2,5,8,1,13,29551,54,3,0,0,0,0,1,0
2021-01-20T23:59:59+01:00,1,0,222,290,724,1455,1065,2597,1364,3807,1949,2947,1330,1353,1316,2170,858,3412,0,0,1,2,1,3,4,2,3,5,4,2,5,8,1,13,26857,54,2,0,0,0,0,1,0
2021-01-19T23:59:59+01:00,1,0,191,234,625,1207,920,2151,1144,3192,1667,2516,1151,1155,1090,1835,713,2898,0,0,1,1,1,2,4,1,2,5,4,2,5,8,1,13,22687,50,2,0,0,0,0,1,0
2021-01-18T23:59:59+01:00,1,0,133,184,491,947,710,1636,876,2323,1297,1906,902,924,873,1455,557,2308,0,0,0,0,0,0,0,0,1,2,2,1,0,0,0,0,17521,6,1,0,0,0,0,1,0
2021-01-17T23:59:59+01:00,1,0,120,158,431,776,625,1414,775,2070,1185,1718,838,845,792,1319,498,2102,0,0,0,0,0,0,0,0,0,1,0,0,0,0,0,0,15666,1,0,0,0,0,0,1,0
2021-01-16T23:59:59+01:00,1,0,120,157,427,775,623,1406,765,2066,1177,1711,836,840,787,1308,490,2087,0,0,0,0,0,0,0,0,0,0,0,0,0,0,0,0,15576,0,0,0,0,0,0,0,0
2021-01-15T23:59:59+01:00,1,0,110,151,415,754,597,1368,733,1989,1117,1630,793,787,743,1222,460,1971,0,0,0,0,0,0,0,0,0,0,0,0,0,0,0,0,14841,0,0,0,0,0,0,0,0
2021-01-14T23:59:59+01:00,1,0,76,111,298,487,395,883,505,1281,762,1069,579,545,541,901,352,1502,0,0,0,0,0,0,0,0,0,0,0,0,0,0,0,0,10288,0,0,0,0,0,0,0,0
2021-01-13T23:59:59+01:00,1,0,59,84,246,410,319,666,376,981,556,762,365,343,361,613,245,1039,0,0,0,0,0,0,0,0,0,0,0,0,0,0,0,0,7426,0,0,0,0,0,0,0,0
2021-01-12T23:59:59+01:00,0,0,48,68,200,352,257,541,276,806,405,596,245,216,227,405,165,690,0,0,0,0,0,0,0,0,0,0,0,0,0,0,0,0,5497,0,0,0,0,0,0,0,0
2021-01-11T23:59:59+01:00,0,0,32,50,174,303,210,440,217,647,297,420,150,125,129,247,88,398,0,0,0,0,0,0,0,0,0,0,0,0,0,0,0,0,3927,0,0,0,0,0,0,0,0
2021-01-10T23:59:59+01:00,0,0,24,41,152,254,180,363,178,536,248,359,129,105,114,203,77,320,0,0,0,0,0,0,0,0,0,0,0,0,0,0,0,0,3283,0,0,0,0,0,0,0,0
2021-01-09T23:59:59+01:00,0,0,24,41,151,252,179,361,176,530,247,358,128,104,114,203,77,320,0,0,0,0,0,0,0,0,0,0,0,0,0,0,0,0,3265,0,0,0,0,0,0,0,0
2021-01-08T23:59:59+01:00,0,0,22,40,149,243,171,351,163,499,217,332,104,88,109,188,71,298,0,0,0,0,0,0,0,0,0,0,0,0,0,0,0,0,3045,0,0,0,0,0,0,0,0
2021-01-07T23:59:59+01:00,0,0,1,0,4,9,8,13,10,6,16,11,10,9,14,20,2,32,0,0,0,0,0,0,0,0,0,0,0,0,0,0,0,0,165,0,0,0,0,0,0,0,0
2021-01-06T23:59:59+01:00,0,0,0,0,1,3,1,5,5,2,3,6,6,2,7,9,1,14,0,0,0,0,0,0,0,0,0,0,0,0,0,0,0,0,65,0,0,0,0,0,0,0,0
2021-01-05T23:59:59+01:00,0,0,0,0,1,3,1,5,5,2,3,5,6,2,6,9,1,13,0,0,0,0,0,0,0,0,0,0,0,0,0,0,0,0,62,0,0,0,0,0,0,0,0
2021-01-04T23:59:59+01:00,0,0,0,0,1,3,1,4,4,2,3,5,6,2,5,8,1,13,0,0,0,0,0,0,0,0,0,0,0,0,0,0,0,0,58,0,0,0,0,0,0,0,0
2021-01-03T23:59:59+01:00,0,0,0,0,1,2,1,4,4,2,3,5,5,2,5,8,1,13,0,0,0,0,0,0,0,0,0,0,0,0,0,0,0,0,56,0,0,0,0,0,0,0,0
2021-01-02T23:59:59+01:00,0,0,0,0,1,2,1,4,4,2,3,5,5,2,5,8,1,13,0,0,0,0,0,0,0,0,0,0,0,0,0,0,0,0,56,0,0,0,0,0,0,0,0
2021-01-01T23:59:59+01:00,0,0,0,0,1,2,1,3,4,2,3,5,5,2,5,8,1,13,0,0,0,0,0,0,0,0,0,0,0,0,0,0,0,0,55,0,0,0,0,0,0,0,0
2020-12-31T23:59:59+01:00,0,0,0,0,1,2,1,3,4,2,3,5,5,2,5,8,1,13,0,0,0,0,0,0,0,0,0,0,0,0,0,0,0,0,55,0,0,0,0,0,0,0,0
2020-12-30T23:59:59+01:00,0,0,0,0,1,2,1,3,4,2,3,5,5,2,5,8,1,13,0,0,0,0,0,0,0,0,0,0,0,0,0,0,0,0,55,0,0,0,0,0,0,0,0
2020-12-29T23:59:59+01:00,0,0,0,0,1,1,1,2,4,1,2,5,5,2,5,8,1,13,0,0,0,0,0,0,0,0,0,0,0,0,0,0,0,0,51,0,0,0,0,0,0,0,0
2020-12-28T23:59:59+01:00,0,0,0,0,1,1,1,1,2,0,1,5,4,1,1,0,0,2,0,0,0,0,0,0,0,0,0,0,0,0,0,0,0,0,20,0,0,0,0,0,0,0,0
2020-12-27T23:59:59+01:00,0,0,0,0,1,1,1,1,2,0,0,3,2,0,1,0,0,2,0,0,0,0,0,0,0,0,0,0,0,0,0,0,0,0,14,0,0,0,0,0,0,0,0
