Datum,<15_m,<15_w,15-24_1_m,15-24_1_w,25-34_1_m,25-34_1_w,35-44_1_m,35-44_1_w,45-54_1_m,45-54_1_w,55-64_1_m,55-64_1_w,65-74_1_m,65-74_1_w,75-84_1_m,75-84_1_w,>84_1_m,>84_1_w,<24_2_m,<24_2_w,25-34_2_m,25-34_2_w,35-44_2_m,35-44_2_w,45-54_2_m,45-54_2_w,55-64_2_m,55-64_2_w,65-74_2_m,65-74_2_w,75-84_2_m,75-84_2_w,>84_2_m,>84_2_w,bp_1,bp_2,mo_1,mo_2,az_1,az_2,ja,unb_1,unb_2
2021-07-17T23:59:59+02:00,1641,1567,27656,27184,45620,40805,47549,46485,58646,59309,69513,70557,51794,57378,36030,46723,11031,20989,11845,11382,25101,23153,28512,29055,37960,40716,57717,59932,48344,53487,34372,44466,10593,20080,527342,365586,70776,58290,104982,95608,17349,28,26
2021-07-16T23:59:59+02:00,1627,1552,27405,27014,45362,40656,47339,46328,58373,59122,69298,70421,51696,57315,35993,46690,11026,20987,11604,11197,24790,22929,28228,28840,37590,40457,57229,59518,48215,53383,34327,44420,10587,20076,527076,364412,70776,58288,104858,95341,15466,28,26
2021-07-15T23:59:59+02:00,1532,1445,26958,26642,45114,40429,47197,46219,58237,59015,69197,70337,51658,57274,35978,46668,11025,20981,11324,10977,24325,22604,27876,28576,37204,40184,55214,57509,48049,53189,34271,44336,10580,20065,524840,357614,70773,58205,104848,95149,15417,28,26
2021-07-14T23:59:59+02:00,1375,1321,26426,26149,44826,40153,47007,46042,58061,58825,69041,70193,51602,57215,35953,46638,11019,20976,11148,10799,23938,22257,27546,28270,36689,39793,54020,56366,47917,53044,34221,44272,10572,20043,521824,354006,70767,56586,104829,95018,15374,28,26
2021-07-13T23:59:59+02:00,1106,1030,25520,25277,44351,39755,46667,45729,57750,58555,68776,69949,51490,57092,35910,46587,11015,20961,10808,10468,23418,21724,26937,27700,35375,38654,50069,52587,47560,52660,34095,44127,10555,20015,516633,344874,70762,51757,104825,94912,15272,28,26
2021-07-12T23:59:59+02:00,678,651,24237,24087,43817,39304,46473,45522,57548,58369,68601,69786,51434,57006,35893,46562,11013,20953,10584,10361,23222,21592,26694,27572,35142,38497,49640,52179,47492,52581,34067,44094,10555,20009,511078,343491,70761,51731,104820,93865,15247,28,26
2021-07-11T23:59:59+02:00,675,646,24216,24067,43790,39285,46455,45512,57535,58359,68589,69784,51433,57003,35890,46558,11012,20953,10490,10276,23014,21472,26432,27474,34839,38417,48934,51697,46049,51050,33983,43995,10555,20007,510997,342992,70758,51686,104808,88886,15171,28,26
2021-07-10T23:59:59+02:00,673,641,24209,24061,43786,39277,46452,45509,57528,58358,68589,69783,51433,57003,35890,46558,11012,20953,10480,10268,22994,21454,26420,27465,34821,38412,48923,51692,46035,51034,33981,43994,10555,20007,510963,342890,70755,51685,104807,88845,15162,28,26
2021-07-09T23:59:59+02:00,666,631,23762,23603,43513,39042,46383,45449,57470,58318,68539,69758,51417,56991,35886,46550,11011,20953,10404,10100,22903,21268,26361,27257,34756,38197,48859,51589,46014,51011,33977,43991,10555,20007,509219,341675,70752,51672,104803,88809,15140,28,26
2021-07-08T23:59:59+02:00,604,565,22722,22622,42747,38465,46143,45253,57270,58180,68344,69624,51343,56927,35859,46527,11010,20945,10150,9911,22528,21016,25972,26997,34283,37890,48259,51071,45679,50646,33907,43914,10548,19986,504707,338132,70727,51524,104745,88195,14943,28,26
2021-07-07T23:59:59+02:00,555,520,21446,21262,42041,37806,45927,45038,57040,57995,68179,69468,51259,56845,35822,46475,11003,20931,9783,9609,21663,20436,24878,26214,32481,36554,47357,50193,45182,50112,33803,43775,10541,19968,499501,333250,70556,47212,104721,87307,14806,28,26
2021-07-06T23:59:59+02:00,497,457,20230,19985,41201,37162,45460,44691,56650,57692,67858,69215,51161,56722,35778,46424,10995,20922,9393,9234,20810,19850,23937,25562,31018,35379,46178,49005,44408,49341,33669,43599,10528,19948,495071,325999,68639,45167,104699,86044,14663,28,26
2021-07-05T23:59:59+02:00,461,429,18829,18614,40348,36363,45247,44474,56470,57490,67699,69088,51106,56668,35757,46395,10993,20915,9108,8983,20254,19472,23277,25145,30384,34954,45423,48395,43656,48553,33539,43412,10519,19936,489398,320254,68637,45147,104696,85023,14594,21,26
2021-07-04T23:59:59+02:00,454,423,17082,16612,40020,36144,45164,44403,56388,57425,67621,69020,51073,56642,35747,46375,10991,20913,9050,8931,20118,19410,23105,25068,30136,34876,44643,48268,42308,47229,33462,43340,10517,19930,484659,319801,68606,45102,104679,80965,14532,21,25
2021-07-03T23:59:59+02:00,453,422,17061,16592,39971,36096,45149,44388,56381,57421,67615,69013,51071,56639,35747,46375,10991,20912,9007,8891,20054,19343,23046,25005,30052,34797,44423,48092,42240,47155,33417,43281,10514,19930,484477,318851,68604,45101,104678,80787,14517,21,25
2021-07-02T23:59:59+02:00,433,399,16950,16489,39504,35723,45036,44291,56329,57379,67567,68983,51060,56633,35741,46363,10991,20911,8853,8728,19732,19066,22665,24630,29634,34390,43812,47463,42040,46928,33319,43146,10510,19926,482990,315902,68590,44090,104676,80353,14505,21,25
2021-07-01T23:59:59+02:00,383,359,16658,16214,37789,34398,44474,43798,56078,57175,67398,68819,50982,56545,35714,46324,10987,20903,8488,8338,18881,18365,21708,23787,28263,33218,40809,44519,41051,45853,32710,42423,10493,19897,477572,308499,68517,39224,104653,76843,14235,21,25
2021-06-30T23:59:59+02:00,337,316,16373,15973,35609,32580,43858,43175,55858,56981,67199,68631,50900,56454,35686,46271,10983,20887,8132,8002,18214,17751,20835,22967,26996,31971,36199,39685,39977,44715,32050,41637,10472,19872,470775,298116,68475,33227,104634,73962,14166,21,25
2021-06-29T23:59:59+02:00,298,279,16155,15774,34612,31508,43411,42737,55679,56824,67030,68483,50825,56381,35649,46226,10975,20880,7552,7399,17088,16820,19589,21752,25307,30303,33461,36572,37140,41680,31312,40754,10449,19834,466614,281988,68469,33180,104620,67836,14002,21,22
2021-06-28T23:59:59+02:00,288,262,16016,15620,32896,30094,43092,42444,55518,56685,66912,68378,50779,56328,35633,46205,10972,20868,7251,7139,16542,16445,19197,21439,24799,29918,32872,36075,35768,40198,30525,39821,10445,19823,462221,278952,68447,33130,104595,62460,13706,21,22
2021-06-27T23:59:59+02:00,288,262,15994,15600,32743,30007,43030,42415,55482,56676,66886,68370,50774,56324,35630,46204,10972,20867,7207,7112,16407,16378,19033,21377,24597,29845,32644,35936,34516,38932,28904,37902,10444,19822,461903,278783,68445,33090,104589,55607,13566,21,22
2021-06-26T23:59:59+02:00,286,260,15973,15581,32719,29991,42986,42376,55459,56662,66880,68367,50772,56323,35628,46203,10972,20867,7203,7100,16389,16366,19017,21369,24564,29823,32623,35915,34503,38920,28902,37899,10444,19822,461687,278592,68443,33090,104589,55602,13565,21,22
2021-06-25T23:59:59+02:00,281,259,15920,15538,32607,29892,42797,42218,55403,56618,66840,68343,50762,56312,35624,46202,10972,20867,7018,6824,16109,15860,18752,20720,24200,28890,32239,35198,34342,38704,28879,37869,10444,19822,460876,275939,68442,33081,104572,53296,13544,21,22
2021-06-24T23:59:59+02:00,262,246,15655,15342,32167,29606,41335,40980,54948,56265,66611,68187,50709,56257,35609,46175,10967,20857,6710,6602,15429,15420,17316,19719,22143,27344,31148,34307,33940,38285,28758,37691,10432,19808,456344,266327,68442,33037,104568,52875,12803,21,22
2021-06-23T23:59:59+02:00,249,229,15376,15054,31674,29208,39248,39161,54402,55730,66362,67968,50620,56149,35569,46129,10962,20844,6510,6439,15071,15143,16793,19274,21272,26549,29465,32962,33187,37442,28567,37451,10425,19793,449321,258590,68396,32947,104565,52164,12631,21,21
2021-06-22T23:59:59+02:00,228,194,14996,14668,31007,28577,35815,36125,53496,54935,66060,67666,50514,56027,35532,46073,10959,20830,6335,6228,14672,14818,15999,18561,19860,25240,27871,31312,32392,36472,28034,36849,10407,19762,438430,248544,68364,32865,104560,51061,12327,21,21
2021-06-21T23:59:59+02:00,213,188,14758,14497,30320,28120,33655,34168,53035,54514,65882,67549,50433,55953,35506,46051,10954,20825,6240,6147,14513,14702,15829,18427,19741,25129,27765,31227,32237,36333,26829,35624,10407,19759,431639,247880,68342,32819,104528,48104,12091,21,21
2021-06-20T23:59:59+02:00,208,187,14633,14413,28492,26861,33075,33743,52950,54426,65818,67516,50412,55927,35498,46049,10953,20823,5802,5862,13588,14078,15029,17854,19199,24788,27459,31034,32076,36159,26803,35593,10405,19755,427518,243047,68340,32783,104500,48034,11605,21,21
2021-06-19T23:59:59+02:00,202,182,14608,14380,28378,26780,33044,33716,52929,54410,65802,67505,50406,55918,35496,46044,10952,20821,5587,5704,13027,13668,14423,17379,18873,24587,27266,30863,31998,36059,26786,35579,10405,19755,427113,239532,68339,32781,104500,48031,11600,21,21
2021-06-18T23:59:59+02:00,200,176,14521,14295,28279,26715,31817,32820,52570,54105,65670,67414,50376,55885,35479,46019,10948,20817,5522,5630,12929,13584,14259,17257,18637,24360,26449,30200,31794,35823,26720,35504,10401,19748,426630,236599,65416,32675,104490,47979,11549,21,21
2021-06-17T23:59:59+02:00,186,160,14155,14036,27695,26475,31336,32562,51791,53544,65257,67150,50300,55787,35447,45979,10942,20805,5150,5371,12154,13118,13479,16649,17552,23442,24313,28246,31156,35093,26524,35228,10384,19734,423487,227650,65411,32397,104466,47301,10230,13,21
2021-06-16T23:59:59+02:00,158,133,13740,13639,27234,26121,30901,32210,50983,52851,64815,66768,50188,55669,35418,45922,10932,20793,4786,4934,11437,12443,12691,15961,16456,22326,21351,25392,30091,33893,26228,34826,10369,19693,418701,213652,65369,32369,104461,46910,9931,13,21
2021-06-15T23:59:59+02:00,97,80,13113,13030,26482,25548,30126,31619,49739,51795,64107,66245,50010,55475,35349,45810,10923,20774,4291,4305,10468,11511,11541,14584,14728,20629,17932,22100,28725,32459,25845,34307,10343,19649,411042,195083,65349,32256,104457,46602,9461,13,21
2021-06-14T23:59:59+02:00,67,59,12710,12660,26078,25224,29467,31159,47950,50331,63060,65414,49794,55251,35272,45734,10915,20762,4193,4252,10293,11385,11402,14453,14551,20509,17741,21944,28655,32379,25826,34280,10340,19648,403208,194657,65340,31984,104453,46302,8893,13,21
2021-06-13T23:59:59+02:00,66,58,12669,12616,26006,25192,29404,31132,47897,50306,63025,65391,49787,55248,35270,45731,10914,20759,4040,4175,9967,11258,11080,14342,14257,20399,17344,21601,27151,30747,25687,34085,10336,19637,403008,193926,65268,27332,104446,46097,8736,13,21
2021-06-12T23:59:59+02:00,66,57,12652,12600,25992,25182,29393,31120,47838,50236,62983,65355,49786,55245,35270,45731,10914,20759,4038,4165,9951,11244,11072,14328,14238,20382,17324,21592,27110,30702,25682,34079,10336,19637,402717,193743,65268,27330,104445,46056,8736,13,21
2021-06-11T23:59:59+02:00,64,54,12554,12470,25867,25069,29273,30998,47604,50013,62851,65236,49762,55219,35260,45720,10912,20757,3944,3900,9431,10059,10642,13423,13949,19829,17051,21117,26705,30283,25593,33998,10333,19635,401461,192704,65260,27326,104403,41301,8546,13,21
2021-06-10T23:59:59+02:00,57,48,12312,12259,25553,24789,28933,30733,46546,49005,62123,64672,49679,55125,35226,45668,10902,20744,3677,3537,8662,8813,9745,11785,12650,17092,15271,17534,25004,28368,25298,33700,10327,19611,396645,187230,65209,26888,104197,28630,8310,13,21
2021-06-09T23:59:59+02:00,45,37,12020,11940,25148,24385,28541,30339,44552,47193,61043,63738,49577,55006,35181,45615,10897,20727,3432,3418,8246,8561,9238,11466,12142,16704,14569,16944,21186,24078,25073,33399,10315,19585,388721,175732,65087,26547,104196,28094,7967,13,21
2021-06-08T23:59:59+02:00,39,26,11591,11415,24491,23763,27886,29678,41401,44361,59278,62109,49408,54819,35110,45525,10887,20705,3223,3282,7850,8304,8625,11094,11480,16285,13915,16305,15828,18152,24682,32874,10297,19557,376133,160610,65026,26215,104185,27791,7135,13,7
2021-06-07T23:59:59+02:00,34,19,11431,11227,24142,23490,27610,29473,38773,42436,58849,61750,49374,54788,35098,45504,10885,20699,3127,3215,7543,8129,8308,10919,10910,15836,13415,15830,15752,18074,24654,32824,10295,19550,370505,160297,64600,24397,104176,27394,6291,10,7
2021-06-06T23:59:59+02:00,31,18,11302,11123,23826,23263,27403,29302,37181,41252,58726,61671,49349,54760,35090,45490,10885,20697,3027,3166,7273,8041,8041,10757,10178,15157,12825,15214,15603,17963,24640,32801,10293,19550,370098,160185,61243,21257,104168,27235,5850,10,7
2021-06-05T23:59:59+02:00,31,17,11284,11106,23783,23227,27368,29276,37154,41238,58628,61586,49338,54754,35088,45488,10885,20694,3015,3155,7250,8010,8012,10741,10148,15143,12786,15190,15482,17799,24635,32793,10292,19549,369768,159761,61241,21256,104167,27222,5759,10,7
2021-06-04T23:59:59+02:00,31,15,11099,10848,23422,22763,27097,28880,36729,40790,58010,61048,49304,54713,35078,45470,10884,20688,2991,3138,7221,7994,7991,10723,10119,15118,12752,15156,15272,17593,24624,32772,10290,19548,367976,159179,58976,21243,104154,27125,5753,10,7
2021-06-03T23:59:59+02:00,30,14,10879,10633,22965,22371,26672,28545,35636,39963,55256,58698,49177,54555,35035,45407,10879,20673,2902,3058,7014,7843,7536,10427,9100,14495,11519,14463,14095,16131,24448,32555,10278,19529,364051,155847,54051,17551,104104,26820,5173,9,7
2021-06-02T23:59:59+02:00,30,14,10844,10601,22929,22337,26641,28520,35605,39922,55129,58540,49163,54532,35029,45400,10879,20672,2862,3030,6959,7825,7478,10393,8947,14456,11296,14401,12752,14660,24329,32383,10273,19522,363468,152059,54045,17540,104104,26804,5161,9,7
2021-06-01T23:59:59+02:00,17,7,10432,10259,22275,21832,25958,27938,34884,39348,52134,55404,48775,54125,34911,45238,10863,20646,2405,2671,5611,7144,6212,9820,7560,13786,10166,13441,8452,9116,23856,31705,10250,19464,352741,133919,53875,17174,104085,26228,4336,9,7
2021-05-31T23:59:59+02:00,16,6,10158,10031,21704,21435,25551,27688,34563,39146,50686,54009,48676,54000,34878,45197,10856,20638,2296,2547,5326,6899,5953,9600,7195,13547,9910,13282,8401,9054,23830,31659,10242,19451,348018,133152,53836,17055,104061,25669,3314,9,7
2021-05-30T23:59:59+02:00,15,6,10104,9983,21618,21398,25487,27654,34452,39076,50324,53669,48652,53975,34872,45191,10854,20635,2261,2517,5221,6821,5851,9534,7006,13459,9685,13186,8358,9009,23814,31652,10241,19446,346839,132560,53817,16882,104052,25369,3248,9,7
2021-05-29T23:59:59+02:00,14,6,10089,9972,21585,21380,25470,27642,34431,39063,50311,53651,48648,53971,34869,45190,10854,20635,2242,2464,5178,6696,5791,9402,6890,13262,9548,12966,8285,8919,23747,31585,10240,19445,346685,132285,53817,16831,104031,24303,3239,9,7
2021-05-28T23:59:59+02:00,14,6,10031,9904,21509,21272,25393,27524,34354,38963,50233,53553,48627,53953,34861,45180,10854,20631,2159,2201,4561,6155,5171,8680,6520,12299,9055,11973,8110,8722,23379,31105,10239,19442,345842,130797,53806,16733,103973,19008,3232,9,6
2021-05-27T23:59:59+02:00,13,6,9768,9656,20981,20896,24852,27167,33831,38586,49619,52945,48459,53760,34791,45105,10850,20612,1919,1934,3982,5635,4496,8079,6012,11536,8117,10662,7606,8065,21829,28956,10224,19420,341571,125163,53397,15603,103865,14649,3055,9,6
2021-05-26T23:59:59+02:00,13,6,9495,9411,20257,20331,23986,26497,32571,37558,48858,52243,48205,53471,34717,44991,10839,20588,1864,1864,3889,5509,4364,7917,5806,11275,7792,10283,7045,7339,19411,25538,10206,19378,336874,116719,50422,15349,103813,14490,2919,9,6
2021-05-25T23:59:59+02:00,12,6,9230,9177,19844,19975,23549,26106,32063,37044,47965,51268,47907,53155,34634,44851,10827,20558,1797,1816,3766,5411,4229,7769,5597,11053,7483,9965,6425,6505,15312,20196,10186,19320,331306,104602,50342,15305,103740,14146,2774,9,6
2021-05-24T23:59:59+02:00,11,6,9012,9022,19277,19688,22780,25719,30552,36027,47741,51097,47814,53054,34605,44821,10825,20557,1772,1801,3721,5377,4166,7728,5532,10994,7408,9910,6399,6481,15298,20188,10186,19320,329729,104488,46543,15293,103685,13855,2642,9,6
2021-05-23T23:59:59+02:00,11,6,8804,8815,18920,19396,22358,25371,30128,35707,47149,50586,47382,52599,34503,44675,10817,20548,1770,1800,3712,5372,4162,7725,5522,10986,7400,9903,6395,6470,15298,20186,10186,19320,324900,104437,46542,15291,103684,13836,2640,9,6
2021-05-22T23:59:59+02:00,11,6,8773,8778,18871,19353,22311,25340,30076,35677,47040,50516,47363,52577,34500,44666,10814,20548,1769,1797,3700,5360,4158,7719,5518,10980,7393,9899,6393,6468,15296,20186,10186,19320,324359,104405,46542,15291,103683,13816,2627,9,6
2021-05-21T23:59:59+02:00,10,6,8499,8425,18432,18839,21954,24698,29650,34869,46551,49851,47275,52455,34462,44624,10811,20543,1706,1756,3621,5321,4116,7685,5486,10935,7352,9850,6365,6442,15219,20089,10185,19319,319168,104094,46513,15290,103659,13455,2605,9,6
2021-05-20T23:59:59+02:00,10,6,7926,7875,17484,18047,20952,23782,28331,33672,44806,48031,46837,51996,34353,44471,10794,20524,1406,1597,3312,5032,3852,7298,5192,10456,6974,9398,6132,6189,13915,18556,10162,19280,307576,100364,46429,14812,103433,11122,2450,9,6
2021-05-19T23:59:59+02:00,10,6,7661,7560,16879,17445,20056,22910,27106,32418,43015,45946,46304,51440,34202,44251,10773,20494,1342,1515,3109,4817,3647,7047,4969,10103,6678,9067,5852,5858,11724,15728,10145,19221,296458,94172,46389,14344,103388,10071,2232,9,6
2021-05-18T23:59:59+02:00,9,6,7135,7016,15726,16423,18791,21660,25598,30791,40329,42717,45475,50495,33963,43946,10748,20452,1321,1489,3050,4747,3571,6928,4834,9971,6498,8855,5587,5583,10032,13565,10121,19166,280670,89059,45186,14294,103289,9834,2128,7,6
2021-05-17T23:59:59+02:00,9,6,7055,6956,15544,16313,18577,21491,25199,30465,38577,41081,45365,50417,33916,43880,10739,20429,1288,1466,2994,4702,3508,6869,4766,9869,6403,8754,5546,5543,10019,13548,10118,19158,280456,88993,40420,14012,103246,9653,1890,7,6
2021-05-16T23:59:59+02:00,8,5,6939,6904,15423,16225,18448,21385,25018,30350,35597,38312,45329,50382,33894,43856,10736,20424,1264,1450,2950,4662,3460,6812,4681,9801,6307,8674,5516,5506,10008,13532,10116,19155,280176,88946,34274,13745,103125,9547,1653,7,6
2021-05-15T23:59:59+02:00,8,5,6916,6873,15363,16167,18402,21345,24951,30307,35561,38271,45306,50355,33887,43851,10736,20424,1253,1424,2918,4589,3441,6743,4662,9720,6285,8624,5510,5501,10004,13531,10116,19155,279695,88892,34274,13741,103111,9199,1641,7,6
2021-05-14T23:59:59+02:00,8,5,6740,6505,15017,15669,18090,20928,24617,29845,35315,37919,45277,50324,33877,43846,10736,20422,1193,1363,2840,4485,3394,6641,4598,9565,6198,8490,5480,5457,9991,13522,10116,19154,278641,88808,34124,13704,100792,8396,1576,7,6
2021-05-13T23:59:59+02:00,8,5,6390,6189,14262,15085,17384,20299,23761,29103,34548,37249,44989,49981,33797,43721,10732,20411,1018,1278,2645,4376,3276,6521,4457,9399,6077,8347,5437,5419,9976,13506,10112,19149,272239,88662,33801,13622,100578,7417,1289,7,6
2021-05-12T23:59:59+02:00,8,5,5989,5917,13282,14408,16366,19498,23096,28668,34243,36968,44806,49787,33766,43690,10729,20408,1016,1276,2639,4371,3257,6517,4452,9389,6069,8342,5432,5414,9974,13501,10111,19148,265985,88606,33792,13612,100574,7412,1276,7,5
2021-05-11T23:59:59+02:00,8,5,5614,5693,12699,13962,14564,18059,20146,26146,31929,34641,43754,48527,33443,43218,10700,20359,955,1203,2523,4200,3151,6292,4334,9104,5955,8117,5361,5337,9932,13441,10103,19132,248711,88137,33515,13399,100137,6504,1097,7,5
2021-05-10T23:59:59+02:00,8,5,5468,5596,12428,13836,14214,17837,19344,25575,30550,33622,43222,47918,33386,43131,10692,20339,913,1144,2424,4039,3057,6089,4211,8840,5833,7921,5325,5309,9920,13425,10099,19123,243239,88033,33304,13339,99835,5511,786,7,5
2021-05-09T23:59:59+02:00,8,5,5062,5356,11235,13304,13214,17474,18323,25245,30007,33331,43166,47846,33361,43116,10689,20332,889,1114,2325,3935,2967,5950,4079,8665,5739,7816,5317,5295,9913,13421,10094,19120,237910,87988,33233,13297,99496,4923,428,7,5
2021-05-08T23:59:59+02:00,8,5,5051,5347,11213,13284,13189,17455,18293,25212,29967,33288,43158,47835,33360,43112,10689,20332,885,1108,2312,3928,2961,5950,4075,8659,5736,7813,5314,5292,9910,13416,10094,19120,237641,87961,33232,13297,99495,4889,423,7,5
2021-05-07T23:59:59+02:00,8,5,4951,5264,10985,13116,12897,17239,17688,24612,29020,32394,42967,47595,33304,43040,10685,20326,858,1077,2276,3873,2915,5904,4020,8605,5653,7760,5267,5246,9898,13407,10094,19119,235151,87827,31342,13294,99388,4640,208,7,5
2021-05-06T23:59:59+02:00,8,5,4539,4984,10318,12699,12138,16575,16085,23169,26479,30004,42264,46847,33138,42804,10669,20302,802,1022,2140,3623,2747,5595,3826,8132,5458,7439,5216,5193,9875,13379,10092,19110,226393,87644,27995,12981,98584,2973,48,7,5
2021-05-05T23:59:59+02:00,8,5,4226,4757,9725,12255,11419,15995,14984,22145,23633,27246,41287,45742,32856,42417,10651,20261,788,1000,2078,3498,2690,5440,3733,7921,5362,7303,5167,5138,9839,13341,10090,19107,213390,87385,27812,12843,98363,2224,40,7,5
2021-05-04T23:59:59+02:00,8,5,3876,4301,9056,11558,10648,15155,13680,20890,20031,23841,39940,44283,32484,41898,10628,20223,770,970,2012,3381,2620,5306,3642,7770,5267,7180,5129,5093,9810,13312,10088,19104,196331,87172,27794,12546,98339,1699,34,7,5
2021-05-03T23:59:59+02:00,8,4,3634,3879,8647,11064,10170,14530,13145,20235,19308,23196,39675,44032,32405,41795,10625,20208,756,941,1945,3276,2563,5199,3582,7656,5217,7093,5114,5082,9795,13295,10085,19099,190473,87032,27782,12538,98276,1103,22,7,5
2021-05-02T23:59:59+02:00,8,4,3631,3877,8629,11057,10161,14522,13124,20223,19291,23187,39674,44031,32404,41794,10624,20208,752,924,1915,3195,2517,5104,3535,7531,5197,7028,5110,5079,9794,13291,10085,19097,190386,87015,27769,12508,98269,610,18,7,5
2021-05-01T23:59:59+02:00,8,4,3629,3870,8617,11044,10153,14513,13117,20221,19280,23178,39674,44029,32404,41794,10624,20208,751,924,1914,3195,2517,5104,3535,7531,5197,7028,5110,5079,9794,13291,10084,19097,190306,87014,27768,12507,98269,610,17,7,5
2021-04-30T23:59:59+02:00,8,3,3606,3847,8571,11008,10110,14473,13056,20182,19177,23027,39407,43706,32383,41774,10623,20208,748,920,1901,3187,2516,5095,3532,7524,5195,7021,5107,5076,9790,13290,10084,19097,189382,86989,27499,12504,98264,570,17,7,5
2021-04-29T23:59:59+02:00,8,3,3340,3674,8138,10735,9562,14188,12564,19820,18442,22301,36352,40259,32123,41406,10611,20170,735,906,1853,3126,2467,5029,3466,7382,5103,6922,5070,5043,9768,13248,10082,19091,183849,86788,21665,12348,98159,136,16,7,5
2021-04-28T23:59:59+02:00,8,3,3179,3607,7874,10625,9161,14015,12189,19583,17957,21866,32563,35943,31905,41105,10598,20148,719,890,1827,3087,2422,4980,3429,7325,5039,6860,5009,4985,9716,13190,10079,19082,172687,86583,21513,11918,98112,124,11,6,5
2021-04-27T23:59:59+02:00,7,3,3098,3541,7614,10493,8810,13842,11703,19359,17479,21378,27003,29753,31528,40598,10577,20116,709,876,1795,3050,2387,4934,3376,7266,4983,6784,4958,4917,9681,13139,10076,19073,157349,86375,21491,11495,98045,121,11,6,4
2021-04-26T23:59:59+02:00,7,3,3045,3507,7473,10429,8644,13783,11473,19291,16956,20991,26970,29721,31514,40583,10577,20116,687,845,1727,2990,2321,4878,3310,7177,4891,6682,4861,4842,9599,13057,10074,19070,156773,86251,21273,10626,97020,121,11,6,4
2021-04-25T23:59:59+02:00,7,3,3007,3490,7311,10377,8406,13733,11142,19247,16138,20520,25415,28065,31459,40520,10577,20113,687,843,1720,2985,2314,4875,3305,7169,4887,6673,4858,4837,9591,13045,10074,19070,156288,86227,21263,10589,91962,104,11,6,4
2021-04-24T23:59:59+02:00,7,3,3003,3484,7295,10364,8395,13725,11128,19238,16121,20502,25372,28002,31456,40514,10576,20112,687,843,1720,2984,2314,4875,3304,7169,4887,6673,4858,4836,9589,13044,10074,19070,156086,86221,21259,10589,91935,104,11,6,4
2021-04-23T23:59:59+02:00,7,3,2985,3466,7253,10321,8351,13680,11062,19178,16061,20438,24949,27498,31423,40458,10573,20109,679,836,1702,2975,2298,4846,3252,7132,4789,6578,4721,4713,9423,12847,10068,19055,154898,85935,21119,9862,91781,104,11,6,4
2021-04-22T23:59:59+02:00,7,3,2907,3384,7061,10138,7809,13272,9854,18385,14509,19397,22935,25067,31212,40189,10554,20081,614,785,1588,2862,2174,4683,3092,6961,4605,6378,4566,4539,8913,12195,10032,18976,150100,84028,15827,8837,90820,85,11,6,4
2021-04-21T23:59:59+02:00,7,3,2854,3336,6939,10050,7600,13118,9488,18145,14039,18951,20432,21930,30915,39803,10537,20055,565,762,1509,2785,2088,4593,2966,6818,4445,6214,4381,4360,8346,11439,9989,18887,143107,82248,15065,7808,90013,78,11,6,4
2021-04-20T23:59:59+02:00,7,3,2815,3297,6833,9961,7463,13010,9237,17927,13548,18560,17046,17869,30602,39328,10520,20019,535,728,1436,2722,2001,4514,2866,6701,4310,6053,4196,4166,7492,10236,9921,18735,134263,79350,14820,7176,88945,73,11,6,4
2021-04-19T23:59:59+02:00,7,3,2801,3290,6786,9920,7411,12975,9161,17853,13411,18445,16713,17488,30569,39295,10519,20015,476,688,1321,2628,1905,4419,2738,6545,4118,5865,3944,3866,5672,7822,9707,18340,133953,73554,14625,6419,88067,68,11,6,4
2021-04-18T23:59:59+02:00,7,3,2785,3277,6711,9894,7305,12927,8966,17786,12577,18317,15304,16083,30501,39233,10516,20008,471,683,1312,2620,1890,4408,2705,6516,4058,5816,3868,3796,5263,7201,9662,18257,133738,72075,14483,6374,83962,64,11,6,4
2021-04-17T23:59:59+02:00,7,3,2775,3273,6694,9871,7275,12906,8934,17747,12545,18297,15251,16033,30447,39161,10515,20008,471,681,1312,2619,1889,4404,2701,6511,4055,5812,3867,3794,5258,7200,9661,18256,133383,72040,14482,6374,83860,64,11,6,4
2021-04-16T23:59:59+02:00,7,3,2762,3259,6661,9856,7224,12867,8860,17695,12437,18195,15006,15756,29929,38516,10512,20001,471,679,1306,2614,1880,4402,2696,6505,4047,5804,3862,3788,5241,7170,9661,18254,131866,71943,14475,6363,83188,61,11,6,4
2021-04-15T23:59:59+02:00,7,3,2711,3202,6528,9755,7036,12689,8518,17423,11963,17730,13950,14540,27818,35711,10496,19978,462,673,1301,2589,1865,4379,2673,6477,4004,5751,3807,3713,5210,7119,9653,18242,125954,71629,14199,6227,79889,50,10,6,4
2021-04-14T23:59:59+02:00,6,1,2655,3153,6434,9660,6894,12528,8247,17156,11534,17269,12772,13159,23114,29637,10478,19925,459,668,1288,2580,1853,4362,2651,6453,3961,5714,3760,3662,5150,7065,9625,18205,113594,71340,14166,6076,76847,28,10,5,4
2021-04-13T23:59:59+02:00,6,1,2603,3119,6307,9574,6743,12398,7969,16907,11111,16850,10112,10239,20047,25478,10456,19883,443,643,1240,2537,1800,4300,2543,6351,3782,5553,3547,3478,5004,6929,9616,18183,105199,70998,13973,4915,70616,24,10,5,4
2021-04-12T23:59:59+02:00,6,1,2582,3105,6248,9546,6637,12311,7778,16779,10864,16643,8749,8752,19227,24507,10455,19874,437,634,1221,2522,1784,4279,2511,6310,3729,5501,3486,3429,4969,6888,9611,18161,105080,70863,13920,4578,65049,19,10,5,4
2021-04-11T23:59:59+02:00,6,1,2554,3097,6152,9519,6522,12274,7613,16729,10665,16538,7478,7476,17502,22532,10453,19871,437,634,1220,2520,1784,4278,2511,6310,3727,5496,3482,3428,4963,6886,9611,18161,105013,70853,13914,4568,58040,15,10,5,4
2021-04-10T23:59:59+02:00,6,1,2553,3095,6142,9514,6513,12269,7608,16724,10658,16529,7470,7464,17493,22526,10453,19871,436,631,1218,2517,1783,4276,2509,6305,3724,5495,3473,3414,4955,6872,9611,18161,104931,70793,13913,4561,58031,15,9,5,4
2021-04-09T23:59:59+02:00,6,1,2491,2997,6007,9304,6356,12007,7350,16316,10345,16030,7314,7259,17377,22346,10452,19869,431,626,1200,2505,1756,4261,2478,6256,3646,5417,3361,3304,4817,6783,9606,18158,104462,70711,13883,3870,55468,13,9,5,4
2021-04-08T23:59:59+02:00,6,1,2412,2925,5911,9185,6253,11879,7179,16130,10089,15842,7120,7001,16118,20886,10441,19839,424,621,1188,2473,1731,4225,2451,6183,3594,5351,3289,3259,4738,6678,9584,18113,100815,70271,13528,3608,54860,12,9,5,4
2021-04-07T23:59:59+02:00,6,1,2385,2889,5838,9114,6166,11805,7046,16031,9847,15691,6824,6673,13806,17938,10420,19792,419,620,1178,2460,1718,4202,2437,6144,3528,5292,3218,3207,4683,6619,9577,18085,94665,69998,13367,3367,54226,11,9,5,4
2021-04-06T23:59:59+02:00,6,1,2369,2856,5742,9048,6075,11726,6893,15918,9607,15508,6467,6311,11713,15339,10393,19733,416,613,1171,2435,1706,4179,2411,6106,3464,5227,3134,3157,4638,6564,9572,18069,89645,69756,13067,3087,52981,10,7,5,4
2021-04-05T23:59:59+02:00,6,1,2361,2847,5724,9031,6063,11707,6880,15899,9587,15483,6343,6213,10433,14053,10393,19732,412,605,1167,2420,1700,4163,2395,6076,3431,5186,3104,3120,4617,6518,9566,18053,89567,69566,13031,2950,50147,9,6,5,4
2021-04-04T23:59:59+02:00,6,1,2361,2847,5721,9028,6061,11707,6878,15899,9585,15483,6338,6209,10433,14051,10393,19732,412,604,1167,2419,1700,4163,2394,6076,3431,5186,3104,3120,4615,6518,9566,18053,89558,69562,13030,2949,50134,9,6,5,4
2021-04-03T23:59:59+02:00,6,1,2359,2839,5713,9021,6056,11703,6875,15895,9582,15481,6335,6204,10427,14048,10393,19732,412,604,1167,2419,1700,4163,2394,6076,3431,5185,3104,3120,4615,6518,9566,18053,89501,69561,13029,2949,50129,9,6,5,4
2021-04-02T23:59:59+02:00,6,1,2358,2837,5707,9015,6054,11700,6871,15894,9578,15479,6331,6198,10413,14019,10392,19731,410,602,1166,2419,1699,4162,2393,6076,3430,5178,3078,3103,4605,6509,9566,18053,89419,69484,13026,2948,50128,9,6,5,4
2021-04-01T23:59:59+02:00,6,1,2337,2834,5677,8986,6011,11658,6828,15839,9523,15423,6238,6100,10118,13673,10369,19683,408,587,1163,2413,1692,4151,2377,6059,3404,5157,3017,3057,4546,6438,9492,17941,88432,68941,13005,2945,49857,9,5,5,4
2021-03-31T23:59:59+02:00,6,1,2303,2807,5602,8921,5943,11565,6725,15727,9390,15288,6093,5958,9568,12935,10327,19593,403,581,1157,2402,1685,4135,2371,6047,3384,5123,2985,3024,4499,6379,9436,17840,86461,68494,12792,2943,49490,9,4,5,3
2021-03-30T23:59:59+02:00,6,1,2283,2791,5556,8863,5880,11490,6654,15630,9293,15145,5908,5744,8665,11599,10252,19411,401,579,1154,2398,1672,4118,2353,6025,3351,5079,2928,2956,4412,6280,9306,17601,83398,67794,12411,2805,49354,9,4,4,3
2021-03-29T23:59:59+02:00,5,1,2216,2737,5453,8752,5773,11341,6486,15399,9063,14890,5550,5369,6727,9066,10032,18991,394,575,1143,2388,1659,4106,2328,5999,3322,5023,2858,2891,4295,6176,9105,17273,77314,66851,11601,2670,48928,9,4,4,3
2021-03-28T23:59:59+02:00,5,1,2195,2724,5410,8693,5697,11263,6399,15313,8945,14771,5426,5217,6087,8138,9966,18875,385,569,1128,2372,1634,4079,2281,5938,3266,4931,2773,2812,4179,6030,9033,17137,75024,66391,11343,2145,48750,6,4,4,3
2021-03-27T23:59:59+01:00,5,1,2195,2719,5399,8687,5693,11248,6384,15291,8934,14758,5398,5190,6077,8135,9966,18874,385,569,1126,2371,1633,4074,2277,5935,3257,4924,2768,2809,4164,6005,8953,16990,74918,66085,11343,2144,48685,6,4,4,3
2021-03-26T23:59:59+01:00,5,1,2179,2699,5362,8649,5654,11199,6305,15221,8785,14609,5236,5041,5908,7956,9964,18866,381,561,1120,2358,1617,4046,2249,5899,3223,4871,2707,2746,3981,5750,8249,15816,74574,63457,10512,2106,48545,6,4,4,3
2021-03-25T23:59:59+01:00,5,0,2062,2619,5186,8434,5452,10923,6098,14922,8545,14321,5076,4887,5812,7837,9961,18858,372,547,1099,2333,1593,4018,2203,5842,3151,4795,2609,2644,3610,5258,7119,14085,74119,59381,9565,1887,47307,6,3,4,3
2021-03-24T23:59:59+01:00,5,0,1976,2571,5038,8274,5292,10730,5935,14684,8343,14089,4936,4728,5698,7720,9955,18849,368,536,1086,2305,1560,3963,2144,5777,3063,4694,2476,2530,3188,4641,5722,11867,73745,54368,8403,1542,46668,6,3,4,3
2021-03-23T23:59:59+01:00,5,0,1900,2519,4928,8152,5193,10588,5814,14491,8228,13922,4854,4642,5632,7661,9947,18831,357,511,1066,2270,1527,3905,2100,5688,2981,4603,2387,2435,2738,4009,3836,8659,73353,47670,7657,1394,46290,4,3,4,3
2021-03-22T23:59:59+01:00,5,0,1835,2460,4794,8017,5060,10414,5655,14258,8036,13709,4750,4530,5563,7552,9933,18787,331,494,1037,2233,1482,3832,2035,5579,2880,4452,2274,2283,2224,3331,1337,4556,72861,39192,6619,1161,45871,2,3,4,3
2021-03-21T23:59:59+01:00,5,0,1834,2454,4782,8002,5046,10404,5640,14241,8006,13685,4727,4515,5547,7540,9929,18787,330,494,1031,2219,1473,3803,2017,5541,2854,4402,2233,2235,2182,3290,1320,4511,72838,39052,6569,877,45731,2,2,4,3
2021-03-20T23:59:59+01:00,5,0,1834,2454,4781,8001,5045,10402,5639,14240,7999,13679,4726,4514,5539,7532,9929,18787,330,494,1031,2219,1473,3803,2017,5541,2853,4401,2232,2232,2182,3290,1320,4511,72827,39050,6569,873,45704,2,2,4,3
2021-03-19T23:59:59+01:00,5,0,1781,2207,4266,6709,4637,9420,5369,13684,7775,13276,4602,4417,5470,7467,9929,18787,329,494,1031,2219,1473,3802,2017,5540,2852,4401,2230,2231,2177,3284,1319,4509,72769,39035,6559,867,40467,2,2,4,3
2021-03-18T23:59:59+01:00,5,0,1726,1956,3849,5649,4107,8041,4552,11149,6419,9945,4237,4118,5268,7247,9908,18747,328,491,1024,2206,1466,3777,1991,5501,2827,4377,2209,2216,2152,3255,1314,4500,72339,38843,6497,785,28081,2,2,4,3
2021-03-17T23:59:59+01:00,5,0,1720,1948,3839,5623,4090,8011,4528,11085,6369,9873,4200,4071,5229,7203,9902,18724,325,490,1020,2198,1460,3768,1984,5486,2817,4351,2182,2189,2132,3240,1307,4486,72083,38693,6438,736,27893,2,2,4,3
2021-03-16T23:59:59+01:00,5,0,1698,1914,3780,5542,4019,7905,4399,10924,6164,9673,3977,3883,5089,7044,9896,18703,323,486,1019,2179,1455,3755,1975,5472,2808,4332,2174,2175,2120,3212,1299,4457,71773,38528,5163,707,27673,2,2,4,3
2021-03-15T23:59:59+01:00,5,0,1688,1894,3755,5508,3994,7868,4348,10855,6085,9589,3895,3816,5036,6984,9890,18678,320,482,1010,2162,1447,3749,1959,5436,2790,4304,2159,2143,2095,3151,1291,4419,71550,38310,4805,603,27529,2,0,4,3
2021-03-14T23:59:59+01:00,5,0,1682,1884,3747,5498,3989,7852,4339,10824,6077,9567,3888,3807,5031,6976,9889,18676,319,482,1008,2162,1443,3746,1956,5434,2772,4298,2153,2141,2084,3141,1287,4417,71518,38302,4789,538,27420,1,0,4,3
2021-03-13T23:59:59+01:00,5,0,1679,1879,3734,5476,3982,7843,4319,10813,6063,9552,3885,3804,5028,6973,9889,18676,319,482,1008,2162,1443,3746,1956,5433,2772,4297,2152,2140,2084,3139,1279,4412,71494,38283,4784,538,27318,1,0,4,3
2021-03-12T23:59:59+01:00,4,0,1640,1822,3220,5330,3467,7729,4185,10687,5838,9263,3720,3658,4887,6864,9864,18629,314,460,1004,2132,1435,3722,1937,5362,2719,4212,1973,1986,2024,3089,1272,4406,71283,37515,4065,530,25455,0,0,4,3
2021-03-11T23:59:59+01:00,4,0,1532,1686,2838,5070,3030,7475,3905,10274,5212,8372,3496,3482,4780,6747,9826,18579,313,460,1001,2119,1432,3702,1930,5343,2710,4195,1967,1978,2010,3072,1267,4388,70719,37394,3803,491,21782,0,0,4,3
2021-03-10T23:59:59+01:00,4,0,1502,1655,2799,5025,2995,7416,3850,10188,5104,8255,3370,3378,4665,6633,9783,18512,311,459,999,2116,1430,3691,1926,5330,2698,4175,1950,1971,1985,3040,1256,4374,70312,37313,3473,396,21345,0,0,4,3
2021-03-09T23:59:59+01:00,4,0,1493,1639,2767,5000,2974,7372,3812,10128,5026,8175,3273,3295,4585,6544,9677,18301,308,458,996,2110,1423,3679,1900,5308,2656,4145,1909,1946,1935,3012,1244,4365,69720,37285,3206,107,21135,0,0,4,3
2021-03-08T23:59:59+01:00,4,0,1478,1626,2737,4974,2948,7342,3789,10080,5002,8113,3232,3255,4512,6480,9503,18002,308,458,994,2106,1415,3663,1883,5275,2637,4118,1891,1927,1910,2989,1238,4346,68933,37139,3197,17,20943,0,0,4,3
2021-03-07T23:59:59+01:00,4,0,1465,1616,2707,4929,2914,7294,3756,10018,4961,8054,3197,3222,4447,6380,9427,17858,308,457,994,2105,1414,3658,1880,5265,2636,4113,1887,1924,1906,2985,1235,4338,68400,37088,3144,15,20701,0,0,4,3
2021-03-06T23:59:59+01:00,4,0,1464,1614,2701,4918,2911,7285,3748,10011,4943,8038,3187,3212,4425,6341,9339,17689,308,457,992,2102,1414,3656,1874,5256,2634,4111,1882,1916,1900,2983,1234,4335,68011,37038,3144,15,20671,0,0,4,2
2021-03-05T23:59:59+01:00,4,0,1391,1535,2603,4756,2854,7128,3663,9804,4842,7842,3137,3153,4209,6055,8635,16502,308,457,990,2100,1409,3651,1872,5255,2630,4105,1873,1912,1895,2980,1229,4332,65370,36982,3141,15,19598,0,0,4,2
2021-03-04T23:59:59+01:00,4,0,1218,1431,2433,4555,2683,6859,3495,9459,4584,7501,3021,3030,3848,5598,7474,14689,307,449,981,2077,1393,3611,1844,5203,2602,4059,1845,1887,1862,2925,1202,4286,61181,36517,3138,15,17559,0,0,4,2
2021-03-03T23:59:59+01:00,4,0,1185,1378,2355,4447,2623,6736,3408,9294,4487,7356,2936,2960,3477,4999,6092,12509,303,440,970,2054,1381,3584,1830,5153,2548,4005,1798,1852,1838,2896,1187,4258,56147,36081,3112,15,16984,0,0,3,2
2021-03-02T23:59:59+01:00,4,0,1151,1342,2295,4391,2572,6645,3328,9172,4351,7207,2822,2833,2995,4334,4098,9157,298,431,965,2029,1368,3540,1817,5100,2516,3980,1788,1838,1819,2870,1176,4231,49124,35750,2864,15,16706,0,0,3,2
2021-03-01T23:59:59+01:00,4,0,1092,1312,2234,4329,2500,6558,3234,9046,4209,7019,2691,2696,2428,3594,1394,4714,297,428,957,2016,1356,3521,1809,5084,2505,3964,1772,1828,1802,2851,1164,4203,40102,35544,2478,12,16471,0,0,3,2
2021-02-28T23:59:59+01:00,4,0,1058,1298,2192,4292,2470,6515,3186,8989,4147,6960,2624,2650,2380,3563,1386,4694,297,427,955,2011,1354,3508,1806,5070,2499,3956,1765,1817,1789,2840,1157,4188,40006,35426,2186,12,16213,0,0,3,2
2021-02-27T23:59:59+01:00,4,0,1016,1215,2127,4049,2412,6281,3122,8691,4056,6705,2569,2593,2360,3539,1383,4694,297,427,954,2011,1354,3508,1806,5069,2498,3956,1765,1816,1787,2840,1157,4188,39900,35420,2185,12,14728,0,0,3,2
2021-02-26T23:59:59+01:00,3,0,849,961,1925,3657,2249,5615,2905,7770,3745,5912,2520,2540,2342,3525,1380,4692,297,427,954,2008,1352,3506,1804,5068,2496,3955,1765,1813,1780,2839,1155,4181,39885,35387,2098,12,10604,0,0,3,2
2021-02-25T23:59:59+01:00,3,0,506,804,1645,3458,2066,5311,2709,7375,3519,5610,2439,2464,2302,3464,1376,4678,287,406,929,1958,1322,3437,1774,4987,2467,3891,1740,1786,1742,2796,1128,4141,39690,34779,1842,11,8194,0,0,3,2
2021-02-24T23:59:59+01:00,3,0,486,786,1610,3361,2004,5181,2649,7192,3453,5468,2374,2417,2267,3435,1367,4645,278,402,914,1925,1308,3383,1761,4928,2443,3846,1729,1768,1733,2777,1116,4114,39503,34421,1673,3,7519,0,0,3,2
2021-02-23T23:59:59+01:00,3,0,467,750,1549,3259,1949,5041,2571,7060,3367,5363,2314,2358,2232,3379,1352,4614,277,398,909,1910,1302,3354,1752,4897,2422,3815,1709,1748,1713,2742,1101,4061,39357,34106,1402,3,6866,0,0,3,2
2021-02-22T23:59:59+01:00,2,0,451,719,1494,3159,1910,4903,2513,6842,3306,5219,2306,2262,2217,3300,1348,4569,276,395,905,1899,1294,3327,1735,4861,2408,3785,1690,1729,1687,2714,1086,4016,39146,33805,1139,1,6232,0,0,3,2
2021-02-21T23:59:59+01:00,2,0,443,681,1436,3017,1863,4752,2460,6683,3223,5115,2270,2229,2190,3280,1338,4564,276,394,902,1891,1293,3318,1731,4851,2404,3776,1688,1726,1686,2712,1086,4015,39105,33747,906,1,5532,0,0,3,2
2021-02-20T23:59:59+01:00,2,0,439,676,1428,3013,1857,4752,2457,6680,3219,5111,2267,2228,2190,3279,1337,4564,276,394,902,1890,1293,3317,1731,4851,2403,3775,1687,1725,1683,2712,1085,4013,39101,33735,902,1,5493,0,0,3,2
2021-02-19T23:59:59+01:00,1,0,418,639,1399,2951,1830,4698,2416,6580,3132,4993,2087,2067,2127,3230,1332,4558,274,393,900,1888,1292,3316,1731,4846,2400,3774,1685,1723,1681,2711,1085,4012,38350,33710,883,1,5222,0,0,3,1
2021-02-18T23:59:59+01:00,1,0,393,583,1294,2708,1726,4454,2278,6318,3030,4811,2058,2051,2111,3213,1327,4550,274,387,892,1855,1283,3277,1713,4798,2381,3738,1673,1713,1665,2699,1073,3994,38276,33414,810,1,3817,0,0,3,1
2021-02-17T23:59:59+01:00,1,0,378,552,1255,2578,1671,4279,2208,6075,2971,4662,2039,2032,2088,3193,1312,4541,265,370,857,1770,1240,3148,1652,4639,2307,3602,1597,1644,1591,2589,1024,3878,38120,32172,759,1,2953,0,0,3,1
2021-02-16T23:59:59+01:00,1,0,360,522,1201,2458,1621,4142,2129,5890,2890,4526,2030,2028,2080,3187,1307,4530,257,353,837,1690,1185,3012,1591,4435,2235,3428,1547,1591,1531,2489,997,3750,38061,30927,729,1,2109,0,0,3,1
2021-02-15T23:59:59+01:00,1,0,350,500,1128,2314,1576,4069,2097,5837,2862,4485,2011,2012,2059,3157,1300,4510,250,335,814,1645,1153,2937,1535,4302,2164,3310,1472,1528,1477,2382,955,3573,37956,29831,619,1,1690,0,0,3,1
2021-02-14T23:59:59+01:00,1,0,342,495,1105,2258,1513,3905,2055,5745,2831,4446,2005,2010,2048,3148,1298,4503,243,330,796,1618,1137,2898,1493,4250,2126,3280,1456,1507,1453,2346,940,3531,37938,29403,554,1,1213,0,0,3,1
2021-02-13T23:59:59+01:00,1,0,342,495,1104,2258,1513,3904,2053,5744,2831,4446,2004,2008,2047,3148,1297,4500,243,330,796,1618,1137,2898,1492,4249,2126,3280,1454,1504,1452,2345,940,3530,37927,29393,554,1,1212,0,0,2,1
2021-02-12T23:59:59+01:00,1,0,338,492,1087,2249,1508,3890,2048,5735,2828,4440,1990,1998,2041,3135,1292,4497,242,329,790,1613,1131,2889,1475,4230,2107,3267,1441,1488,1437,2314,933,3497,37860,29182,546,1,1161,0,0,2,1
2021-02-11T23:59:59+01:00,1,0,318,469,1023,2151,1454,3763,1954,5472,2743,4321,1960,1965,2001,3070,1267,4441,222,303,741,1509,1051,2665,1351,3873,1923,2961,1255,1281,1269,2039,827,3147,37473,26417,509,0,389,0,0,2,1
2021-02-10T23:59:59+01:00,1,0,312,460,1000,2111,1416,3684,1900,5310,2648,4139,1891,1915,1959,3032,1249,4415,198,258,648,1321,925,2284,1163,3275,1684,2547,1097,1108,1124,1795,720,2807,37065,22954,374,0,1,0,0,2,1
2021-02-09T23:59:59+01:00,1,0,306,450,992,2080,1400,3632,1857,5243,2581,4083,1835,1879,1891,2979,1228,4394,165,199,550,1062,778,1841,959,2669,1421,2135,951,949,936,1516,604,2394,36767,19129,61,0,1,0,0,2,1
2021-02-08T23:59:59+01:00,1,0,305,448,989,2073,1390,3616,1849,5220,2563,4067,1820,1867,1873,2961,1221,4369,114,164,450,850,615,1427,761,2019,1145,1655,766,774,746,1198,481,1945,36612,15110,17,0,1,0,0,2,1
2021-02-07T23:59:59+01:00,1,0,305,448,988,2072,1389,3609,1846,5217,2556,4064,1814,1858,1857,2954,1217,4363,105,145,400,704,541,1254,682,1804,1049,1509,693,695,671,1080,418,1729,36542,13479,14,0,0,0,0,2,1
2021-02-06T23:59:59+01:00,1,0,305,448,987,2071,1389,3606,1846,5215,2556,4061,1814,1857,1852,2952,1214,4361,105,144,395,701,536,1230,666,1785,1038,1487,690,691,666,1076,417,1725,36519,13353,14,0,0,0,0,2,0
2021-02-05T23:59:59+01:00,1,0,305,447,985,2068,1385,3597,1842,5201,2550,4055,1813,1856,1844,2944,1205,4348,101,137,380,683,519,1201,634,1733,990,1424,653,641,621,1002,391,1637,36430,12748,14,0,0,0,0,2,0
2021-02-04T23:59:59+01:00,1,0,298,430,974,2036,1366,3544,1823,5124,2534,4007,1797,1836,1819,2909,1188,4317,76,106,281,461,358,809,450,1172,679,965,505,467,480,792,305,1306,35987,9213,14,0,0,0,0,2,0
2021-02-03T23:59:59+01:00,1,0,294,421,956,2009,1350,3506,1810,5075,2500,3964,1777,1813,1803,2885,1175,4303,60,82,235,395,289,630,345,917,519,719,339,323,345,565,218,953,35626,6935,14,0,0,0,0,2,0
2021-02-02T23:59:59+01:00,1,0,290,414,950,1981,1342,3474,1799,5029,2477,3929,1759,1797,1777,2844,1154,4256,39,63,180,312,242,483,263,735,375,553,235,206,220,374,150,621,35257,5051,14,0,0,0,0,2,0
2021-02-01T23:59:59+01:00,1,0,289,412,945,1974,1339,3458,1791,5009,2469,3911,1752,1786,1762,2829,1148,4243,19,39,134,227,167,308,169,489,236,320,120,105,96,184,69,277,35102,2959,14,0,0,0,0,2,0
2021-01-31T23:59:59+01:00,1,0,288,411,943,1966,1336,3449,1788,4990,2465,3896,1748,1778,1758,2822,1146,4234,18,34,116,199,150,267,152,409,200,276,101,91,88,157,61,243,35003,2562,14,0,0,0,0,2,0
2021-01-30T23:59:59+01:00,1,0,288,411,943,1966,1336,3449,1788,4990,2465,3896,1747,1778,1758,2821,1146,4233,18,34,115,199,150,265,149,407,199,275,100,90,88,157,61,243,35000,2550,14,0,0,0,0,2,0
2021-01-29T23:59:59+01:00,1,0,286,408,941,1964,1335,3441,1782,4981,2462,3893,1741,1771,1749,2811,1139,4212,16,33,114,190,141,257,137,379,168,248,73,66,79,136,56,211,34902,2304,14,0,0,0,0,1,0
2021-01-28T23:59:59+01:00,1,0,281,400,923,1908,1311,3377,1757,4919,2434,3831,1719,1752,1719,2780,1121,4177,0,0,9,19,9,17,12,46,7,21,8,3,7,9,2,13,34396,182,13,0,0,0,0,1,0
2021-01-27T23:59:59+01:00,1,0,276,382,890,1828,1277,3264,1695,4796,2374,3731,1663,1704,1675,2714,1085,4095,0,0,4,6,5,11,8,20,3,12,7,3,7,9,2,12,33440,109,9,0,0,0,0,1,0
2021-01-26T23:59:59+01:00,1,0,270,373,881,1815,1263,3226,1678,4739,2344,3668,1632,1672,1638,2644,1068,4013,0,0,4,6,5,11,8,20,3,12,7,3,7,9,2,12,32917,109,7,0,0,0,0,1,0
2021-01-25T23:59:59+01:00,1,0,259,349,839,1697,1193,3062,1588,4468,2240,3459,1573,1619,1585,2560,1022,3845,0,0,1,3,1,3,5,3,3,5,7,3,6,8,2,12,31356,62,2,0,0,0,0,1,0
2021-01-24T23:59:59+01:00,1,0,256,346,828,1678,1183,3040,1557,4435,2214,3438,1563,1611,1575,2549,1017,3838,0,0,1,2,1,3,5,3,3,5,6,3,6,8,2,12,31126,60,2,0,0,0,0,1,0
2021-01-23T23:59:59+01:00,1,0,256,346,828,1678,1182,3039,1557,4431,2213,3437,1562,1611,1574,2548,1016,3833,0,0,1,2,1,3,5,3,3,5,6,3,6,8,2,12,31109,60,2,0,0,0,0,1,0
2021-01-22T23:59:59+01:00,1,0,255,344,822,1675,1178,3034,1554,4424,2201,3432,1550,1600,1568,2529,1011,3814,0,0,1,2,1,3,5,3,3,5,6,3,6,8,2,12,30989,60,2,0,0,0,0,1,0
2021-01-21T23:59:59+01:00,1,0,244,334,794,1609,1153,2907,1498,4264,2121,3297,1452,1497,1436,2366,932,3633,0,0,1,2,1,3,4,2,3,5,4,2,5,8,1,12,29535,53,2,0,0,0,0,1,0
2021-01-20T23:59:59+01:00,1,0,221,290,721,1453,1063,2593,1363,3804,1948,2944,1331,1352,1316,2172,861,3413,0,0,1,2,1,3,4,2,3,5,4,2,5,8,1,12,26843,53,2,0,0,0,0,1,0
2021-01-19T23:59:59+01:00,1,0,190,234,623,1206,918,2147,1144,3188,1667,2514,1151,1154,1090,1836,716,2900,0,0,1,1,1,2,4,1,2,5,4,2,5,8,1,12,22676,49,2,0,0,0,0,1,0
2021-01-18T23:59:59+01:00,1,0,132,185,489,945,709,1633,877,2319,1297,1903,901,923,871,1455,560,2311,0,0,0,0,0,0,0,0,1,2,2,1,0,0,0,0,17509,6,1,0,0,0,0,1,0
2021-01-17T23:59:59+01:00,1,0,119,159,429,774,624,1413,776,2066,1185,1714,837,844,791,1319,501,2105,0,0,0,0,0,0,0,0,0,1,0,0,0,0,0,0,15656,1,0,0,0,0,0,1,0
2021-01-16T23:59:59+01:00,1,0,119,158,425,773,622,1405,766,2062,1177,1707,835,839,786,1308,493,2090,0,0,0,0,0,0,0,0,0,0,0,0,0,0,0,0,15566,0,0,0,0,0,0,0,0
2021-01-15T23:59:59+01:00,1,0,109,152,413,753,596,1367,734,1984,1116,1626,791,787,743,1223,463,1976,0,0,0,0,0,0,0,0,0,0,0,0,0,0,0,0,14834,0,0,0,0,0,0,0,0
2021-01-14T23:59:59+01:00,1,0,75,112,296,486,395,881,506,1277,761,1065,577,545,541,902,353,1501,0,0,0,0,0,0,0,0,0,0,0,0,0,0,0,0,10274,0,0,0,0,0,0,0,0
2021-01-13T23:59:59+01:00,1,0,58,85,244,409,319,664,377,977,556,758,363,343,361,613,246,1037,0,0,0,0,0,0,0,0,0,0,0,0,0,0,0,0,7411,0,0,0,0,0,0,0,0
2021-01-12T23:59:59+01:00,0,0,47,69,199,351,257,540,277,803,405,593,243,217,226,405,166,691,0,0,0,0,0,0,0,0,0,0,0,0,0,0,0,0,5489,0,0,0,0,0,0,0,0
2021-01-11T23:59:59+01:00,0,0,32,50,174,303,210,439,217,646,297,419,149,126,128,248,88,397,0,0,0,0,0,0,0,0,0,0,0,0,0,0,0,0,3923,0,0,0,0,0,0,0,0
2021-01-10T23:59:59+01:00,0,0,24,41,152,254,180,362,178,535,248,358,128,106,113,204,77,320,0,0,0,0,0,0,0,0,0,0,0,0,0,0,0,0,3280,0,0,0,0,0,0,0,0
2021-01-09T23:59:59+01:00,0,0,24,41,151,252,179,360,177,530,247,357,127,105,113,204,77,320,0,0,0,0,0,0,0,0,0,0,0,0,0,0,0,0,3264,0,0,0,0,0,0,0,0
2021-01-08T23:59:59+01:00,0,0,22,40,149,243,171,350,164,499,218,331,103,89,108,189,71,298,0,0,0,0,0,0,0,0,0,0,0,0,0,0,0,0,3045,0,0,0,0,0,0,0,0
2021-01-07T23:59:59+01:00,0,0,1,0,4,9,8,13,10,6,16,11,10,9,14,21,2,32,0,0,0,0,0,0,0,0,0,0,0,0,0,0,0,0,166,0,0,0,0,0,0,0,0
2021-01-06T23:59:59+01:00,0,0,0,0,1,3,1,5,5,2,3,6,6,2,7,10,1,14,0,0,0,0,0,0,0,0,0,0,0,0,0,0,0,0,66,0,0,0,0,0,0,0,0
2021-01-05T23:59:59+01:00,0,0,0,0,1,3,1,5,5,2,3,5,6,2,6,9,1,13,0,0,0,0,0,0,0,0,0,0,0,0,0,0,0,0,62,0,0,0,0,0,0,0,0
2021-01-04T23:59:59+01:00,0,0,0,0,1,3,1,4,4,2,3,5,6,2,5,8,1,13,0,0,0,0,0,0,0,0,0,0,0,0,0,0,0,0,58,0,0,0,0,0,0,0,0
2021-01-03T23:59:59+01:00,0,0,0,0,1,2,1,4,4,2,3,5,5,2,5,8,1,13,0,0,0,0,0,0,0,0,0,0,0,0,0,0,0,0,56,0,0,0,0,0,0,0,0
2021-01-02T23:59:59+01:00,0,0,0,0,1,2,1,4,4,2,3,5,5,2,5,8,1,13,0,0,0,0,0,0,0,0,0,0,0,0,0,0,0,0,56,0,0,0,0,0,0,0,0
2021-01-01T23:59:59+01:00,0,0,0,0,1,2,1,3,4,2,3,5,5,2,5,8,1,13,0,0,0,0,0,0,0,0,0,0,0,0,0,0,0,0,55,0,0,0,0,0,0,0,0
2020-12-31T23:59:59+01:00,0,0,0,0,1,2,1,3,4,2,3,5,5,2,5,8,1,13,0,0,0,0,0,0,0,0,0,0,0,0,0,0,0,0,55,0,0,0,0,0,0,0,0
2020-12-30T23:59:59+01:00,0,0,0,0,1,2,1,3,4,2,3,5,5,2,5,8,1,13,0,0,0,0,0,0,0,0,0,0,0,0,0,0,0,0,55,0,0,0,0,0,0,0,0
2020-12-29T23:59:59+01:00,0,0,0,0,1,1,1,2,4,1,2,5,5,2,5,8,1,13,0,0,0,0,0,0,0,0,0,0,0,0,0,0,0,0,51,0,0,0,0,0,0,0,0
2020-12-28T23:59:59+01:00,0,0,0,0,1,1,1,1,2,0,1,5,4,1,1,0,0,2,0,0,0,0,0,0,0,0,0,0,0,0,0,0,0,0,20,0,0,0,0,0,0,0,0
2020-12-27T23:59:59+01:00,0,0,0,0,1,1,1,1,2,0,0,3,2,0,1,0,0,2,0,0,0,0,0,0,0,0,0,0,0,0,0,0,0,0,14,0,0,0,0,0,0,0,0
