Datum,<24_1_m,<24_1_w,25-34_1_m,25-34_1_w,35-44_1_m,35-44_1_w,45-54_1_m,45-54_1_w,55-64_1_m,55-64_1_w,65-74_1_m,65-74_1_w,75-84_1_m,75-84_1_w,>84_1_m,>84_1_w,<24_2_m,<24_2_w,25-34_2_m,25-34_2_w,35-44_2_m,35-44_2_w,45-54_2_m,45-54_2_w,55-64_2_m,55-64_2_w,65-74_2_m,65-74_2_w,75-84_2_m,75-84_2_w,>84_2_m,>84_2_w,bp_1,bp_2,mo_1,mo_2,az_1,az_2,ja
2021-06-12T23:59:59+02:00,14704,14821,26207,25154,29787,31938,49768,52092,62155,64869,47329,53194,33173,43748,9066,17951,4746,5118,9992,11078,10824,14515,14697,20764,16882,20589,25853,29629,26285,35279,8572,16964,399115,191461,64543,26685,103618,44961,8680
2021-06-11T23:59:59+02:00,14629,14724,26130,25081,29714,31846,49546,51891,62059,64778,47307,53173,33168,43739,9065,17949,4657,4780,9489,9979,10444,13669,14439,20256,16606,20162,25484,29239,26219,35224,8570,16961,398190,190547,64535,26684,103583,40456,8491
2021-06-10T23:59:59+02:00,14367,14507,25836,24807,29396,31609,48377,50788,61558,64376,47233,53089,33139,43693,9058,17938,4355,4329,8742,8781,9572,11997,13136,17455,14911,16926,23948,27519,25994,34985,8568,16949,393640,185345,64484,26295,103389,28269,8258
2021-06-09T23:59:59+02:00,14028,14138,25444,24424,29026,31230,46138,48761,60767,63706,47152,52982,33103,43644,9053,17924,4079,4193,8345,8526,9090,11697,12615,17072,14192,16265,20308,23395,25801,34747,8560,16927,385853,174152,64364,25971,103387,27773,7916
2021-06-08T23:59:59+02:00,13557,13561,24796,23804,28373,30589,42607,45611,59497,62489,47005,52810,33043,43570,9044,17908,3841,4044,7937,8288,8505,11340,11957,16657,13502,15534,15185,17715,25506,34350,8544,16902,373488,159543,64302,25619,103380,27551,7094
2021-06-07T23:59:59+02:00,13360,13336,24458,23545,28108,30398,39911,43623,59192,62237,46977,52780,33031,43551,9042,17904,3727,3961,7633,8116,8191,11170,11347,16188,13104,15137,15123,17646,25481,34311,8542,16896,367941,159246,63887,23916,103371,27157,6254
2021-06-06T23:59:59+02:00,13221,13225,24158,23341,27913,30248,38403,42507,59088,62174,46963,52758,33024,43539,9042,17902,3617,3908,7353,8026,7944,11019,10544,15452,12579,14590,15046,17585,25469,34293,8541,16896,367565,159134,60760,20876,103363,27034,5818
2021-06-05T23:59:59+02:00,13201,13202,24116,23305,27877,30227,38380,42491,58992,62090,46954,52753,33022,43537,9042,17899,3602,3892,7333,7998,7914,11006,10513,15437,12540,14564,14930,17420,25464,34288,8540,16896,367240,158711,60758,20875,103361,27022,5729
2021-06-04T23:59:59+02:00,12977,12895,23767,22857,27621,29849,37828,41929,58527,61700,46925,52714,33014,43521,9042,17895,3575,3873,7305,7985,7893,10982,10485,15415,12497,14527,14733,17218,25455,34270,8538,16895,365447,158136,58544,20862,103347,26925,5723
2021-06-03T23:59:59+02:00,12718,12644,23329,22485,27211,29534,36203,40663,56480,59901,46813,52570,32979,43469,9039,17882,3460,3773,7124,7848,7429,10675,9431,14790,11476,13936,13582,15785,25317,34089,8527,16880,361624,154862,53852,17491,103297,26622,5147
2021-06-02T23:59:59+02:00,12681,12607,23291,22457,27182,29510,36172,40621,56356,59745,46801,52551,32976,43463,9039,17881,3419,3745,7069,7831,7371,10643,9264,14747,11264,13876,12234,14296,25231,33957,8523,16873,361051,151120,53848,17480,103297,26606,5137
2021-06-01T23:59:59+02:00,12206,12221,22657,21962,26489,28949,35448,40048,53405,56628,46463,52197,32876,43326,9026,17858,2867,3325,5720,7176,6116,10098,7867,14064,10209,12882,8001,8844,24849,33410,8504,16826,350457,133255,53709,17117,103278,26071,4315
2021-05-31T23:59:59+02:00,11871,11951,22101,21586,26115,28709,35114,39842,51973,55244,46381,52078,32848,43293,9019,17852,2729,3186,5445,6935,5850,9888,7497,13815,9989,12740,7953,8790,24828,33367,8496,16816,345753,132495,53673,17002,103256,25532,3295
2021-05-30T23:59:59+02:00,11807,11898,22016,21553,26053,28672,35000,39770,51614,54905,46361,52057,32843,43287,9017,17850,2690,3145,5335,6865,5748,9819,7302,13725,9765,12637,7925,8764,24816,33360,8495,16811,344573,131908,53655,16830,103247,25236,3228
2021-05-29T23:59:59+02:00,11784,11884,21989,21537,26038,28660,34979,39757,51602,54889,46356,52052,32842,43287,9017,17850,2666,3083,5291,6739,5685,9688,7183,13520,9631,12417,7859,8690,24755,33300,8494,16810,344423,131638,53655,16780,103226,24174,3219
2021-05-28T23:59:59+02:00,11722,11803,21910,21428,25965,28546,34908,39664,51524,54798,46338,52036,32834,43276,9017,17847,2552,2751,4601,6209,5146,8948,6824,12528,9132,11499,7723,8532,24394,32828,8494,16808,343582,130162,53644,16682,103178,18913,3212
2021-05-27T23:59:59+02:00,11406,11521,21393,21060,25439,28205,34368,39269,50949,54211,46185,51870,32781,43212,9015,17831,2268,2434,3988,5700,4518,8351,6287,11707,8160,10186,7323,7949,22860,30733,8480,16789,339375,124562,53235,15558,103068,14576,3037
2021-05-26T23:59:59+02:00,11078,11247,20617,20468,24419,27395,33328,38417,50216,53522,45964,51613,32718,43114,9007,17812,2198,2355,3900,5570,4386,8176,6074,11446,7794,9781,6789,7211,20493,27399,8466,16759,334747,116175,50269,15303,103017,14417,2902
2021-05-25T23:59:59+02:00,10772,10989,20221,20110,23980,26988,32803,37914,49341,52544,45712,51341,32652,42987,8997,17792,2125,2300,3786,5470,4247,8029,5858,11218,7445,9433,6188,6362,16470,22159,8448,16712,329252,104159,50189,15259,102944,14074,2758
2021-05-24T23:59:59+02:00,10520,10819,19641,19805,22803,26322,31769,37219,49132,52371,45625,51255,32630,42962,8996,17791,2096,2282,3743,5436,4180,7983,5792,11163,7370,9376,6166,6342,16461,22152,8448,16712,327712,104046,46432,15247,102890,13783,2626
2021-05-23T23:59:59+02:00,10284,10586,19278,19524,22388,25970,31326,36877,48520,51836,45249,50838,32552,42852,8988,17782,2091,2281,3738,5430,4176,7980,5781,11154,7364,9370,6162,6332,16461,22150,8448,16712,322906,103997,46431,15245,102889,13764,2624
2021-05-22T23:59:59+02:00,10252,10546,19224,19483,22343,25939,31277,36848,48411,51763,45233,50818,32549,42846,8985,17782,2089,2278,3728,5418,4172,7974,5777,11149,7356,9366,6160,6330,16460,22150,8448,16712,322368,103967,46431,15245,102889,13744,2611
2021-05-21T23:59:59+02:00,9946,10145,18793,18966,21988,25300,30843,36040,47946,51135,45161,50725,32515,42808,8983,17777,2008,2232,3663,5381,4133,7944,5744,11103,7317,9317,6132,6306,16386,22057,8447,16711,317215,103659,46402,15245,102865,13388,2589
2021-05-20T23:59:59+02:00,9307,9535,17839,18159,20968,24397,29521,34817,46265,49383,44798,50325,32425,42684,8968,17759,1674,2035,3365,5104,3870,7546,5438,10622,6945,8902,5923,6046,15114,20568,8427,16676,305756,99972,46320,14770,102639,11078,2435
2021-05-19T23:59:59+02:00,9005,9173,17204,17533,20053,23521,28298,33551,44516,47319,44349,49879,32303,42500,8950,17732,1595,1934,3154,4888,3672,7289,5214,10272,6656,8571,5649,5718,12954,17775,8411,16622,294794,93820,46281,14305,102594,10032,2217
2021-05-18T23:59:59+02:00,8417,8571,16022,16460,18781,22278,26757,31893,41846,44098,43678,49112,32095,42242,8931,17699,1571,1902,3093,4821,3590,7162,5075,10138,6474,8360,5395,5432,11287,15646,8391,16573,279177,88750,45077,14255,102512,9791,2114
2021-05-17T23:59:59+02:00,8318,8503,15839,16349,18563,22098,26366,31572,40108,42478,43573,49032,32056,42181,8922,17681,1530,1877,3041,4774,3532,7105,4999,10031,6383,8261,5361,5396,11275,15635,8388,16564,278968,88689,40323,13975,102472,9612,1876
2021-05-16T23:59:59+02:00,8190,8443,15722,16257,18438,21997,26176,31457,37154,39724,43543,49002,32036,42157,8919,17677,1503,1858,2998,4732,3485,7048,4909,9963,6289,8182,5334,5362,11268,15620,8386,16562,278692,88642,34207,13710,102353,9507,1640
2021-05-15T23:59:59+02:00,8164,8405,15658,16202,18395,21959,26105,31413,37125,39688,43519,48975,32031,42154,8919,17677,1492,1822,2962,4659,3467,6985,4888,9877,6271,8140,5329,5357,11265,15620,8386,16562,278215,88588,34207,13706,102339,9160,1628
2021-05-14T23:59:59+02:00,7948,7972,15330,15737,18093,21530,25762,30954,36904,39380,43497,48952,32022,42150,8919,17675,1417,1749,2899,4560,3420,6884,4821,9718,6194,8024,5298,5316,11256,15614,8386,16561,277171,88510,34062,13687,100029,8357,1563
2021-05-13T23:59:59+02:00,7512,7569,14604,15191,17386,20900,24920,30212,36176,38748,43252,48640,31962,42051,8915,17667,1214,1658,2718,4450,3305,6762,4688,9551,6070,7890,5262,5285,11244,15597,8383,16558,270865,88368,33740,13607,99817,7377,1283
2021-05-12T23:59:59+02:00,7028,7228,13610,14528,16380,20114,24327,29814,35888,38480,43088,48461,31940,42031,8912,17664,1209,1656,2711,4444,3293,6759,4683,9541,6063,7884,5257,5282,11242,15595,8382,16557,264679,88316,33731,13598,99813,7374,1270
2021-05-11T23:59:59+02:00,6610,6974,12935,14009,14542,18604,21335,27227,33686,36217,42184,47365,31673,41641,8893,17624,1137,1554,2599,4286,3193,6533,4559,9248,5955,7686,5189,5215,11203,15540,8375,16540,247594,87860,33456,13386,99376,6473,1093
2021-05-10T23:59:59+02:00,6445,6865,12648,13882,14201,18374,20340,26533,32508,35318,41686,46778,31625,41575,8888,17607,1092,1471,2494,4136,3103,6325,4424,8978,5848,7515,5161,5189,11191,15524,8372,16532,242169,87760,33247,13327,99075,5486,782
2021-05-09T23:59:59+02:00,5945,6562,11458,13372,13200,18013,19328,26198,32044,35062,41639,46715,31603,41562,8885,17601,1061,1434,2401,4029,3005,6179,4293,8807,5765,7430,5151,5175,11186,15522,8367,16530,236849,87728,33176,13285,98738,4898,424
2021-05-08T23:59:59+02:00,5931,6552,11441,13352,13178,18000,19299,26161,32008,35020,41632,46709,31602,41558,8885,17601,1056,1427,2389,4023,2999,6179,4289,8800,5761,7428,5149,5170,11183,15519,8367,16530,236598,87701,33175,13285,98737,4864,419
2021-05-07T23:59:59+02:00,5818,6459,11212,13178,12879,17779,18613,25504,31115,34135,41493,46528,31555,41500,8882,17597,1027,1391,2351,3972,2958,6131,4230,8741,5681,7381,5103,5125,11172,15510,8367,16529,234124,87570,31290,13281,98631,4616,202
2021-05-06T23:59:59+02:00,5345,6146,10532,12761,12102,17089,16880,23935,28592,31707,40998,46001,31422,41316,8871,17580,957,1315,2209,3729,2794,5797,4025,8268,5506,7100,5061,5078,11152,15485,8365,16520,225470,87393,27938,12968,97828,2959,41
2021-05-05T23:59:59+02:00,4994,5889,9912,12311,11401,16497,15748,22851,25584,28819,40330,45147,31204,41029,8856,17546,934,1279,2150,3602,2737,5644,3929,8043,5410,6988,5016,5025,11125,15453,8363,16518,212722,87141,27755,12830,97608,2212,33
2021-05-04T23:59:59+02:00,4581,5357,9248,11639,10607,15640,14378,21516,21749,25147,39356,44084,30902,40596,8839,17517,908,1241,2090,3484,2662,5516,3837,7883,5320,6872,4984,4988,11097,15427,8361,16515,195809,86932,27735,12538,97585,1688,27
2021-05-03T23:59:59+02:00,4313,4886,8823,11120,10138,15022,13813,20858,21067,24542,39123,43859,30833,40509,8836,17502,892,1202,2018,3381,2606,5408,3783,7766,5270,6795,4972,4978,11083,15411,8358,16510,189981,86794,27723,12530,97524,1093,16
2021-05-02T23:59:59+02:00,4309,4883,8806,11113,10129,15016,13789,20844,21054,24536,39122,43858,30832,40508,8835,17502,885,1179,1989,3300,2559,5309,3736,7642,5252,6738,4970,4976,11082,15407,8358,16508,189895,86777,27712,12501,97517,600,12
2021-05-01T23:59:59+02:00,4306,4870,8794,11105,10121,15007,13781,20841,21045,24528,39122,43856,30832,40508,8835,17502,885,1179,1988,3300,2559,5309,3736,7642,5252,6738,4970,4976,11082,15407,8357,16508,189813,86776,27712,12501,97517,600,11
2021-04-30T23:59:59+02:00,4275,4838,8755,11074,10078,14970,13715,20798,20934,24342,38868,43572,30815,40491,8834,17502,880,1175,1978,3293,2557,5300,3734,7635,5249,6732,4968,4973,11078,15406,8357,16508,188895,86754,27443,12498,97512,560,11
2021-04-29T23:59:59+02:00,3975,4639,8303,10808,9558,14687,13209,20420,19652,22928,36390,40836,30622,40194,8825,17472,865,1155,1922,3228,2514,5230,3664,7492,5157,6646,4940,4938,11059,15372,8355,16503,183414,86562,21685,12341,97409,127,10
2021-04-28T23:59:59+02:00,3794,4564,8036,10693,9154,14511,12829,20178,19093,22380,32700,36617,30436,39953,8815,17453,843,1136,1895,3182,2470,5185,3628,7436,5094,6582,4874,4881,11013,15323,8353,16494,172304,86356,21534,11915,97362,112,6
2021-04-27T23:59:59+02:00,3686,4490,7773,10556,8813,14342,12319,19936,18544,21778,27200,30502,30144,39550,8797,17426,826,1122,1865,3143,2431,5134,3576,7381,5034,6502,4825,4819,10979,15273,8351,16487,157040,86140,21511,11493,97299,109,6
2021-04-26T23:59:59+02:00,3619,4451,7633,10495,8649,14276,12084,19873,18029,21389,27177,30471,30134,39542,8797,17426,800,1086,1796,3081,2366,5080,3508,7294,4935,6392,4730,4747,10907,15199,8350,16484,156469,86017,21292,10623,96278,109,6
2021-04-25T23:59:59+02:00,3573,4427,7468,10446,8404,14226,11747,19832,16331,19864,26615,29906,30085,39486,8797,17423,799,1080,1783,3074,2357,5076,3497,7281,4924,6382,4728,4744,10899,15187,8350,16484,155986,85958,21282,10586,91356,95,6
2021-04-24T23:59:59+02:00,3565,4419,7455,10435,8394,14217,11733,19823,16309,19842,26577,29845,30082,39482,8796,17423,799,1080,1783,3073,2356,5076,3497,7281,4924,6382,4728,4743,10897,15186,8350,16484,155785,85952,21278,10586,91328,95,6
2021-04-23T23:59:59+02:00,3542,4399,7417,10394,8349,14169,11665,19767,16243,19766,26168,29348,30051,39438,8794,17420,789,1071,1766,3065,2338,5049,3441,7239,4822,6280,4588,4616,10742,15002,8344,16471,154609,85666,21139,9856,91176,95,6
2021-04-22T23:59:59+02:00,3448,4292,7217,10213,7775,13728,10339,18909,14803,18786,24201,26947,29877,39226,8779,17397,713,1004,1658,2948,2211,4896,3271,7062,4640,6079,4448,4447,10230,14350,8318,16407,149853,83766,15856,8834,90222,76,6
2021-04-21T23:59:59+02:00,3388,4237,7084,10123,7567,13572,9950,18656,14325,18304,21699,23806,29644,38928,8762,17377,656,974,1585,2867,2120,4801,3142,6922,4479,5908,4268,4280,9666,13583,8286,16337,142892,81990,15092,7809,89432,69,6
2021-04-20T23:59:59+02:00,3338,4192,6982,10037,7428,13458,9670,18422,13812,17840,18328,19781,29395,38536,8749,17345,619,941,1506,2796,2041,4721,3035,6798,4345,5756,4082,4076,8818,12376,8231,16214,134085,79107,14848,7178,88374,64,6
2021-04-19T23:59:59+02:00,3322,4182,6939,9998,7370,13421,9593,18347,13664,17711,18014,19416,29367,38506,8748,17341,542,896,1403,2702,1939,4624,2901,6630,4155,5574,3829,3782,7003,9943,8055,15878,133773,73366,14653,6425,87507,59,6
2021-04-18T23:59:59+02:00,3301,4167,6857,9971,7261,13371,9374,18281,12781,17554,16698,18045,29315,38458,8745,17334,537,891,1394,2693,1922,4614,2865,6601,4099,5523,3750,3709,6587,9311,8021,15812,133562,71887,14511,6380,83434,56,6
2021-04-17T23:59:59+02:00,3289,4163,6842,9948,7228,13345,9336,18245,12751,17530,16642,17995,29271,38394,8744,17334,537,889,1394,2691,1921,4611,2860,6596,4097,5518,3749,3707,6582,9311,8020,15811,133207,71852,14510,6380,83334,56,6
2021-04-16T23:59:59+02:00,3272,4147,6807,9931,7178,13308,9257,18185,12622,17405,16362,17678,28813,37810,8742,17328,537,887,1389,2686,1912,4609,2854,6589,4091,5510,3744,3701,6565,9283,8020,15809,131695,71757,14503,6369,82641,54,6
2021-04-15T23:59:59+02:00,3213,4079,6674,9824,6975,13125,8904,17909,12081,16840,15182,16247,26963,35386,8727,17310,527,876,1385,2665,1897,4584,2829,6561,4045,5452,3693,3629,6536,9235,8012,15799,125809,71444,14228,6232,79396,43,6
2021-04-14T23:59:59+02:00,3146,4024,6583,9721,6827,12958,8621,17638,11558,16307,13855,14612,22552,29686,8714,17269,522,869,1374,2658,1885,4565,2802,6538,4005,5410,3639,3580,6480,9177,7991,15772,113485,71159,14196,6081,76384,21,6
2021-04-13T23:59:59+02:00,3087,3984,6448,9631,6682,12823,8317,17380,11075,15827,11076,11448,19775,25902,8693,17237,501,840,1328,2611,1829,4507,2684,6429,3824,5242,3425,3400,6351,9052,7983,15756,105122,70821,14004,4918,70253,17,6
2021-04-12T23:59:59+02:00,3059,3967,6385,9597,6575,12731,8121,17247,10793,15599,9390,9585,19354,25384,8692,17230,493,829,1311,2594,1809,4488,2651,6386,3771,5189,3366,3357,6319,9010,7979,15737,105005,70688,13949,4580,64749,15,6
2021-04-11T23:59:59+02:00,3024,3955,6291,9573,6453,12694,7956,17194,10586,15491,7290,7382,18504,24360,8690,17228,493,829,1310,2592,1809,4488,2650,6386,3769,5186,3361,3356,6314,9008,7979,15737,104937,70678,13943,4570,57785,13,6
2021-04-10T23:59:59+02:00,3022,3953,6281,9568,6445,12689,7951,17189,10575,15480,7284,7371,18497,24356,8690,17228,492,826,1308,2589,1808,4486,2647,6383,3766,5185,3352,3342,6307,8994,7979,15737,104856,70620,13942,4563,57776,13,5
2021-04-09T23:59:59+02:00,2948,3831,6151,9368,6279,12417,7684,16763,10268,14990,7148,7198,18390,24191,8689,17226,487,818,1289,2580,1782,4468,2611,6335,3686,5099,3225,3232,6190,8913,7975,15734,104388,70540,13912,3868,55236,11,5
2021-04-08T23:59:59+02:00,2865,3751,6045,9241,6174,12288,7507,16582,10025,14799,6959,6924,17148,22760,8679,17200,479,812,1277,2548,1755,4427,2583,6269,3631,5042,3156,3183,6112,8808,7957,15696,100746,70112,13558,3608,54638,10,5
2021-04-07T23:59:59+02:00,2829,3710,5975,9169,6084,12218,7371,16475,9781,14645,6641,6570,14874,19849,8660,17157,473,810,1265,2534,1745,4404,2567,6232,3561,4982,3088,3131,6059,8752,7952,15670,94597,69843,13397,3368,54009,9,5
2021-04-06T23:59:59+02:00,2803,3674,5894,9102,5998,12141,7210,16353,9547,14453,6163,6083,12938,17400,8637,17103,471,801,1258,2511,1734,4379,2535,6189,3493,4919,3012,3084,6016,8699,7947,15655,89593,69602,13098,3088,52803,8,5
2021-04-05T23:59:59+02:00,2794,3662,5879,9084,5985,12121,7196,16337,9528,14428,5985,5917,11733,16189,8637,17102,465,792,1256,2495,1727,4364,2515,6157,3458,4879,2986,3044,5998,8658,7941,15640,89517,69413,13062,2951,49994,7,4
2021-04-04T23:59:59+02:00,2794,3662,5877,9081,5983,12121,7194,16337,9526,14428,5980,5913,11733,16187,8637,17102,465,792,1256,2494,1727,4364,2514,6157,3458,4879,2986,3044,5996,8658,7941,15640,89508,69410,13062,2950,49981,7,4
2021-04-03T23:59:59+02:00,2793,3653,5869,9074,5977,12118,7192,16334,9523,14425,5977,5909,11727,16184,8637,17102,465,792,1256,2494,1727,4364,2514,6157,3458,4878,2986,3044,5996,8658,7941,15640,89452,69409,13062,2950,49976,7,4
2021-04-02T23:59:59+02:00,2791,3650,5864,9070,5974,12116,7189,16333,9518,14423,5974,5903,11713,16155,8636,17101,463,790,1255,2494,1725,4363,2514,6155,3457,4872,2958,3028,5988,8649,7941,15640,89372,69332,13059,2949,49975,7,4
2021-04-01T23:59:59+02:00,2769,3644,5836,9039,5930,12070,7146,16280,9459,14366,5881,5806,11421,15807,8617,17062,461,776,1253,2486,1718,4353,2498,6140,3426,4849,2902,2983,5918,8562,7880,15546,88384,68794,13038,2946,49707,7,4
2021-03-31T23:59:59+02:00,2731,3610,5758,8969,5862,11976,7040,16171,9327,14225,5744,5668,10868,15061,8582,16988,454,768,1248,2475,1712,4338,2490,6123,3406,4817,2870,2950,5859,8487,7839,15465,86410,68347,12824,2944,49343,7,3
2021-03-30T23:59:59+02:00,2707,3590,5709,8911,5803,11896,6966,16072,9227,14077,5552,5453,9964,13706,8522,16839,451,766,1242,2468,1702,4323,2471,6101,3369,4770,2809,2878,5759,8373,7731,15252,83338,67650,12443,2805,49210,7,3
2021-03-29T23:59:59+02:00,2629,3528,5606,8796,5690,11743,6799,15840,8991,13821,5201,5081,8008,11151,8343,16483,443,760,1231,2461,1687,4309,2448,6072,3333,4712,2745,2817,5614,8239,7563,14957,77286,66711,11628,2670,48793,7,3
2021-03-28T23:59:59+02:00,2606,3514,5559,8729,5611,11668,6711,15749,8875,13699,5077,4927,7364,10220,8289,16386,434,752,1215,2443,1663,4281,2396,6008,3272,4616,2659,2742,5495,8085,7505,14835,74996,66250,11368,2144,48617,4,3
2021-03-27T23:59:59+01:00,2605,3509,5549,8722,5607,11654,6695,15727,8864,13686,5050,4900,7354,10217,8289,16385,434,752,1213,2442,1662,4275,2390,6005,3265,4610,2654,2738,5470,8036,7435,14712,74889,65943,11368,2143,48553,4,3
2021-03-26T23:59:59+01:00,2586,3485,5512,8684,5566,11606,6613,15649,8712,13533,4882,4749,7204,10056,8288,16377,429,744,1207,2426,1642,4246,2366,5971,3227,4553,2595,2675,5132,7577,6886,13745,74550,63309,10534,2105,48415,4,3
2021-03-25T23:59:59+01:00,2460,3387,5322,8461,5377,11327,6386,15355,8483,13253,4735,4599,7119,9952,8285,16370,420,728,1186,2402,1615,4214,2323,5915,3153,4471,2491,2574,4496,6717,6026,12386,74097,59224,9587,1887,47184,3,3
2021-03-24T23:59:59+01:00,2355,3326,5189,8297,5209,11133,6216,15108,8283,13035,4603,4449,7016,9841,8280,16364,415,715,1171,2372,1578,4162,2265,5843,3061,4372,2361,2457,3778,5664,4928,10616,73723,54209,8425,1543,46553,3,3
2021-03-23T23:59:59+01:00,2272,3266,5078,8171,5115,10985,6091,14915,8169,12875,4522,4368,6956,9788,8273,16347,402,686,1150,2336,1548,4101,2215,5755,2981,4284,2269,2362,3038,4576,3338,7861,73330,47501,7680,1395,46178,3,3
2021-03-22T23:59:59+01:00,2186,3194,4954,8035,4980,10809,5921,14665,7993,12683,4418,4261,6897,9683,8260,16309,370,666,1126,2294,1500,4031,2149,5642,2883,4123,2160,2223,2196,3439,1179,4234,72839,39048,6643,1162,45763,2,3
2021-03-21T23:59:59+01:00,2184,3188,4943,8020,4967,10797,5902,14649,7965,12660,4397,4245,6879,9673,8258,16309,369,666,1119,2280,1489,3997,2132,5606,2854,4071,2120,2176,2155,3397,1166,4194,72817,38908,6592,879,45625,2,2
2021-03-20T23:59:59+01:00,2184,3188,4942,8019,4966,10795,5901,14649,7958,12655,4395,4244,6872,9665,8258,16309,369,666,1119,2280,1489,3997,2132,5606,2853,4070,2119,2173,2155,3397,1166,4194,72807,38906,6592,875,45599,2,2
2021-03-19T23:59:59+01:00,2110,2838,4406,6756,4575,9816,5636,14109,7737,12297,4285,4156,6811,9607,8258,16309,368,666,1119,2280,1489,3996,2132,5605,2852,4070,2117,2171,2150,3391,1165,4193,72739,38891,6581,869,40384,2,2
2021-03-18T23:59:59+01:00,2033,2500,3971,5692,4033,8322,4754,11418,6425,9269,3985,3922,6628,9404,8238,16274,367,661,1111,2268,1482,3971,2103,5564,2828,4047,2099,2154,2125,3363,1161,4186,72308,38700,6517,786,28041,2,2
2021-03-17T23:59:59+01:00,2027,2488,3961,5667,4014,8294,4729,11349,6373,9195,3949,3874,6593,9364,8232,16252,363,659,1107,2261,1477,3962,2094,5547,2814,4021,2077,2126,2105,3350,1154,4171,72048,38547,6458,737,27853,2,2
2021-03-16T23:59:59+01:00,1996,2446,3908,5585,3939,8189,4589,11174,6166,8996,3727,3685,6469,9225,8227,16232,361,654,1106,2242,1472,3949,2084,5533,2804,4001,2069,2113,2093,3324,1147,4142,71739,38382,5180,708,27632,2,2
2021-03-15T23:59:59+01:00,1986,2421,3883,5550,3908,8151,4536,11106,6084,8908,3651,3623,6420,9168,8221,16209,358,648,1097,2227,1463,3944,2066,5492,2788,3976,2050,2077,2072,3267,1140,4106,71515,38165,4821,604,27489,2,0
2021-03-14T23:59:59+01:00,1980,2412,3875,5538,3902,8134,4527,11078,6078,8886,3643,3614,6416,9160,8220,16208,357,648,1094,2226,1460,3942,2063,5490,2769,3970,2046,2075,2060,3257,1137,4104,71484,38158,4805,539,27382,1,0
2021-03-13T23:59:59+01:00,1976,2403,3863,5520,3892,8127,4508,11066,6065,8873,3640,3611,6415,9158,8220,16208,357,648,1094,2226,1460,3942,2063,5489,2769,3969,2045,2073,2060,3256,1129,4099,71462,38139,4800,539,27283,1,0
2021-03-12T23:59:59+01:00,1923,2329,3277,5379,3449,8014,4374,10930,5837,8587,3468,3472,6292,9051,8198,16168,352,625,1089,2196,1451,3915,2045,5417,2706,3857,1873,1950,2004,3209,1125,4093,71250,37376,4076,531,25422,0,0
2021-03-11T23:59:59+01:00,1789,2167,2868,5124,3050,7762,4064,10475,5206,7713,3290,3340,6186,8931,8171,16131,351,625,1086,2182,1448,3896,2037,5395,2698,3842,1867,1943,1989,3190,1121,4077,70687,37255,3814,492,21766,0,0
2021-03-10T23:59:59+01:00,1756,2128,2829,5083,3016,7697,4005,10384,5088,7604,3162,3234,6072,8809,8142,16080,349,622,1084,2180,1446,3885,2032,5381,2685,3824,1852,1932,1963,3162,1111,4063,70280,37174,3483,397,21326,0,0
2021-03-09T23:59:59+01:00,1747,2111,2800,5056,2994,7652,3962,10323,5006,7521,3070,3153,5979,8706,8052,15889,346,620,1081,2174,1437,3872,2001,5357,2648,3795,1804,1906,1919,3137,1100,4054,69687,37146,3215,105,21119,0,0
2021-03-08T23:59:59+01:00,1730,2097,2770,5031,2967,7619,3942,10276,4976,7459,3034,3115,5881,8612,7904,15621,346,620,1078,2168,1430,3853,1983,5328,2629,3768,1787,1889,1894,3114,1095,4037,68901,37005,3206,14,20927,0,0
2021-03-07T23:59:59+01:00,1717,2084,2740,4989,2932,7567,3909,10214,4933,7401,2999,3083,5807,8495,7842,15496,346,619,1078,2167,1429,3845,1980,5321,2627,3763,1782,1886,1891,3109,1093,4031,68369,36955,3153,12,20686,0,0
2021-03-06T23:59:59+01:00,1715,2082,2735,4978,2928,7557,3899,10207,4918,7386,2988,3071,5772,8429,7768,15355,346,617,1076,2165,1429,3844,1974,5312,2625,3760,1776,1879,1886,3107,1093,4028,67979,36905,3153,12,20656,0,0
2021-03-05T23:59:59+01:00,1626,1990,2646,4816,2869,7394,3811,10000,4821,7201,2943,3018,5404,7939,7215,14368,346,617,1074,2162,1422,3840,1974,5310,2620,3754,1768,1876,1881,3104,1088,4025,65329,36849,3150,12,19582,0,0
2021-03-04T23:59:59+01:00,1433,1855,2484,4620,2695,7119,3640,9649,4556,6876,2844,2905,4755,7089,6342,12952,343,608,1061,2132,1408,3802,1946,5255,2595,3715,1739,1854,1846,3049,1065,3980,61125,36386,3147,12,17542,0,0
2021-03-03T23:59:59+01:00,1388,1794,2412,4512,2634,6995,3554,9485,4459,6745,2762,2836,4095,6055,5246,11206,340,598,1049,2106,1396,3775,1931,5204,2525,3660,1710,1823,1822,3020,1051,3955,56079,35953,3121,12,16978,0,0
2021-03-02T23:59:59+01:00,1343,1752,2358,4449,2585,6903,3465,9364,4319,6602,2653,2708,3308,4932,3561,8308,335,589,1042,2080,1386,3732,1914,5153,2497,3637,1701,1809,1800,2996,1043,3928,49038,35630,2872,12,16700,0,0
2021-03-01T23:59:59+01:00,1277,1712,2302,4385,2510,6819,3368,9226,4180,6412,2523,2584,2387,3690,1222,4377,333,585,1033,2069,1376,3713,1907,5134,2485,3623,1686,1799,1782,2977,1033,3901,40023,35424,2486,12,16465,0,0
2021-02-28T23:59:59+01:00,1239,1697,2258,4345,2484,6775,3316,9166,4113,6354,2458,2542,2345,3657,1216,4361,332,584,1032,2063,1374,3697,1903,5123,2479,3616,1679,1788,1769,2966,1026,3886,39925,35305,2194,12,16207,0,0
2021-02-27T23:59:59+01:00,1192,1582,2188,4114,2429,6544,3251,8854,4024,6121,2407,2489,2325,3638,1214,4361,332,584,1031,2063,1374,3697,1903,5122,2478,3616,1679,1787,1767,2966,1026,3886,39819,35299,2193,12,14721,0,0
2021-02-26T23:59:59+01:00,989,1288,1999,3702,2261,5860,3036,7915,3714,5398,2378,2461,2310,3626,1211,4360,332,584,1031,2060,1372,3695,1901,5121,2476,3615,1679,1784,1761,2963,1024,3881,39804,35267,2105,12,10599,0,0
2021-02-25T23:59:59+01:00,609,1108,1740,3501,2074,5555,2839,7507,3498,5121,2305,2396,2275,3572,1207,4346,322,559,1001,2010,1346,3628,1870,5035,2444,3556,1654,1756,1726,2917,998,3848,39609,34659,1850,11,8194,0,0
2021-02-24T23:59:59+01:00,586,1085,1703,3405,2015,5415,2769,7315,3433,4999,2248,2349,2240,3543,1200,4315,310,549,989,1981,1333,3575,1855,4974,2421,3513,1644,1738,1715,2898,988,3825,39420,34305,1681,3,7519,0,0
2021-02-23T23:59:59+01:00,560,1036,1640,3308,1965,5271,2689,7183,3340,4897,2197,2295,2203,3489,1190,4288,309,544,984,1964,1326,3547,1846,4940,2395,3487,1629,1714,1692,2864,977,3775,39274,33990,1409,3,6868,0,0
2021-02-22T23:59:59+01:00,537,993,1590,3214,1924,5126,2625,6959,3284,4763,2190,2198,2190,3417,1186,4246,308,540,979,1951,1319,3520,1829,4907,2379,3456,1610,1693,1666,2836,964,3731,39063,33687,1145,1,6234,0,0
2021-02-21T23:59:59+01:00,527,935,1531,3077,1876,4978,2569,6797,3206,4671,2154,2166,2165,3399,1178,4242,308,538,975,1943,1319,3511,1825,4896,2375,3449,1609,1690,1665,2834,964,3730,39024,33630,912,1,5535,0,0
2021-02-20T23:59:59+01:00,522,929,1523,3074,1870,4978,2567,6793,3202,4668,2151,2165,2165,3398,1177,4242,308,538,975,1942,1319,3510,1825,4895,2374,3449,1608,1689,1661,2834,964,3728,39020,33618,908,1,5496,0,0
2021-02-19T23:59:59+01:00,496,889,1494,3012,1845,4920,2524,6689,3108,4528,1977,2035,2107,3352,1174,4236,306,537,974,1939,1318,3510,1825,4890,2371,3447,1606,1688,1659,2833,964,3727,38272,33593,889,1,5225,0,0
2021-02-18T23:59:59+01:00,459,809,1390,2782,1745,4670,2383,6414,3009,4373,1952,2019,2093,3335,1170,4230,306,530,964,1901,1310,3473,1805,4844,2354,3412,1593,1678,1644,2820,953,3711,38198,33297,815,1,3820,0,0
2021-02-17T23:59:59+01:00,442,757,1350,2662,1683,4488,2317,6170,2950,4243,1938,2003,2071,3317,1156,4221,295,508,927,1816,1269,3333,1741,4684,2280,3286,1517,1609,1570,2704,909,3609,38042,32056,764,1,2962,0,0
2021-02-16T23:59:59+01:00,417,715,1296,2538,1630,4342,2244,5979,2872,4128,1929,1998,2065,3312,1151,4210,287,483,896,1738,1217,3189,1681,4472,2212,3131,1465,1555,1512,2600,884,3490,37983,30811,734,1,2109,0,0
2021-02-15T23:59:59+01:00,402,674,1223,2407,1589,4266,2212,5930,2842,4090,1908,1981,2047,3283,1146,4192,278,460,872,1693,1185,3108,1620,4337,2143,3022,1391,1494,1459,2485,846,3322,37878,29714,624,1,1690,0,0
2021-02-14T23:59:59+01:00,392,668,1195,2334,1532,4106,2168,5850,2812,4053,1904,1979,2035,3274,1145,4186,271,452,853,1668,1166,3065,1581,4286,2105,2996,1374,1472,1434,2446,832,3284,37861,29284,559,1,1213,0,0
2021-02-13T23:59:59+01:00,391,668,1195,2334,1532,4105,2166,5849,2812,4053,1903,1977,2034,3274,1145,4183,271,452,853,1668,1166,3065,1580,4285,2104,2996,1373,1469,1433,2445,832,3283,37850,29274,559,1,1212,0,0
2021-02-12T23:59:59+01:00,385,664,1180,2325,1526,4092,2162,5839,2807,4048,1891,1967,2027,3261,1141,4180,269,450,848,1664,1160,3054,1559,4268,2088,2980,1359,1454,1420,2412,825,3252,37783,29061,551,1,1161,0,0
2021-02-11T23:59:59+01:00,361,633,1109,2223,1476,3954,2060,5576,2732,3946,1865,1941,1985,3193,1121,4129,245,416,800,1547,1074,2820,1434,3915,1891,2677,1175,1263,1259,2125,731,2926,37401,26298,514,0,389,0,0
2021-02-10T23:59:59+01:00,353,624,1083,2176,1436,3876,2003,5394,2628,3781,1813,1896,1942,3158,1104,4104,219,360,699,1344,941,2412,1232,3310,1669,2311,1022,1096,1112,1880,637,2613,36993,22857,377,0,1,0,0
2021-02-09T23:59:59+01:00,347,612,1073,2143,1421,3823,1954,5324,2567,3727,1749,1858,1878,3110,1086,4083,183,277,589,1078,791,1960,1023,2696,1408,1949,887,943,936,1581,532,2245,36693,19078,61,0,1,0,0
2021-02-08T23:59:59+01:00,346,610,1067,2135,1411,3807,1949,5298,2549,3714,1733,1845,1860,3093,1080,4059,128,229,482,861,632,1518,811,2047,1149,1529,711,764,746,1269,426,1825,36538,15127,17,0,1,0,0
2021-02-07T23:59:59+01:00,345,610,1067,2134,1410,3799,1945,5296,2543,3711,1726,1835,1845,3086,1075,4054,119,201,426,715,556,1338,726,1835,1059,1385,640,686,669,1149,368,1620,36467,13492,14,0,0,0,0
2021-02-06T23:59:59+01:00,345,609,1066,2133,1410,3797,1945,5294,2543,3708,1726,1834,1839,3084,1073,4052,118,200,421,712,552,1312,710,1813,1047,1369,638,681,664,1145,367,1617,36444,13366,14,0,0,0,0
2021-02-05T23:59:59+01:00,345,608,1063,2130,1408,3786,1941,5281,2536,3704,1726,1829,1830,3077,1065,4042,113,191,403,694,534,1284,680,1758,997,1306,603,628,617,1069,345,1535,36357,12757,14,0,0,0,0
2021-02-04T23:59:59+01:00,336,589,1051,2093,1390,3737,1920,5202,2520,3660,1711,1808,1804,3041,1050,4014,83,147,296,461,381,859,470,1191,685,892,474,462,480,841,272,1232,35912,9226,14,0,0,0,0
2021-02-03T23:59:59+01:00,330,576,1032,2069,1377,3695,1904,5150,2488,3620,1692,1785,1786,3020,1040,4001,66,117,245,396,305,666,371,926,509,657,318,327,349,604,192,893,35551,6941,14,0,0,0,0
2021-02-02T23:59:59+01:00,325,564,1028,2044,1367,3664,1893,5097,2462,3593,1678,1764,1758,2981,1022,3957,43,93,189,312,255,512,276,735,373,505,219,206,219,411,131,574,35183,5053,14,0,0,0,0
2021-02-01T23:59:59+01:00,324,560,1023,2037,1364,3647,1885,5077,2453,3577,1671,1753,1743,2965,1017,3945,22,62,141,224,175,330,175,481,236,289,105,113,98,196,63,255,35027,2965,14,0,0,0,0
2021-01-31T23:59:59+01:00,323,558,1021,2029,1361,3638,1881,5056,2449,3564,1668,1746,1739,2957,1014,3937,20,55,123,196,156,281,158,403,198,250,90,99,89,170,56,222,34927,2566,14,0,0,0,0
2021-01-30T23:59:59+01:00,323,558,1021,2029,1361,3638,1881,5056,2448,3564,1668,1746,1739,2956,1014,3936,20,55,123,196,156,279,155,401,197,249,89,98,89,170,56,222,34924,2555,14,0,0,0,0
2021-01-29T23:59:59+01:00,321,555,1020,2026,1359,3630,1876,5048,2445,3561,1661,1736,1730,2946,1008,3917,18,53,121,186,147,272,141,374,167,222,64,72,80,146,49,195,34825,2307,14,0,0,0,0
2021-01-28T23:59:59+01:00,316,545,998,1964,1338,3568,1849,4986,2416,3503,1639,1718,1701,2911,992,3887,0,3,8,14,9,19,13,45,8,19,7,5,8,7,1,12,34318,178,13,0,0,0,0
2021-01-27T23:59:59+01:00,309,520,964,1884,1304,3451,1785,4862,2357,3411,1585,1671,1656,2838,960,3815,0,2,4,4,5,13,8,20,5,11,6,5,8,7,1,11,33363,110,9,0,0,0,0
2021-01-26T23:59:59+01:00,303,509,953,1871,1290,3412,1767,4800,2328,3354,1552,1639,1620,2765,946,3737,0,2,4,4,5,13,8,20,5,11,6,5,8,7,1,11,32839,110,7,0,0,0,0
2021-01-25T23:59:59+01:00,290,474,900,1755,1227,3233,1673,4526,2226,3167,1496,1587,1563,2675,907,3578,0,2,1,1,1,3,5,3,5,6,6,4,7,7,1,11,31275,63,2,0,0,0,0
2021-01-24T23:59:59+01:00,287,470,888,1735,1216,3211,1643,4491,2199,3150,1487,1578,1554,2665,901,3571,0,2,1,0,1,3,5,3,5,6,5,4,7,7,1,11,31044,61,2,0,0,0,0
2021-01-23T23:59:59+01:00,287,470,888,1735,1215,3210,1643,4487,2198,3149,1486,1578,1553,2664,900,3566,0,2,1,0,1,3,5,3,5,6,5,4,7,7,1,11,31027,61,2,0,0,0,0
2021-01-22T23:59:59+01:00,285,468,883,1732,1211,3203,1638,4482,2187,3142,1475,1567,1546,2644,896,3549,0,2,1,0,1,3,5,3,5,6,5,4,7,7,1,11,30906,61,2,0,0,0,0
2021-01-21T23:59:59+01:00,273,455,854,1660,1186,3076,1581,4317,2099,3009,1379,1472,1415,2464,825,3391,0,2,1,0,1,3,4,2,4,6,4,3,6,7,0,11,29454,54,2,0,0,0,0
2021-01-20T23:59:59+01:00,248,401,775,1490,1095,2739,1430,3846,1937,2703,1262,1327,1300,2282,764,3195,0,2,1,0,1,3,4,2,4,6,4,3,6,7,0,11,26792,54,2,0,0,0,0
2021-01-19T23:59:59+01:00,215,324,664,1233,948,2285,1207,3233,1658,2300,1081,1142,1090,1912,631,2732,0,1,1,0,1,2,4,1,3,6,3,3,6,7,0,11,22653,49,2,0,0,0,0
2021-01-18T23:59:59+01:00,150,260,522,962,734,1739,930,2352,1303,1768,845,911,870,1534,492,2176,0,0,0,0,0,0,0,0,2,2,1,1,0,0,0,0,17547,6,1,0,0,0,0
2021-01-17T23:59:59+01:00,136,221,454,792,647,1509,826,2100,1195,1590,789,831,786,1391,438,1986,0,0,0,0,0,0,0,0,0,1,0,0,0,0,0,0,15691,1,0,0,0,0,0
2021-01-16T23:59:59+01:00,135,220,451,791,645,1501,815,2096,1187,1584,788,826,780,1379,431,1972,0,0,0,0,0,0,0,0,0,0,0,0,0,0,0,0,15601,0,0,0,0,0,0
2021-01-15T23:59:59+01:00,125,211,436,773,619,1461,781,2017,1127,1500,745,772,735,1293,405,1863,0,0,0,0,0,0,0,0,0,0,0,0,0,0,0,0,14863,0,0,0,0,0,0
2021-01-14T23:59:59+01:00,84,154,312,491,419,930,530,1307,769,993,545,536,544,957,310,1416,0,0,0,0,0,0,0,0,0,0,0,0,0,0,0,0,10297,0,0,0,0,0,0
2021-01-13T23:59:59+01:00,66,121,255,415,336,700,405,990,547,696,335,344,374,656,212,976,0,0,0,0,0,0,0,0,0,0,0,0,0,0,0,0,7428,0,0,0,0,0,0
2021-01-12T23:59:59+01:00,53,102,208,352,270,567,292,808,399,541,224,219,229,441,146,643,0,0,0,0,0,0,0,0,0,0,0,0,0,0,0,0,5494,0,0,0,0,0,0
2021-01-11T23:59:59+01:00,37,78,181,302,222,462,223,638,293,379,135,135,126,266,81,368,0,0,0,0,0,0,0,0,0,0,0,0,0,0,0,0,3926,0,0,0,0,0,0
2021-01-10T23:59:59+01:00,27,69,160,246,189,381,182,529,248,323,116,113,111,222,70,296,0,0,0,0,0,0,0,0,0,0,0,0,0,0,0,0,3282,0,0,0,0,0,0
2021-01-09T23:59:59+01:00,27,69,160,244,188,380,181,524,247,322,115,112,111,222,70,296,0,0,0,0,0,0,0,0,0,0,0,0,0,0,0,0,3268,0,0,0,0,0,0
2021-01-08T23:59:59+01:00,25,67,157,234,180,371,166,495,219,296,93,94,105,206,64,277,0,0,0,0,0,0,0,0,0,0,0,0,0,0,0,0,3049,0,0,0,0,0,0
2021-01-07T23:59:59+01:00,1,3,4,7,8,12,11,6,17,12,9,11,16,20,1,31,0,0,0,0,0,0,0,0,0,0,0,0,0,0,0,0,169,0,0,0,0,0,0
2021-01-06T23:59:59+01:00,0,2,1,1,1,5,5,2,5,7,5,4,8,8,0,13,0,0,0,0,0,0,0,0,0,0,0,0,0,0,0,0,67,0,0,0,0,0,0
2021-01-05T23:59:59+01:00,0,2,1,1,1,5,5,2,5,6,5,4,7,7,0,12,0,0,0,0,0,0,0,0,0,0,0,0,0,0,0,0,63,0,0,0,0,0,0
2021-01-04T23:59:59+01:00,0,2,1,1,1,4,4,2,5,6,4,3,6,7,0,12,0,0,0,0,0,0,0,0,0,0,0,0,0,0,0,0,58,0,0,0,0,0,0
2021-01-03T23:59:59+01:00,0,2,1,0,1,4,4,2,5,6,3,3,6,7,0,12,0,0,0,0,0,0,0,0,0,0,0,0,0,0,0,0,56,0,0,0,0,0,0
2021-01-02T23:59:59+01:00,0,2,1,0,1,4,4,2,5,6,3,3,6,7,0,12,0,0,0,0,0,0,0,0,0,0,0,0,0,0,0,0,56,0,0,0,0,0,0
2021-01-01T23:59:59+01:00,0,2,1,0,1,3,4,2,5,6,3,3,6,7,0,12,0,0,0,0,0,0,0,0,0,0,0,0,0,0,0,0,55,0,0,0,0,0,0
2020-12-31T23:59:59+01:00,0,2,1,0,1,3,4,2,5,6,3,3,6,7,0,12,0,0,0,0,0,0,0,0,0,0,0,0,0,0,0,0,55,0,0,0,0,0,0
2020-12-30T23:59:59+01:00,0,2,1,0,1,3,4,2,5,6,3,3,6,7,0,12,0,0,0,0,0,0,0,0,0,0,0,0,0,0,0,0,55,0,0,0,0,0,0
2020-12-29T23:59:59+01:00,0,1,1,0,1,2,4,1,4,6,3,3,6,7,0,12,0,0,0,0,0,0,0,0,0,0,0,0,0,0,0,0,51,0,0,0,0,0,0
2020-12-28T23:59:59+01:00,0,1,1,0,1,1,2,0,3,5,2,1,1,0,0,2,0,0,0,0,0,0,0,0,0,0,0,0,0,0,0,0,20,0,0,0,0,0,0
2020-12-27T23:59:59+01:00,0,1,1,0,1,1,2,0,1,3,1,0,1,0,0,2,0,0,0,0,0,0,0,0,0,0,0,0,0,0,0,0,14,0,0,0,0,0,0
