Datum,<15_m,<15_w,15-24_1_m,15-24_1_w,25-34_1_m,25-34_1_w,35-44_1_m,35-44_1_w,45-54_1_m,45-54_1_w,55-64_1_m,55-64_1_w,65-74_1_m,65-74_1_w,75-84_1_m,75-84_1_w,>84_1_m,>84_1_w,<24_2_m,<24_2_w,25-34_2_m,25-34_2_w,35-44_2_m,35-44_2_w,45-54_2_m,45-54_2_w,55-64_2_m,55-64_2_w,65-74_2_m,65-74_2_w,75-84_2_m,75-84_2_w,>84_2_m,>84_2_w,bp_1,bp_2,mo_1,mo_2,az_1,az_2,ja,unb_1,unb_2
2021-08-12T23:59:59+02:00,3041,2808,32475,31369,48955,43619,50586,49239,61438,61750,71854,72446,52751,58325,36433,47220,11099,21098,20405,19750,40077,35610,45123,43687,56636,56875,67647,68363,50659,55924,35251,45580,10728,20317,550389,484853,76796,66305,105434,100184,23854,33,24
2021-08-11T23:59:59+02:00,3003,2777,32418,31328,48922,43587,50564,49215,61413,61725,71825,72418,52731,58302,36424,47211,11098,21096,19543,18905,38795,34469,44546,43131,56287,56562,67365,68108,50541,55792,35215,45523,10726,20307,550004,477733,76790,66301,105433,100165,23797,33,24
2021-08-10T23:59:59+02:00,2987,2758,32368,31285,48888,43559,50535,49184,61395,61686,71786,72374,52709,58286,36414,47188,11097,21091,18529,17953,36766,32648,43684,42271,55843,56176,66987,67770,50395,55644,35157,45429,10721,20288,549556,467725,76790,66299,105432,100155,23779,33,24
2021-08-09T23:59:59+02:00,2971,2751,32339,31262,48868,43545,50510,49168,61378,61670,71769,72360,52700,58277,36409,47178,11095,21090,17188,16630,33981,30365,43047,41667,55449,55830,66670,67457,50262,55505,35108,45383,10716,20270,549331,456236,76790,66297,105428,100142,23758,33,24
2021-08-08T23:59:59+02:00,2968,2751,32327,31252,48860,43540,50505,49163,61372,61663,71766,72359,52699,58275,36409,47175,11095,21089,17162,16601,33960,30353,43011,41635,55437,55817,66661,67452,50257,55500,35107,45380,10715,20269,549281,456054,76790,66292,105417,100123,23747,33,24
2021-08-07T23:59:59+02:00,2967,2746,32320,31242,48857,43532,50500,49163,61369,61660,71759,72357,52698,58273,36408,47175,11095,21089,17135,16571,33932,30334,42978,41605,55417,55800,66650,67445,50251,55498,35105,45380,10715,20268,549232,455827,76790,66289,105417,100122,23738,33,24
2021-08-06T23:59:59+02:00,2881,2654,31982,31027,48606,43341,50251,48943,61088,61457,71488,72195,52566,58170,36355,47124,11092,21080,16933,16438,33233,29862,42512,41241,55080,55577,66343,67273,50121,55405,35056,45345,10712,20261,549151,454168,75723,66010,105417,100120,21976,33,24
2021-08-05T23:59:59+02:00,2835,2617,31842,30916,48513,43254,50174,48892,61036,61416,71438,72154,52541,58151,36346,47107,11090,21078,16710,16191,31402,28449,41495,40314,54809,55232,66132,67102,50056,55330,35033,45306,10705,20252,548314,447483,75721,65938,105411,99999,21921,33,24
2021-08-04T23:59:59+02:00,2764,2544,31611,30736,48334,43128,50025,48788,60960,61341,71379,72103,52513,58112,36333,47093,11087,21073,16451,15951,31054,28229,40312,39244,54422,54907,65961,66953,49993,55247,35004,45279,10702,20245,547101,443217,75720,65919,105410,99926,21668,25,23
2021-08-03T23:59:59+02:00,2582,2368,31113,30280,48091,42886,49854,48598,60803,61171,71235,71957,52460,58041,36311,47065,11077,21059,16023,15515,30477,27711,38617,37653,53740,54270,65629,66647,49898,55120,34956,45228,10697,20236,544216,435680,75720,65914,105408,99907,21582,25,23
2021-08-02T23:59:59+02:00,2471,2272,30801,29998,47894,42705,49703,48470,60697,61068,71148,71876,52428,58009,36289,47046,11076,21056,15719,15242,30141,27362,36488,35849,53187,53765,65424,66472,49826,55035,34934,45201,10695,20233,542293,428892,75718,65911,105405,99797,21566,25,22
2021-08-01T23:59:59+02:00,2468,2269,30788,29993,47877,42696,49691,48462,60686,61058,71140,71870,52423,58001,36285,47046,11076,21056,15599,15123,30007,27251,34187,33997,52891,53516,65334,66404,49787,54995,34927,45183,10694,20231,542240,423471,75716,65908,105359,99776,21545,25,22
2021-07-31T23:59:59+02:00,2468,2269,30784,29989,47875,42694,49689,48462,60685,61058,71140,71868,52420,57999,36285,47046,11076,21055,15585,15112,29976,27232,34174,33990,52873,53508,65321,66399,49783,54990,34927,45182,10693,20230,542222,423328,75716,65907,105359,99773,21540,25,22
2021-07-30T23:59:59+02:00,2454,2264,30738,29945,47844,42673,49665,48437,60651,61029,71105,71849,52411,57989,36285,47046,11076,21053,15432,14819,29720,26924,33998,33746,52678,53226,65159,66199,49739,54944,34916,45172,10693,20229,542049,422979,75711,65898,105357,97914,21372,25,22
2021-07-29T23:59:59+02:00,2425,2244,30579,29854,47761,42613,49614,48371,60590,60988,71060,71803,52392,57970,36277,47030,11073,21048,15126,14546,29408,26713,32737,32812,51905,52618,64805,65937,49641,54853,34874,45115,10688,20221,541392,420319,75705,63208,105345,97770,21225,25,22
2021-07-28T23:59:59+02:00,2381,2207,30429,29746,47681,42547,49541,48302,60521,60911,70997,71747,52367,57933,36259,47010,11072,21043,14725,14176,28969,26399,32368,32485,51192,52010,64419,65611,49548,54752,34840,45058,10672,20203,540468,416204,75701,63155,105339,97382,21161,25,22
2021-07-27T23:59:59+02:00,2302,2134,30190,29479,47530,42375,49397,48169,60414,60788,70900,71662,52311,57873,36232,46972,11064,21036,14090,13531,28224,25790,31640,31844,49951,50930,63698,65050,49362,54549,34773,44943,10665,20185,538665,408010,75691,63129,105333,97289,21114,25,22
2021-07-26T23:59:59+02:00,2241,2080,29994,29247,47413,42248,49324,48087,60351,60725,70850,71617,52287,57841,36221,46959,11062,21027,13728,13158,27877,25504,31025,31437,48399,49568,62723,64224,49157,54345,34706,44862,10655,20173,537454,400335,75688,63124,105329,97259,21078,25,22
2021-07-25T23:59:59+02:00,1995,1879,29175,28577,47025,41939,49040,47805,60118,60505,70669,71460,52231,57767,36194,46917,11061,21020,13636,13099,27783,25442,30940,31372,48280,49506,62636,64176,49136,54329,34700,44854,10655,20172,533308,399716,75688,63117,105322,97099,21034,25,22
2021-07-24T23:59:59+02:00,1915,1812,28922,28348,46874,41835,48923,47709,59963,60387,70540,71380,52183,57737,36177,46896,11059,21020,13501,12989,27580,25310,30781,31247,48070,49338,62473,64081,49093,54299,34685,44836,10653,20170,532622,399113,75686,63114,105322,97097,20025,25,22
2021-07-23T23:59:59+02:00,1803,1691,28592,28024,46631,41685,48671,47499,59715,60198,70338,71253,52108,57666,36158,46859,11055,21011,13250,12768,27147,24997,30405,30944,47474,48849,62145,63846,49010,54233,34663,44792,10648,20161,531630,396722,75312,63061,105311,97095,18679,25,22
2021-07-22T23:59:59+02:00,1791,1684,28514,27947,46495,41546,48462,47290,59541,60060,70222,71125,52065,57630,36142,46842,11055,21011,13023,12518,26813,24666,30056,30628,45554,47293,61342,63146,48914,54131,34625,44749,10645,20151,531339,390049,74164,62912,105272,96874,18622,25,22
2021-07-21T23:59:59+02:00,1758,1646,28252,27743,46115,41215,47874,46736,58963,59582,69768,70740,51896,57469,36085,46787,11046,20998,12597,12083,26240,24126,29485,30063,41842,44067,59865,61887,48747,53952,34562,44667,10635,20124,530797,378464,70912,62407,105120,96432,17819,25,22
2021-07-20T23:59:59+02:00,1735,1631,28132,27609,46053,41158,47828,46698,58910,59534,69715,70696,51862,57442,36069,46761,11042,20990,12101,11552,25503,23435,28836,29316,38395,41080,58320,60429,48544,53732,34481,44575,10617,20104,530119,368101,70892,59022,105104,96310,17725,25,22
2021-07-19T23:59:59+02:00,1730,1630,28104,27574,46032,41145,47817,46685,58897,59519,69703,70694,51860,57438,36069,46758,11040,20990,12056,11524,25441,23402,28806,29284,38351,41048,58280,60402,48540,53724,34480,44572,10614,20103,529976,367791,70892,59009,105091,96261,17701,25,22
2021-07-18T23:59:59+02:00,1726,1625,28079,27548,46008,41136,47803,46672,58891,59509,69696,70685,51858,57437,36068,46756,11040,20989,11994,11499,25358,23363,28746,29251,38291,41021,58220,60361,48538,53720,34477,44571,10614,20103,529848,367459,70890,58979,105081,96141,17682,25,22
2021-07-17T23:59:59+02:00,1726,1623,28060,27535,45993,41127,47794,46668,58884,59504,69689,70681,51853,57434,36067,46756,11040,20989,11967,11488,25325,23327,28714,29231,38271,41004,58186,60337,48528,53712,34475,44571,10614,20103,529772,367212,70890,58977,105081,96139,17655,25,22
2021-07-16T23:59:59+02:00,1711,1604,27795,27347,45711,40963,47571,46495,58586,59303,69457,70540,51747,57361,36023,46720,11035,20987,11714,11294,24997,23088,28416,29001,37876,40730,57679,59915,48392,53599,34423,44521,10608,20099,529460,366015,70889,58974,104957,95865,15625,25,22
2021-07-15T23:59:59+02:00,1613,1491,27332,26961,45455,40727,47425,46382,58447,59191,69355,70455,51708,57320,36008,46698,11034,20981,11421,11068,24517,22742,28053,28730,37484,40453,55638,57874,48222,53399,34366,44437,10600,20088,527153,359090,70886,58889,104948,95654,15571,25,22
2021-07-14T23:59:59+02:00,1448,1360,26774,26435,45150,40440,47226,46198,58266,58993,69195,70310,51649,57261,35982,46668,11028,20976,11234,10881,24108,22390,27701,28412,36961,40053,54422,56700,48086,53250,34316,44373,10592,20066,524016,355395,70880,57231,104929,95508,15509,25,22
2021-07-13T23:59:59+02:00,1164,1059,25826,25540,44657,40032,46870,45881,57944,58710,68920,70063,51536,57136,35939,46614,11024,20961,10889,10543,23576,21846,27085,27829,35585,38862,50301,52806,47725,52862,34188,44225,10575,20038,518653,346171,70873,52036,104925,95401,15400,25,22
2021-07-12T23:59:59+02:00,700,662,24447,24281,44097,39552,46671,45666,57731,58515,68739,69893,51474,57046,35921,46589,11022,20953,10656,10435,23371,21708,26834,27694,35342,38695,49861,52388,47652,52777,34158,44190,10575,20032,512767,344722,70872,52010,104921,94324,15374,25,22
2021-07-11T23:59:59+02:00,697,657,24426,24261,44068,39532,46653,45655,57718,58504,68726,69891,51473,57043,35918,46585,11021,20953,10560,10350,23155,21586,26570,27595,35034,38613,49149,51903,46169,51196,34068,44084,10575,20030,512684,344219,70869,51965,104909,89219,15294,25,22
2021-07-10T23:59:59+02:00,695,652,24419,24255,44063,39524,46650,45652,57711,58503,68726,69890,51473,57043,35918,46585,11021,20953,10548,10341,23131,21567,26556,27586,35011,38608,49136,51898,46155,51180,34066,44083,10575,20030,512650,344115,70866,51964,104907,89163,15285,25,22
2021-07-09T23:59:59+02:00,688,642,23972,23795,43788,39287,46581,45592,57652,58462,68676,69865,51457,57031,35914,46577,11020,20953,10471,10170,23037,21379,26495,27377,34945,38392,49072,51795,46133,51156,34062,44080,10575,20030,510899,342892,70863,51951,104903,89120,15262,25,22
2021-07-08T23:59:59+02:00,622,575,22897,22795,42989,38686,46329,45391,57444,58319,68479,69727,51380,56967,35886,46554,11018,20945,10217,9979,22661,21127,26103,27115,34469,38082,48467,51277,45797,50791,33992,44003,10568,20008,506231,339330,70838,51803,104845,88505,15064,25,22
2021-07-07T23:59:59+02:00,570,527,21577,21402,42254,37998,46111,45171,57206,58132,68313,69569,51295,56885,35849,46501,11011,20931,9844,9674,21786,20537,25004,26325,32633,36716,47550,50391,45297,50254,33888,43864,10561,19990,500863,334403,70667,47428,104821,87592,14926,25,22
2021-07-06T23:59:59+02:00,512,464,20352,20123,41408,37353,45638,44822,56813,57830,67991,69314,51196,56762,35805,46450,11003,20922,9453,9295,20925,19943,24044,25671,31145,35522,46361,49197,44519,49475,33754,43688,10548,19970,496403,327103,68749,45325,104799,86323,14782,25,22
2021-07-05T23:59:59+02:00,476,436,18948,18743,40551,36552,45422,44602,56632,57628,67830,69186,51141,56707,35784,46421,11001,20915,9165,9041,20365,19561,23378,25253,30507,35095,45603,48584,43764,48686,33624,43500,10539,19958,490705,321332,68746,45303,104795,85295,14710,19,22
2021-07-04T23:59:59+02:00,469,430,17162,16704,40208,36323,45334,44529,56548,57559,67751,69117,51108,56681,35774,46401,10999,20913,9105,8989,20227,19496,23204,25175,30253,35016,44811,48457,42401,47340,33546,43426,10537,19952,485857,320873,68716,45258,104778,81181,14640,19,22
2021-07-03T23:59:59+02:00,469,429,17141,16684,40158,36275,45318,44514,56541,57555,67745,69110,51106,56678,35774,46401,10999,20912,9062,8948,20161,19428,23145,25112,30169,34937,44591,48281,42333,47266,33501,43367,10534,19952,485674,319918,68714,45257,104777,81003,14625,19,22
2021-07-02T23:59:59+02:00,448,406,17027,16579,39690,35901,45205,44417,56488,57513,67697,69080,51095,56672,35768,46389,10999,20911,8903,8782,19833,19150,22760,24734,29750,34525,43965,47636,42131,47038,33403,43231,10529,19948,484180,316929,68698,44222,104775,80569,14613,19,22
2021-07-01T23:59:59+02:00,397,366,16721,16300,37960,34568,44638,43919,56229,57306,67526,68912,51015,56582,35740,46350,10995,20903,8531,8390,18972,18447,21797,23883,28365,33339,40942,44675,41136,45959,32792,42505,10512,19919,478717,309466,68624,39343,104752,77045,14315,19,22
2021-06-30T23:59:59+02:00,349,323,16431,16054,35773,32743,44016,43291,56007,57111,67324,68721,50933,56490,35711,46296,10991,20887,8173,8054,18304,17823,20916,23055,27091,32083,36315,39814,40059,44818,32130,41718,10491,19894,471872,299013,68581,33324,104733,74158,14246,19,22
2021-06-29T23:59:59+02:00,310,286,16211,15854,34770,31663,43568,42847,55825,56952,67154,68572,50857,56417,35674,46251,10983,20880,7593,7448,17174,16891,19666,21839,25398,30412,33574,36697,37213,41778,31391,40832,10468,19856,467681,282855,68573,33277,104720,68017,14081,19,20
2021-06-28T23:59:59+02:00,300,266,16070,15698,33050,30238,43248,42552,55662,56813,67037,68467,50811,56364,35656,46230,10980,20868,7291,7187,16624,16516,19274,21525,24890,30028,32983,36199,35836,40292,30604,39897,10464,19845,463258,279810,68551,33227,104698,62631,13784,19,20
2021-06-27T23:59:59+02:00,300,266,16048,15675,32896,30150,43186,42523,55625,56804,67011,68459,50806,56360,35653,46229,10980,20867,7247,7160,16486,16449,19110,21463,24688,29955,32755,36060,34583,39024,28980,37976,10463,19844,462936,279640,68548,33188,104691,55767,13644,19,20
2021-06-26T23:59:59+02:00,298,264,16027,15655,32872,30134,43141,42483,55602,56790,67005,68456,50804,56359,35651,46228,10980,20867,7243,7148,16467,16437,19094,21455,24655,29933,32734,36039,34570,39012,28978,37973,10463,19844,462717,279448,68546,33188,104691,55762,13643,19,20
2021-06-25T23:59:59+02:00,293,263,15973,15610,32758,30034,42949,42324,55547,56745,66965,68432,50794,56348,35647,46227,10980,20867,7056,6872,16187,15929,18828,20802,24290,28998,32348,35320,34408,38796,28955,37943,10463,19844,461896,276782,68545,33179,104674,53452,13622,19,20
2021-06-24T23:59:59+02:00,272,250,15705,15410,32310,29747,41480,41079,55086,56388,66735,68273,50741,56293,35631,46200,10975,20857,6741,6647,15495,15485,17377,19787,22219,27445,31251,34427,34006,38376,28832,37763,10451,19830,457335,267108,68544,33127,104670,53028,12864,19,20
2021-06-23T23:59:59+02:00,257,233,15425,15117,31812,29347,39376,39255,54539,55846,66484,68052,50652,56184,35591,46154,10970,20844,6535,6485,15131,15208,16852,19338,21340,26648,29559,33075,33251,37531,28641,37523,10444,19815,450262,259325,68498,33037,104667,52315,12692,19,20
2021-06-22T23:59:59+02:00,235,198,15043,14725,31144,28716,35932,36205,53628,55047,66182,67747,50546,56062,35553,46098,10966,20830,6360,6274,14729,14883,16054,18622,19924,25335,27959,31424,32454,36558,28104,36917,10426,19784,439322,249250,68466,32955,104663,51204,12387,19,20
2021-06-21T23:59:59+02:00,220,192,14803,14552,30456,28253,33762,34241,53165,54623,66003,67630,50465,55988,35527,46076,10961,20825,6265,6191,14569,14766,15884,18488,19804,25224,27852,31339,32299,36419,26897,35691,10426,19781,432496,248581,68444,32909,104632,48243,12151,19,20
2021-06-20T23:59:59+02:00,213,191,14678,14463,28556,26926,33157,33795,53077,54527,65935,67593,50444,55962,35519,46073,10960,20823,5821,5897,13628,14135,15069,17906,19256,24868,27543,31144,32135,36244,26871,35660,10424,19777,428142,243657,68440,32873,104628,48173,11663,19,20
2021-06-19T23:59:59+02:00,207,186,14653,14430,28442,26844,33126,33768,53055,54511,65919,67582,50438,55953,35517,46068,10959,20821,5606,5736,13066,13723,14462,17430,18929,24667,27350,30973,32057,36144,26854,35646,10424,19777,427736,240133,68438,32871,104628,48170,11658,19,20
2021-06-18T23:59:59+02:00,205,179,14564,14345,28342,26779,31880,32860,52688,54204,65786,67490,50407,55919,35499,46042,10955,20817,5541,5662,12968,13639,14299,17308,18693,24440,26530,30308,31853,35908,26788,35571,10420,19770,427248,237197,65468,32765,104619,48117,11607,19,20
2021-06-17T23:59:59+02:00,191,163,14194,14083,27748,26533,31391,32600,51900,53638,65359,67224,50327,55820,35466,46001,10949,20805,5166,5402,12184,13168,13513,16697,17603,23515,24378,28344,31213,35174,26592,35294,10403,19756,424062,228207,65463,32487,104595,47439,10257,15,20
2021-06-16T23:59:59+02:00,162,135,13769,13684,27286,26179,30952,32244,51088,52935,64909,66838,50212,55700,35437,45944,10938,20793,4802,4962,11464,12493,12725,16007,16505,22394,21413,25482,30148,33971,26296,34891,10388,19715,419223,214186,65421,32459,104589,47042,9957,15,20
2021-06-15T23:59:59+02:00,101,82,13141,13068,26534,25601,30171,31651,49836,51871,64198,66314,50033,55505,35369,45832,10929,20774,4306,4332,10494,11559,11573,14629,14775,20690,17988,22181,28780,32535,25911,34372,10362,19671,411522,195583,65405,32344,104583,46734,9485,15,20
2021-06-14T23:59:59+02:00,71,61,12737,12696,26129,25276,29510,31188,48042,50404,63147,65481,49818,55280,35292,45756,10921,20762,4206,4279,10318,11431,11433,14497,14597,20570,17796,22023,28710,32455,25892,34345,10359,19670,403663,195154,65396,32072,104581,46427,8916,15,20
2021-06-13T23:59:59+02:00,70,60,12696,12652,26056,25244,29447,31161,47988,50379,63112,65457,49811,55277,35290,45753,10920,20759,4053,4202,9991,11303,11110,14386,14303,20460,17399,21680,27202,30817,25752,34150,10355,19659,403461,194419,65323,27413,104574,46219,8759,15,20
2021-06-12T23:59:59+02:00,70,59,12679,12636,26042,25234,29436,31149,47929,50309,63070,65421,49810,55274,35290,45753,10920,20759,4051,4192,9975,11289,11102,14372,14284,20443,17379,21671,27161,30772,25747,34144,10355,19659,403170,194236,65323,27411,104573,46178,8759,15,20
2021-06-11T23:59:59+02:00,68,56,12580,12506,25917,25120,29315,31025,47693,50084,62938,65302,49786,55248,35279,45742,10918,20757,3957,3924,9450,10099,10671,13464,13995,19887,17106,21194,26754,30351,25657,34062,10352,19657,401906,193196,65314,27407,104530,41396,8569,15,20
2021-06-10T23:59:59+02:00,61,49,12336,12294,25599,24840,28970,30758,46623,49069,62203,64733,49701,55154,35245,45690,10908,20744,3689,3560,8681,8850,9771,11821,12695,17139,15323,17599,25050,28436,25361,33762,10346,19633,397040,187710,65263,26967,104329,28696,8330,15,20
2021-06-09T23:59:59+02:00,48,37,12045,11971,25192,24434,28577,30362,44618,47247,61113,63795,49597,55034,35199,45636,10903,20726,3445,3441,8266,8597,9263,11502,12185,16749,14617,17004,21230,24135,25135,33461,10334,19607,389062,176186,65142,26625,104328,28160,7987,15,20
2021-06-08T23:59:59+02:00,42,26,11615,11439,24532,23812,27921,29700,41451,44402,59340,62164,49429,54844,35127,45546,10893,20704,3236,3305,7869,8339,8648,11130,11521,16326,13961,16362,15859,18198,24744,32935,10316,19579,376419,161021,65081,26292,104318,27858,7154,15,10
2021-06-07T23:59:59+02:00,37,19,11454,11250,24182,23538,27645,29494,38824,42474,58911,61802,49395,54813,35115,45525,10891,20698,3140,3237,7562,8163,8331,10954,10948,15876,13461,15885,15783,18120,24716,32885,10314,19572,370782,160707,64654,24469,104309,27459,6309,13,10
2021-06-06T23:59:59+02:00,34,18,11318,11144,23863,23309,27436,29321,37225,41288,58787,61724,49370,54785,35107,45511,10891,20696,3037,3187,7291,8075,8062,10790,10212,15195,12867,15267,15632,18009,24702,32862,10312,19572,370375,160594,61275,21317,104299,27293,5865,13,10
2021-06-05T23:59:59+02:00,34,17,11300,11127,23820,23274,27401,29295,37198,41274,58689,61639,49359,54779,35105,45509,10891,20693,3025,3176,7268,8043,8033,10774,10182,15181,12827,15243,15511,17845,24697,32854,10311,19571,370045,160170,61273,21316,104299,27278,5774,13,10
2021-06-04T23:59:59+02:00,34,15,11115,10868,23458,22810,27128,28898,36773,40825,58071,61099,49325,54738,35095,45491,10890,20687,3001,3159,7239,8027,8012,10756,10153,15156,12793,15209,15300,17639,24686,32833,10309,19570,368249,159587,59004,21303,104286,27181,5768,13,10
2021-06-03T23:59:59+02:00,32,14,10895,10652,23002,22418,26704,28563,35678,39998,55313,58748,49197,54580,35052,45428,10885,20672,2912,3078,7031,7872,7556,10460,9128,14529,11553,14513,14122,16175,24509,32616,10297,19551,364316,156245,54081,17594,104236,26874,5186,12,10
2021-06-02T23:59:59+02:00,32,14,10860,10619,22966,22384,26673,28538,35647,39957,55186,58590,49183,54557,35046,45421,10885,20671,2872,3049,6976,7854,7497,10427,8973,14490,11330,14450,12776,14702,24390,32444,10292,19544,363732,152448,54075,17583,104236,26858,5174,12,10
2021-06-01T23:59:59+02:00,19,7,10447,10277,22310,21877,25990,27955,34926,39381,52188,55445,48794,54148,34928,45259,10869,20645,2413,2690,5626,7168,6229,9853,7586,13821,10198,13488,8472,9148,23917,31764,10269,19486,352983,134279,53905,17216,104217,26282,4348,12,10
2021-05-31T23:59:59+02:00,18,6,10173,10049,21737,21480,25582,27705,34605,39178,50740,54049,48695,54023,34895,45218,10862,20637,2304,2566,5340,6923,5969,9633,7221,13580,9942,13329,8421,9086,23891,31717,10261,19473,348257,133509,53866,17097,104193,25723,3324,12,10
2021-05-30T23:59:59+02:00,17,6,10119,10001,21648,21442,25517,27672,34493,39107,50377,53708,48671,53998,34889,45212,10860,20634,2269,2536,5235,6845,5867,9565,7032,13492,9717,13233,8377,9039,23875,31710,10260,19468,347075,132915,53847,16924,104179,25420,3258,12,10
2021-05-29T23:59:59+02:00,16,6,10104,9989,21614,21424,25500,27660,34472,39094,50364,53690,48667,53994,34886,45211,10860,20634,2250,2482,5191,6720,5807,9433,6916,13295,9579,13013,8304,8949,23808,31643,10259,19467,346919,132638,53847,16873,104158,24353,3249,12,10
2021-05-28T23:59:59+02:00,16,6,10046,9921,21539,21316,25422,27542,34395,38994,50286,53592,48646,53976,34878,45201,10860,20630,2166,2215,4573,6179,5186,8711,6545,12332,9084,12018,8129,8752,23440,31163,10258,19464,346076,131146,53836,16775,104100,19049,3242,12,10
2021-05-27T23:59:59+02:00,15,6,9782,9673,21011,20938,24879,27184,33871,38616,49672,52984,48478,53783,34808,45126,10856,20611,1925,1947,3993,5658,4509,8109,6036,11566,8142,10700,7625,8094,21886,29014,10243,19442,341798,125502,53427,15641,103991,14676,3065,12,10
2021-05-26T23:59:59+02:00,15,6,9508,9427,20287,20370,24009,26513,32610,37588,48908,52281,48224,53494,34734,45012,10845,20587,1870,1876,3899,5531,4376,7946,5830,11305,7817,10316,7064,7368,19463,25593,10225,19399,337090,117043,50452,15387,103938,14516,2926,12,10
2021-05-25T23:59:59+02:00,14,6,9243,9193,19874,20013,23571,26122,32102,37074,48015,51305,47926,53179,34651,44872,10833,20557,1804,1828,3779,5434,4240,7801,5622,11083,7507,9997,6441,6530,15355,20235,10205,19341,331520,104900,50372,15343,103865,14172,2781,12,10
2021-05-24T23:59:59+02:00,13,6,9024,9037,19307,19724,22801,25735,30588,36056,47791,51132,47833,53078,34622,44842,10831,20556,1779,1813,3734,5400,4177,7759,5557,11024,7432,9941,6415,6506,15341,20226,10205,19341,329940,104784,46569,15331,103807,13881,2648,12,10
2021-05-23T23:59:59+02:00,13,6,8816,8830,18948,19432,22379,25387,30164,35735,47199,50621,47400,52623,34520,44696,10823,20547,1777,1812,3725,5395,4173,7756,5547,11014,7423,9931,6411,6495,15341,20224,10205,19341,325107,104727,46568,15329,103806,13862,2646,12,10
2021-05-22T23:59:59+02:00,13,6,8785,8793,18899,19389,22332,25355,30111,35705,47090,50551,47381,52601,34517,44687,10820,20547,1776,1809,3713,5382,4169,7750,5543,11008,7416,9927,6409,6493,15339,20224,10205,19341,324564,104695,46568,15329,103805,13841,2633,12,10
2021-05-21T23:59:59+02:00,12,6,8511,8440,18460,18873,21973,24713,29685,34896,46601,49886,47293,52479,34479,44644,10817,20542,1713,1768,3634,5343,4127,7716,5511,10963,7375,9878,6381,6467,15262,20127,10204,19340,319367,104384,46539,15328,103781,13480,2611,12,10
2021-05-20T23:59:59+02:00,12,6,7937,7889,17511,18079,20971,23795,28366,33698,44853,48065,46854,52019,34371,44490,10800,20523,1411,1606,3321,5054,3860,7328,5216,10484,6996,9425,6148,6213,13957,18592,10181,19301,307764,100647,46453,14848,103554,11136,2456,12,10
2021-05-19T23:59:59+02:00,12,6,7671,7574,16907,17476,20073,22922,27139,32441,43061,45977,46322,51463,34220,44270,10779,20493,1347,1522,3118,4840,3653,7077,4992,10131,6698,9094,5866,5881,11764,15758,10164,19242,296636,94443,46413,14377,103507,10084,2238,12,9
2021-05-18T23:59:59+02:00,11,6,7145,7030,15752,16451,18806,21673,25629,30814,40371,42745,45493,50518,33982,43966,10754,20451,1326,1496,3058,4769,3577,6958,4856,9998,6516,8883,5601,5606,10066,13592,10140,19187,280841,89319,45209,14327,103406,9847,2131,10,9
2021-05-17T23:59:59+02:00,11,6,7065,6969,15569,16341,18592,21504,25231,30487,38619,41108,45383,50440,33935,43900,10745,20428,1293,1473,3002,4724,3514,6899,4788,9896,6421,8782,5560,5566,10052,13575,10137,19179,280627,89252,40441,14045,103362,9666,1893,10,9
2021-05-16T23:59:59+02:00,10,5,6950,6917,15449,16253,18463,21398,25049,30373,35637,38338,45347,50405,33913,43876,10742,20423,1269,1455,2958,4683,3466,6842,4702,9828,6325,8702,5530,5529,10040,13559,10135,19176,280348,89204,34293,13777,103241,9557,1656,10,9
2021-05-15T23:59:59+02:00,10,5,6926,6886,15388,16195,18417,21358,24982,30330,35601,38297,45324,50378,33906,43871,10742,20423,1257,1429,2926,4610,3447,6773,4683,9747,6303,8652,5524,5524,10035,13558,10135,19176,279866,89149,34293,13773,103227,9209,1643,10,9
2021-05-14T23:59:59+02:00,10,5,6750,6518,15043,15696,18105,20941,24648,29868,35355,37945,45295,50347,33896,43866,10742,20421,1200,1368,2848,4506,3400,6671,4619,9596,6221,8523,5494,5480,10022,13549,10135,19175,278811,89064,34145,13754,100907,8406,1578,10,9
2021-05-13T23:59:59+02:00,10,5,6400,6202,14287,15112,17400,20313,23791,29126,34587,37275,45007,50004,33817,43740,10738,20410,1023,1284,2652,4397,3282,6550,4478,9428,6099,8380,5451,5442,10007,13533,10131,19170,272410,88916,33821,13673,100692,7422,1291,10,9
2021-05-12T23:59:59+02:00,10,5,6000,5930,13307,14435,16380,19512,23125,28690,34281,36994,44824,49810,33786,43709,10735,20407,1020,1282,2645,4391,3263,6546,4473,9418,6091,8375,5445,5436,10005,13528,10130,19169,266152,88855,33812,13663,100688,7417,1278,10,8
2021-05-11T23:59:59+02:00,10,5,5625,5706,12721,13989,14576,18071,20173,26164,31966,34666,43772,48550,33462,43237,10706,20358,958,1208,2529,4219,3157,6314,4354,9131,5976,8149,5374,5358,9963,13468,10122,19153,248864,88383,33535,13448,100250,6499,1098,10,8
2021-05-10T23:59:59+02:00,10,5,5476,5609,12449,13863,14226,17849,19371,25593,30588,33647,43240,47939,33405,43149,10698,20338,915,1149,2430,4057,3063,6112,4229,8867,5854,7953,5337,5329,9951,13452,10118,19144,243389,88276,33324,13387,99946,5506,786,10,8
2021-05-09T23:59:59+02:00,10,5,5070,5368,11255,13331,13225,17486,18349,25263,30045,33356,43184,47867,33380,43134,10695,20331,891,1119,2331,3952,2973,5973,4097,8692,5760,7848,5329,5315,9944,13448,10113,19141,238057,88231,33252,13345,99607,4918,428,10,7
2021-05-08T23:59:59+02:00,10,5,5059,5359,11233,13312,13200,17467,18319,25230,30005,33313,43176,47856,33379,43130,10695,20331,887,1113,2318,3944,2967,5973,4093,8686,5757,7845,5326,5312,9941,13443,10113,19141,237789,88203,33251,13345,99606,4884,423,10,7
2021-05-07T23:59:59+02:00,10,5,4958,5276,11005,13144,12908,17251,17711,24629,29057,32419,42985,47616,33323,43058,10691,20325,860,1082,2282,3889,2921,5927,4038,8632,5674,7792,5279,5265,9929,13434,10113,19140,235297,88068,31358,13342,99498,4635,208,10,7
2021-05-06T23:59:59+02:00,10,5,4543,4996,10337,12727,12149,16586,16106,23186,26509,30027,42282,46867,33157,42822,10675,20302,804,1027,2146,3639,2753,5618,3844,8159,5478,7470,5228,5212,9906,13406,10111,19132,226535,87886,28010,13028,98683,2967,48,10,7
2021-05-05T23:59:59+02:00,10,5,4230,4769,9742,12281,11430,16006,15004,22160,23661,27268,41305,45762,32875,42435,10657,20261,790,1005,2084,3514,2696,5463,3751,7948,5382,7334,5179,5157,9870,13367,10109,19129,213524,87626,27828,12890,98459,2218,40,10,7
2021-05-04T23:59:59+02:00,10,5,3880,4311,9072,11583,10659,15166,13700,20906,20058,23861,39957,44302,32503,41915,10634,20223,772,975,2017,3397,2626,5328,3659,7797,5287,7211,5141,5112,9840,13338,10107,19126,196457,87410,27810,12592,98434,1693,34,10,7
2021-05-03T23:59:59+02:00,10,4,3638,3889,8662,11089,10181,14541,13165,20251,19336,23214,39692,44051,32424,41812,10631,20208,758,946,1950,3292,2569,5221,3599,7683,5237,7124,5126,5101,9825,13321,10104,19121,190597,87270,27798,12584,98371,1097,22,10,7
2021-05-02T23:59:59+02:00,10,4,3635,3887,8644,11082,10172,14533,13144,20239,19318,23205,39691,44050,32423,41811,10630,20208,754,929,1920,3211,2523,5125,3552,7558,5217,7058,5122,5098,9824,13317,10104,19119,190509,87252,27785,12553,98364,604,18,10,7
2021-05-01T23:59:59+02:00,10,4,3633,3880,8632,11069,10164,14524,13137,20237,19307,23196,39691,44048,32423,41811,10630,20208,753,929,1919,3211,2523,5125,3552,7558,5217,7058,5122,5098,9824,13317,10103,19119,190429,87251,27784,12552,98364,604,17,10,7
2021-04-30T23:59:59+02:00,10,3,3610,3857,8586,11033,10121,14485,13076,20198,19204,23045,39423,43725,32402,41791,10629,20208,750,925,1906,3202,2522,5116,3549,7551,5215,7051,5119,5095,9820,13316,10103,19119,189505,87225,27515,12549,98359,564,17,10,7
2021-04-29T23:59:59+02:00,10,3,3344,3684,8153,10759,9573,14200,12584,19835,18467,22318,36365,40275,32142,41423,10617,20170,737,911,1858,3141,2473,5050,3483,7409,5123,6952,5081,5061,9798,13273,10101,19113,183965,87021,21678,12393,98253,130,16,10,7
2021-04-28T23:59:59+02:00,10,3,3183,3617,7889,10649,9176,14027,12209,19598,17981,21883,32576,35958,31924,41122,10604,20148,721,896,1832,3102,2428,5001,3446,7352,5058,6891,5020,5001,9746,13215,10098,19104,172806,86815,21525,11961,98206,120,11,9,7
2021-04-27T23:59:59+02:00,9,3,3102,3551,7629,10517,8823,13854,11724,19373,17503,21394,27014,29768,31547,40615,10583,20116,711,882,1800,3065,2393,4955,3393,7293,5003,6815,4969,4932,9711,13164,10095,19095,157464,86608,21503,11537,98138,117,11,9,6
2021-04-26T23:59:59+02:00,9,3,3049,3517,7488,10452,8657,13795,11493,19305,16978,21007,26981,29735,31533,40600,10583,20116,688,851,1732,3005,2327,4899,3327,7204,4910,6713,4872,4857,9629,13081,10093,19092,156887,86482,21285,10667,97109,117,11,9,6
2021-04-25T23:59:59+02:00,9,3,3011,3500,7326,10400,8419,13745,11161,19261,16151,20536,25425,28078,31478,40537,10583,20113,688,849,1725,3000,2320,4896,3322,7196,4906,6704,4869,4852,9621,13069,10093,19092,156402,86458,21275,10630,92039,100,11,9,6
2021-04-24T23:59:59+02:00,9,3,3007,3494,7310,10387,8408,13737,11147,19252,16134,20518,25382,28015,31475,40531,10582,20112,688,849,1725,2999,2320,4896,3321,7196,4906,6704,4869,4851,9619,13068,10093,19092,156200,86452,21271,10630,92012,100,11,9,6
2021-04-23T23:59:59+02:00,9,3,2989,3476,7268,10344,8363,13692,11081,19192,16074,20454,24959,27511,31442,40475,10579,20109,680,841,1707,2990,2304,4867,3269,7158,4808,6609,4732,4728,9452,12870,10087,19077,155011,86162,21131,9903,91858,100,11,9,6
2021-04-22T23:59:59+02:00,8,3,2910,3394,7076,10160,7821,13284,9873,18399,14522,19413,22945,25079,31231,40206,10560,20081,615,790,1592,2878,2179,4703,3108,6987,4624,6409,4577,4554,8942,12216,10051,18998,150212,84251,15836,8877,90897,81,11,9,6
2021-04-21T23:59:59+02:00,8,3,2857,3346,6952,10071,7610,13129,9507,18158,14052,18967,20440,21942,30934,39820,10543,20055,566,766,1512,2799,2093,4612,2982,6844,4461,6245,4391,4375,8374,11459,10008,18909,143214,82464,15073,7845,90088,73,11,8,6
2021-04-20T23:59:59+02:00,8,3,2817,3307,6846,9982,7472,13020,9255,17940,13561,18575,17051,17879,30621,39345,10526,20019,536,732,1439,2735,2006,4533,2882,6726,4325,6083,4206,4181,7514,10252,9940,18757,134362,79554,14828,7212,89018,68,11,8,5
2021-04-19T23:59:59+02:00,8,3,2803,3300,6799,9941,7420,12985,9179,17866,13424,18460,16718,17498,30589,39310,10525,20015,477,692,1321,2640,1907,4436,2750,6568,4128,5891,3953,3879,5688,7836,9725,18362,134051,73745,14633,6430,88140,65,11,8,5
2021-04-18T23:59:59+02:00,8,3,2787,3286,6723,9915,7315,12936,8983,17799,12588,18332,15309,16093,30521,39249,10522,20008,472,687,1312,2632,1892,4425,2717,6539,4067,5842,3877,3808,5278,7214,9680,18279,133838,72263,14490,6384,84030,61,11,8,5
2021-04-17T23:59:59+02:00,8,3,2777,3282,6706,9893,7285,12915,8951,17760,12556,18312,15256,16043,30467,39177,10521,20008,472,685,1312,2631,1891,4421,2713,6534,4064,5838,3876,3806,5273,7213,9679,18278,133484,72228,14489,6384,83928,61,11,8,5
2021-04-16T23:59:59+02:00,8,3,2764,3268,6672,9878,7234,12876,8876,17708,12448,18210,15011,15766,29949,38530,10518,20001,472,683,1306,2626,1882,4419,2708,6528,4056,5830,3871,3800,5256,7183,9679,18276,131963,72131,14482,6373,83256,58,11,8,5
2021-04-15T23:59:59+02:00,8,3,2713,3211,6539,9777,7045,12698,8533,17435,11974,17745,13955,14550,27836,35724,10502,19978,463,677,1301,2600,1867,4396,2685,6500,4013,5777,3816,3725,5225,7132,9671,18264,126048,71816,14206,6237,79954,47,10,8,5
2021-04-14T23:59:59+02:00,7,1,2657,3162,6445,9682,6901,12538,8262,17168,11544,17282,12775,13168,23130,29648,10484,19924,460,671,1288,2590,1855,4379,2663,6475,3970,5740,3769,3674,5165,7078,9643,18228,113680,71526,14173,6085,76908,25,10,7,5
2021-04-13T23:59:59+02:00,7,1,2605,3128,6317,9596,6750,12407,7983,16919,11121,16862,10115,10247,20060,25487,10462,19882,444,646,1240,2547,1802,4317,2554,6373,3791,5577,3556,3489,5020,6941,9634,18206,105278,71182,13980,4922,70674,21,10,7,5
2021-04-12T23:59:59+02:00,7,1,2584,3114,6257,9568,6644,12320,7791,16791,10874,16655,8752,8756,19240,24516,10461,19873,438,637,1220,2532,1786,4294,2520,6331,3738,5525,3495,3440,4985,6900,9629,18184,105160,71041,13926,4585,65101,16,10,7,5
2021-04-11T23:59:59+02:00,7,1,2556,3106,6161,9541,6529,12283,7626,16741,10675,16550,7482,7479,17515,22540,10459,19870,438,637,1219,2530,1786,4293,2520,6331,3736,5520,3491,3439,4979,6898,9629,18184,105091,71031,13920,4575,58093,12,10,7,5
2021-04-10T23:59:59+02:00,7,1,2555,3104,6151,9536,6520,12278,7621,16736,10668,16541,7474,7467,17506,22534,10459,19870,437,634,1217,2527,1785,4291,2518,6326,3733,5519,3482,3425,4971,6884,9629,18184,105009,70971,13919,4568,58084,12,9,7,5
2021-04-09T23:59:59+02:00,7,1,2493,3006,6016,9326,6363,12016,7363,16329,10356,16042,7317,7262,17390,22354,10458,19868,432,629,1199,2515,1758,4276,2487,6277,3655,5440,3369,3315,4833,6795,9624,18181,104540,70889,13890,3875,55521,10,9,7,5
2021-04-08T23:59:59+02:00,7,1,2414,2934,5920,9207,6260,11888,7192,16143,10100,15854,7123,7003,16131,20894,10447,19838,425,624,1187,2483,1733,4240,2460,6204,3603,5374,3295,3270,4754,6690,9602,18136,100891,70449,13536,3611,54913,9,9,7,5
2021-04-07T23:59:59+02:00,7,1,2387,2898,5847,9136,6172,11813,7059,16044,9858,15703,6826,6676,13818,17946,10426,19791,420,623,1177,2470,1720,4217,2446,6164,3536,5315,3224,3218,4699,6631,9595,18108,94739,70176,13375,3368,54278,8,9,7,5
2021-04-06T23:59:59+02:00,7,1,2370,2865,5751,9070,6081,11734,6906,15931,9618,15520,6469,6314,11720,15346,10399,19732,417,616,1170,2443,1708,4194,2420,6126,3472,5250,3140,3168,4654,6577,9590,18092,89712,69933,13075,3087,53033,8,7,7,5
2021-04-05T23:59:59+02:00,7,1,2362,2856,5733,9053,6069,11715,6893,15912,9598,15495,6345,6216,10440,14059,10399,19731,413,608,1166,2428,1702,4178,2404,6096,3439,5209,3110,3131,4633,6531,9584,18076,89633,69743,13039,2950,50199,7,6,7,5
2021-04-04T23:59:59+02:00,7,1,2362,2856,5730,9050,6067,11715,6891,15912,9596,15494,6340,6212,10440,14057,10399,19731,413,607,1166,2427,1702,4178,2403,6096,3439,5209,3110,3131,4631,6531,9584,18076,89624,69739,13037,2949,50186,7,6,7,5
2021-04-03T23:59:59+02:00,7,1,2360,2848,5722,9043,6062,11711,6888,15908,9593,15492,6337,6207,10433,14054,10399,19731,413,607,1166,2427,1702,4178,2403,6096,3439,5208,3110,3131,4631,6531,9584,18076,89567,69738,13036,2949,50180,7,6,7,5
2021-04-02T23:59:59+02:00,7,1,2359,2846,5716,9036,6060,11708,6884,15907,9589,15490,6333,6201,10419,14025,10398,19730,411,605,1165,2427,1701,4177,2402,6096,3438,5201,3084,3114,4621,6522,9584,18076,89484,69661,13033,2948,50179,7,6,7,5
2021-04-01T23:59:59+02:00,7,1,2338,2843,5686,9007,6017,11666,6841,15852,9534,15434,6240,6104,10124,13678,10375,19682,409,589,1162,2421,1694,4166,2386,6079,3412,5180,3022,3066,4562,6450,9509,17964,88497,69112,13012,2945,49908,7,5,7,5
2021-03-31T23:59:59+02:00,7,1,2304,2816,5610,8941,5949,11573,6738,15740,9400,15300,6095,5962,9574,12940,10333,19592,404,583,1156,2410,1687,4150,2380,6066,3392,5146,2990,3033,4515,6391,9453,17863,86524,68664,12799,2943,49541,7,4,7,4
2021-03-30T23:59:59+02:00,7,1,2284,2800,5563,8883,5886,11498,6667,15643,9302,15156,5910,5748,8671,11603,10258,19410,402,581,1153,2406,1674,4133,2362,6044,3358,5102,2933,2965,4428,6292,9323,17624,83458,67964,12418,2805,49405,7,4,5,3
2021-03-29T23:59:59+02:00,6,1,2217,2746,5460,8772,5778,11348,6499,15412,9071,14901,5552,5373,6732,9069,10038,18990,395,577,1142,2395,1661,4121,2337,6018,3329,5045,2863,2900,4311,6188,9122,17294,77370,67017,11608,2670,48978,7,4,5,3
2021-03-28T23:59:59+02:00,6,1,2196,2733,5417,8713,5702,11270,6412,15326,8953,14782,5428,5221,6092,8140,9972,18874,386,571,1127,2379,1636,4094,2290,5957,3273,4953,2778,2821,4195,6043,9050,17158,75079,66558,11350,2145,48800,4,4,5,3
2021-03-27T23:59:59+01:00,6,1,2196,2728,5406,8707,5698,11255,6397,15304,8942,14769,5400,5194,6082,8137,9972,18873,386,571,1125,2378,1635,4089,2286,5954,3264,4946,2773,2818,4179,6018,8970,17011,74973,66251,11350,2144,48735,4,4,5,3
2021-03-26T23:59:59+01:00,6,1,2180,2708,5369,8669,5659,11206,6318,15234,8793,14620,5238,5045,5913,7958,9970,18865,382,563,1119,2365,1619,4060,2258,5918,3230,4892,2712,2755,3995,5762,8265,15836,74629,63617,10519,2106,48595,4,4,5,3
2021-03-25T23:59:59+01:00,6,0,2063,2627,5193,8454,5457,10930,6110,14935,8553,14332,5078,4891,5817,7839,9967,18857,373,549,1098,2339,1595,4032,2212,5860,3157,4814,2614,2653,3622,5268,7135,14103,74174,59531,9571,1886,47356,4,3,5,3
2021-03-24T23:59:59+01:00,6,0,1977,2579,5045,8294,5296,10737,5946,14697,8349,14100,4938,4732,5703,7723,9961,18848,369,538,1085,2311,1562,3976,2153,5795,3069,4713,2481,2539,3198,4651,5737,11884,73800,54514,8409,1540,46714,4,3,5,3
2021-03-23T23:59:59+01:00,6,0,1901,2526,4934,8171,5197,10595,5825,14504,8234,13932,4856,4646,5637,7664,9953,18830,358,513,1066,2276,1529,3918,2109,5706,2987,4623,2392,2444,2748,4019,3845,8675,73406,47810,7663,1392,46334,3,3,5,3
2021-03-22T23:59:59+01:00,6,0,1836,2467,4800,8035,5064,10420,5665,14271,8042,13719,4752,4534,5568,7555,9939,18786,331,496,1037,2238,1484,3845,2043,5596,2885,4472,2279,2292,2230,3339,1339,4563,72912,39305,6625,1159,45914,1,3,5,3
2021-03-21T23:59:59+01:00,6,0,1834,2461,4788,8020,5049,10410,5649,14254,8012,13695,4729,4519,5552,7543,9935,18786,330,496,1031,2224,1475,3816,2025,5558,2859,4422,2238,2244,2188,3298,1322,4518,72889,39165,6575,875,45771,1,2,5,3
2021-03-20T23:59:59+01:00,6,0,1834,2461,4787,8019,5048,10408,5648,14253,8005,13689,4728,4518,5544,7535,9935,18786,330,496,1031,2224,1475,3816,2025,5558,2858,4421,2237,2241,2188,3298,1322,4518,72878,39163,6575,871,45744,1,2,5,3
2021-03-19T23:59:59+01:00,6,0,1781,2213,4271,6725,4639,9426,5378,13696,7781,13286,4603,4421,5474,7469,9935,18786,329,496,1031,2224,1475,3815,2025,5557,2857,4421,2235,2240,2183,3292,1321,4516,72820,39148,6565,865,40498,1,2,5,3
2021-03-18T23:59:59+01:00,6,0,1726,1961,3853,5661,4109,8047,4561,11158,6424,9955,4237,4122,5272,7249,9914,18746,328,493,1024,2211,1468,3790,1999,5518,2832,4397,2214,2225,2158,3263,1316,4507,72390,38956,6503,783,28101,1,2,5,3
2021-03-17T23:59:59+01:00,6,0,1720,1952,3843,5635,4092,8017,4537,11094,6374,9883,4200,4075,5233,7205,9908,18723,325,492,1020,2203,1462,3781,1992,5503,2822,4371,2187,2198,2138,3248,1309,4493,72134,38805,6443,734,27913,1,2,5,3
2021-03-16T23:59:59+01:00,6,0,1698,1918,3784,5554,4021,7911,4408,10932,6169,9683,3977,3886,5093,7046,9902,18702,323,488,1019,2184,1457,3768,1983,5489,2813,4352,2179,2184,2126,3220,1301,4464,71823,38640,5168,705,27692,1,2,5,3
2021-03-15T23:59:59+01:00,6,0,1688,1898,3759,5520,3996,7874,4357,10863,6090,9599,3896,3819,5040,6986,9896,18677,320,484,1010,2167,1449,3762,1967,5453,2795,4324,2164,2152,2101,3158,1293,4426,71601,38421,4810,601,27548,1,0,5,3
2021-03-14T23:59:59+01:00,6,0,1682,1888,3751,5510,3991,7858,4348,10832,6082,9577,3889,3810,5035,6978,9895,18675,320,484,1008,2167,1445,3759,1964,5451,2777,4318,2158,2150,2090,3148,1289,4424,71569,38413,4794,536,27439,1,0,5,3
2021-03-13T23:59:59+01:00,6,0,1679,1883,3738,5487,3984,7849,4328,10821,6068,9562,3886,3807,5032,6975,9895,18675,320,484,1008,2167,1445,3759,1964,5450,2777,4317,2157,2149,2090,3146,1281,4419,71545,38394,4789,536,27336,1,0,5,3
2021-03-12T23:59:59+01:00,5,0,1640,1826,3224,5340,3469,7735,4194,10695,5842,9273,3720,3661,4891,6867,9870,18628,315,462,1004,2137,1437,3735,1944,5379,2724,4232,1978,1994,2030,3096,1274,4413,71333,37624,4069,528,25473,0,0,5,3
2021-03-11T23:59:59+01:00,5,0,1532,1690,2841,5079,3032,7480,3914,10282,5215,8381,3496,3485,4785,6750,9832,18578,314,461,1001,2124,1434,3715,1937,5360,2715,4215,1971,1986,2016,3079,1269,4395,70770,37502,3807,488,21795,0,0,5,3
2021-03-10T23:59:59+01:00,5,0,1502,1658,2802,5034,2997,7421,3859,10195,5107,8264,3370,3381,4670,6636,9789,18511,312,460,999,2121,1432,3704,1933,5347,2703,4195,1954,1979,1991,3047,1258,4381,70362,37421,3477,393,21357,0,0,5,3
2021-03-09T23:59:59+01:00,5,0,1493,1642,2770,5009,2976,7377,3821,10135,5029,8184,3273,3298,4590,6547,9683,18301,309,459,996,2115,1425,3692,1907,5325,2661,4165,1913,1954,1941,3019,1246,4372,69771,37393,3210,104,21147,0,0,5,3
2021-03-08T23:59:59+01:00,5,0,1478,1629,2740,4982,2950,7347,3798,10087,5005,8122,3232,3258,4517,6483,9509,18002,309,459,994,2111,1417,3676,1890,5292,2642,4137,1894,1935,1916,2996,1240,4353,68984,37245,3201,14,20954,0,0,5,3
2021-03-07T23:59:59+01:00,5,0,1465,1619,2710,4937,2916,7299,3765,10025,4962,8062,3197,3225,4452,6383,9433,17858,309,458,994,2110,1416,3671,1887,5282,2641,4132,1890,1932,1912,2992,1237,4345,68449,37194,3147,12,20712,0,0,5,3
2021-03-06T23:59:59+01:00,5,0,1464,1617,2704,4926,2913,7290,3757,10018,4944,8046,3187,3215,4429,6344,9345,17689,309,458,992,2107,1416,3669,1881,5273,2639,4130,1885,1924,1906,2990,1236,4342,68059,37144,3147,12,20682,0,0,5,2
2021-03-05T23:59:59+01:00,5,0,1391,1538,2606,4764,2856,7133,3672,9811,4843,7850,3137,3156,4213,6058,8641,16502,309,458,990,2105,1411,3664,1879,5272,2635,4123,1876,1920,1901,2987,1231,4339,65418,37087,3144,12,19609,0,0,5,2
2021-03-04T23:59:59+01:00,5,0,1218,1434,2436,4564,2685,6864,3504,9465,4585,7508,3021,3033,3852,5601,7479,14689,308,450,981,2081,1395,3624,1851,5219,2607,4077,1848,1895,1868,2932,1204,4293,61227,36620,3141,12,17570,0,0,5,2
2021-03-03T23:59:59+01:00,5,0,1185,1381,2357,4456,2625,6740,3417,9300,4488,7364,2936,2963,3480,5002,6096,12509,304,441,970,2058,1383,3596,1837,5169,2553,4023,1801,1860,1844,2903,1189,4265,56190,36183,3115,12,16995,0,0,4,2
2021-03-02T23:59:59+01:00,5,0,1151,1344,2297,4398,2574,6649,3335,9177,4351,7215,2822,2836,2998,4337,4101,9157,299,432,965,2032,1370,3552,1823,5114,2521,3997,1791,1846,1825,2877,1178,4238,49163,35847,2867,12,16714,0,0,3,2
2021-03-01T23:59:59+01:00,5,0,1092,1314,2235,4335,2501,6562,3241,9051,4209,7027,2691,2699,2430,3596,1394,4714,298,429,958,2020,1359,3533,1815,5098,2509,3981,1775,1836,1808,2858,1166,4210,40136,35640,2478,12,16479,0,0,3,2
2021-02-28T23:59:59+01:00,5,0,1058,1300,2193,4298,2471,6519,3193,8994,4147,6968,2624,2653,2382,3565,1386,4694,298,428,956,2015,1357,3520,1812,5084,2503,3973,1768,1825,1795,2847,1159,4195,40040,35522,2186,12,16221,0,0,3,2
2021-02-27T23:59:59+01:00,5,0,1016,1217,2128,4055,2413,6285,3129,8696,4056,6714,2569,2596,2362,3541,1383,4694,298,428,955,2015,1357,3520,1812,5083,2502,3973,1768,1824,1793,2847,1159,4195,39934,35516,2185,12,14737,0,0,3,2
2021-02-26T23:59:59+01:00,4,0,849,963,1926,3663,2251,5617,2912,7774,3745,5920,2520,2543,2344,3527,1380,4692,298,428,955,2012,1355,3518,1810,5082,2500,3972,1768,1821,1786,2846,1157,4188,39919,35483,2098,12,10610,0,0,3,2
2021-02-25T23:59:59+01:00,4,0,506,806,1646,3464,2068,5313,2716,7378,3519,5617,2439,2466,2304,3466,1376,4678,288,407,930,1962,1325,3449,1780,5001,2471,3908,1743,1794,1748,2802,1130,4148,39724,34874,1841,11,8198,0,0,3,2
2021-02-24T23:59:59+01:00,3,0,486,788,1611,3367,2006,5183,2656,7195,3453,5475,2374,2419,2269,3437,1367,4645,279,403,915,1929,1311,3395,1767,4941,2447,3863,1732,1776,1739,2783,1118,4121,39536,34515,1672,3,7523,0,0,3,2
2021-02-23T23:59:59+01:00,3,0,467,752,1550,3264,1951,5043,2578,7063,3367,5370,2314,2360,2234,3381,1352,4614,278,399,910,1914,1304,3365,1758,4910,2426,3831,1712,1756,1719,2748,1103,4068,39390,34197,1401,3,6869,0,0,3,2
2021-02-22T23:59:59+01:00,2,0,451,721,1495,3163,1912,4904,2519,6845,3306,5226,2306,2264,2219,3302,1348,4569,277,396,907,1903,1296,3338,1741,4874,2412,3801,1693,1737,1692,2720,1088,4023,39179,33896,1138,1,6232,0,0,3,2
2021-02-21T23:59:59+01:00,2,0,443,683,1437,3021,1865,4754,2466,6686,3223,5122,2270,2231,2192,3282,1338,4564,277,395,904,1895,1295,3329,1737,4864,2408,3792,1691,1734,1691,2718,1088,4022,39138,33838,905,1,5533,0,0,3,2
2021-02-20T23:59:59+01:00,2,0,439,678,1429,3017,1859,4754,2463,6683,3219,5118,2267,2230,2192,3281,1337,4564,277,395,904,1894,1295,3328,1737,4864,2407,3791,1690,1733,1688,2718,1087,4020,39134,33826,901,1,5494,0,0,3,2
2021-02-19T23:59:59+01:00,1,0,418,641,1400,2955,1832,4700,2422,6583,3132,5000,2087,2068,2129,3232,1332,4558,275,394,902,1892,1294,3327,1737,4859,2404,3790,1688,1731,1686,2717,1087,4019,38382,33801,882,1,5223,0,0,3,1
2021-02-18T23:59:59+01:00,1,0,393,585,1295,2712,1728,4456,2284,6321,3030,4818,2058,2052,2113,3215,1327,4550,275,388,894,1859,1285,3288,1719,4811,2385,3754,1676,1720,1669,2705,1075,4001,38308,33503,809,1,3818,0,0,3,1
2021-02-17T23:59:59+01:00,1,0,378,554,1256,2582,1672,4281,2214,6078,2971,4669,2039,2033,2090,3195,1312,4541,266,371,859,1774,1242,3159,1658,4652,2311,3618,1599,1651,1595,2595,1026,3884,38152,32259,758,1,2953,0,0,3,1
2021-02-16T23:59:59+01:00,1,0,360,524,1202,2462,1622,4145,2135,5893,2890,4533,2030,2029,2082,3188,1307,4530,258,354,838,1693,1187,3023,1597,4448,2239,3441,1549,1597,1535,2495,999,3756,38093,31008,728,1,2109,0,0,3,1
2021-02-15T23:59:59+01:00,1,0,350,502,1129,2318,1577,4072,2103,5840,2862,4492,2011,2013,2061,3158,1300,4510,251,335,815,1648,1155,2947,1541,4315,2168,3321,1474,1533,1481,2388,957,3579,37988,29907,618,1,1690,0,0,3,1
2021-02-14T23:59:59+01:00,1,0,342,497,1106,2262,1514,3908,2061,5748,2831,4453,2005,2011,2050,3149,1298,4503,244,330,797,1621,1139,2908,1499,4263,2130,3291,1458,1512,1457,2352,942,3537,37970,29479,553,1,1213,0,0,3,1
2021-02-13T23:59:59+01:00,1,0,342,497,1105,2262,1514,3907,2059,5747,2831,4453,2004,2009,2049,3149,1297,4500,244,330,797,1621,1139,2908,1498,4261,2130,3291,1456,1509,1456,2351,942,3536,37959,29468,553,1,1212,0,0,2,1
2021-02-12T23:59:59+01:00,1,0,338,494,1088,2253,1509,3893,2054,5738,2828,4447,1990,1999,2043,3136,1292,4497,243,329,791,1616,1133,2899,1481,4242,2111,3278,1443,1493,1441,2320,935,3503,37892,29257,545,1,1161,0,0,2,1
2021-02-11T23:59:59+01:00,1,0,318,470,1024,2155,1455,3766,1960,5474,2743,4328,1960,1966,2003,3071,1267,4441,223,303,742,1511,1053,2673,1357,3885,1927,2971,1256,1286,1273,2045,829,3153,37503,26486,508,1,389,0,0,2,1
2021-02-10T23:59:59+01:00,1,0,312,461,1002,2115,1417,3687,1906,5312,2648,4147,1891,1916,1961,3033,1249,4415,199,258,649,1322,926,2290,1169,3283,1688,2556,1098,1113,1127,1801,722,2813,37097,23013,373,1,1,0,0,2,1
2021-02-09T23:59:59+01:00,1,0,306,451,994,2083,1401,3635,1862,5245,2581,4091,1835,1880,1893,2980,1228,4394,165,199,551,1062,778,1846,964,2674,1425,2144,952,953,939,1522,606,2400,36797,19180,60,0,1,0,0,2,1
2021-02-08T23:59:59+01:00,1,0,305,449,991,2076,1391,3619,1854,5222,2562,4075,1821,1868,1875,2962,1221,4369,114,164,451,850,615,1431,765,2024,1149,1661,766,777,748,1204,483,1951,36642,15153,16,0,1,0,0,2,1
2021-02-07T23:59:59+01:00,1,0,305,449,990,2074,1390,3613,1851,5219,2555,4072,1815,1859,1859,2955,1217,4363,105,145,401,704,541,1257,686,1809,1053,1514,693,697,672,1084,418,1735,36572,13514,13,0,0,0,0,2,1
2021-02-06T23:59:59+01:00,1,0,305,449,989,2073,1390,3610,1851,5217,2555,4069,1815,1858,1854,2953,1214,4361,105,144,396,701,536,1233,670,1790,1042,1492,690,693,667,1080,417,1731,36549,13388,13,0,0,0,0,2,0
2021-02-05T23:59:59+01:00,1,0,305,448,987,2070,1386,3601,1847,5203,2549,4063,1814,1857,1846,2945,1205,4348,101,137,381,683,519,1204,638,1738,994,1429,653,643,622,1006,391,1643,36460,12783,13,0,0,0,0,2,0
2021-02-04T23:59:59+01:00,1,0,298,431,976,2038,1367,3548,1828,5126,2534,4015,1798,1837,1821,2910,1188,4317,76,106,282,461,358,811,454,1175,682,970,505,469,481,795,305,1312,36018,9243,13,0,0,0,0,2,0
2021-02-03T23:59:59+01:00,1,0,294,422,958,2011,1351,3510,1815,5077,2500,3972,1778,1814,1805,2886,1175,4303,60,82,236,395,289,632,347,919,522,724,339,325,346,568,218,959,35657,6962,13,0,0,0,0,2,0
2021-02-02T23:59:59+01:00,1,0,290,415,952,1983,1343,3478,1804,5031,2477,3937,1760,1798,1779,2845,1154,4256,39,63,181,312,242,484,265,736,377,556,235,208,221,377,150,627,35288,5073,13,0,0,0,0,2,0
2021-02-01T23:59:59+01:00,1,0,289,413,947,1976,1340,3462,1796,5011,2469,3918,1753,1787,1764,2830,1148,4243,19,39,134,227,167,309,169,490,236,321,119,105,96,184,69,277,35132,2961,13,0,0,0,0,2,0
2021-01-31T23:59:59+01:00,1,0,288,412,945,1969,1337,3453,1793,4992,2465,3903,1749,1779,1760,2823,1146,4234,18,34,116,199,150,267,152,410,200,277,100,91,88,157,61,243,35034,2563,13,0,0,0,0,2,0
2021-01-30T23:59:59+01:00,1,0,288,412,945,1969,1337,3453,1793,4992,2465,3903,1748,1779,1760,2822,1146,4233,18,34,115,199,150,265,149,407,199,276,99,90,88,157,61,243,35031,2550,13,0,0,0,0,2,0
2021-01-29T23:59:59+01:00,1,0,286,409,943,1967,1336,3445,1787,4983,2462,3900,1742,1772,1751,2812,1139,4212,16,33,114,190,141,257,137,379,168,249,72,66,79,136,56,211,34933,2304,13,0,0,0,0,1,0
2021-01-28T23:59:59+01:00,1,0,281,401,924,1911,1312,3381,1762,4921,2434,3838,1720,1752,1720,2781,1121,4177,0,0,9,19,8,17,11,46,7,22,7,3,7,9,2,13,34424,180,12,0,0,0,0,1,0
2021-01-27T23:59:59+01:00,1,0,276,383,891,1831,1278,3267,1700,4798,2374,3738,1664,1704,1676,2715,1085,4095,0,0,4,6,5,11,7,20,3,12,6,3,7,9,2,12,33467,107,8,0,0,0,0,1,0
2021-01-26T23:59:59+01:00,1,0,270,374,881,1818,1264,3229,1683,4741,2344,3672,1633,1672,1639,2645,1068,4013,0,0,4,6,5,11,7,20,3,12,6,3,7,9,2,12,32940,107,6,0,0,0,0,1,0
2021-01-25T23:59:59+01:00,1,0,259,350,839,1699,1194,3065,1593,4470,2241,3463,1574,1619,1587,2561,1022,3845,0,0,1,3,1,3,4,3,3,5,6,3,6,8,2,12,31379,60,2,0,0,0,0,1,0
2021-01-24T23:59:59+01:00,1,0,256,347,828,1680,1184,3043,1562,4437,2215,3442,1563,1611,1577,2550,1017,3838,0,0,1,2,1,3,4,3,3,5,6,3,6,8,2,12,31148,59,2,0,0,0,0,1,0
2021-01-23T23:59:59+01:00,1,0,256,347,828,1680,1183,3042,1562,4433,2214,3441,1562,1611,1576,2549,1016,3833,0,0,1,2,1,3,4,3,3,5,6,3,6,8,2,12,31131,59,2,0,0,0,0,1,0
2021-01-22T23:59:59+01:00,1,0,255,345,822,1677,1179,3037,1559,4426,2202,3436,1550,1600,1570,2530,1011,3814,0,0,1,2,1,3,4,3,3,5,6,3,6,8,2,12,31011,59,2,0,0,0,0,1,0
2021-01-21T23:59:59+01:00,1,0,244,335,795,1611,1154,2910,1503,4266,2122,3301,1452,1498,1438,2367,932,3633,0,0,1,2,1,3,4,2,3,5,4,2,5,8,1,12,29559,53,2,0,0,0,0,1,0
2021-01-20T23:59:59+01:00,1,0,221,291,723,1455,1064,2596,1367,3806,1949,2947,1332,1353,1318,2172,861,3413,0,0,1,2,1,3,4,2,3,5,4,2,5,8,1,12,26866,53,2,0,0,0,0,1,0
2021-01-19T23:59:59+01:00,1,0,190,235,625,1207,918,2150,1147,3191,1668,2517,1152,1155,1092,1836,716,2900,0,0,1,1,1,2,4,1,2,5,4,2,5,8,1,12,22697,49,2,0,0,0,0,1,0
2021-01-18T23:59:59+01:00,1,0,132,185,491,946,709,1635,879,2322,1298,1905,902,924,873,1455,560,2311,0,0,0,0,0,0,0,0,1,2,2,1,0,0,0,0,17526,6,1,0,0,0,0,1,0
2021-01-17T23:59:59+01:00,1,0,119,159,431,775,624,1414,778,2069,1186,1716,838,845,793,1319,501,2105,0,0,0,0,0,0,0,0,0,1,0,0,0,0,0,0,15672,1,0,0,0,0,0,1,0
2021-01-16T23:59:59+01:00,1,0,119,158,427,774,622,1406,768,2065,1178,1709,836,840,788,1308,493,2090,0,0,0,0,0,0,0,0,0,0,0,0,0,0,0,0,15582,0,0,0,0,0,0,0,0
2021-01-15T23:59:59+01:00,1,0,109,152,415,753,596,1368,736,1987,1117,1628,792,788,745,1223,463,1976,0,0,0,0,0,0,0,0,0,0,0,0,0,0,0,0,14849,0,0,0,0,0,0,0,0
2021-01-14T23:59:59+01:00,1,0,75,112,298,486,395,883,508,1279,762,1067,578,546,542,902,353,1501,0,0,0,0,0,0,0,0,0,0,0,0,0,0,0,0,10288,0,0,0,0,0,0,0,0
2021-01-13T23:59:59+01:00,1,0,58,85,246,409,319,666,378,978,556,760,364,344,362,613,246,1037,0,0,0,0,0,0,0,0,0,0,0,0,0,0,0,0,7422,0,0,0,0,0,0,0,0
2021-01-12T23:59:59+01:00,0,0,47,69,200,351,257,541,278,804,405,595,244,217,227,405,166,691,0,0,0,0,0,0,0,0,0,0,0,0,0,0,0,0,5497,0,0,0,0,0,0,0,0
2021-01-11T23:59:59+01:00,0,0,32,50,174,303,210,440,218,647,297,420,149,126,129,248,88,397,0,0,0,0,0,0,0,0,0,0,0,0,0,0,0,0,3928,0,0,0,0,0,0,0,0
2021-01-10T23:59:59+01:00,0,0,24,41,152,254,180,362,179,536,248,359,128,106,114,204,77,320,0,0,0,0,0,0,0,0,0,0,0,0,0,0,0,0,3284,0,0,0,0,0,0,0,0
2021-01-09T23:59:59+01:00,0,0,24,41,151,252,179,360,177,530,247,358,127,105,114,204,77,320,0,0,0,0,0,0,0,0,0,0,0,0,0,0,0,0,3266,0,0,0,0,0,0,0,0
2021-01-08T23:59:59+01:00,0,0,22,40,149,243,171,350,164,499,218,332,103,89,109,189,71,298,0,0,0,0,0,0,0,0,0,0,0,0,0,0,0,0,3047,0,0,0,0,0,0,0,0
2021-01-07T23:59:59+01:00,0,0,1,0,4,9,8,13,10,6,16,11,10,9,14,21,2,32,0,0,0,0,0,0,0,0,0,0,0,0,0,0,0,0,166,0,0,0,0,0,0,0,0
2021-01-06T23:59:59+01:00,0,0,0,0,1,3,1,5,5,2,3,6,6,2,7,10,1,14,0,0,0,0,0,0,0,0,0,0,0,0,0,0,0,0,66,0,0,0,0,0,0,0,0
2021-01-05T23:59:59+01:00,0,0,0,0,1,3,1,5,5,2,3,5,6,2,6,9,1,13,0,0,0,0,0,0,0,0,0,0,0,0,0,0,0,0,62,0,0,0,0,0,0,0,0
2021-01-04T23:59:59+01:00,0,0,0,0,1,3,1,4,4,2,3,5,6,2,5,8,1,13,0,0,0,0,0,0,0,0,0,0,0,0,0,0,0,0,58,0,0,0,0,0,0,0,0
2021-01-03T23:59:59+01:00,0,0,0,0,1,2,1,4,4,2,3,5,5,2,5,8,1,13,0,0,0,0,0,0,0,0,0,0,0,0,0,0,0,0,56,0,0,0,0,0,0,0,0
2021-01-02T23:59:59+01:00,0,0,0,0,1,2,1,4,4,2,3,5,5,2,5,8,1,13,0,0,0,0,0,0,0,0,0,0,0,0,0,0,0,0,56,0,0,0,0,0,0,0,0
2021-01-01T23:59:59+01:00,0,0,0,0,1,2,1,3,4,2,3,5,5,2,5,8,1,13,0,0,0,0,0,0,0,0,0,0,0,0,0,0,0,0,55,0,0,0,0,0,0,0,0
2020-12-31T23:59:59+01:00,0,0,0,0,1,2,1,3,4,2,3,5,5,2,5,8,1,13,0,0,0,0,0,0,0,0,0,0,0,0,0,0,0,0,55,0,0,0,0,0,0,0,0
2020-12-30T23:59:59+01:00,0,0,0,0,1,2,1,3,4,2,3,5,5,2,5,8,1,13,0,0,0,0,0,0,0,0,0,0,0,0,0,0,0,0,55,0,0,0,0,0,0,0,0
2020-12-29T23:59:59+01:00,0,0,0,0,1,1,1,2,4,1,2,5,5,2,5,8,1,13,0,0,0,0,0,0,0,0,0,0,0,0,0,0,0,0,51,0,0,0,0,0,0,0,0
2020-12-28T23:59:59+01:00,0,0,0,0,1,1,1,1,2,0,1,5,4,1,1,0,0,2,0,0,0,0,0,0,0,0,0,0,0,0,0,0,0,0,20,0,0,0,0,0,0,0,0
2020-12-27T23:59:59+01:00,0,0,0,0,1,1,1,1,2,0,0,3,2,0,1,0,0,2,0,0,0,0,0,0,0,0,0,0,0,0,0,0,0,0,14,0,0,0,0,0,0,0,0
