Datum,<15_m,<15_w,15-24_1_m,15-24_1_w,25-34_1_m,25-34_1_w,35-44_1_m,35-44_1_w,45-54_1_m,45-54_1_w,55-64_1_m,55-64_1_w,65-74_1_m,65-74_1_w,75-84_1_m,75-84_1_w,>84_1_m,>84_1_w,<24_2_m,<24_2_w,25-34_2_m,25-34_2_w,35-44_2_m,35-44_2_w,45-54_2_m,45-54_2_w,55-64_2_m,55-64_2_w,65-74_2_m,65-74_2_w,75-84_2_m,75-84_2_w,>84_2_m,>84_2_w,bp_1,bp_2,mo_1,mo_2,az_1,az_2,ja,unb_1,unb_2
2021-10-06T23:59:59+02:00,5260,4888,38211,36809,53583,48090,54512,53086,65155,65109,74958,74983,54143,59724,37351,48288,11641,22184,34946,33636,50688,44828,52028,50092,62626,62127,72551,72455,52725,58126,36435,47008,11243,21354,586832,557539,79084,75456,105558,101471,36472,31,28
2021-10-05T23:59:59+02:00,5230,4866,38135,36744,53526,48031,54462,53030,65095,65054,74917,74936,54108,59701,37332,48258,11634,22156,34883,33568,50644,44764,51996,50051,62575,62089,72511,72416,52694,58087,36408,46959,11236,21334,586138,556878,79065,75455,105558,101469,36425,31,28
2021-10-04T23:59:59+02:00,5171,4809,37930,36584,53371,47925,54354,52931,65033,64987,74855,74889,54080,59670,37317,48242,11626,22144,34598,33233,50414,44535,51823,49884,62421,61942,72402,72325,52638,58027,36355,46902,11224,21316,585087,554700,79056,75455,105558,101469,36188,31,28
2021-10-03T23:59:59+02:00,5160,4796,37908,36558,53340,47893,54331,52915,65016,64969,74846,74877,54073,59658,37312,48229,11626,22140,34546,33196,50366,44494,51787,49836,62378,61905,72367,72294,52622,58004,36343,46887,11222,21307,584850,554232,79053,75455,105554,101460,36161,31,28
2021-10-02T23:59:59+02:00,5158,4787,37905,36552,53333,47890,54330,52913,65014,64969,74844,74875,54073,59657,37312,48229,11626,22140,34544,33194,50358,44492,51785,49836,62376,61905,72367,72293,52622,58003,36343,46887,11222,21307,584821,554223,79053,75454,105554,101460,36150,31,28
2021-10-01T23:59:59+02:00,5151,4771,37863,36526,53305,47866,54307,52889,64987,64957,74822,74861,54065,59652,37310,48226,11623,22138,34526,33184,50343,44484,51772,49822,62363,61897,72350,72282,52615,57997,36341,46885,11221,21305,584599,554142,79051,75452,105554,101454,36086,31,28
2021-09-30T23:59:59+02:00,5062,4709,37658,36328,53139,47707,54166,52761,64885,64839,74752,74806,54050,59622,37299,48210,11620,22131,34384,33033,50250,44360,51698,49710,62278,61805,72285,72224,52605,57967,36333,46860,11218,21295,583098,553568,79032,74846,105551,101450,36035,30,28
2021-09-29T23:59:59+02:00,5040,4689,37626,36287,53095,47659,54128,52714,64854,64802,74722,74779,54033,59598,37287,48199,11616,22119,34357,32997,50223,44334,51676,49689,62258,61775,72263,72204,52596,57958,36328,46850,11215,21287,582645,553281,79020,74842,105551,101445,36003,30,28
2021-09-28T23:59:59+02:00,5017,4666,37567,36231,53055,47612,54093,52672,64810,64760,74678,74744,53997,59563,37269,48177,11606,22108,34301,32959,50193,44309,51652,49668,62232,61755,72227,72174,52566,57920,36306,46823,11212,21275,582096,552894,79018,74836,105551,101441,35932,30,28
2021-09-27T23:59:59+02:00,4942,4606,37367,36057,52871,47451,53972,52562,64706,64653,74580,74664,53968,59535,37257,48158,11604,22096,33881,32572,49886,43987,51423,49420,62035,61569,72098,72049,52523,57859,36286,46792,11210,21265,581044,550385,78992,74835,105551,101440,35434,30,28
2021-09-26T23:59:59+02:00,4939,4600,37347,36028,52843,47435,53958,52547,64692,64643,74568,74654,53961,59524,37256,48155,11604,22091,33867,32565,49874,43972,51418,49411,62022,61563,72090,72042,52519,57851,36285,46787,11208,21261,580873,550274,78975,74827,105551,101439,35418,30,28
2021-09-25T23:59:59+02:00,4936,4597,37341,36024,52840,47431,53954,52544,64690,64639,74564,74651,53960,59521,37255,48154,11604,22090,33864,32565,49873,43972,51418,49410,62022,61562,72088,72042,52519,57850,36285,46787,11208,21261,580829,550268,78973,74827,105551,101439,35414,30,28
2021-09-24T23:59:59+02:00,4933,4594,37322,36010,52819,47418,53933,52532,64671,64628,74550,74641,53953,59518,37252,48150,11604,22086,33854,32549,49858,43964,51399,49395,62009,61556,72069,72033,52512,57843,36279,46780,11208,21259,580712,550163,78973,74825,105548,101438,35353,30,28
2021-09-23T23:59:59+02:00,4806,4475,36927,35600,52473,47092,53641,52264,64429,64410,74369,74511,53895,59462,37220,48104,11595,22067,33667,32378,49642,43814,51230,49291,61861,61451,71953,71958,52476,57818,36254,46757,11206,21251,578428,549500,78931,74803,105548,101435,34406,29,28
2021-09-22T23:59:59+02:00,4779,4455,36885,35543,52407,47014,53575,52204,64362,64358,74310,74458,53866,59439,37212,48087,11593,22062,33631,32335,49599,43757,51171,49239,61806,61411,71905,71924,52457,57800,36248,46746,11204,21250,577997,549240,78923,74800,105545,101434,34117,29,28
2021-09-21T23:59:59+02:00,4763,4433,36828,35494,52341,46951,53530,52154,64295,64308,74253,74404,53823,59408,37199,48061,11588,22053,33600,32283,49567,43710,51132,49196,61760,61374,71866,71882,52426,57776,36237,46728,11203,21243,577448,548875,78915,74798,105543,101430,33953,29,28
2021-09-20T23:59:59+02:00,4659,4370,36494,35190,52022,46647,53295,51934,64086,64119,74095,74291,53759,59354,37178,48026,11581,22047,33090,31848,49189,43377,50847,48893,61506,61163,71699,71730,52370,57710,36214,46683,11196,21233,575625,546168,78910,74793,105542,101424,33043,29,28
2021-09-19T23:59:59+02:00,4646,4365,36481,35180,52011,46639,53282,51922,64073,64114,74087,74281,53755,59348,37175,48023,11580,22047,33069,31831,49185,43367,50839,48881,61492,61152,71687,71721,52364,57706,36213,46681,11196,21230,575519,546046,78904,74789,105541,101423,33018,29,28
2021-09-18T23:59:59+02:00,4646,4365,36479,35179,52009,46638,53282,51921,64073,64114,74087,74281,53755,59348,37175,48023,11580,22047,33066,31831,49181,43365,50839,48881,61492,61152,71687,71721,52364,57706,36213,46681,11196,21230,575517,546041,78904,74789,105541,101423,33013,29,28
2021-09-17T23:59:59+02:00,4639,4352,36465,35155,51988,46620,53271,51902,64059,64105,74072,74262,53746,59342,37172,48018,11579,22047,33059,31815,49169,43355,50835,48874,61491,61148,71679,71709,52357,57704,36213,46680,11196,21229,575355,545991,78904,74789,105540,101421,32968,29,28
2021-09-16T23:59:59+02:00,4489,4203,36098,34791,51733,46320,53060,51638,63875,63922,73916,74112,53691,59281,37156,47983,11575,22036,32930,31709,49087,43248,50756,48792,61429,61093,71627,71676,52342,57691,36203,46668,11195,21223,572926,545150,78446,74709,105539,101416,32941,29,28
2021-09-15T23:59:59+02:00,4447,4165,36030,34716,51690,46267,52994,51583,63825,63873,73879,74069,53673,59260,37146,47972,11574,22030,32878,31658,49036,43196,50699,48743,61383,61049,71598,71645,52334,57670,36193,46658,11195,21217,572557,544817,78360,74694,105539,101404,32710,29,28
2021-09-14T23:59:59+02:00,4406,4125,35967,34664,51639,46196,52953,51533,63779,63828,73835,74027,53648,59241,37131,47953,11573,22026,32814,31587,48992,43147,50665,48699,61329,61011,71563,71604,52312,57647,36184,46644,11194,21214,572017,544269,78290,74688,105539,101397,32651,29,28
2021-09-13T23:59:59+02:00,4255,3948,35599,34235,51368,45883,52738,51299,63569,63619,73700,73901,53593,59172,37094,47919,11572,22018,32351,31114,48757,42899,50483,48498,61181,60828,71421,71495,52259,57588,36168,46608,11188,21204,569432,541285,77865,74608,105538,101391,32619,29,28
2021-09-12T23:59:59+02:00,4246,3938,35576,34219,51353,45861,52721,51282,63555,63602,73691,73891,53590,59166,37089,47918,11572,22017,32326,31096,48742,42881,50473,48490,61170,60814,71405,71483,52253,57580,36162,46606,11185,21203,569284,541130,77849,74600,105527,101376,32599,29,28
2021-09-11T23:59:59+02:00,4243,3935,35572,34215,51352,45859,52716,51275,63553,63597,73689,73886,53586,59161,37089,47916,11572,22017,32317,31092,48739,42878,50470,48487,61167,60810,71402,71481,52251,57578,36162,46604,11185,21203,569257,541110,77849,74600,105527,101376,32572,29,28
2021-09-10T23:59:59+02:00,4242,3934,35459,34116,51157,45705,52525,51134,63377,63483,73555,73795,53548,59122,37069,47898,11570,22012,32191,30983,48542,42712,50272,48350,60979,60688,71268,71386,52209,57535,36140,46583,11182,21198,569200,540958,77847,74598,105526,101374,31100,29,28
2021-09-09T23:59:59+02:00,4214,3896,35380,34049,51101,45636,52465,51048,63320,63425,73515,73757,53525,59094,37055,47880,11568,22008,32097,30916,48498,42663,50221,48310,60938,60654,71225,71352,52191,57521,36133,46568,11181,21194,568594,540477,77812,74591,105512,101352,30990,29,28
2021-09-08T23:59:59+02:00,4189,3876,35347,34009,51077,45606,52447,51023,63286,63392,73494,73734,53518,59079,37048,47869,11568,22005,32039,30887,48459,42637,50193,48279,60902,60625,71209,71331,52178,57508,36123,46557,11178,21176,568251,540101,77812,74590,105512,101340,30964,29,28
2021-09-07T23:59:59+02:00,4177,3862,35307,33966,51047,45575,52423,50996,63260,63369,73458,73704,53506,59063,37032,47855,11566,21999,31992,30839,48425,42602,50153,48243,60877,60594,71175,71302,52165,57492,36114,46544,11175,21172,567878,539683,77812,74588,105512,101332,30935,29,28
2021-09-06T23:59:59+02:00,4001,3678,34829,33494,50670,45186,52157,50694,63034,63131,73300,73554,53442,58982,37013,47814,11563,21990,31783,30657,48223,42447,50010,48103,60764,60476,71080,71213,52118,57446,36098,46525,11170,21159,565071,538825,77812,74587,105512,101328,30109,29,28
2021-09-05T23:59:59+02:00,3993,3666,34812,33479,50667,45178,52145,50686,63022,63121,73285,73549,53437,58974,37007,47807,11561,21986,31765,30638,48204,42432,49997,48095,60753,60466,71070,71208,52112,57434,36096,46520,11169,21157,564935,538687,77811,74585,105512,101314,30089,29,28
2021-09-04T23:59:59+02:00,3993,3666,34811,33479,50665,45178,52144,50685,63022,63121,73285,73549,53437,58974,37007,47807,11561,21986,31764,30636,48203,42432,49995,48093,60753,60466,71069,71208,52112,57434,36096,46520,11169,21157,564933,538683,77811,74583,105512,101314,30086,29,28
2021-09-03T23:59:59+02:00,3945,3619,34647,33348,50512,45055,52033,50568,62872,62997,73160,73449,53397,58926,36986,47786,11557,21983,31490,30444,48002,42261,49824,47925,60549,60294,70924,71062,52058,57377,36071,46497,11167,21153,564794,538552,77216,73338,105501,101301,29301,29,28
2021-09-02T23:59:59+02:00,3920,3590,34588,33301,50478,45015,52001,50535,62831,62956,73122,73423,53377,58914,36977,47769,11557,21978,31422,30384,47952,42214,49783,47881,60494,60242,70883,71035,52040,57361,36062,46488,11166,21148,564388,538162,77194,73334,105501,101191,29221,29,28
2021-09-01T23:59:59+02:00,3904,3576,34562,33268,50455,44988,51982,50512,62811,62922,73093,73405,53368,58905,36973,47761,11557,21977,31372,30345,47919,42187,49753,47856,60463,60218,70860,71004,52021,57342,36052,46481,11166,21145,564118,537817,77191,73328,105501,101164,29181,29,28
2021-08-31T23:59:59+02:00,3877,3563,34522,33221,50428,44952,51954,50480,62783,62890,73063,73373,53348,58883,36965,47748,11554,21977,31313,30313,47890,42162,49730,47839,60436,60202,70845,70977,52007,57332,36049,46474,11163,21139,563727,537540,77191,73324,105500,101157,29135,29,28
2021-08-30T23:59:59+02:00,3651,3353,33934,32706,50004,44574,51602,50133,62492,62627,72855,73195,53264,58797,36934,47701,11551,21969,31031,30050,47590,41930,49502,47668,60254,60071,70689,70873,51939,57287,36030,46442,11160,21132,560723,536448,77191,73321,105499,101147,27901,29,28
2021-08-29T23:59:59+02:00,3645,3345,33913,32684,49989,44565,51588,50115,62481,62613,72845,73179,53256,58792,36932,47694,11551,21967,31013,30030,47568,41903,49481,47651,60237,60054,70677,70861,51936,57279,36027,46441,11160,21130,560581,536329,77189,73320,105498,101103,27858,29,28
2021-08-28T23:59:59+02:00,3645,3345,33910,32684,49984,44564,51587,50113,62479,62610,72843,73178,53255,58790,36932,47694,11551,21967,31004,30021,47563,41901,49478,47648,60234,60050,70674,70859,51935,57275,36027,46441,11160,21130,560572,536293,77189,73319,105498,101103,27844,29,28
2021-08-27T23:59:59+02:00,3641,3339,33902,32665,49981,44560,51575,50106,62472,62605,72826,73172,53251,58787,36931,47693,11550,21966,30986,30003,47555,41891,49468,47639,60227,60042,70662,70858,51933,57274,36026,46440,11159,21130,560498,536215,77189,73317,105498,101100,27809,29,28
2021-08-26T23:59:59+02:00,3616,3311,33861,32615,49954,44522,51533,50057,62426,62581,72793,73142,53241,58778,36924,47691,11549,21962,30689,29734,47338,41678,49293,47483,60111,59941,70577,70787,51899,57241,36009,46417,11157,21126,560147,534391,77162,73311,105497,101036,27722,29,28
2021-08-25T23:59:59+02:00,3575,3287,33811,32572,49928,44476,51499,50028,62387,62547,72757,73118,53232,58760,36918,47676,11548,21961,29932,29034,46899,41264,48970,47191,59886,59716,70401,70636,51832,57165,35987,46382,11148,21118,559715,530058,77162,73308,105497,101013,27678,29,28
2021-08-24T23:59:59+02:00,3535,3265,33752,32513,49896,44434,51471,49981,62342,62498,72713,73071,53211,58735,36905,47663,11546,21953,29699,28812,46766,41133,48862,47085,59794,59622,70316,70537,51786,57118,35966,46370,11145,21115,559224,528620,77159,73304,105495,100979,27578,29,28
2021-08-23T23:59:59+02:00,3230,3000,33118,31889,49470,44036,51129,49676,62013,62202,72420,72840,53114,58646,36866,47600,11535,21944,29282,28420,46379,40833,48621,46872,59522,59413,70091,70390,51710,57047,35941,46327,11139,21108,556156,527168,77156,73301,105494,100974,25894,29,28
2021-08-22T23:59:59+02:00,3219,2992,33108,31883,49462,44026,51121,49670,62008,62195,72415,72838,53111,58643,36864,47598,11535,21943,29258,28404,46360,40825,48612,46862,59511,59405,70084,70387,51701,57043,35938,46324,11139,21108,556091,527072,77152,73295,105491,100960,25869,29,28
2021-08-21T23:59:59+02:00,3217,2992,33102,31880,49460,44025,51120,49667,62005,62194,72414,72837,53111,58643,36864,47598,11535,21943,29245,28391,46355,40821,48606,46858,59507,59405,70084,70386,51700,57043,35938,46324,11139,21108,556075,527033,77152,73288,105491,100960,25861,29,28
2021-08-20T23:59:59+02:00,3201,2981,32978,31787,49268,43888,50946,49557,61823,62066,72268,72755,53063,58601,36849,47580,11532,21939,28706,27891,45874,40453,48324,46647,59249,59221,69880,70261,51615,56985,35908,46296,11135,21101,555849,525335,77152,73113,105491,100727,24562,29,28
2021-08-19T23:59:59+02:00,3174,2958,32928,31748,49234,43853,50898,49518,61778,62028,72219,72716,53037,58581,36842,47565,11528,21932,27765,27035,45089,39850,47898,46286,58916,58947,69605,70038,51515,56896,35866,46248,11130,21096,555436,520958,77117,72138,105486,100635,24470,29,28
2021-08-18T23:59:59+02:00,3153,2939,32881,31704,49198,43818,50859,49482,61733,61992,72172,72689,53008,58564,36828,47551,11527,21927,26470,25732,44161,38977,47193,45545,58238,58365,69118,69580,51327,56674,35789,46156,11118,21079,555003,515418,77096,68930,105483,100582,24415,29,28
2021-08-17T23:59:59+02:00,3129,2916,32811,31641,49155,43749,50816,49447,61687,61947,72136,72648,52984,58540,36815,47539,11524,21922,25179,24340,43289,38285,46592,45066,57706,57924,68685,69255,51192,56490,35714,46077,11102,21065,554452,509803,77091,66844,105482,100545,24353,29,28
2021-08-16T23:59:59+02:00,3118,2895,32794,31622,49132,43727,50807,49430,61667,61929,72115,72633,52973,58532,36813,47528,11522,21918,23741,22944,42386,37440,46316,44773,57482,57663,68478,69096,51120,56405,35683,46032,11100,21051,554224,503441,77088,66812,105480,100532,24335,29,28
2021-08-15T23:59:59+02:00,3110,2883,32780,31604,49122,43721,50796,49419,61651,61913,72100,72621,52969,58523,36810,47528,11522,21918,21313,20489,41632,36896,45949,44401,57150,57364,68193,68839,51009,56303,35646,45976,11097,21041,554088,494702,77087,66633,105470,100516,24317,29,28
2021-08-14T23:59:59+02:00,3110,2882,32775,31602,49118,43719,50793,49417,61646,61910,72096,72615,52969,58523,36809,47528,11522,21918,21287,20462,41595,36865,45932,44386,57136,57352,68181,68828,51007,56300,35645,45975,11097,21040,554081,494513,77086,66632,105470,100516,24287,29,28
2021-08-13T23:59:59+02:00,3096,2865,32732,31574,49095,43704,50771,49399,61613,61879,72074,72595,52963,58516,36806,47523,11521,21915,21169,20376,41507,36768,45870,44334,57088,57314,68141,68794,50990,56288,35636,45967,11096,21038,553922,493925,77085,66629,105469,100495,24137,29,28
2021-08-12T23:59:59+02:00,3078,2836,32685,31525,49063,43664,50733,49370,61559,61852,72038,72559,52947,58497,36789,47514,11520,21912,20699,20062,40555,35958,45501,44005,56870,57135,67964,68630,50918,56204,35606,45923,11091,21031,553513,489688,77081,66627,105467,100450,24052,29,28
2021-08-11T23:59:59+02:00,3036,2805,32628,31481,49029,43630,50709,49346,61532,61821,72010,72531,52925,58471,36777,47505,11519,21905,19803,19178,39227,34768,44897,43425,56509,56805,67671,68356,50796,56066,35569,45864,11089,21018,553098,482261,77075,66622,105467,100428,23992,29,28
2021-08-10T23:59:59+02:00,3020,2786,32576,31436,48996,43601,50680,49314,61513,61782,71971,72486,52902,58455,36766,47482,11518,21900,18777,18208,37129,32902,44010,42547,56054,56405,67281,68009,50647,55913,35508,45768,11084,20998,552640,472009,77075,66620,105466,100409,23975,29,28
2021-08-09T23:59:59+02:00,3004,2779,32547,31412,48973,43582,50653,49296,61493,61764,71950,72466,52892,58446,36761,47472,11516,21899,17356,16793,34144,30479,43345,41913,55645,56041,66949,67682,50503,55764,35457,45719,11079,20980,552390,459816,77073,66616,105462,100397,23952,29,28
2021-08-08T23:59:59+02:00,3001,2779,32535,31400,48962,43575,50648,49290,61482,61756,71946,72465,52891,58444,36761,47469,11516,21898,17328,16763,34123,30464,43308,41883,55631,56028,66940,67677,50498,55759,35456,45716,11078,20979,552330,459631,77073,66611,105450,100378,23937,29,28
2021-08-07T23:59:59+02:00,3000,2774,32528,31389,48960,43567,50642,49290,61480,61753,71939,72463,52890,58442,36760,47469,11516,21898,17299,16730,34097,30446,43273,41852,55610,56011,66929,67670,50493,55757,35454,45716,11078,20978,552283,459401,77073,66608,105450,100377,23926,29,28
2021-08-06T23:59:59+02:00,2911,2682,32180,31163,48700,43371,50383,49061,61192,61548,71662,72296,52758,58338,36706,47416,11513,21889,17090,16590,33382,29969,42801,41483,55267,55784,66617,67494,50363,55663,35405,45679,11075,20971,552212,457728,75964,66320,105446,100375,22119,29,28
2021-08-05T23:59:59+02:00,2865,2643,32021,31043,48608,43281,50303,49006,61139,61503,71609,72255,52731,58319,36697,47399,11511,21887,16858,16339,31520,28534,41757,40531,54993,55438,66405,67322,50298,55586,35382,45640,11068,20962,551328,450916,75961,66247,105437,100252,22066,29,28
2021-08-04T23:59:59+02:00,2790,2567,31753,30851,48411,43146,50150,48895,61059,61427,71546,72199,52701,58279,36684,47384,11508,21882,16569,16093,31163,28312,40566,39458,54604,55107,66229,67170,50235,55504,35352,45612,11065,20955,550032,446607,75960,66228,105435,100179,21780,26,27
2021-08-03T23:59:59+02:00,2602,2386,31239,30385,48161,42897,49975,48701,60895,61256,71400,72052,52647,58207,36662,47355,11498,21868,16132,15647,30576,27789,38833,37841,53913,54460,65895,66858,50138,55376,35305,45560,11060,20945,547071,438935,75960,66222,105432,100160,21698,26,27
2021-08-02T23:59:59+02:00,2491,2291,30923,30100,47959,42713,49823,48573,60788,61150,71312,71970,52614,58175,36640,47336,11497,21865,15826,15376,30238,27435,36693,36016,53354,53945,65688,66683,50066,55291,35283,45532,11058,20941,545129,432091,75957,66217,105427,100048,21682,26,27
2021-08-01T23:59:59+02:00,2488,2288,30912,30092,47940,42701,49812,48565,60775,61140,71302,71965,52610,58167,36636,47336,11497,21865,15703,15250,30101,27319,34389,34163,53057,53693,65594,66614,50026,55250,35276,45513,11057,20939,545075,426643,75956,66212,105380,100024,21655,26,27
2021-07-31T23:59:59+02:00,2488,2288,30907,30088,47938,42699,49810,48565,60774,61140,71302,71963,52607,58164,36636,47336,11497,21864,15688,15237,30067,27296,34377,34156,53039,53685,65582,66609,50022,55245,35276,45512,11056,20938,545056,426493,75956,66211,105379,100020,21650,26,27
2021-07-30T23:59:59+02:00,2474,2283,30861,30043,47906,42678,49786,48540,60740,61111,71267,71945,52598,58153,36636,47336,11497,21862,15528,14937,29803,26982,34196,33907,52838,53392,65416,66406,49975,55199,35265,45500,11056,20937,544885,426127,75950,66201,105376,98111,21480,26,27
2021-07-29T23:59:59+02:00,2442,2263,30704,29951,47823,42617,49732,48474,60679,61070,71222,71899,52579,58134,36628,47320,11494,21857,15213,14659,29489,26764,32911,32961,52056,52779,65061,66139,49876,55106,35222,45443,11051,20929,544220,423423,75943,63471,105365,97967,21335,26,27
2021-07-28T23:59:59+02:00,2395,2226,30550,29842,47740,42549,49659,48401,60606,60992,71155,71842,52555,58096,36610,47301,11493,21852,14811,14286,29048,26449,32540,32630,51346,52167,64669,65812,49781,55003,35188,45386,11035,20910,543270,419281,75939,63417,105359,97580,21271,26,27
2021-07-27T23:59:59+02:00,2317,2153,30309,29575,47588,42368,49514,48264,60497,60869,71055,71754,52497,58036,36582,47262,11485,21845,14167,13630,28284,25818,31788,31978,50094,51071,63939,65246,49594,54796,35120,45271,11028,20890,541441,410940,75929,63391,105353,97483,21222,26,27
2021-07-26T23:59:59+02:00,2256,2098,30108,29344,47469,42239,49439,48181,60432,60804,71004,71708,52471,58004,36570,47249,11483,21836,13804,13255,27929,25527,31171,31568,48539,49699,62964,64420,49388,54590,35052,45190,11018,20878,540208,403230,75926,63385,105349,97449,21187,26,27
2021-07-25T23:59:59+02:00,2011,1896,29288,28670,47075,41922,49152,47894,60197,60579,70820,71550,52415,57929,36543,47208,11482,21828,13712,13195,27834,25462,31086,31501,48418,49635,62877,64369,49366,54572,35045,45181,11018,20877,536024,402594,75926,63378,105342,97288,21142,26,27
2021-07-24T23:59:59+02:00,1930,1828,29030,28439,46925,41816,49034,47793,60040,60460,70691,71470,52367,57899,36525,47187,11480,21828,13577,13082,27633,25326,30924,31371,48205,49465,62714,64274,49322,54542,35030,45163,11016,20875,535329,401980,75923,63375,105341,97287,20124,26,27
2021-07-23T23:59:59+02:00,1815,1708,28699,28113,46678,41662,48777,47580,59790,60272,70487,71343,52292,57828,36506,47150,11476,21819,13322,12856,27200,25011,30539,31063,47604,48977,62385,64036,49238,54476,35008,45119,11011,20866,534327,399568,75546,63321,105330,97284,18767,26,27
2021-07-22T23:59:59+02:00,1803,1701,28621,28033,46538,41523,48563,47370,59612,60130,70368,71214,52249,57791,36490,47133,11476,21819,13093,12595,26867,24680,30186,30745,45676,47415,61579,63335,49142,54374,34970,45075,11008,20856,534019,392864,74397,63172,105287,97060,18706,26,27
2021-07-21T23:59:59+02:00,1769,1662,28356,27829,46152,41189,47970,46814,59026,59647,69911,70822,52077,57630,36432,47076,11467,21806,12670,12151,26287,24139,29612,30177,41944,44171,60090,62064,48973,54193,34906,44992,10998,20829,533463,381219,71122,62656,105133,96611,17892,26,27
2021-07-20T23:59:59+02:00,1746,1647,28237,27693,46087,41132,47923,46775,58970,59598,69858,70774,52043,57602,36416,47051,11463,21799,12172,11619,25550,23449,28959,29427,38487,41180,58543,60602,48770,53970,34824,44900,10980,20809,532775,370824,71100,59271,105116,96488,17798,26,27
2021-07-19T23:59:59+02:00,1741,1646,28210,27660,46065,41121,47911,46763,58957,59582,69846,70772,52041,57598,36416,47047,11461,21799,12126,11590,25484,23415,28927,29393,38442,41147,58501,60575,48766,53962,34823,44897,10977,20808,532636,370504,71100,59257,105101,96435,17774,26,27
2021-07-18T23:59:59+02:00,1737,1639,28185,27635,46042,41112,47899,46754,58951,59573,69839,70764,52039,57597,36415,47046,11461,21798,12064,11565,25398,23374,28867,29361,38381,41120,58441,60534,48764,53958,34820,44896,10977,20808,532515,370167,71098,59226,105093,96316,17755,26,27
2021-07-17T23:59:59+02:00,1737,1637,28164,27620,46028,41102,47888,46749,58944,59567,69832,70760,52034,57593,36414,47046,11461,21798,12036,11551,25364,23337,28834,29342,38359,41102,58406,60510,48754,53950,34818,44896,10977,20808,532434,369916,71097,59222,105093,96313,17725,26,27
2021-07-16T23:59:59+02:00,1722,1616,27898,27426,45740,40937,47659,46575,58643,59366,69600,70619,51928,57521,36370,47010,11456,21796,11783,11355,25031,23096,28531,29110,37960,40828,57898,60087,48618,53836,34766,44846,10971,20804,532118,368712,71096,59219,104961,96036,15682,26,27
2021-07-15T23:59:59+02:00,1624,1503,27435,27038,45478,40701,47513,46462,58502,59252,69497,70532,51887,57478,36355,46987,11455,21789,11485,11124,24551,22759,28163,28839,37568,40547,55850,58039,48447,53634,34708,44762,10963,20793,529788,361766,71095,59127,104953,95826,15627,26,27
2021-07-14T23:59:59+02:00,1457,1371,26870,26499,45172,40412,47310,46277,58318,59055,69335,70385,51825,57419,36330,46957,11449,21784,11292,10933,24143,22403,27811,28522,37047,40145,54631,56858,48309,53483,34657,44698,10955,20771,526613,358054,71089,57459,104934,95681,15564,26,27
2021-07-13T23:59:59+02:00,1170,1066,25916,25604,44680,40000,46951,45957,57993,58769,69063,70139,51714,57293,36287,46902,11445,21769,10948,10590,23613,21856,27190,27934,35667,38955,50498,52953,47945,53095,34527,44549,10938,20742,521221,348782,71083,52254,104931,95579,15458,26,27
2021-07-12T23:59:59+02:00,706,669,24539,24349,44120,39518,46750,45740,57780,58574,68880,69967,51652,57202,36269,46876,11443,21761,10713,10482,23412,21717,26935,27797,35417,38785,50056,52531,47870,53009,34498,44514,10938,20736,515331,347314,71082,52227,104925,94498,15433,25,27
2021-07-11T23:59:59+02:00,703,664,24520,24329,44090,39498,46732,45729,57766,58561,68866,69964,51650,57199,36266,46872,11442,21761,10617,10394,23192,21592,26669,27698,35107,38703,49342,52044,46385,51420,34408,44406,10938,20734,515244,346801,71078,52180,104911,89373,15355,25,27
2021-07-10T23:59:59+02:00,701,659,24512,24324,44085,39490,46730,45727,57760,58560,68866,69963,51650,57199,36266,46872,11442,21761,10604,10384,23169,21571,26655,27687,35085,38698,49328,52039,46371,51404,34406,44405,10938,20734,515212,346692,71077,52179,104909,89318,15345,25,27
2021-07-09T23:59:59+02:00,694,649,24064,23864,43805,39250,46664,45667,57700,58519,68814,69938,51633,57186,36262,46864,11441,21761,10523,10215,23074,21383,26594,27477,35017,38481,49262,51935,46349,51379,34402,44402,10938,20734,513451,345458,71074,52166,104903,89274,15323,25,27
2021-07-08T23:59:59+02:00,628,583,22975,22858,43007,38650,46414,45462,57492,58376,68615,69799,51556,57120,36234,46841,11439,21753,10266,10022,22699,21129,26199,27212,34536,38167,48653,51413,46011,51012,34332,44324,10931,20712,508763,341873,71049,52016,104846,88655,15120,25,27
2021-07-07T23:59:59+02:00,576,537,21653,21468,42267,37966,46190,45239,57252,58186,68448,69639,51471,57036,36197,46788,11431,21739,9897,9719,21822,20537,25088,26419,32697,36799,47732,50526,45510,50475,34225,44185,10922,20694,503380,336935,70874,47632,104825,87736,14980,25,26
2021-07-06T23:59:59+02:00,519,473,20419,20187,41413,37320,45711,44888,56857,57881,68120,69380,51372,56910,36153,46737,11423,21730,9507,9338,20957,19944,24122,25761,31210,35605,46534,49326,44731,49692,34089,44009,10909,20674,498888,329604,68942,45530,104805,86463,14834,25,26
2021-07-05T23:59:59+02:00,483,445,19009,18804,40551,36518,45495,44662,56674,57678,67959,69253,51316,56854,36132,46708,11421,21723,9218,9081,20400,19561,23453,25339,30570,35178,45774,48710,43976,48902,33959,43820,10900,20662,493166,323818,68939,45508,104798,85434,14760,23,26
2021-07-04T23:59:59+02:00,476,439,17221,16793,40209,36288,45407,44589,56588,57608,67880,69184,51284,56828,36122,46687,11419,21721,9157,9028,20261,19496,23281,25261,30312,35098,44980,48580,42612,47550,33880,43746,10898,20656,488336,323358,68912,45462,104783,81304,14689,23,26
2021-07-03T23:59:59+02:00,476,437,17199,16769,40160,36242,45388,44572,56583,57603,67874,69177,51282,56825,36122,46687,11419,21720,9113,8986,20193,19428,23219,25195,30229,35018,44759,48404,42543,47474,33835,43687,10895,20656,488149,322394,68910,45461,104782,81124,14671,23,26
2021-07-02T23:59:59+02:00,456,414,17080,16661,39693,35863,45274,44472,56529,57562,67826,69145,51270,56820,36116,46675,11419,21719,8952,8816,19866,19149,22830,24817,29812,34603,44133,47759,42341,47243,33736,43551,10889,20652,486641,319391,68892,44427,104780,80687,14658,23,26
2021-07-01T23:59:59+02:00,404,374,16772,16378,37958,34529,44701,43973,56269,57352,67651,68976,51190,56730,36088,46637,11415,21711,8579,8419,19004,18436,21863,23962,28427,33414,41102,44788,41344,46161,33123,42825,10872,20623,481156,311896,68817,39546,104758,77150,14354,23,26
2021-06-30T23:59:59+02:00,356,329,16482,16133,35771,32704,44079,43342,56044,57156,67446,68784,51108,56638,36059,46583,11411,21695,8219,8084,18330,17806,20975,23130,27152,32150,36459,39917,40263,45015,32462,42036,10851,20597,474308,301402,68771,33515,104738,74251,14280,23,26
2021-06-29T23:59:59+02:00,316,292,16260,15933,34774,31619,43627,42897,55862,56992,67274,68634,51032,56565,36020,46539,11403,21688,7636,7480,17202,16876,19721,21915,25454,30472,33714,36793,37409,41967,31718,41146,10828,20559,470100,285211,68763,33467,104724,68094,14117,23,24
2021-06-28T23:59:59+02:00,306,270,16112,15776,33062,30210,43305,42603,55696,56851,67157,68527,50986,56513,36002,46518,11400,21676,7331,7223,16645,16502,19328,21600,24945,30085,33126,36292,36029,40478,30930,40212,10824,20548,465688,282166,68738,33413,104702,62696,13819,23,24
2021-06-27T23:59:59+02:00,306,270,16091,15751,32912,30123,43243,42575,55659,56842,67131,68519,50981,56509,35999,46517,11400,21675,7287,7193,16508,16436,19165,21538,24744,30011,32899,36152,34770,39205,29303,38293,10823,20547,465369,281996,68735,33374,104696,55819,13680,23,24
2021-06-26T23:59:59+02:00,304,268,16068,15726,32888,30105,43197,42533,55635,56827,67125,68516,50980,56507,35996,46516,11400,21675,7283,7181,16489,16425,19149,21528,24711,29988,32879,36132,34756,39192,29301,38290,10823,20547,465136,281802,68732,33374,104696,55814,13679,23,24
2021-06-25T23:59:59+02:00,297,266,16009,15679,32768,30007,43005,42373,55577,56781,67083,68492,50970,56496,35992,46515,11400,21675,7097,6904,16205,15916,18880,20872,24340,29055,32491,35411,34595,38975,29278,38260,10823,20547,464298,279119,68729,33364,104679,53505,13656,23,24
2021-06-24T23:59:59+02:00,277,253,15737,15475,32309,29716,41535,41130,55113,56425,66850,68332,50916,56440,35976,46487,11395,21665,6776,6674,15505,15471,17429,19851,22262,27496,31391,34515,34191,38549,29154,38079,10811,20533,459726,269410,68726,33311,104675,53079,12881,23,24
2021-06-23T23:59:59+02:00,262,236,15456,15186,31808,29316,39431,39309,54569,55882,66599,68111,50827,56331,35936,46441,11390,21652,6569,6509,15140,15191,16902,19403,21380,26697,29692,33149,33433,37696,28963,37839,10804,20518,452666,261586,68677,33220,104671,52365,12705,23,24
2021-06-22T23:59:59+02:00,240,201,15078,14791,31140,28683,35990,36261,53657,55081,66296,67806,50720,56209,35897,46384,11386,21638,6389,6297,14734,14862,16098,18682,19962,25383,28089,31497,32635,36720,28423,37233,10786,20485,441727,251478,68644,33135,104665,51250,12399,23,24
2021-06-21T23:59:59+02:00,225,195,14835,14613,30452,28217,33827,34295,53193,54655,66117,67689,50639,56135,35872,46362,11381,21633,6294,6212,14574,14742,15929,18545,19841,25271,27979,31410,32480,36580,27214,35999,10786,20482,434892,250796,68622,33087,104634,48278,12164,23,24
2021-06-20T23:59:59+02:00,218,194,14711,14524,28550,26877,33215,33844,53104,54559,66049,67652,50616,56107,35864,46359,11380,21631,5844,5915,13628,14102,15097,17953,19285,24913,27663,31208,32315,36401,27188,35968,10784,20478,430510,245797,68618,33052,104630,48206,11674,22,24
2021-06-19T23:59:59+02:00,212,189,14685,14491,28435,26794,33186,33817,53082,54543,66033,67641,50610,56098,35862,46354,11379,21629,5630,5755,13069,13691,14489,17476,18959,24711,27468,31037,32236,36301,27171,35954,10784,20478,430103,242276,68616,33048,104630,48203,11669,22,24
2021-06-18T23:59:59+02:00,210,180,14595,14406,28331,26727,31936,32913,52717,54236,65899,67547,50579,56064,35844,46328,11375,21625,5563,5678,12968,13607,14325,17350,18723,24482,26648,30371,32030,36064,27105,35879,10780,20471,429600,239329,65652,32934,104620,48149,11618,22,24
2021-06-17T23:59:59+02:00,196,164,14220,14141,27740,26474,31448,32652,51928,53669,65472,67280,50498,55963,35810,46287,11369,21612,5184,5420,12182,13132,13536,16738,17630,23553,24489,28407,31388,35327,26906,35601,10763,20456,426394,230309,65647,32655,104596,47467,10266,20,24
2021-06-16T23:59:59+02:00,167,136,13791,13736,27275,26117,31005,32295,51115,52966,65017,66891,50379,55843,35781,46230,11358,21600,4821,4985,11464,12465,12745,16044,16529,22431,21520,25543,30320,34119,26609,35197,10748,20415,421525,216277,65600,32627,104589,47068,9968,20,24
2021-06-15T23:59:59+02:00,105,83,13159,13112,26528,25540,30222,31699,49863,51900,64305,66366,50201,55646,35714,46118,11349,21581,4326,4357,10498,11531,11590,14665,14800,20729,18088,22238,28949,32684,26222,34678,10723,20372,413812,197671,65580,32510,104584,46759,9495,20,24
2021-06-14T23:59:59+02:00,75,62,12754,12740,26118,25215,29559,31233,48070,50431,63254,65531,49985,55420,35637,46042,11341,21569,4226,4302,10322,11400,11447,14534,14623,20608,17895,22079,28878,32603,26204,34650,10719,20369,405939,197232,65570,32238,104583,46450,8924,20,24
2021-06-13T23:59:59+02:00,74,61,12713,12697,26047,25179,29496,31207,48017,50406,63219,65507,49979,55417,35635,46038,11340,21566,4070,4224,9995,11272,11124,14423,14326,20496,17494,21737,27364,30960,26064,34455,10715,20358,405739,196490,65494,27563,104576,46240,8769,20,24
2021-06-12T23:59:59+02:00,74,60,12695,12680,26031,25168,29485,31195,47957,50335,63177,65471,49978,55414,35635,46038,11340,21566,4068,4215,9980,11255,11116,14408,14307,20479,17473,21728,27323,30915,26059,34449,10715,20358,405442,196304,65494,27561,104574,46199,8769,20,24
2021-06-11T23:59:59+02:00,72,57,12595,12554,25906,25054,29363,31071,47719,50110,63045,65352,49954,55388,35624,46027,11338,21564,3975,3947,9462,10072,10687,13501,14018,19921,17200,21252,26914,30493,25969,34367,10712,20356,404174,195262,65485,27557,104534,41432,8580,20,24
2021-06-10T23:59:59+02:00,64,50,12351,12337,25589,24773,29019,30802,46645,49095,62310,64783,49869,55292,35590,45975,11328,21551,3706,3583,8696,8828,9792,11859,12717,17165,15416,17650,25197,28571,25672,34062,10706,20332,399300,189748,65428,27120,104333,28727,8342,20,23
2021-06-09T23:59:59+02:00,50,38,12057,12012,25183,24369,28622,30407,44635,47271,61219,63844,49764,55168,35543,45921,11322,21533,3459,3461,8273,8578,9281,11538,12201,16774,14704,17051,21360,24251,25446,33761,10694,20306,391314,178168,65300,26772,104331,28190,7993,20,23
2021-06-08T23:59:59+02:00,44,27,11627,11475,24513,23748,27964,29741,41464,44425,59445,62210,49593,54976,35469,45830,11312,21511,3251,3324,7873,8321,8663,11164,11538,16353,14047,16404,15980,18296,25055,33235,10676,20276,378639,162963,65237,26439,104321,27886,7157,20,19
2021-06-07T23:59:59+02:00,39,20,11465,11281,24164,23472,27682,29532,38837,42497,59016,61847,49559,54945,35457,45809,11310,21505,3154,3255,7567,8149,8344,10988,10965,15901,13542,15926,15903,18216,25024,33184,10674,20269,372981,162643,64810,24614,104312,27479,6314,20,19
2021-06-06T23:59:59+02:00,36,19,11329,11177,23843,23243,27471,29361,37239,41311,58891,61768,49535,54916,35449,45795,11310,21503,3052,3205,7295,8060,8077,10820,10227,15219,12948,15306,15751,18104,25010,33161,10672,20269,372576,162528,61428,21457,104301,27310,5871,20,18
2021-06-05T23:59:59+02:00,35,18,11311,11158,23799,23202,27436,29334,37211,41297,58792,61683,49524,54909,35447,45793,11310,21500,3040,3193,7271,8026,8046,10802,10197,15205,12905,15282,15628,17939,25005,33153,10671,20268,372234,162092,61425,21456,104301,27294,5779,20,18
2021-06-04T23:59:59+02:00,35,16,11128,10900,23439,22737,27159,28938,36783,40847,58172,61143,49490,54868,35437,45775,11308,21494,3016,3177,7242,8009,8024,10785,10166,15181,12871,15248,15416,17732,24994,33132,10669,20267,370434,161506,59155,21443,104287,27196,5773,20,18
2021-06-03T23:59:59+02:00,33,15,10907,10683,22980,22348,26733,28602,35685,40020,55410,58794,49361,54709,35394,45711,11303,21479,2923,3097,7035,7853,7567,10488,9139,14550,11625,14546,14233,16262,24815,32914,10657,20248,366486,158148,54233,17718,104237,26884,5191,20,18
2021-06-02T23:59:59+02:00,33,15,10869,10646,22945,22314,26699,28576,35654,39980,55284,58636,49347,54684,35388,45704,11303,21478,2882,3066,6980,7834,7506,10455,8983,14510,11400,14483,12877,14778,24697,32741,10652,20241,365894,154325,54227,17706,104236,26865,5178,20,18
2021-06-01T23:59:59+02:00,20,8,10453,10296,22291,21805,26013,27993,34932,39402,52282,55488,48958,54275,35270,45541,11287,21452,2426,2707,5629,7151,6234,9879,7586,13840,10265,13520,8568,9215,24218,32060,10629,20186,355131,136131,54047,17336,104217,26284,4351,20,18
2021-05-31T23:59:59+02:00,19,7,10177,10064,21714,21411,25606,27743,34610,39198,50833,54091,48860,54151,35237,45500,11280,21445,2316,2584,5339,6907,5972,9659,7222,13599,10009,13360,8517,9153,24192,32011,10621,20174,350397,135358,54004,17215,104193,25719,3332,20,18
2021-05-30T23:59:59+02:00,18,7,10121,10015,21622,21372,25541,27709,34498,39127,50467,53750,48834,54126,35231,45494,11278,21442,2279,2555,5235,6829,5872,9591,7033,13512,9783,13263,8473,9106,24176,32004,10620,20169,349209,134765,53983,17041,104176,25419,3264,20,18
2021-05-29T23:59:59+02:00,17,7,10107,10003,21588,21353,25524,27696,34477,39114,50454,53732,48830,54122,35228,45493,11278,21442,2260,2503,5192,6702,5812,9461,6917,13314,9644,13042,8402,9014,24109,31937,10619,20168,349052,134487,53983,16989,104155,24354,3255,20,18
2021-05-28T23:59:59+02:00,17,7,10047,9933,21512,21243,25443,27576,34400,39014,50374,53633,48809,54104,35219,45485,11278,21438,2177,2237,4578,6165,5191,8744,6550,12353,9148,12047,8224,8815,23738,31455,10618,20165,348198,132987,53970,16891,104097,19069,3248,19,17
2021-05-27T23:59:59+02:00,16,7,9781,9686,20987,20866,24899,27217,33876,38636,49763,53023,48639,53912,35149,45411,11274,21418,1936,1969,4003,5648,4514,8143,6040,11584,8202,10723,7718,8153,22174,29302,10603,20143,343918,127320,53561,15759,103990,14692,3072,19,17
2021-05-26T23:59:59+02:00,16,7,9506,9442,20266,20299,24025,26547,32613,37607,48998,52317,48385,53623,35073,45299,11262,21394,1879,1897,3909,5524,4381,7981,5833,11321,7876,10338,7154,7428,19736,25875,10583,20099,339199,118833,50589,15507,103937,14527,2935,19,16
2021-05-25T23:59:59+02:00,15,7,9243,9206,19854,19942,23588,26156,32103,37091,48104,51337,48087,53305,34984,45157,11250,21364,1811,1848,3789,5426,4244,7832,5623,11097,7561,10015,6528,6587,15600,20485,10563,20041,333612,106607,50507,15464,103864,14176,2791,19,16
2021-05-24T23:59:59+02:00,14,7,9027,9046,19285,19652,22817,25769,30590,36077,47879,51165,47995,53205,34955,45127,11248,21363,1786,1830,3743,5394,4179,7790,5558,11038,7485,9959,6502,6563,15586,20476,10563,20041,332029,106488,46712,15451,103803,13885,2658,19,15
2021-05-23T23:59:59+02:00,14,7,8820,8839,18929,19361,22395,25422,30166,35756,47287,50652,47561,52750,34852,44981,11240,21354,1784,1829,3733,5389,4175,7784,5548,11030,7475,9950,6497,6552,15586,20474,10563,20041,327199,106429,46710,15449,103802,13865,2656,19,15
2021-05-22T23:59:59+02:00,14,7,8789,8803,18879,19318,22349,25390,30113,35725,47179,50582,47542,52727,34849,44972,11237,21354,1783,1825,3721,5377,4171,7778,5543,11024,7468,9946,6494,6550,15583,20473,10563,20041,326656,106393,46710,15449,103801,13844,2643,19,15
2021-05-21T23:59:59+02:00,13,7,8517,8448,18438,18804,21988,24745,29686,34914,46692,49916,47453,52602,34811,44929,11234,21349,1719,1783,3644,5338,4128,7743,5511,10978,7427,9898,6464,6524,15505,20376,10562,20040,321450,106079,46679,15448,103777,13481,2621,19,15
2021-05-20T23:59:59+02:00,12,7,7943,7904,17494,18008,20981,23829,28365,33713,44945,48093,47013,52140,34702,44772,11216,21330,1420,1621,3334,5051,3863,7356,5213,10498,7046,9445,6230,6267,14190,18832,10539,20001,309844,102323,46592,14965,103547,11142,2465,19,15
2021-05-19T23:59:59+02:00,12,7,7678,7588,16889,17406,20081,22953,27136,32455,43149,46004,46482,51585,34550,44549,11195,21299,1354,1536,3132,4838,3657,7104,4987,10146,6751,9114,5946,5933,11978,15978,10521,19941,298700,96085,46553,14489,103500,10086,2246,19,14
2021-05-18T23:59:59+02:00,11,7,7152,7049,15738,16384,18810,21705,25629,30825,40458,42775,45651,50638,34312,44244,11170,21257,1333,1510,3073,4768,3581,6983,4853,10014,6570,8903,5679,5656,10273,13800,10496,19887,282914,90940,45348,14439,103395,9850,2140,18,14
2021-05-17T23:59:59+02:00,11,7,7074,6988,15556,16273,18595,21537,25229,30498,38707,41138,45541,50558,34264,44179,11160,21233,1300,1487,3017,4723,3517,6924,4784,9910,6475,8802,5637,5616,10259,13782,10492,19879,282696,90867,40582,14158,103352,9669,1900,18,14
2021-05-16T23:59:59+02:00,10,6,6959,6936,15435,16186,18466,21431,25049,30383,35725,38368,45505,50523,34242,44155,11157,21228,1277,1469,2972,4683,3469,6866,4701,9841,6381,8723,5606,5579,10247,13766,10490,19876,282415,90819,34432,13892,103233,9559,1666,18,14
2021-05-15T23:59:59+02:00,10,6,6934,6906,15374,16128,18420,21391,24982,30339,35689,38327,45482,50496,34235,44150,11157,21228,1265,1443,2940,4611,3450,6797,4682,9760,6359,8672,5600,5575,10242,13765,10490,19876,281933,90764,34431,13888,103219,9212,1653,18,14
2021-05-14T23:59:59+02:00,10,5,6761,6536,15025,15632,18107,20974,24645,29878,35444,37977,45453,50465,34225,44145,11157,21226,1206,1384,2861,4508,3403,6693,4618,9609,6276,8542,5570,5530,10229,13755,10490,19875,280869,90675,34282,13869,100909,8409,1587,18,13
2021-05-13T23:59:59+02:00,10,5,6406,6213,14266,15052,17401,20342,23787,29137,34673,37307,45166,50121,34146,44021,11153,21215,1034,1299,2666,4398,3286,6571,4477,9439,6153,8399,5528,5492,10212,13738,10486,19870,274459,90522,33951,13789,100693,7428,1300,18,13
2021-05-12T23:59:59+02:00,10,5,6007,5943,13293,14375,16380,19540,23123,28700,34366,37023,44983,49926,34115,43990,11150,21212,1031,1297,2659,4392,3268,6567,4472,9429,6145,8394,5521,5486,10210,13733,10485,19869,268207,90461,33940,13779,100689,7423,1287,18,12
2021-05-11T23:59:59+02:00,10,5,5629,5719,12705,13924,14576,18098,20172,26174,32050,34696,43928,48664,33790,43518,11121,21162,968,1223,2541,4219,3160,6330,4354,9141,6028,8168,5450,5406,10168,13671,10477,19851,250912,89984,33661,13561,100245,6497,1105,18,11
2021-05-10T23:59:59+02:00,10,5,5480,5620,12433,13798,14224,17874,19369,25605,30674,33673,43397,48050,33733,43429,11113,21143,925,1164,2442,4055,3065,6128,4229,8877,5906,7971,5413,5374,10156,13654,10473,19842,245436,89875,33450,13501,99937,5501,789,18,11
2021-05-09T23:59:59+02:00,10,5,5076,5381,11245,13270,13224,17512,18345,25274,30129,33384,43341,47978,33707,43415,11110,21135,901,1134,2343,3950,2975,5990,4098,8702,5812,7867,5404,5360,10149,13649,10468,19838,240119,89828,33378,13459,99594,4914,432,18,10
2021-05-08T23:59:59+02:00,10,5,5065,5373,11223,13251,13198,17493,18315,25241,30088,33341,43333,47967,33706,43411,11110,21135,898,1127,2331,3942,2970,5990,4094,8696,5809,7864,5401,5357,10146,13644,10468,19838,239851,89801,33376,13459,99593,4881,427,18,10
2021-05-07T23:59:59+02:00,10,5,4963,5290,10992,13083,12913,17273,17707,24640,29138,32447,43139,47726,33650,43339,11106,21129,870,1096,2297,3887,2928,5941,4039,8641,5725,7811,5354,5309,10134,13635,10468,19837,237350,89665,31484,13456,99484,4629,215,17,10
2021-05-06T23:59:59+02:00,10,5,4550,5006,10322,12667,12156,16607,16110,23194,26592,30054,42436,46977,33483,43102,11090,21106,813,1040,2161,3640,2759,5632,3845,8168,5526,7488,5303,5256,10111,13607,10466,19829,228585,89481,28141,13142,98667,2957,57,17,10
2021-05-05T23:59:59+02:00,10,5,4240,4779,9724,12225,11435,16024,15010,22165,23737,27293,41455,45871,33201,42715,11072,21064,798,1016,2098,3515,2701,5477,3751,7957,5430,7354,5254,5201,10074,13568,10464,19826,215560,89219,27957,13004,98445,2207,47,16,10
2021-05-04T23:59:59+02:00,10,5,3893,4327,9055,11534,10663,15184,13706,20914,20133,23888,40108,44410,32827,42192,11049,21025,780,986,2029,3399,2631,5342,3658,7805,5333,7231,5216,5155,10044,13539,10462,19823,198512,88999,27939,12705,98416,1682,40,16,10
2021-05-03T23:59:59+02:00,10,4,3651,3907,8648,11042,10182,14561,13172,20259,19410,23242,39842,44158,32748,42088,11046,21010,766,956,1963,3296,2573,5236,3599,7692,5282,7144,5201,5142,10029,13522,10459,19818,192659,88858,27927,12696,98353,1092,25,16,10
2021-05-02T23:59:59+02:00,10,4,3648,3906,8630,11034,10172,14553,13151,20247,19392,23231,39839,44157,32747,42087,11045,21010,762,940,1933,3214,2526,5140,3552,7567,5262,7079,5197,5139,10028,13518,10459,19816,192567,88840,27913,12664,98347,601,20,16,10
2021-05-01T23:59:59+02:00,10,4,3646,3899,8617,11020,10163,14542,13144,20245,19381,23222,39839,44155,32747,42087,11045,21010,761,940,1932,3214,2525,5140,3552,7567,5262,7079,5197,5139,10028,13518,10458,19816,192483,88839,27911,12662,98347,601,19,16,10
2021-04-30T23:59:59+02:00,10,3,3624,3873,8572,10985,10118,14503,13083,20206,19279,23071,39570,43832,32726,42066,11044,21010,757,935,1918,3206,2524,5132,3549,7560,5260,7072,5194,5136,10024,13517,10458,19816,191557,88813,27642,12659,98341,560,19,16,10
2021-04-29T23:59:59+02:00,10,3,3357,3699,8137,10713,9570,14218,12587,19841,18543,22342,36508,40379,32464,41701,11033,20974,744,921,1870,3145,2475,5066,3483,7419,5169,6973,5154,5101,10001,13474,10456,19810,186005,88606,21805,12504,98236,126,18,15,10
2021-04-28T23:59:59+02:00,10,3,3192,3633,7870,10603,9174,14045,12209,19607,18059,21909,32714,36061,32246,41399,11020,20952,727,905,1844,3106,2430,5017,3445,7362,5103,6909,5090,5039,9950,13415,10453,19800,174836,88392,21651,12066,98191,118,13,15,9
2021-04-27T23:59:59+02:00,9,3,3111,3567,7613,10474,8822,13871,11725,19382,17581,21418,27145,29867,31869,40891,10999,20919,717,891,1812,3070,2394,4971,3391,7303,5048,6833,5040,4969,9915,13362,10449,19791,159481,88180,21629,11643,98128,115,13,15,8
2021-04-26T23:59:59+02:00,9,3,3055,3532,7469,10409,8655,13811,11495,19315,17056,21032,27110,29833,31855,40876,10999,20919,694,859,1744,3011,2327,4916,3324,7213,4950,6728,4941,4894,9834,13278,10447,19788,158897,88047,21410,10768,97099,115,13,14,8
2021-04-25T23:59:59+02:00,9,3,3017,3516,7309,10358,8419,13761,11163,19272,16224,20561,25555,28172,31801,40812,10999,20916,694,858,1738,3006,2320,4913,3318,7205,4946,6719,4938,4889,9826,13267,10447,19788,158413,88024,21400,10731,92027,99,13,14,8
2021-04-24T23:59:59+02:00,9,3,3013,3510,7294,10344,8407,13753,11149,19262,16204,20543,25510,28109,31798,40806,10998,20915,694,858,1738,3005,2320,4913,3317,7205,4946,6719,4938,4888,9824,13266,10447,19788,158204,88018,21396,10731,92000,99,13,14,8
2021-04-23T23:59:59+02:00,9,3,2996,3493,7252,10302,8360,13711,11082,19203,16143,20478,25089,27605,31765,40750,10995,20912,684,850,1720,2996,2304,4884,3266,7167,4846,6622,4799,4765,9653,13067,10441,19773,157016,87725,21258,9997,91847,98,13,14,7
2021-04-22T23:59:59+02:00,8,3,2917,3414,7059,10118,7819,13303,9875,18406,14588,19433,23074,25171,31552,40480,10976,20882,619,800,1606,2883,2178,4719,3106,6995,4662,6422,4642,4591,9139,12409,10404,19694,152210,85806,15960,8967,90882,79,13,13,7
2021-04-21T23:59:59+02:00,8,3,2864,3365,6935,10030,7609,13148,9507,18165,14117,18985,20558,22033,31252,40089,10956,20856,571,776,1526,2804,2091,4628,2979,6852,4499,6257,4458,4411,8566,11642,10358,19601,145196,84002,15188,7929,90071,71,13,12,7
2021-04-20T23:59:59+02:00,8,3,2824,3326,6829,9941,7472,13039,9255,17947,13624,18593,17163,17967,30938,39614,10939,20820,541,741,1453,2740,2005,4549,2879,6732,4364,6096,4269,4216,7700,10427,10288,19449,136334,81073,14944,7295,88999,66,13,12,5
2021-04-19T23:59:59+02:00,8,3,2810,3317,6781,9901,7419,13003,9180,17873,13487,18477,16830,17586,30903,39575,10937,20815,482,701,1333,2645,1906,4451,2747,6574,4166,5905,4015,3915,5851,7992,10069,19045,136010,75209,14748,6511,88122,62,13,12,5
2021-04-18T23:59:59+02:00,8,3,2794,3303,6703,9875,7314,12952,8983,17806,12649,18347,15418,16180,30835,39512,10933,20808,476,695,1323,2637,1891,4440,2714,6545,4105,5855,3939,3844,5437,7361,10022,18962,135788,73711,14605,6462,84005,58,13,12,5
2021-04-17T23:59:59+02:00,8,3,2784,3299,6686,9852,7284,12931,8951,17767,12616,18327,15366,16130,30781,39440,10932,20808,476,692,1323,2636,1890,4436,2710,6540,4102,5851,3938,3842,5432,7360,10021,18961,135434,73675,14604,6462,83902,58,13,12,5
2021-04-16T23:59:59+02:00,8,3,2771,3285,6652,9837,7233,12892,8876,17715,12508,18224,15118,15848,30263,38791,10929,20800,476,689,1318,2631,1881,4434,2704,6534,4094,5843,3932,3836,5415,7331,10019,18959,133905,73574,14597,6451,83227,56,13,11,5
2021-04-15T23:59:59+02:00,8,3,2718,3230,6521,9739,7044,12713,8533,17442,12033,17758,14059,14625,28139,35982,10910,20777,467,683,1314,2605,1866,4411,2681,6506,4051,5790,3875,3762,5383,7279,10011,18946,127973,73256,14322,6313,79916,47,12,11,5
2021-04-14T23:59:59+02:00,7,1,2662,3179,6427,9645,6898,12553,8260,17174,11601,17295,12876,13241,23421,29900,10888,20721,463,676,1299,2595,1853,4393,2659,6481,4008,5753,3828,3711,5321,7224,9981,18908,115572,72956,14290,6159,76865,24,12,10,5
2021-04-13T23:59:59+02:00,7,1,2609,3144,6299,9560,6746,12418,7982,16923,11175,16870,10213,10315,20332,25725,10865,20677,447,652,1252,2552,1802,4331,2551,6380,3826,5591,3614,3526,5172,7085,9972,18885,107124,72608,14095,4996,70620,20,12,10,5
2021-04-12T23:59:59+02:00,7,1,2588,3130,6239,9531,6639,12332,7790,16794,10927,16662,8850,8824,19511,24750,10863,20668,441,643,1233,2536,1786,4307,2517,6340,3775,5539,3550,3478,5137,7044,9967,18863,106998,72468,14040,4658,65046,16,12,10,5
2021-04-11T23:59:59+02:00,7,1,2559,3120,6143,9505,6524,12295,7625,16743,10727,16558,7574,7547,17780,22773,10861,20665,441,643,1232,2534,1786,4306,2517,6340,3771,5534,3545,3477,5131,7042,9967,18863,106928,72457,14034,4646,58024,13,11,10,5
2021-04-10T23:59:59+02:00,7,1,2558,3118,6134,9500,6515,12290,7619,16738,10720,16550,7565,7535,17770,22766,10861,20665,441,639,1230,2531,1785,4303,2515,6336,3768,5533,3536,3463,5123,7028,9967,18863,106843,72397,14034,4639,58015,13,10,10,5
2021-04-09T23:59:59+02:00,7,1,2496,3020,5999,9293,6361,12027,7360,16330,10408,16055,7407,7330,17654,22586,10860,20663,436,634,1212,2518,1760,4285,2482,6286,3689,5452,3418,3353,4982,6934,9962,18861,106369,72311,14005,3930,55463,11,10,10,5
2021-04-08T23:59:59+02:00,7,1,2418,2948,5904,9174,6258,11897,7189,16145,10152,15866,7210,7071,16386,21127,10849,20632,429,628,1198,2484,1734,4248,2455,6213,3635,5386,3340,3306,4902,6829,9940,18815,102710,71858,13651,3662,54853,10,10,10,5
2021-04-07T23:59:59+02:00,7,1,2391,2912,5832,9102,6169,11822,7056,16045,9909,15715,6912,6744,14059,18177,10828,20585,423,627,1187,2471,1721,4224,2441,6173,3567,5327,3268,3253,4843,6767,9931,18786,96540,71572,13490,3416,54217,9,10,9,5
2021-04-06T23:59:59+02:00,7,1,2374,2880,5736,9036,6079,11743,6902,15932,9669,15532,6556,6380,11953,15560,10801,20526,420,620,1179,2444,1710,4201,2415,6135,3502,5263,3182,3203,4797,6714,9925,18768,91490,71328,13190,3131,52970,9,8,9,5
2021-04-05T23:59:59+02:00,7,1,2366,2870,5718,9019,6068,11724,6889,15913,9649,15506,6432,6280,10672,14266,10800,20525,416,613,1175,2429,1704,4185,2399,6104,3469,5222,3152,3166,4776,6669,9918,18750,91407,71136,13154,2994,50128,8,7,9,5
2021-04-04T23:59:59+02:00,7,1,2366,2870,5715,9015,6066,11724,6887,15913,9647,15505,6427,6276,10672,14264,10800,20525,416,612,1175,2428,1704,4185,2398,6104,3469,5222,3151,3166,4774,6669,9917,18749,91398,71129,13151,2993,50115,8,7,9,5
2021-04-03T23:59:59+02:00,7,1,2364,2863,5708,9007,6060,11720,6884,15909,9644,15502,6424,6271,10665,14261,10800,20525,416,612,1175,2428,1704,4185,2398,6104,3469,5221,3151,3166,4774,6669,9917,18749,91341,71128,13149,2993,50109,8,7,9,5
2021-04-02T23:59:59+02:00,7,1,2361,2861,5702,9000,6058,11717,6880,15908,9640,15500,6420,6264,10650,14232,10799,20524,414,610,1174,2428,1703,4184,2397,6104,3468,5214,3126,3149,4764,6660,9917,18749,91255,71052,13146,2992,50108,8,7,8,5
2021-04-01T23:59:59+02:00,7,1,2340,2858,5671,8970,6015,11674,6837,15853,9585,15444,6326,6167,10353,13883,10776,20474,412,594,1171,2422,1696,4173,2382,6087,3442,5193,3061,3100,4701,6586,9839,18631,90261,70485,13123,2989,49836,8,6,8,5
2021-03-31T23:59:59+02:00,7,1,2306,2831,5596,8903,5947,11580,6735,15741,9451,15310,6183,6024,9799,13136,10729,20380,407,588,1165,2411,1690,4157,2375,6074,3422,5159,3029,3067,4651,6527,9781,18529,88270,70031,12907,2987,49469,8,5,8,4
2021-03-30T23:59:59+02:00,7,1,2286,2814,5548,8846,5884,11506,6663,15642,9353,15166,5995,5810,8885,11790,10651,20195,405,585,1162,2407,1677,4140,2357,6052,3388,5114,2970,2998,4560,6429,9649,18288,85173,69324,12527,2846,49333,8,3,6,3
2021-03-29T23:59:59+02:00,6,1,2219,2759,5446,8734,5775,11359,6495,15411,9118,14911,5635,5435,6930,9258,10424,19765,398,581,1151,2396,1664,4128,2332,6025,3358,5058,2900,2932,4440,6324,9441,17948,79052,68356,11718,2709,48903,8,3,5,3
2021-03-28T23:59:59+02:00,6,1,2197,2746,5402,8674,5699,11281,6408,15325,9000,14791,5509,5282,6283,8321,10358,19647,389,575,1136,2380,1640,4101,2285,5965,3302,4967,2816,2853,4324,6178,9366,17808,76742,67892,11459,2185,48721,5,3,5,3
2021-03-27T23:59:59+01:00,6,1,2197,2739,5393,8668,5695,11266,6393,15303,8989,14779,5481,5255,6272,8317,10358,19645,389,575,1134,2379,1639,4096,2281,5962,3293,4960,2811,2850,4308,6154,9284,17659,76634,67582,11459,2184,48656,5,3,5,3
2021-03-26T23:59:59+01:00,6,1,2181,2718,5356,8629,5656,11216,6316,15233,8839,14628,5316,5106,6102,8136,10355,19635,385,567,1127,2366,1623,4067,2253,5926,3259,4906,2750,2786,4120,5895,8569,16461,76287,64906,10621,2146,48513,5,3,5,3
2021-03-25T23:59:59+01:00,6,0,2065,2638,5179,8415,5455,10940,6108,14932,8598,14341,5153,4953,6005,8015,10353,19627,376,553,1108,2340,1600,4037,2207,5868,3185,4827,2651,2679,3743,5401,7409,14691,75832,60746,9669,1923,47275,4,2,5,3
2021-03-24T23:59:59+01:00,6,0,1979,2589,5028,8253,5294,10745,5943,14694,8391,14109,5013,4794,5890,7897,10347,19616,372,542,1095,2312,1568,3982,2148,5803,3096,4727,2514,2564,3310,4781,5990,12432,75452,55658,8503,1572,46626,4,2,5,3
2021-03-23T23:59:59+01:00,6,0,1902,2538,4917,8130,5195,10602,5822,14502,8274,13940,4929,4708,5823,7837,10340,19597,361,517,1076,2277,1535,3924,2104,5713,3014,4636,2427,2470,2857,4139,4043,9161,75056,48825,7755,1424,46244,3,2,5,3
2021-03-22T23:59:59+01:00,6,0,1840,2475,4780,7995,5062,10425,5663,14269,8082,13727,4822,4594,5753,7730,10322,19552,334,500,1047,2239,1490,3850,2038,5602,2912,4485,2313,2318,2325,3445,1453,4921,74549,40082,6720,1186,45821,1,2,5,3
2021-03-21T23:59:59+01:00,6,0,1838,2469,4769,7981,5048,10415,5647,14252,8052,13702,4800,4579,5736,7717,10317,19551,333,500,1042,2225,1481,3821,2020,5564,2887,4435,2272,2269,2283,3404,1436,4875,74525,39940,6667,903,45680,1,2,5,3
2021-03-20T23:59:59+01:00,6,0,1838,2469,4768,7980,5047,10413,5646,14251,8044,13696,4799,4578,5728,7709,10317,19551,333,500,1042,2225,1481,3821,2020,5564,2885,4434,2271,2266,2283,3404,1435,4875,74513,39937,6667,898,45653,1,2,5,3
2021-03-19T23:59:59+01:00,6,0,1786,2225,4259,6698,4639,9430,5375,13694,7822,13294,4673,4480,5659,7642,10316,19551,332,500,1042,2225,1481,3820,2019,5563,2884,4434,2269,2265,2277,3398,1434,4873,74452,39921,6656,891,40434,1,2,5,3
2021-03-18T23:59:59+01:00,6,0,1731,1971,3845,5642,4110,8052,4559,11153,6463,9962,4304,4180,5454,7419,10295,19512,331,497,1035,2212,1474,3795,1992,5524,2859,4410,2248,2249,2252,3369,1429,4864,74017,39729,6591,807,28043,1,2,5,3
2021-03-17T23:59:59+01:00,6,0,1725,1963,3834,5616,4093,8022,4535,11089,6412,9888,4265,4133,5411,7373,10287,19484,328,496,1031,2204,1468,3786,1985,5509,2849,4384,2221,2220,2230,3354,1422,4848,73747,39572,6527,758,27855,1,2,5,3
2021-03-16T23:59:59+01:00,6,0,1702,1929,3776,5535,4024,7916,4408,10927,6205,9689,4042,3943,5268,7213,10280,19459,325,492,1030,2185,1463,3773,1976,5494,2840,4365,2212,2205,2217,3325,1413,4818,73429,39400,5253,728,27633,1,2,5,3
2021-03-15T23:59:59+01:00,6,0,1692,1909,3752,5499,3999,7879,4357,10858,6126,9603,3955,3876,5212,7151,10271,19432,322,488,1021,2169,1455,3767,1960,5458,2822,4337,2197,2173,2192,3261,1402,4779,73197,39180,4888,620,27487,1,0,5,3
2021-03-14T23:59:59+01:00,6,0,1686,1899,3743,5489,3994,7862,4348,10826,6117,9580,3947,3866,5207,7143,10270,19430,322,488,1019,2169,1450,3764,1957,5456,2804,4331,2191,2170,2181,3250,1397,4777,73162,39172,4870,551,27376,1,0,5,3
2021-03-13T23:59:59+01:00,6,0,1682,1893,3728,5466,3987,7852,4328,10815,6103,9564,3944,3863,5204,7140,10270,19430,322,488,1019,2169,1450,3764,1957,5455,2804,4330,2190,2169,2181,3248,1388,4772,73137,39152,4865,551,27268,1,0,5,3
2021-03-12T23:59:59+01:00,5,0,1645,1836,3220,5319,3474,7737,4194,10690,5877,9273,3773,3716,5061,7027,10244,19382,317,466,1015,2139,1442,3741,1938,5384,2751,4246,2011,2014,2121,3200,1381,4766,72919,38387,4130,543,25419,0,0,5,3
2021-03-11T23:59:59+01:00,5,0,1537,1698,2839,5062,3037,7480,3914,10278,5247,8380,3543,3540,4953,6906,10204,19326,316,465,1012,2126,1439,3721,1931,5365,2742,4229,2004,2006,2106,3183,1376,4746,72337,38262,3864,503,21743,0,0,5,3
2021-03-10T23:59:59+01:00,5,0,1507,1665,2800,5018,2999,7421,3857,10191,5138,8263,3417,3434,4835,6791,10156,19259,314,464,1011,2123,1436,3710,1927,5352,2730,4209,1985,1998,2079,3150,1366,4731,71919,38177,3531,406,21301,0,0,5,3
2021-03-09T23:59:59+01:00,5,0,1498,1649,2764,4991,2977,7377,3818,10132,5056,8184,3316,3348,4752,6702,10047,19047,311,463,1007,2117,1429,3697,1901,5330,2688,4179,1942,1973,2025,3121,1354,4721,71316,38147,3259,109,21083,0,0,5,3
2021-03-08T23:59:59+01:00,5,0,1483,1634,2735,4962,2949,7346,3795,10084,5032,8122,3274,3308,4675,6638,9866,18742,310,463,1005,2113,1421,3681,1884,5296,2669,4151,1923,1954,1998,3098,1347,4702,70511,37996,3250,17,20884,0,0,5,3
2021-03-07T23:59:59+01:00,5,0,1470,1624,2706,4918,2915,7298,3760,10023,4989,8061,3239,3274,4609,6536,9789,18597,310,462,1004,2112,1420,3675,1881,5286,2668,4146,1919,1951,1994,3094,1343,4693,69971,37941,3196,15,20641,0,0,5,3
2021-03-06T23:59:59+01:00,5,0,1469,1622,2700,4907,2912,7289,3752,10016,4971,8045,3229,3264,4586,6497,9697,18424,310,462,1002,2109,1420,3673,1875,5277,2666,4144,1914,1944,1989,3092,1342,4690,69573,37893,3196,15,20611,0,0,5,2
2021-03-05T23:59:59+01:00,5,0,1395,1545,2602,4746,2855,7131,3667,9809,4870,7849,3179,3204,4367,6208,8979,17214,310,462,1000,2107,1416,3668,1873,5276,2663,4138,1906,1940,1984,3089,1337,4686,66886,37839,3193,15,19541,0,0,5,2
2021-03-04T23:59:59+01:00,5,0,1221,1439,2435,4547,2685,6860,3499,9465,4613,7507,3063,3077,4002,5749,7783,15371,309,454,991,2084,1400,3628,1845,5223,2635,4091,1878,1915,1951,3034,1309,4640,62621,37371,3190,15,17505,0,0,5,2
2021-03-03T23:59:59+01:00,5,0,1187,1386,2357,4439,2625,6737,3413,9298,4515,7364,2976,3007,3621,5145,6368,13140,305,445,979,2062,1388,3600,1831,5173,2580,4036,1828,1879,1923,3002,1293,4611,57487,36919,3162,15,16930,0,0,4,2
2021-03-02T23:59:59+01:00,5,0,1154,1348,2296,4381,2576,6644,3331,9175,4378,7215,2862,2882,3132,4473,4318,9729,300,436,974,2035,1375,3557,1816,5118,2548,4009,1818,1863,1904,2973,1280,4583,50338,36573,2912,15,16646,0,0,3,2
2021-03-01T23:59:59+01:00,5,0,1095,1319,2234,4319,2503,6557,3237,9047,4236,7027,2731,2746,2558,3723,1543,5191,299,433,967,2023,1364,3539,1808,5103,2535,3993,1801,1853,1888,2954,1269,4554,41135,36367,2520,15,16413,0,0,3,2
2021-02-28T23:59:59+01:00,5,0,1061,1305,2193,4283,2473,6512,3189,8990,4174,6968,2666,2698,2509,3692,1535,5171,299,432,964,2017,1362,3526,1805,5089,2529,3985,1794,1842,1875,2942,1261,4540,41037,36246,2229,15,16155,0,0,3,2
2021-02-27T23:59:59+01:00,5,0,1020,1223,2125,4041,2416,6278,3126,8692,4084,6715,2611,2641,2489,3668,1532,5171,299,432,963,2017,1362,3526,1805,5088,2528,3985,1794,1841,1873,2942,1261,4540,40931,36240,2228,15,14675,0,0,3,2
2021-02-26T23:59:59+01:00,4,0,854,971,1927,3652,2254,5619,2911,7775,3775,5926,2563,2587,2470,3653,1529,5169,299,432,963,2014,1360,3524,1803,5087,2526,3984,1794,1838,1866,2941,1259,4533,40915,36207,2139,15,10582,0,0,3,2
2021-02-25T23:59:59+01:00,4,0,519,814,1649,3453,2074,5314,2715,7378,3548,5624,2481,2507,2429,3592,1525,5154,289,411,938,1964,1330,3454,1772,5006,2497,3920,1769,1810,1826,2895,1231,4492,40718,35591,1877,12,8183,0,0,2,2
2021-02-24T23:59:59+01:00,3,0,498,796,1614,3357,2012,5183,2656,7196,3482,5483,2413,2460,2393,3563,1515,5118,280,407,923,1932,1316,3400,1759,4945,2473,3876,1758,1792,1817,2876,1219,4461,40525,35229,1706,4,7509,0,0,2,2
2021-02-23T23:59:59+01:00,3,0,478,759,1554,3255,1957,5042,2578,7064,3397,5379,2353,2402,2354,3505,1500,5084,278,403,918,1917,1309,3369,1750,4913,2452,3844,1738,1772,1797,2840,1203,4406,40373,34905,1433,3,6856,0,0,2,2
2021-02-22T23:59:59+01:00,2,0,462,728,1500,3155,1918,4903,2519,6845,3336,5235,2343,2304,2338,3426,1494,5039,277,400,915,1905,1301,3342,1733,4877,2437,3814,1719,1753,1769,2809,1188,4357,40157,34594,1168,1,6220,0,0,2,2
2021-02-21T23:59:59+01:00,2,0,454,690,1442,3011,1870,4753,2466,6685,3254,5131,2307,2271,2310,3406,1484,5033,277,399,912,1897,1300,3333,1728,4867,2433,3805,1717,1750,1768,2807,1188,4356,40113,34535,935,1,5519,0,0,2,2
2021-02-20T23:59:59+01:00,2,0,450,684,1434,3007,1865,4753,2463,6682,3249,5127,2304,2270,2310,3405,1482,5033,277,399,912,1896,1300,3332,1728,4867,2432,3804,1716,1749,1765,2807,1187,4354,40108,34523,930,1,5480,0,0,2,2
2021-02-19T23:59:59+01:00,1,0,428,647,1405,2945,1838,4698,2422,6582,3162,5010,2124,2107,2246,3356,1477,5027,275,398,910,1894,1299,3331,1728,4862,2429,3803,1715,1748,1763,2806,1187,4353,39357,34500,910,1,5206,0,0,2,1
2021-02-18T23:59:59+01:00,1,0,402,590,1301,2705,1735,4456,2284,6320,3060,4829,2095,2091,2230,3339,1472,5016,275,392,902,1861,1290,3291,1710,4814,2410,3765,1704,1737,1746,2794,1175,4333,39280,34198,836,1,3808,0,0,2,1
2021-02-17T23:59:59+01:00,1,0,386,558,1263,2573,1678,4281,2214,6079,3001,4679,2076,2072,2206,3319,1458,5006,265,375,866,1775,1247,3162,1650,4655,2334,3630,1625,1668,1670,2683,1122,4211,39123,32938,785,0,2940,0,0,2,1
2021-02-16T23:59:59+01:00,1,0,368,528,1209,2454,1628,4147,2135,5894,2921,4543,2067,2067,2198,3312,1453,4994,258,358,845,1694,1192,3026,1588,4452,2263,3452,1574,1614,1606,2582,1090,4075,39062,31669,754,0,2101,0,0,2,1
2021-02-15T23:59:59+01:00,1,0,358,506,1137,2312,1583,4074,2103,5840,2893,4502,2048,2051,2173,3281,1445,4973,252,339,822,1649,1160,2950,1532,4315,2190,3332,1498,1550,1548,2470,1043,3887,38954,30537,639,0,1685,0,0,2,1
2021-02-14T23:59:59+01:00,1,0,349,500,1113,2257,1520,3913,2062,5748,2862,4463,2042,2048,2161,3271,1442,4966,246,334,804,1621,1144,2911,1490,4263,2152,3302,1482,1529,1523,2433,1026,3841,38935,30101,570,0,1211,0,0,2,1
2021-02-13T23:59:59+01:00,1,0,349,500,1112,2257,1520,3912,2060,5747,2862,4463,2041,2046,2160,3271,1441,4963,246,334,804,1621,1144,2911,1489,4261,2152,3302,1480,1526,1522,2432,1026,3840,38924,30090,570,0,1210,0,0,1,1
2021-02-12T23:59:59+01:00,1,0,342,497,1094,2249,1515,3899,2055,5739,2859,4457,2027,2036,2154,3258,1436,4960,244,333,798,1616,1138,2902,1474,4243,2134,3289,1467,1510,1507,2400,1019,3803,38858,29877,562,0,1157,0,0,1,1
2021-02-11T23:59:59+01:00,1,0,320,473,1031,2154,1462,3772,1961,5475,2774,4338,1996,2003,2114,3190,1406,4902,224,305,748,1512,1058,2678,1351,3886,1948,2983,1278,1301,1333,2122,906,3434,38459,27067,525,0,387,0,0,1,1
2021-02-10T23:59:59+01:00,1,0,314,464,1009,2114,1423,3694,1907,5314,2681,4157,1925,1953,2066,3148,1385,4876,199,260,654,1324,930,2296,1166,3285,1705,2565,1115,1124,1183,1871,789,3071,38044,23537,385,0,1,0,0,1,1
2021-02-09T23:59:59+01:00,1,0,308,453,1001,2083,1408,3642,1863,5247,2615,4102,1867,1913,1995,3093,1364,4854,166,200,555,1062,782,1852,961,2676,1435,2152,963,963,987,1581,666,2624,37743,19625,64,0,1,0,0,1,1
2021-02-08T23:59:59+01:00,1,0,306,451,998,2076,1397,3626,1855,5224,2595,4085,1853,1902,1976,3075,1357,4829,116,165,456,848,618,1435,763,2027,1158,1666,771,787,785,1248,530,2144,37585,15517,19,0,1,0,0,1,1
2021-02-07T23:59:59+01:00,1,0,306,451,997,2075,1396,3621,1852,5221,2588,4082,1847,1893,1960,3067,1352,4821,106,146,407,703,544,1260,685,1812,1061,1519,694,706,704,1124,454,1905,37513,13830,16,0,0,0,0,1,1
2021-02-06T23:59:59+01:00,1,0,306,451,996,2074,1396,3618,1852,5219,2588,4079,1847,1892,1955,3065,1349,4819,105,145,402,700,539,1236,669,1793,1050,1497,691,702,699,1120,453,1901,37490,13703,16,0,0,0,0,1,0
2021-02-05T23:59:59+01:00,1,0,306,450,994,2071,1392,3609,1848,5205,2582,4073,1846,1891,1947,3057,1339,4805,101,137,387,682,522,1207,637,1741,1000,1434,654,652,650,1046,426,1807,37399,13084,16,0,0,0,0,1,0
2021-02-04T23:59:59+01:00,1,0,299,433,983,2040,1373,3556,1829,5128,2567,4025,1830,1870,1920,3022,1319,4772,76,106,286,461,362,816,454,1179,688,976,508,477,506,828,338,1448,36950,9510,16,0,0,0,0,1,0
2021-02-03T23:59:59+01:00,1,0,295,424,965,2014,1357,3518,1815,5079,2533,3982,1810,1847,1905,2998,1305,4755,60,82,239,393,292,637,347,921,530,729,341,331,368,587,246,1061,36586,7165,16,0,0,0,0,1,0
2021-02-02T23:59:59+01:00,1,0,290,417,959,1986,1349,3485,1804,5032,2510,3947,1792,1831,1877,2956,1283,4704,39,63,183,311,244,486,265,737,382,561,237,214,234,392,167,697,36206,5212,16,0,0,0,0,1,0
2021-02-01T23:59:59+01:00,1,0,289,414,954,1978,1346,3469,1796,5011,2501,3928,1784,1820,1862,2941,1277,4690,19,39,136,225,168,312,169,489,239,324,120,109,102,191,78,313,36044,3033,16,0,0,0,0,1,0
2021-01-31T23:59:59+01:00,1,0,288,413,952,1971,1343,3460,1793,4992,2497,3913,1780,1812,1858,2933,1274,4680,18,34,118,197,151,270,152,410,202,279,101,95,94,163,70,273,35943,2627,16,0,0,0,0,1,0
2021-01-30T23:59:59+01:00,1,0,288,413,952,1971,1343,3460,1793,4992,2497,3913,1779,1812,1858,2932,1274,4679,18,34,117,197,151,267,149,407,201,278,100,94,94,163,70,273,35940,2613,16,0,0,0,0,1,0
2021-01-29T23:59:59+01:00,1,0,286,410,951,1969,1342,3452,1787,4983,2494,3910,1773,1805,1849,2920,1267,4657,16,33,116,188,142,259,137,379,169,251,73,70,84,141,63,237,35839,2358,16,0,0,0,0,1,0
2021-01-28T23:59:59+01:00,1,0,282,402,932,1915,1318,3388,1762,4921,2466,3848,1751,1785,1817,2889,1249,4620,0,0,10,19,8,19,11,45,7,22,6,4,7,10,3,15,35330,186,15,0,0,0,0,1,0
2021-01-27T23:59:59+01:00,1,0,276,384,899,1834,1283,3274,1701,4798,2406,3748,1694,1736,1772,2821,1210,4531,0,0,4,6,5,11,7,19,3,12,5,4,7,10,3,14,34356,110,11,0,0,0,0,1,0
2021-01-26T23:59:59+01:00,1,0,271,374,889,1820,1269,3235,1684,4742,2376,3681,1661,1704,1733,2749,1192,4440,0,0,4,6,5,11,7,19,3,12,5,4,7,10,3,14,33813,110,7,0,0,0,0,1,0
2021-01-25T23:59:59+01:00,1,0,261,350,847,1701,1199,3071,1593,4471,2270,3473,1601,1651,1676,2661,1141,4254,0,0,1,3,1,3,4,2,3,5,5,4,6,9,2,14,32217,62,3,0,0,0,0,1,0
2021-01-24T23:59:59+01:00,1,0,258,347,836,1681,1189,3049,1562,4438,2244,3452,1590,1642,1664,2649,1135,4246,0,0,1,2,1,3,4,2,3,5,5,4,6,9,2,14,31979,61,3,0,0,0,0,1,0
2021-01-23T23:59:59+01:00,1,0,258,347,836,1681,1188,3048,1562,4434,2243,3451,1589,1642,1663,2648,1134,4241,0,0,1,2,1,3,4,2,3,5,5,4,6,9,2,14,31962,61,3,0,0,0,0,1,0
2021-01-22T23:59:59+01:00,1,0,257,345,830,1678,1184,3043,1559,4427,2231,3446,1577,1630,1657,2629,1128,4219,0,0,1,2,1,3,4,2,3,5,5,4,6,9,2,14,31837,61,3,0,0,0,0,1,0
2021-01-21T23:59:59+01:00,1,0,246,335,803,1612,1159,2916,1503,4265,2151,3311,1478,1526,1520,2461,1044,4029,0,0,1,2,1,3,4,2,3,5,4,3,5,9,1,14,30356,57,3,0,0,0,0,1,0
2021-01-20T23:59:59+01:00,1,0,224,292,730,1456,1068,2602,1369,3807,1977,2955,1356,1379,1398,2261,967,3788,0,0,1,2,1,3,4,2,3,5,4,3,5,9,1,14,27627,57,2,0,0,0,0,1,0
2021-01-19T23:59:59+01:00,1,0,193,235,630,1207,924,2157,1148,3192,1689,2523,1172,1176,1162,1918,805,3218,0,0,1,1,1,2,4,1,2,5,4,3,5,9,1,14,23347,53,2,0,0,0,0,1,0
2021-01-18T23:59:59+01:00,1,0,136,185,498,946,713,1642,881,2324,1314,1912,912,944,928,1512,627,2569,0,0,0,0,0,0,0,0,1,2,2,1,0,0,0,0,18042,6,1,0,0,0,0,1,0
2021-01-17T23:59:59+01:00,1,0,122,159,439,776,628,1419,780,2071,1199,1722,845,864,843,1373,553,2345,0,0,0,0,0,0,0,0,0,1,0,0,0,0,0,0,16138,1,0,0,0,0,0,1,0
2021-01-16T23:59:59+01:00,1,0,121,158,435,775,626,1411,770,2067,1190,1715,843,859,838,1362,545,2329,0,0,0,0,0,0,0,0,0,0,0,0,0,0,0,0,16045,0,0,0,0,0,0,0,0
2021-01-15T23:59:59+01:00,1,0,110,151,423,754,599,1373,738,1989,1129,1634,799,806,791,1273,514,2205,0,0,0,0,0,0,0,0,0,0,0,0,0,0,0,0,15289,0,0,0,0,0,0,0,0
2021-01-14T23:59:59+01:00,1,0,76,112,302,488,398,887,510,1281,773,1073,585,559,577,942,398,1682,0,0,0,0,0,0,0,0,0,0,0,0,0,0,0,0,10644,0,0,0,0,0,0,0,0
2021-01-13T23:59:59+01:00,1,0,59,85,250,410,322,670,379,981,566,765,369,355,392,636,283,1173,0,0,0,0,0,0,0,0,0,0,0,0,0,0,0,0,7696,0,0,0,0,0,0,0,0
2021-01-12T23:59:59+01:00,0,0,48,69,204,351,258,543,279,806,411,599,248,226,244,423,189,785,0,0,0,0,0,0,0,0,0,0,0,0,0,0,0,0,5683,0,0,0,0,0,0,0,0
2021-01-11T23:59:59+01:00,0,0,32,51,177,301,211,442,220,647,301,422,151,131,140,258,105,452,0,0,0,0,0,0,0,0,0,0,0,0,0,0,0,0,4041,0,0,0,0,0,0,0,0
2021-01-10T23:59:59+01:00,0,0,24,42,155,252,182,365,179,536,251,361,130,110,125,213,93,362,0,0,0,0,0,0,0,0,0,0,0,0,0,0,0,0,3380,0,0,0,0,0,0,0,0
2021-01-09T23:59:59+01:00,0,0,24,42,154,250,181,362,177,530,250,360,129,109,125,213,93,362,0,0,0,0,0,0,0,0,0,0,0,0,0,0,0,0,3361,0,0,0,0,0,0,0,0
2021-01-08T23:59:59+01:00,0,0,22,40,152,241,173,352,164,499,220,334,105,93,119,197,86,335,0,0,0,0,0,0,0,0,0,0,0,0,0,0,0,0,3132,0,0,0,0,0,0,0,0
2021-01-07T23:59:59+01:00,0,0,1,0,4,9,8,14,10,6,17,11,10,11,14,21,3,35,0,0,0,0,0,0,0,0,0,0,0,0,0,0,0,0,174,0,0,0,0,0,0,0,0
2021-01-06T23:59:59+01:00,0,0,0,0,1,3,1,6,5,2,3,6,6,4,7,10,1,16,0,0,0,0,0,0,0,0,0,0,0,0,0,0,0,0,71,0,0,0,0,0,0,0,0
2021-01-05T23:59:59+01:00,0,0,0,0,1,3,1,5,5,2,3,5,6,4,6,10,1,15,0,0,0,0,0,0,0,0,0,0,0,0,0,0,0,0,67,0,0,0,0,0,0,0,0
2021-01-04T23:59:59+01:00,0,0,0,0,1,3,1,4,4,2,3,5,6,4,5,9,1,15,0,0,0,0,0,0,0,0,0,0,0,0,0,0,0,0,63,0,0,0,0,0,0,0,0
2021-01-03T23:59:59+01:00,0,0,0,0,1,2,1,4,4,2,3,5,5,4,5,9,1,15,0,0,0,0,0,0,0,0,0,0,0,0,0,0,0,0,61,0,0,0,0,0,0,0,0
2021-01-02T23:59:59+01:00,0,0,0,0,1,2,1,4,4,2,3,5,5,4,5,9,1,15,0,0,0,0,0,0,0,0,0,0,0,0,0,0,0,0,61,0,0,0,0,0,0,0,0
2021-01-01T23:59:59+01:00,0,0,0,0,1,2,1,3,4,2,3,5,5,4,5,9,1,15,0,0,0,0,0,0,0,0,0,0,0,0,0,0,0,0,60,0,0,0,0,0,0,0,0
2020-12-31T23:59:59+01:00,0,0,0,0,1,2,1,3,4,2,3,5,5,4,5,9,1,15,0,0,0,0,0,0,0,0,0,0,0,0,0,0,0,0,60,0,0,0,0,0,0,0,0
2020-12-30T23:59:59+01:00,0,0,0,0,1,2,1,3,4,2,3,5,5,4,5,9,1,15,0,0,0,0,0,0,0,0,0,0,0,0,0,0,0,0,60,0,0,0,0,0,0,0,0
2020-12-29T23:59:59+01:00,0,0,0,0,1,1,1,2,4,1,2,5,5,4,5,9,1,15,0,0,0,0,0,0,0,0,0,0,0,0,0,0,0,0,56,0,0,0,0,0,0,0,0
2020-12-28T23:59:59+01:00,0,0,0,0,1,1,1,1,2,0,1,5,4,1,1,0,0,2,0,0,0,0,0,0,0,0,0,0,0,0,0,0,0,0,20,0,0,0,0,0,0,0,0
2020-12-27T23:59:59+01:00,0,0,0,0,1,1,1,1,2,0,0,3,2,0,1,0,0,2,0,0,0,0,0,0,0,0,0,0,0,0,0,0,0,0,14,0,0,0,0,0,0,0,0
