Datum,<24_1_m,<24_1_w,25-34_1_m,25-34_1_w,35-44_1_m,35-44_1_w,45-54_1_m,45-54_1_w,55-64_1_m,55-64_1_w,65-74_1_m,65-74_1_w,75-84_1_m,75-84_1_w,>84_1_m,>84_1_w,<24_2_m,<24_2_w,25-34_2_m,25-34_2_w,35-44_2_m,35-44_2_w,45-54_2_m,45-54_2_w,55-64_2_m,55-64_2_w,65-74_2_m,65-74_2_w,75-84_2_m,75-84_2_w,>84_2_m,>84_2_w,bp_1,bp_2,mo_1,mo_2,az_1,az_2,ja
2021-07-07T23:59:59+02:00,21816,21606,41671,37574,45774,44904,56899,57871,68019,69349,51202,56747,35863,46479,11061,21043,9736,9573,21473,20288,24722,26051,32270,36349,47018,49907,44977,49883,33791,43721,10586,20062,498286,332218,70454,46819,104514,86746,14624
2021-07-06T23:59:59+02:00,20565,20300,40842,36943,45320,44567,56522,57580,67701,69102,51106,56626,35821,46428,11053,21034,9354,9204,20649,19733,23811,25430,30857,35205,45875,48750,44245,49137,33661,43550,10575,20045,493926,325182,68597,44797,104496,85611,14491
2021-07-05T23:59:59+02:00,19140,18914,40007,36156,45111,44357,56346,57382,67547,68976,51052,56572,35800,46401,11052,21028,9072,8955,20111,19358,23162,25018,30232,34786,45131,48148,43500,48354,33533,43365,10566,20033,488309,319492,68595,44777,104493,84611,14444
2021-07-04T23:59:59+02:00,17421,16946,39685,35940,45033,44286,56264,57319,67471,68908,51019,56547,35790,46381,11050,21026,9017,8907,19978,19296,22993,24944,29985,34709,44352,48023,42181,47072,33458,43295,10564,20028,483659,319044,68564,44732,104480,80643,14383
2021-07-03T23:59:59+02:00,17399,16925,39636,35890,45018,44271,56257,57315,67465,68901,51017,56544,35790,46381,11050,21025,8974,8867,19914,19229,22934,24881,29901,34630,44131,47847,42113,46998,33413,43236,10561,20028,483475,318093,68562,44731,104479,80465,14368
2021-07-02T23:59:59+02:00,17271,16803,39177,35523,44907,44177,56205,57273,67417,68871,51006,56538,35784,46370,11050,21024,8818,8703,19590,18953,22554,24506,29485,34221,43524,47223,41911,46772,33319,43107,10557,20024,482015,315133,68548,43720,104477,80058,14356
2021-07-01T23:59:59+02:00,16934,16492,37466,34201,44346,43684,55953,57070,67249,68707,50928,56450,35757,46330,11046,21016,8450,8311,18741,18261,21601,23674,28142,33072,40552,44311,40927,45697,32713,42390,10540,19996,476614,307755,68476,38960,104453,76577,14086
2021-06-30T23:59:59+02:00,16607,16215,35396,32456,43748,43067,55738,56879,67052,68521,50846,56361,35729,46278,11042,21001,8095,7975,18078,17648,20728,22858,26882,31833,36081,39580,39859,44562,32053,41609,10519,19971,470052,297414,68435,33197,104434,73705,14015
2021-06-29T23:59:59+02:00,16364,15994,34398,31386,43303,42634,55559,56723,66885,68373,50771,56287,35692,46235,11034,20994,7520,7374,16981,16734,19502,21651,25202,30174,33351,36479,37076,41587,31321,40729,10496,19933,465933,281409,68429,33150,104419,67700,13851
2021-06-28T23:59:59+02:00,16216,15827,32742,30014,42993,42342,55401,56585,66771,68269,50725,56235,35676,46214,11031,20982,7218,7112,16438,16361,19112,21338,24697,29790,32767,35984,35705,40109,30536,39799,10492,19924,461663,278384,68407,33101,104394,62338,13559
2021-06-27T23:59:59+02:00,16194,15807,32590,29928,42931,42314,55365,56576,66745,68261,50721,56231,35673,46213,11031,20981,7173,7085,16303,16294,18948,21277,24495,29717,32539,35846,34456,38844,28915,37882,10491,19923,461348,278214,68405,33061,104388,55493,13420
2021-06-26T23:59:59+02:00,16171,15787,32565,29912,42888,42275,55342,56562,66739,68258,50719,56230,35671,46212,11031,20981,7169,7073,16284,16282,18932,21269,24462,29695,32518,35825,34443,38832,28913,37879,10491,19923,461133,278022,68403,33061,104388,55488,13419
2021-06-25T23:59:59+02:00,16114,15743,32453,29814,42699,42119,55286,56518,66700,68234,50709,56219,35667,46211,11031,20981,6985,6797,16005,15779,18668,20623,24098,28765,32134,35108,34282,38617,28890,37849,10491,19923,460328,275377,68401,33052,104371,53187,13398
2021-06-24T23:59:59+02:00,15835,15537,32012,29530,41238,40884,54834,56168,66473,68080,50656,56164,35652,46185,11026,20971,6676,6577,15325,15340,17235,19626,22051,27225,31046,34218,33881,38198,28769,37672,10479,19909,455812,265789,68401,33009,104367,52764,12665
2021-06-23T23:59:59+02:00,15546,15235,31521,29136,39153,39070,54288,55632,66224,67860,50567,56056,35612,46139,11021,20958,6478,6414,14969,15070,16713,19181,21184,26433,29369,32879,33130,37356,28578,37432,10472,19894,448806,258084,68354,32920,104364,52054,12494
2021-06-22T23:59:59+02:00,15149,14815,30855,28505,35723,36041,53384,54837,65923,67558,50461,55934,35575,46083,11018,20944,6300,6204,14575,14746,15924,18470,19773,25128,27776,31231,32335,36386,28046,36830,10454,19863,437929,248057,68323,32839,104359,50951,12194
2021-06-21T23:59:59+02:00,14897,14638,30172,28048,33571,34089,52926,54420,65748,67441,50380,55860,35549,46062,11013,20939,6206,6124,14415,14630,15754,18336,19654,25017,27670,31146,32180,36247,26843,35605,10454,19861,431167,247395,68301,32793,104327,47996,11958
2021-06-20T23:59:59+02:00,14776,14558,28399,26815,33000,33677,52843,54336,65685,67411,50359,55834,35541,46060,11012,20937,5788,5851,13519,14034,14980,17793,19136,24706,27379,30963,32028,36082,26817,35574,10452,19857,427176,242797,68299,32761,104297,47930,11471
2021-06-19T23:59:59+02:00,14745,14520,28284,26734,32970,33650,52822,54320,65669,67400,50353,55825,35539,46055,11011,20935,5573,5693,12959,13626,14374,17318,18810,24505,27186,30793,31950,35983,26800,35560,10452,19857,426771,239287,68298,32759,104297,47927,11466
2021-06-18T23:59:59+02:00,14659,14430,28185,26668,31745,32755,52465,54017,65538,67310,50323,55792,35522,46030,11007,20931,5508,5620,12862,13542,14210,17197,18574,24280,26369,30133,31746,35748,26734,35485,10448,19850,426292,236360,65382,32655,104287,47875,11416
2021-06-17T23:59:59+02:00,14291,14156,27646,26443,31290,32505,51708,53462,65134,67047,50247,55694,35492,45990,11001,20919,5144,5361,12126,13090,13457,16601,17511,23369,24244,28187,31111,35022,26541,35211,10431,19836,423161,227437,65375,32377,104262,47201,10227
2021-06-16T23:59:59+02:00,13851,13736,27186,26091,30856,32151,50902,52770,64692,66667,50136,55577,35463,45933,10991,20907,4782,4924,11408,12416,12672,15915,16418,22255,21286,25334,30049,33824,26245,34808,10416,19795,418389,213457,65333,32349,104257,46811,9930
2021-06-15T23:59:59+02:00,13165,13075,26437,25519,30083,31562,49659,51714,63986,66146,49959,55384,35394,45821,10982,20888,4288,4298,10442,11487,11522,14548,14696,20566,17872,22045,28686,32393,25861,34290,10390,19752,410746,194937,65314,32236,104253,46502,9461
2021-06-14T23:59:59+02:00,12734,12686,26034,25195,29426,31102,47870,50251,62939,65315,49743,55160,35317,45745,10974,20876,4190,4245,10268,11362,11383,14417,14520,20447,17682,21889,28616,32313,25842,34262,10387,19751,402920,194515,65305,31964,104249,46202,8893
2021-06-13T23:59:59+02:00,12692,12641,25961,25164,29363,31075,47816,50226,62904,65292,49736,55157,35315,45742,10973,20873,4038,4168,9942,11236,11061,14308,14226,20337,17300,21548,27119,30693,25703,34068,10383,19740,402720,193785,65233,27352,104242,45998,8735
2021-06-12T23:59:59+02:00,12675,12624,25947,25154,29352,31063,47757,50157,62862,65256,49735,55154,35315,45742,10973,20873,4036,4158,9926,11221,11053,14294,14207,20320,17280,21539,27078,30648,25698,34062,10383,19740,402430,193601,65233,27350,104241,45957,8735
2021-06-11T23:59:59+02:00,12576,12492,25822,25041,29233,30941,47525,49934,62730,65137,49711,55128,35305,45731,10971,20871,3943,3892,9410,10037,10623,13389,13918,19767,17007,21064,26674,30229,25609,33981,10380,19738,401177,192563,65225,27347,104201,41206,8545
2021-06-10T23:59:59+02:00,12328,12280,25508,24761,28895,30678,46469,48928,62002,64573,49628,55035,35272,45679,10961,20858,3676,3527,8643,8794,9727,11753,12623,17032,15233,17495,24970,28313,25315,33683,10374,19714,396377,187091,65174,26910,103995,28562,8309
2021-06-09T23:59:59+02:00,12026,11952,25104,24355,28507,30286,44477,47117,60920,63639,49528,54916,35227,45627,10956,20841,3431,3410,8231,8542,9220,11434,12119,16646,14537,16907,21158,24027,25091,33383,10363,19689,388465,175627,65053,26569,103994,28026,7966
2021-06-08T23:59:59+02:00,11595,11422,24452,23736,27852,29629,41335,44292,59162,62017,49359,54731,35155,45538,10946,20820,3222,3274,7834,8286,8607,11062,11460,16228,13885,16267,15812,18115,24701,32858,10345,19661,375934,160523,64991,26215,103984,27747,7132
2021-06-07T23:59:59+02:00,11430,11227,24102,23462,27577,29424,38710,42368,58733,61657,49325,54700,35142,45517,10944,20814,3128,3207,7528,8110,8292,10887,10892,15781,13386,15792,15736,18038,24673,32808,10343,19654,370305,160213,64564,24404,103975,27350,6288
2021-06-06T23:59:59+02:00,11300,11122,23786,23236,27370,29254,37120,41186,58609,61578,49300,54672,35134,45503,10944,20812,3028,3158,7260,8022,8025,10726,10160,15105,12796,15176,15587,17927,24659,32785,10341,19654,369899,160099,61212,21266,103966,27195,5849
2021-06-05T23:59:59+02:00,11282,11103,23745,23200,27335,29229,37093,41171,58511,61493,49289,54666,35132,45501,10944,20809,3016,3147,7237,7991,7996,10710,10130,15090,12757,15152,15466,17763,24654,32777,10340,19653,369570,159674,61210,21265,103965,27182,5758
2021-06-04T23:59:59+02:00,11098,10844,23384,22738,27065,28834,36669,40725,57893,60956,49254,54625,35122,45483,10943,20803,2992,3131,7208,7974,7975,10692,10101,15065,12723,15118,15257,17558,24643,32756,10338,19652,367768,159094,58964,21252,103952,27085,5752
2021-06-03T23:59:59+02:00,10880,10630,22929,22348,26639,28500,35587,39902,55150,58615,49128,54470,35080,45420,10938,20788,2902,3051,7002,7827,7522,10401,9084,14445,11496,14426,14082,16101,24466,32539,10326,19633,363876,155776,54054,17574,103901,26780,5173
2021-06-02T23:59:59+02:00,10845,10598,22893,22314,26607,28475,35556,39861,55023,58457,49114,54448,35074,45413,10938,20787,2862,3022,6947,7809,7464,10367,8931,14406,11274,14364,12739,14631,24347,32367,10321,19626,363293,151989,54048,17563,103901,26764,5161
2021-06-01T23:59:59+02:00,10426,10252,22241,21807,25927,27899,34837,39292,52042,55333,48730,54048,34957,45253,10922,20761,2406,2664,5601,7129,6200,9794,7545,13741,10148,13409,8440,9092,23875,31689,10297,19568,352631,133875,53878,17197,103882,26190,4336
2021-05-31T23:59:59+02:00,10152,10022,21671,21412,25523,27649,34516,39090,50596,53941,48631,53924,34924,45212,10915,20753,2297,2540,5316,6884,5939,9575,7181,13501,9892,13250,8389,9030,23849,31643,10289,19555,347921,133109,53839,17078,103859,25631,3312
2021-05-30T23:59:59+02:00,10097,9974,21585,21375,25458,27615,34405,39019,50235,53603,48607,53899,34918,45206,10913,20750,2262,2510,5211,6805,5837,9509,6992,13413,9668,13156,8347,8985,23833,31636,10288,19550,346742,132520,53821,16905,103850,25331,3246
2021-05-29T23:59:59+02:00,10081,9963,21552,21358,25441,27603,34384,39006,50223,53585,48603,53895,34915,45205,10913,20750,2242,2457,5168,6680,5777,9377,6876,13216,9531,12936,8274,8896,23767,31569,10287,19549,346590,132247,53821,16854,103829,24264,3237
2021-05-28T23:59:59+02:00,10023,9895,21476,21249,25365,27486,34307,38906,50145,53487,48582,53877,34907,45195,10913,20746,2159,2196,4550,6140,5159,8655,6506,12253,9038,11944,8100,8704,23400,31088,10286,19546,345748,130760,53810,16756,103771,18978,3230
2021-05-27T23:59:59+02:00,9759,9647,20948,20872,24828,27129,33785,38529,49533,52880,48413,53685,34837,45120,10910,20727,1918,1930,3972,5619,4485,8054,5999,11490,8103,10636,7597,8047,21845,28937,10271,19524,341487,125126,53399,15627,103663,14621,3053
2021-05-26T23:59:59+02:00,9488,9409,20229,20311,23966,26462,32531,37503,48774,52180,48160,53396,34762,45006,10899,20703,1863,1859,3880,5493,4352,7893,5793,11230,7780,10258,7037,7322,19426,25524,10251,19481,336821,116690,50430,15373,103611,14462,2917
2021-05-25T23:59:59+02:00,9222,9177,19817,19955,23530,26072,32023,36993,47882,51206,47866,53082,34679,44866,10887,20674,1797,1811,3756,5395,4218,7746,5585,11008,7473,9943,6419,6488,15338,20192,10231,19423,331271,104603,50350,15329,103538,14119,2772
2021-05-24T23:59:59+02:00,9006,9022,19256,19669,22761,25686,30518,35981,47659,51035,47774,52981,34650,44836,10885,20673,1772,1796,3711,5361,4156,7705,5520,10948,7397,9888,6394,6464,15324,20184,10231,19423,329699,104489,46569,15317,103484,13828,2640
2021-05-23T23:59:59+02:00,8798,8815,18899,19377,22339,25338,30095,35661,47067,50525,47341,52526,34548,44690,10877,20664,1770,1795,3702,5356,4152,7701,5510,10940,7389,9881,6390,6453,15324,20182,10231,19423,324871,104437,46568,15315,103483,13809,2638
2021-05-22T23:59:59+02:00,8767,8778,18850,19334,22292,25307,30044,35631,46958,50455,47322,52504,34545,44681,10874,20664,1769,1792,3690,5344,4148,7695,5506,10934,7382,9877,6388,6451,15322,20182,10231,19423,324331,104405,46568,15315,103482,13789,2625
2021-05-21T23:59:59+02:00,8493,8425,18410,18821,21935,24667,29618,34823,46470,49791,47234,52381,34507,44638,10871,20659,1706,1751,3611,5305,4107,7661,5474,10890,7341,9829,6360,6425,15244,20086,10230,19422,319143,104092,46539,15315,103458,13432,2603
2021-05-20T23:59:59+02:00,7920,7875,17460,18031,20934,23752,28301,33626,44728,47973,46795,51922,34399,44485,10853,20640,1406,1592,3303,5016,3842,7274,5181,10413,6963,9378,6129,6173,13939,18553,10207,19383,307558,100365,46455,14837,103233,11102,2448
2021-05-19T23:59:59+02:00,7656,7560,16855,17429,20037,22881,27076,32373,42933,45882,46261,51366,34248,44266,10832,20609,1342,1511,3099,4801,3638,7023,4959,10061,6670,9048,5855,5848,11746,15724,10190,19321,296431,94184,46415,14369,103188,10053,2230
2021-05-18T23:59:59+02:00,7129,7016,15705,16408,18773,21633,25572,30751,40250,42656,45433,50423,34009,43962,10807,20567,1321,1486,3040,4731,3562,6905,4825,9931,6491,8836,5591,5575,10059,13561,10167,19266,280660,89083,45213,14319,103095,9819,2126
2021-05-17T23:59:59+02:00,7050,6956,15522,16298,18558,21464,25173,30426,38499,41020,45323,50345,33961,43896,10797,20546,1288,1464,2984,4686,3499,6846,4757,9829,6396,8735,5550,5535,10046,13544,10164,19258,280448,89017,40446,14037,103052,9639,1888
2021-05-16T23:59:59+02:00,6934,6903,15403,16210,18429,21359,24994,30312,35519,38252,45287,50310,33939,43872,10794,20541,1264,1448,2941,4646,3451,6789,4672,9762,6300,8655,5520,5498,10035,13528,10162,19255,280170,88970,34303,13770,102932,9533,1653
2021-05-15T23:59:59+02:00,6911,6872,15342,16153,18383,21319,24927,30269,35483,38211,45264,50283,33932,43867,10794,20541,1253,1422,2909,4573,3432,6720,4653,9681,6278,8605,5514,5493,10031,13527,10162,19255,279689,88916,34303,13766,102918,9185,1641
2021-05-14T23:59:59+02:00,6735,6504,14996,15656,18070,20903,24593,29808,35237,37860,45235,50252,33922,43862,10794,20539,1192,1361,2831,4470,3385,6618,4588,9527,6191,8471,5484,5449,10018,13518,10162,19254,278637,88833,34154,13729,100599,8381,1576
2021-05-13T23:59:59+02:00,6385,6189,14242,15072,17367,20276,23738,29068,34470,37191,44947,49909,33842,43737,10790,20528,1017,1276,2636,4361,3267,6498,4448,9361,6070,8329,5441,5411,10003,13502,10158,19249,272242,88689,33833,13647,100386,7401,1290
2021-05-12T23:59:59+02:00,5985,5917,13262,14396,16349,19475,23073,28633,34165,36911,44764,49715,33811,43706,10787,20525,1015,1274,2630,4356,3249,6494,4443,9351,6063,8324,5436,5406,10001,13497,10157,19248,265991,88634,33824,13637,100382,7396,1277
2021-05-11T23:59:59+02:00,5611,5691,12680,13950,14552,18037,20123,26113,31851,34586,43713,48454,33488,43233,10758,20476,956,1200,2515,4186,3143,6272,4326,9070,5948,8102,5364,5328,9959,13437,10149,19231,248723,88171,33548,13423,99946,6493,1099
2021-05-10T23:59:59+02:00,5465,5594,12410,13826,14203,17816,19322,25542,30473,33567,43181,47845,33431,43146,10750,20456,914,1141,2416,4025,3049,6069,4204,8809,5827,7906,5328,5299,9947,13421,10145,19222,243257,88066,33338,13363,99644,5505,788
2021-05-09T23:59:59+02:00,5059,5353,11216,13295,13202,17453,18301,25213,29931,33276,43125,47773,33406,43131,10747,20449,891,1111,2317,3922,2959,5930,4072,8635,5733,7801,5320,5286,9940,13417,10140,19219,237927,88025,33268,13321,99305,4917,430
2021-05-08T23:59:59+02:00,5048,5344,11194,13275,13177,17434,18271,25180,29891,33233,43117,47762,33405,43127,10747,20449,887,1105,2304,3915,2953,5930,4068,8629,5730,7798,5317,5283,9937,13412,10140,19219,237658,87998,33267,13321,99304,4883,425
2021-05-07T23:59:59+02:00,4949,5261,10966,13107,12885,17218,17666,24581,28942,32338,42925,47522,33349,43055,10743,20443,860,1074,2269,3861,2907,5884,4013,8574,5646,7744,5270,5237,9925,13403,10140,19218,235166,87866,31379,13317,99197,4634,208
2021-05-06T23:59:59+02:00,4536,4981,10299,12690,12126,16555,16063,23139,26399,29948,42222,46775,33183,42819,10727,20420,804,1019,2133,3611,2740,5577,3819,8101,5451,7424,5219,5184,9902,13375,10138,19209,226409,87685,28032,13004,98394,2970,47
2021-05-05T23:59:59+02:00,4223,4755,9707,12248,11409,15977,14966,22117,23556,27199,41246,45672,32904,42432,10709,20378,790,997,2070,3486,2683,5422,3726,7891,5354,7288,5170,5129,9867,13339,10136,19206,213437,87426,27849,12866,98173,2223,39
2021-05-04T23:59:59+02:00,3880,4298,9037,11554,10638,15140,13662,20867,19953,23795,39901,44214,32531,41913,10686,20339,772,967,2004,3369,2613,5288,3635,7740,5259,7165,5132,5083,9838,13310,10134,19203,196395,87212,27831,12569,98149,1698,33
2021-05-03T23:59:59+02:00,3638,3875,8629,11060,10162,14515,13128,20211,19235,23152,39636,43963,32452,41809,10683,20324,758,938,1937,3264,2557,5181,3575,7626,5209,7078,5117,5072,9823,13293,10131,19198,190545,87072,27819,12561,98087,1103,21
2021-05-02T23:59:59+02:00,3635,3873,8611,11053,10153,14508,13106,20199,19218,23143,39635,43962,32451,41808,10682,20324,754,921,1907,3183,2511,5086,3528,7501,5189,7013,5113,5069,9822,13289,10131,19196,190457,87055,27807,12531,98080,610,17
2021-05-01T23:59:59+02:00,3633,3866,8599,11038,10145,14499,13099,20197,19207,23134,39635,43960,32451,41808,10682,20324,753,921,1906,3183,2511,5086,3528,7501,5189,7013,5113,5069,9822,13289,10130,19196,190375,87054,27806,12530,98080,610,16
2021-04-30T23:59:59+02:00,3610,3842,8553,11002,10102,14459,13037,20158,19104,22983,39369,43637,32430,41787,10681,20324,750,917,1893,3175,2510,5077,3525,7494,5187,7006,5110,5066,9818,13288,10130,19196,189450,87029,27537,12527,98075,570,16
2021-04-29T23:59:59+02:00,3343,3670,8123,10732,9555,14175,12548,19799,18372,22262,36310,40183,32169,41419,10669,20285,737,903,1845,3113,2461,5011,3459,7353,5095,6907,5073,5033,9797,13248,10128,19190,183928,86832,21700,12370,97971,136,15
2021-04-28T23:59:59+02:00,3183,3603,7861,10621,9154,14001,12173,19562,17888,21826,32518,35866,31950,41118,10657,20264,720,886,1819,3074,2416,4962,3422,7296,5031,6845,5012,4975,9745,13190,10125,19181,172762,86626,21549,11939,97924,124,10
2021-04-27T23:59:59+02:00,3101,3538,7601,10489,8803,13826,11686,19338,17410,21336,26968,29688,31573,40611,10636,20232,710,872,1788,3037,2382,4917,3369,7239,4975,6769,4961,4907,9710,13139,10122,19172,157441,86422,21527,11516,97858,121,10
2021-04-26T23:59:59+02:00,3048,3504,7460,10425,8637,13767,11456,19270,16889,20950,26935,29656,31559,40596,10636,20232,688,841,1720,2977,2316,4861,3303,7150,4881,6668,4864,4832,9628,13057,10120,19169,156865,86298,21309,10646,96836,121,10
2021-04-25T23:59:59+02:00,3012,3487,7298,10373,8401,13717,11127,19226,16127,20499,25407,28023,31504,40533,10636,20229,688,839,1714,2973,2309,4858,3298,7142,4877,6659,4861,4827,9620,13045,10120,19169,156383,86275,21299,10609,91907,105,10
2021-04-24T23:59:59+02:00,3008,3481,7282,10360,8390,13709,11113,19217,16110,20481,25364,27960,31501,40527,10635,20228,688,839,1714,2972,2309,4858,3297,7142,4877,6659,4861,4826,9618,13044,10120,19169,156181,86269,21295,10609,91880,105,10
2021-04-23T23:59:59+02:00,2990,3465,7240,10317,8346,13664,11047,19157,16050,20417,24942,27457,31468,40472,10632,20225,680,832,1696,2963,2293,4829,3245,7105,4779,6562,4723,4703,9450,12847,10114,19154,154996,85982,21156,9878,91727,105,10
2021-04-22T23:59:59+02:00,2912,3383,7050,10134,7804,13258,9840,18366,14499,19377,22935,25037,31256,40203,10613,20197,615,780,1581,2850,2169,4666,3084,6935,4596,6362,4570,4531,8940,12195,10078,19075,150220,84080,15862,8852,90772,85,10
2021-04-21T23:59:59+02:00,2859,3336,6928,10046,7595,13106,9474,18126,14031,18930,20430,21906,30957,39816,10594,20172,566,757,1502,2773,2083,4576,2958,6792,4436,6198,4385,4352,8371,11436,10034,18986,143223,82295,15097,7822,89976,78,10
2021-04-20T23:59:59+02:00,2820,3297,6822,9957,7458,12997,9223,17909,13541,18539,17044,17850,30643,39341,10577,20136,536,723,1429,2710,1996,4497,2858,6675,4301,6037,4201,4158,7516,10233,9966,18834,134382,79397,14852,7190,88910,73,10
2021-04-19T23:59:59+02:00,2806,3290,6775,9916,7406,12962,9148,17833,13403,18424,16712,17469,30610,39308,10576,20132,477,683,1314,2617,1901,4404,2732,6522,4110,5849,3949,3859,5693,7820,9752,18438,134066,73606,14657,6436,88037,68,10
2021-04-18T23:59:59+02:00,2790,3277,6700,9890,7300,12915,8953,17766,12568,18297,15303,16066,30542,39246,10573,20125,472,678,1305,2609,1886,4394,2699,6493,4050,5800,3874,3789,5283,7197,9707,18355,133850,72126,14515,6391,83936,64,10
2021-04-17T23:59:59+02:00,2780,3273,6683,9867,7269,12893,8921,17727,12536,18277,15250,16018,30489,39174,10572,20125,472,676,1305,2608,1885,4390,2695,6488,4047,5796,3873,3787,5278,7196,9706,18354,133495,72091,14514,6391,83835,64,10
2021-04-16T23:59:59+02:00,2767,3259,6650,9852,7218,12854,8847,17674,12428,18175,15006,15744,29971,38528,10569,20117,472,674,1299,2603,1876,4388,2690,6482,4040,5788,3868,3781,5261,7166,9706,18352,131980,71995,14507,6380,83162,61,10
2021-04-15T23:59:59+02:00,2716,3202,6517,9751,7030,12676,8506,17402,11956,17711,13954,14531,27857,35720,10551,20094,463,668,1294,2578,1861,4365,2667,6454,3998,5735,3811,3706,5229,7115,9698,18340,126072,71680,14231,6243,79862,50,9
2021-04-14T23:59:59+02:00,2659,3151,6423,9656,6888,12515,8235,17135,11528,17250,12777,13149,23148,29647,10532,20040,460,663,1281,2569,1849,4348,2645,6430,3955,5698,3764,3656,5169,7061,9670,18303,113707,71392,14198,6092,76819,28,9
2021-04-13T23:59:59+02:00,2607,3117,6296,9570,6737,12385,7959,16887,11107,16833,10119,10229,20089,25496,10509,19998,444,638,1233,2526,1796,4286,2537,6328,3775,5537,3551,3470,5022,6925,9661,18281,105333,71050,14004,4928,70592,23,9
2021-04-12T23:59:59+02:00,2586,3103,6237,9542,6631,12298,7768,16759,10861,16628,8757,8743,19268,24524,10508,19989,438,629,1214,2511,1780,4265,2505,6287,3723,5485,3488,3421,4987,6884,9656,18259,105214,70915,13951,4590,65028,18,9
2021-04-11T23:59:59+02:00,2558,3095,6141,9515,6516,12261,7603,16709,10661,16523,7487,7467,17541,22550,10506,19986,438,629,1213,2509,1780,4265,2504,6287,3721,5481,3484,3420,4981,6882,9656,18259,105146,70904,13945,4580,58019,16,9
2021-04-10T23:59:59+02:00,2557,3093,6131,9510,6507,12256,7598,16704,10654,16514,7479,7455,17532,22544,10506,19986,437,626,1211,2506,1779,4263,2502,6283,3718,5480,3475,3406,4973,6868,9656,18259,105064,70845,13944,4573,58010,16,8
2021-04-09T23:59:59+02:00,2495,2995,5997,9299,6351,11994,7340,16296,10342,16015,7323,7250,17415,22364,10505,19984,432,621,1193,2494,1752,4248,2472,6234,3640,5400,3361,3296,4834,6779,9651,18256,104594,70764,13914,3877,55449,14,8
2021-04-08T23:59:59+02:00,2416,2923,5900,9179,6248,11866,7169,16110,10087,15827,7129,6992,16154,20901,10494,19955,425,617,1181,2464,1727,4213,2445,6167,3588,5336,3289,3251,4755,6674,9629,18211,100943,70336,13559,3615,54840,13,8
2021-04-07T23:59:59+02:00,2389,2887,5827,9108,6162,11794,7036,16011,9845,15676,6833,6665,13838,17949,10473,19906,420,616,1171,2451,1714,4190,2431,6131,3522,5279,3218,3199,4700,6613,9621,18184,94785,70067,13398,3373,54208,12,8
2021-04-06T23:59:59+02:00,2373,2854,5732,9043,6071,11715,6883,15899,9606,15494,6476,6303,11749,15349,10447,19847,417,609,1164,2426,1702,4167,2405,6093,3457,5214,3134,3149,4656,6558,9616,18167,89775,69825,13098,3092,52962,11,6
2021-04-05T23:59:59+02:00,2365,2845,5714,9026,6059,11696,6870,15880,9586,15469,6352,6205,10470,14063,10447,19846,413,601,1160,2411,1696,4151,2389,6063,3424,5173,3104,3112,4636,6513,9610,18151,89697,69637,13062,2955,50129,10,5
2021-04-04T23:59:59+02:00,2365,2845,5711,9023,6057,11696,6868,15880,9584,15469,6347,6201,10470,14061,10447,19846,413,600,1160,2410,1696,4151,2388,6063,3424,5173,3104,3112,4634,6513,9610,18151,89688,69633,13061,2954,50116,10,5
2021-04-03T23:59:59+02:00,2363,2837,5703,9016,6052,11692,6865,15877,9581,15467,6344,6196,10464,14058,10447,19846,413,600,1160,2410,1696,4151,2388,6063,3424,5172,3104,3112,4634,6513,9610,18151,89632,69632,13060,2954,50111,10,5
2021-04-02T23:59:59+02:00,2362,2835,5697,9011,6050,11689,6861,15876,9577,15465,6340,6190,10450,14029,10446,19845,411,598,1159,2410,1695,4150,2387,6063,3423,5165,3078,3095,4624,6504,9610,18151,89551,69555,13057,2953,50110,10,5
2021-04-01T23:59:59+02:00,2341,2832,5668,8981,6008,11647,6818,15822,9521,15409,6247,6092,10154,13683,10423,19797,409,584,1157,2404,1688,4139,2371,6047,3397,5144,3018,3050,4565,6433,9535,18038,88563,69014,13035,2950,49840,10,5
2021-03-31T23:59:59+02:00,2307,2804,5593,8916,5940,11554,6716,15710,9388,15274,6102,5950,9603,12941,10379,19707,404,578,1151,2393,1681,4123,2365,6035,3378,5110,2986,3017,4518,6374,9478,17937,86584,68566,12821,2948,49475,10,4
2021-03-30T23:59:59+02:00,2287,2788,5547,8858,5878,11479,6645,15613,9291,15132,5916,5736,8697,11602,10304,19523,402,576,1148,2389,1668,4106,2347,6013,3345,5066,2929,2949,4430,6275,9348,17699,83512,67867,12440,2809,49340,10,4
2021-03-29T23:59:59+02:00,2219,2734,5444,8747,5771,11330,6478,15384,9061,14878,5559,5364,6753,9070,10084,19102,395,572,1137,2381,1655,4094,2322,5987,3316,5010,2861,2884,4314,6172,9146,17368,77432,66926,11628,2674,48914,10,4
2021-03-28T23:59:59+02:00,2198,2721,5401,8688,5695,11253,6391,15298,8943,14758,5435,5212,6113,8140,10018,18986,386,566,1123,2365,1630,4067,2275,5926,3260,4918,2776,2805,4197,6025,9074,17231,75140,66465,11370,2148,48736,7,4
2021-03-27T23:59:59+01:00,2198,2716,5390,8682,5690,11238,6376,15276,8932,14745,5407,5185,6103,8136,10018,18985,386,566,1121,2364,1629,4062,2271,5923,3251,4911,2771,2802,4182,6000,8994,17083,75033,66158,11370,2147,48670,7,4
2021-03-26T23:59:59+01:00,2182,2696,5353,8644,5651,11189,6297,15206,8783,14594,5244,5036,5933,7957,10016,18977,382,558,1115,2351,1613,4034,2243,5887,3217,4858,2710,2739,3997,5744,8287,15905,74689,63520,10535,2109,48530,7,4
2021-03-25T23:59:59+01:00,2065,2615,5177,8429,5450,10913,6090,14908,8544,14306,5083,4882,5837,7838,10013,18969,374,544,1094,2326,1589,4006,2197,5830,3145,4783,2612,2637,3625,5251,7151,14164,74234,59428,9589,1891,47293,6,3
2021-03-24T23:59:59+01:00,1979,2567,5029,8269,5290,10720,5927,14670,8342,14074,4943,4724,5722,7721,10007,18960,370,533,1081,2298,1556,3951,2138,5765,3058,4682,2479,2524,3201,4634,5746,11939,73861,54401,8427,1545,46653,6,3
2021-03-23T23:59:59+01:00,1903,2515,4919,8147,5191,10578,5806,14477,8227,13907,4861,4638,5656,7661,9999,18942,359,509,1061,2263,1523,3893,2094,5677,2977,4591,2389,2430,2750,4000,3853,8718,73468,47683,7681,1397,46275,4,3
2021-03-22T23:59:59+01:00,1838,2456,4785,8013,5058,10404,5647,14244,8035,13694,4758,4526,5586,7551,9985,18898,332,492,1033,2226,1478,3821,2030,5568,2876,4440,2275,2279,2235,3323,1345,4598,72975,39183,6643,1163,45857,2,3
2021-03-21T23:59:59+01:00,1837,2450,4774,7998,5044,10394,5632,14227,8006,13670,4735,4511,5569,7539,9981,18898,331,492,1027,2212,1469,3792,2012,5530,2850,4390,2234,2231,2193,3282,1328,4553,72952,39043,6592,879,45719,2,2
2021-03-20T23:59:59+01:00,1837,2450,4773,7997,5043,10392,5631,14226,7999,13664,4734,4510,5561,7531,9981,18898,331,492,1027,2212,1469,3792,2012,5530,2849,4389,2233,2228,2193,3282,1328,4553,72941,39041,6592,875,45692,2,2
2021-03-19T23:59:59+01:00,1785,2201,4260,6704,4635,9410,5362,13670,7775,13261,4610,4413,5492,7465,9981,18898,330,492,1027,2212,1469,3791,2012,5529,2848,4389,2231,2227,2188,3276,1327,4551,72883,39026,6581,869,40456,2,2
2021-03-18T23:59:59+01:00,1730,1949,3844,5643,4105,8031,4545,11136,6421,9931,4245,4114,5289,7245,9960,18858,329,489,1020,2199,1462,3766,1987,5490,2823,4365,2210,2211,2163,3247,1322,4542,72452,38835,6517,786,28075,2,2
2021-03-17T23:59:59+01:00,1724,1941,3834,5617,4088,8000,4521,11072,6371,9859,4208,4067,5250,7199,9954,18834,326,488,1016,2191,1456,3757,1980,5475,2813,4339,2183,2183,2142,3232,1315,4527,72192,38682,6458,737,27887,2,2
2021-03-16T23:59:59+01:00,1702,1907,3776,5536,4017,7894,4392,10910,6165,9659,3985,3878,5108,7041,9948,18812,324,484,1015,2172,1451,3744,1971,5461,2804,4320,2175,2169,2129,3204,1307,4498,71882,38516,5180,708,27666,2,2
2021-03-15T23:59:59+01:00,1692,1887,3751,5502,3992,7857,4341,10841,6087,9575,3901,3811,5055,6981,9941,18787,321,480,1006,2155,1443,3739,1955,5425,2786,4292,2160,2137,2104,3143,1299,4460,71658,38299,4821,604,27522,2,0
2021-03-14T23:59:59+01:00,1686,1877,3743,5492,3987,7841,4332,10810,6079,9553,3894,3802,5050,6973,9940,18785,320,480,1004,2155,1439,3736,1952,5423,2768,4286,2154,2135,2093,3133,1295,4458,71626,38291,4805,539,27413,1,0
2021-03-13T23:59:59+01:00,1683,1872,3730,5470,3980,7832,4313,10800,6065,9539,3891,3799,5047,6970,9940,18785,320,480,1004,2155,1439,3736,1952,5422,2768,4285,2153,2134,2093,3131,1287,4453,71604,38272,4800,539,27312,1,0
2021-03-12T23:59:59+01:00,1643,1816,3214,5324,3465,7718,4179,10674,5840,9248,3724,3653,4905,6861,9915,18737,315,458,1000,2125,1431,3712,1933,5352,2715,4200,1976,1980,2033,3081,1280,4447,71393,37507,4076,531,25447,0,0
2021-03-11T23:59:59+01:00,1535,1680,2831,5063,3028,7464,3899,10261,5213,8360,3500,3477,4799,6744,9877,18687,314,458,997,2112,1428,3692,1926,5333,2706,4183,1970,1972,2019,3064,1275,4429,70830,37386,3814,492,21774,0,0
2021-03-10T23:59:59+01:00,1505,1649,2792,5017,2993,7405,3844,10175,5104,8243,3374,3373,4684,6629,9833,18621,312,457,995,2109,1426,3681,1922,5320,2695,4163,1953,1965,1993,3032,1264,4415,70423,37305,3483,397,21335,0,0
2021-03-09T23:59:59+01:00,1497,1633,2761,4992,2972,7361,3806,10115,5025,8163,3276,3290,4604,6540,9726,18410,309,456,992,2103,1419,3669,1896,5298,2653,4133,1910,1940,1943,3004,1252,4405,69829,37277,3215,105,21127,0,0
2021-03-08T23:59:59+01:00,1482,1620,2731,4968,2946,7331,3783,10067,5001,8101,3236,3250,4532,6477,9550,18108,309,456,990,2099,1411,3653,1879,5265,2634,4106,1894,1923,1917,2982,1246,4386,69042,37136,3206,14,20935,0,0
2021-03-07T23:59:59+01:00,1469,1610,2702,4923,2912,7283,3750,10005,4960,8042,3201,3217,4467,6376,9474,17964,309,455,990,2098,1410,3648,1876,5255,2633,4101,1890,1920,1913,2978,1243,4379,68509,37086,3153,12,20693,0,0
2021-03-06T23:59:59+01:00,1468,1608,2696,4912,2909,7274,3742,9998,4942,8026,3191,3207,4445,6337,9386,17794,309,455,988,2095,1410,3646,1870,5246,2631,4099,1885,1912,1907,2976,1243,4376,68119,37036,3153,12,20663,0,0
2021-03-05T23:59:59+01:00,1395,1530,2598,4750,2852,7117,3657,9791,4841,7830,3141,3148,4227,6050,8679,16601,309,455,986,2093,1405,3641,1868,5245,2627,4093,1876,1908,1902,2973,1238,4373,65466,36980,3150,12,19591,0,0
2021-03-04T23:59:59+01:00,1222,1427,2428,4547,2681,6848,3489,9446,4583,7490,3025,3025,3865,5592,7511,14778,308,447,977,2070,1389,3601,1840,5193,2599,4047,1848,1883,1869,2918,1211,4327,61259,36515,3147,12,17551,0,0
2021-03-03T23:59:59+01:00,1189,1374,2350,4439,2621,6725,3402,9281,4487,7345,2940,2956,3492,4994,6121,12587,304,438,966,2047,1377,3574,1826,5143,2545,3993,1801,1848,1845,2889,1196,4299,56206,36079,3121,12,16976,0,0
2021-03-02T23:59:59+01:00,1155,1338,2290,4383,2570,6634,3322,9160,4352,7196,2825,2830,3008,4327,4120,9219,299,429,961,2022,1364,3531,1813,5092,2513,3968,1791,1834,1826,2863,1185,4272,49159,35751,2872,12,16698,0,0
2021-03-01T23:59:59+01:00,1096,1308,2230,4321,2498,6548,3229,9034,4210,7008,2693,2693,2442,3588,1402,4757,298,426,954,2010,1353,3512,1805,5076,2502,3952,1775,1824,1809,2844,1173,4244,40108,35545,2486,12,16463,0,0
2021-02-28T23:59:59+01:00,1062,1294,2188,4284,2468,6505,3181,8977,4148,6949,2626,2646,2393,3557,1394,4737,298,425,952,2005,1351,3499,1802,5062,2496,3944,1768,1813,1796,2833,1165,4229,40010,35426,2194,12,16205,0,0
2021-02-27T23:59:59+01:00,1019,1212,2123,4040,2410,6271,3117,8679,4057,6694,2571,2589,2373,3533,1391,4737,298,425,951,2005,1351,3499,1802,5061,2495,3944,1768,1812,1794,2833,1165,4229,39904,35420,2193,12,14719,0,0
2021-02-26T23:59:59+01:00,850,958,1921,3649,2247,5605,2900,7758,3746,5902,2522,2536,2355,3518,1388,4735,298,425,951,2002,1349,3497,1800,5060,2493,3943,1768,1809,1787,2832,1163,4222,39889,35387,2105,12,10596,0,0
2021-02-25T23:59:59+01:00,509,801,1641,3450,2064,5301,2704,7364,3520,5600,2441,2460,2315,3457,1384,4721,288,404,925,1953,1320,3428,1770,4979,2464,3879,1743,1782,1748,2789,1136,4182,39694,34779,1850,11,8188,0,0
2021-02-24T23:59:59+01:00,489,783,1606,3354,2002,5171,2644,7181,3454,5457,2376,2413,2279,3428,1375,4687,279,400,911,1921,1306,3374,1757,4920,2440,3834,1732,1764,1739,2770,1124,4155,39505,34423,1681,3,7513,0,0
2021-02-23T23:59:59+01:00,470,747,1545,3252,1947,5031,2566,7050,3368,5352,2316,2354,2242,3372,1360,4656,278,396,906,1906,1300,3345,1748,4889,2419,3803,1712,1744,1719,2735,1109,4102,39358,34108,1409,3,6861,0,0
2021-02-22T23:59:59+01:00,453,716,1490,3153,1908,4893,2508,6832,3307,5208,2308,2257,2227,3293,1356,4611,277,393,902,1895,1292,3318,1731,4853,2405,3773,1693,1725,1693,2706,1094,4056,39147,33805,1145,1,6228,0,0
2021-02-21T23:59:59+01:00,445,678,1432,3011,1861,4743,2456,6673,3224,5104,2272,2224,2200,3273,1346,4606,277,392,899,1887,1291,3309,1728,4843,2401,3764,1691,1722,1692,2704,1094,4055,39107,33748,912,1,5529,0,0
2021-02-20T23:59:59+01:00,441,673,1424,3007,1855,4743,2453,6670,3220,5100,2269,2223,2200,3272,1345,4606,277,392,899,1886,1291,3308,1728,4843,2400,3763,1690,1721,1689,2704,1093,4053,39103,33736,908,1,5490,0,0
2021-02-19T23:59:59+01:00,419,636,1395,2945,1828,4689,2412,6571,3133,4982,2090,2062,2137,3223,1340,4600,275,391,898,1884,1290,3307,1728,4838,2397,3762,1688,1719,1687,2703,1093,4052,38354,33711,889,1,5219,0,0
2021-02-18T23:59:59+01:00,394,580,1290,2702,1723,4445,2274,6309,3031,4800,2061,2045,2121,3206,1335,4592,275,385,890,1851,1281,3268,1710,4790,2378,3726,1676,1709,1671,2691,1081,4034,38280,33415,815,1,3813,0,0
2021-02-17T23:59:59+01:00,379,549,1251,2573,1668,4270,2205,6067,2972,4651,2042,2026,2098,3186,1320,4583,266,368,855,1766,1238,3139,1649,4631,2304,3590,1600,1640,1596,2581,1032,3917,38124,32171,764,1,2952,0,0
2021-02-16T23:59:59+01:00,361,519,1197,2453,1618,4134,2126,5882,2891,4515,2033,2022,2090,3180,1315,4572,258,351,835,1686,1183,3003,1588,4427,2232,3416,1550,1587,1535,2481,1004,3787,38065,30922,734,1,2109,0,0
2021-02-15T23:59:59+01:00,351,497,1124,2309,1573,4061,2094,5829,2863,4474,2014,2006,2069,3150,1308,4552,251,333,812,1641,1152,2928,1532,4294,2161,3300,1475,1523,1480,2372,961,3608,37960,29822,624,1,1690,0,0
2021-02-14T23:59:59+01:00,343,492,1101,2253,1510,3897,2052,5737,2832,4435,2008,2004,2058,3141,1306,4546,244,328,794,1614,1136,2889,1490,4242,2123,3270,1459,1502,1456,2336,944,3566,37943,29392,559,1,1213,0,0
2021-02-13T23:59:59+01:00,343,492,1100,2253,1510,3896,2050,5736,2832,4435,2007,2002,2057,3141,1306,4543,244,328,794,1614,1136,2889,1489,4241,2123,3270,1457,1499,1455,2335,944,3565,37932,29382,559,1,1212,0,0
2021-02-12T23:59:59+01:00,339,489,1083,2244,1505,3882,2045,5727,2829,4429,1993,1992,2051,3128,1301,4540,243,327,788,1609,1130,2880,1472,4222,2104,3257,1444,1483,1440,2303,937,3531,37865,29169,551,1,1161,0,0
2021-02-11T23:59:59+01:00,319,466,1019,2146,1451,3755,1951,5464,2744,4310,1965,1961,2011,3064,1276,4484,223,301,739,1504,1050,2658,1348,3865,1921,2951,1256,1276,1271,2027,831,3176,37483,26397,514,0,389,0,0
2021-02-10T23:59:59+01:00,313,457,996,2106,1413,3676,1897,5302,2649,4128,1896,1911,1967,3026,1258,4458,199,256,646,1317,924,2277,1159,3269,1681,2538,1098,1103,1125,1786,724,2839,37075,22941,377,0,1,0,0
2021-02-09T23:59:59+01:00,307,447,988,2074,1397,3624,1854,5235,2582,4072,1838,1875,1899,2973,1237,4436,166,197,548,1060,777,1834,955,2664,1418,2128,951,944,940,1512,607,2425,36776,19126,61,0,1,0,0
2021-02-08T23:59:59+01:00,306,445,985,2067,1387,3608,1846,5212,2564,4056,1823,1863,1881,2955,1230,4411,115,164,448,850,615,1425,761,2021,1147,1655,769,776,751,1201,487,1977,36621,15162,17,0,1,0,0
2021-02-07T23:59:59+01:00,306,445,984,2066,1386,3601,1843,5209,2557,4053,1817,1854,1865,2948,1225,4405,106,145,398,704,541,1252,682,1806,1050,1508,696,696,676,1083,421,1759,36550,13523,14,0,0,0,0
2021-02-06T23:59:59+01:00,306,445,983,2065,1386,3598,1843,5207,2557,4050,1817,1853,1860,2946,1222,4403,106,144,393,701,536,1228,666,1787,1039,1487,693,692,671,1079,420,1755,36527,13397,14,0,0,0,0
2021-02-05T23:59:59+01:00,306,444,981,2063,1383,3589,1839,5193,2551,4044,1816,1852,1852,2938,1213,4390,102,137,378,683,519,1199,634,1735,991,1424,656,642,625,1005,394,1664,36440,12788,14,0,0,0,0
2021-02-04T23:59:59+01:00,299,427,969,2031,1364,3536,1820,5116,2535,3996,1800,1832,1826,2903,1196,4359,77,106,279,461,358,808,450,1173,682,965,508,468,486,795,308,1329,35995,9253,14,0,0,0,0
2021-02-03T23:59:59+01:00,295,418,952,2004,1348,3498,1807,5067,2501,3952,1780,1809,1810,2879,1183,4345,61,82,233,395,289,629,345,918,522,719,341,324,350,567,221,970,35634,6966,14,0,0,0,0
2021-02-02T23:59:59+01:00,291,411,947,1977,1340,3465,1796,5021,2478,3917,1762,1793,1784,2838,1162,4298,39,63,178,312,242,482,264,736,376,553,237,207,223,375,152,634,35266,5073,14,0,0,0,0
2021-02-01T23:59:59+01:00,290,409,942,1970,1337,3449,1788,5001,2470,3899,1755,1782,1769,2823,1156,4285,19,39,132,227,167,307,170,489,237,321,121,105,98,185,71,282,35111,2970,14,0,0,0,0
2021-01-31T23:59:59+01:00,289,408,940,1962,1334,3440,1785,4982,2466,3884,1751,1774,1765,2816,1153,4276,18,34,114,199,150,266,153,409,200,277,102,91,90,157,63,248,35011,2571,14,0,0,0,0
2021-01-30T23:59:59+01:00,289,408,940,1962,1334,3440,1785,4982,2466,3884,1750,1774,1765,2815,1153,4275,18,34,114,199,150,264,150,407,199,276,101,90,90,157,63,248,35008,2560,14,0,0,0,0
2021-01-29T23:59:59+01:00,287,405,939,1960,1333,3432,1779,4973,2463,3881,1744,1767,1756,2804,1146,4254,16,33,113,190,141,256,138,379,168,249,74,66,81,136,56,216,34909,2312,14,0,0,0,0
2021-01-28T23:59:59+01:00,282,397,921,1904,1309,3368,1754,4911,2435,3819,1722,1748,1725,2773,1128,4219,0,0,8,19,9,17,12,46,7,21,8,3,8,9,2,13,34402,182,13,0,0,0,0
2021-01-27T23:59:59+01:00,277,379,888,1824,1275,3255,1692,4788,2375,3719,1666,1700,1681,2707,1092,4136,0,0,4,6,5,11,8,20,3,12,7,3,8,9,2,12,33445,110,9,0,0,0,0
2021-01-26T23:59:59+01:00,271,370,879,1811,1261,3217,1675,4731,2345,3656,1635,1668,1644,2637,1075,4052,0,0,4,6,5,11,8,20,3,12,7,3,8,9,2,12,32920,110,7,0,0,0,0
2021-01-25T23:59:59+01:00,260,346,837,1693,1192,3053,1585,4460,2240,3447,1576,1615,1590,2552,1028,3882,0,0,1,3,1,3,5,3,3,5,7,3,7,8,2,12,31354,63,2,0,0,0,0
2021-01-24T23:59:59+01:00,257,343,826,1674,1182,3031,1554,4427,2214,3426,1566,1607,1580,2541,1022,3875,0,0,1,2,1,3,5,3,3,5,6,3,7,8,2,12,31123,61,2,0,0,0,0
2021-01-23T23:59:59+01:00,257,343,826,1674,1181,3030,1554,4423,2213,3425,1565,1607,1579,2540,1021,3870,0,0,1,2,1,3,5,3,3,5,6,3,7,8,2,12,31106,61,2,0,0,0,0
2021-01-22T23:59:59+01:00,256,341,820,1671,1177,3025,1551,4416,2201,3420,1553,1595,1573,2521,1016,3851,0,0,1,2,1,3,5,3,3,5,6,3,7,8,2,12,30985,61,2,0,0,0,0
2021-01-21T23:59:59+01:00,245,331,792,1605,1152,2900,1495,4256,2122,3285,1455,1492,1440,2357,937,3670,0,0,1,2,1,3,4,2,3,5,4,2,6,8,1,12,29532,54,2,0,0,0,0
2021-01-20T23:59:59+01:00,222,287,719,1449,1062,2586,1359,3798,1949,2934,1334,1347,1322,2168,868,3462,0,0,1,2,1,3,4,2,3,5,4,2,6,8,1,12,26864,54,2,0,0,0,0
2021-01-19T23:59:59+01:00,191,231,621,1203,917,2140,1140,3183,1667,2504,1151,1150,1097,1835,723,2941,0,0,1,1,1,2,4,1,2,5,4,2,5,8,1,12,22692,49,2,0,0,0,0
2021-01-18T23:59:59+01:00,133,184,487,945,709,1631,876,2320,1300,1903,904,925,880,1460,568,2352,0,0,0,0,0,0,0,0,1,2,2,1,0,0,0,0,17576,6,1,0,0,0,0
2021-01-17T23:59:59+01:00,120,158,427,774,624,1411,776,2067,1187,1713,840,846,799,1324,507,2144,0,0,0,0,0,0,0,0,0,1,0,0,0,0,0,0,15717,1,0,0,0,0,0
2021-01-16T23:59:59+01:00,120,157,423,773,622,1403,766,2063,1179,1707,838,841,794,1313,499,2129,0,0,0,0,0,0,0,0,0,0,0,0,0,0,0,0,15627,0,0,0,0,0,0
2021-01-15T23:59:59+01:00,110,151,411,753,596,1365,734,1985,1118,1626,794,789,750,1227,469,2011,0,0,0,0,0,0,0,0,0,0,0,0,0,0,0,0,14889,0,0,0,0,0,0
2021-01-14T23:59:59+01:00,76,111,294,486,395,879,506,1278,764,1065,580,546,547,905,359,1527,0,0,0,0,0,0,0,0,0,0,0,0,0,0,0,0,10318,0,0,0,0,0,0
2021-01-13T23:59:59+01:00,59,85,242,409,319,662,377,978,559,758,365,344,367,616,250,1058,0,0,0,0,0,0,0,0,0,0,0,0,0,0,0,0,7448,0,0,0,0,0,0
2021-01-12T23:59:59+01:00,47,69,197,351,257,538,278,804,406,593,245,218,229,407,169,705,0,0,0,0,0,0,0,0,0,0,0,0,0,0,0,0,5513,0,0,0,0,0,0
2021-01-11T23:59:59+01:00,32,50,172,303,210,437,217,646,296,420,150,126,130,249,91,402,0,0,0,0,0,0,0,0,0,0,0,0,0,0,0,0,3931,0,0,0,0,0,0
2021-01-10T23:59:59+01:00,24,41,150,254,180,360,179,535,247,359,129,106,115,204,79,325,0,0,0,0,0,0,0,0,0,0,0,0,0,0,0,0,3287,0,0,0,0,0,0
2021-01-09T23:59:59+01:00,24,41,150,252,179,359,178,530,246,358,128,105,115,204,79,325,0,0,0,0,0,0,0,0,0,0,0,0,0,0,0,0,3273,0,0,0,0,0,0
2021-01-08T23:59:59+01:00,22,40,148,243,171,349,165,499,217,332,104,89,110,189,72,303,0,0,0,0,0,0,0,0,0,0,0,0,0,0,0,0,3053,0,0,0,0,0,0
2021-01-07T23:59:59+01:00,1,0,4,9,8,13,10,6,16,11,10,9,15,21,3,32,0,0,0,0,0,0,0,0,0,0,0,0,0,0,0,0,168,0,0,0,0,0,0
2021-01-06T23:59:59+01:00,0,0,1,3,1,5,5,2,3,6,6,2,8,10,1,14,0,0,0,0,0,0,0,0,0,0,0,0,0,0,0,0,67,0,0,0,0,0,0
2021-01-05T23:59:59+01:00,0,0,1,3,1,5,5,2,3,5,6,2,7,9,1,13,0,0,0,0,0,0,0,0,0,0,0,0,0,0,0,0,63,0,0,0,0,0,0
2021-01-04T23:59:59+01:00,0,0,1,3,1,4,4,2,3,5,6,2,5,8,1,13,0,0,0,0,0,0,0,0,0,0,0,0,0,0,0,0,58,0,0,0,0,0,0
2021-01-03T23:59:59+01:00,0,0,1,2,1,4,4,2,3,5,5,2,5,8,1,13,0,0,0,0,0,0,0,0,0,0,0,0,0,0,0,0,56,0,0,0,0,0,0
2021-01-02T23:59:59+01:00,0,0,1,2,1,4,4,2,3,5,5,2,5,8,1,13,0,0,0,0,0,0,0,0,0,0,0,0,0,0,0,0,56,0,0,0,0,0,0
2021-01-01T23:59:59+01:00,0,0,1,2,1,3,4,2,3,5,5,2,5,8,1,13,0,0,0,0,0,0,0,0,0,0,0,0,0,0,0,0,55,0,0,0,0,0,0
2020-12-31T23:59:59+01:00,0,0,1,2,1,3,4,2,3,5,5,2,5,8,1,13,0,0,0,0,0,0,0,0,0,0,0,0,0,0,0,0,55,0,0,0,0,0,0
2020-12-30T23:59:59+01:00,0,0,1,2,1,3,4,2,3,5,5,2,5,8,1,13,0,0,0,0,0,0,0,0,0,0,0,0,0,0,0,0,55,0,0,0,0,0,0
2020-12-29T23:59:59+01:00,0,0,1,1,1,2,4,1,2,5,5,2,5,8,1,13,0,0,0,0,0,0,0,0,0,0,0,0,0,0,0,0,51,0,0,0,0,0,0
2020-12-28T23:59:59+01:00,0,0,1,1,1,1,2,0,1,5,4,1,1,0,0,2,0,0,0,0,0,0,0,0,0,0,0,0,0,0,0,0,20,0,0,0,0,0,0
2020-12-27T23:59:59+01:00,0,0,1,1,1,1,2,0,0,3,2,0,1,0,0,2,0,0,0,0,0,0,0,0,0,0,0,0,0,0,0,0,14,0,0,0,0,0,0
