Datum,<15_1_m,<15_1_w,15-24_1_m,15-24_1_w,25-34_1_m,25-34_1_w,35-44_1_m,35-44_1_w,45-54_1_m,45-54_1_w,55-64_1_m,55-64_1_w,65-74_1_m,65-74_1_w,75-84_1_m,75-84_1_w,>84_1_m,>84_1_w,<15_2_m,<15_2_w,15-24_2_m,15-24_2_w,25-34_2_m,25-34_2_w,35-44_2_m,35-44_2_w,45-54_2_m,45-54_2_w,55-64_2_m,55-64_2_w,65-74_2_m,65-74_2_w,75-84_2_m,75-84_2_w,>84_2_m,>84_2_w,bp_1,bp_2,mo_1,mo_2,az_1,az_2,ja,unb_1,unb_2
2021-11-28T23:59:59+01:00,8668,8049,46894,43905,62011,55446,61220,58768,70897,69866,78800,78185,55455,61164,37941,49189,11838,22599,5987,5657,40257,38308,55552,49270,55944,53741,66094,65254,75187,74645,53841,59354,37041,47878,11446,21768,655561,598511,79886,77207,105714,101759,39696,47,51
2021-11-27T23:59:59+01:00,8640,8026,46872,43888,61991,55420,61197,58745,70873,69852,78786,78168,55446,61161,37941,49188,11838,22598,5980,5649,40231,38287,55535,49262,55928,53731,66084,65249,75177,74639,53839,59351,37040,47878,11446,21768,655297,598361,79885,77207,105714,101759,39696,47,51
2021-11-26T23:59:59+01:00,8502,7933,46793,43831,61943,55364,61156,58699,70825,69809,78757,78142,55438,61143,37939,49179,11835,22594,5968,5643,40187,38256,55488,49224,55886,53694,66052,65221,75151,74618,53836,59345,37037,47876,11446,21768,654553,597987,79882,77203,105713,101759,39696,47,51
2021-11-25T23:59:59+01:00,8257,7705,46647,43720,61793,55187,61031,58591,70703,69694,78668,78046,55389,61088,37908,49150,11831,22582,5871,5518,39836,37920,55144,48906,55623,53456,65805,65034,75022,74518,53801,59307,37024,47853,11444,21758,652674,595177,79869,77157,105713,101759,39696,47,51
2021-11-24T23:59:59+01:00,8120,7582,46523,43623,61666,55055,60926,58463,70610,69593,78558,77944,55345,61025,37883,49104,11819,22551,5831,5474,39751,37834,55043,48794,55534,53349,65726,64941,74953,74463,53785,59265,37013,47827,11440,21749,651096,594140,79857,77136,105713,101759,39686,47,51
2021-11-23T23:59:59+01:00,7968,7443,46406,43512,61546,54885,60822,58321,70492,69475,78443,77834,55281,60947,37853,49053,11810,22530,5790,5429,39636,37744,54888,48669,55422,53267,65624,64845,74875,74385,53743,59219,37000,47801,11435,21738,649342,592900,79846,77120,105713,101757,39682,47,51
2021-11-22T23:59:59+01:00,7865,7340,46250,43409,61409,54739,60676,58216,70401,69367,78369,77744,55245,60888,37832,49014,11806,22511,5745,5382,39380,37564,54597,48477,55219,53105,65443,64709,74784,74315,53713,59183,36989,47784,11429,21731,647826,590974,79834,77097,105713,101757,39670,47,51
2021-11-21T23:59:59+01:00,7784,7270,46150,43318,61293,54634,60555,58143,70313,69287,78296,77675,55211,60844,37820,49001,11803,22501,5717,5353,39273,37485,54480,48393,55127,53039,65373,64643,74746,74271,53695,59168,36984,47767,11427,21726,646657,590099,79822,77092,105713,101757,39668,47,51
2021-11-20T23:59:59+01:00,7762,7244,46088,43252,61209,54562,60484,58096,70266,69250,78257,77647,55194,60828,37815,48994,11802,22500,5713,5351,39250,37472,54454,48379,55104,53019,65358,64636,74736,74267,53694,59164,36979,47766,11426,21726,646019,589934,79820,77092,105713,101757,39660,47,51
2021-11-19T23:59:59+01:00,7668,7149,45896,43078,61036,54378,60332,57940,70126,69157,78172,77572,55169,60802,37809,48978,11800,22494,5699,5335,39191,37422,54416,48346,55059,52983,65331,64611,74710,74253,53692,59152,36976,47763,11425,21723,644358,589559,79809,77083,105710,101755,39639,47,51
2021-11-18T23:59:59+01:00,7469,6947,45501,42751,60713,54008,60026,57678,69838,68923,78009,77405,55106,60726,37782,48925,11795,22473,5630,5268,38919,37172,54172,48145,54847,52806,65138,64455,74582,74188,53652,59109,36960,47733,11416,21714,640935,587434,79780,77057,105709,101753,39611,47,51
2021-11-17T23:59:59+01:00,7326,6827,45177,42520,60422,53745,59804,57461,69644,68729,77849,77243,55044,60670,37764,48875,11784,22457,5593,5239,38825,37102,54061,48055,54772,52742,65064,64394,74528,74131,53624,59083,36945,47711,11409,21709,638282,586583,79729,77021,105709,101752,39580,47,51
2021-11-16T23:59:59+01:00,7187,6713,44926,42317,60160,53485,59594,57258,69462,68550,77714,77100,54975,60598,37734,48824,11769,22429,5531,5187,38657,36951,53932,47920,54662,52636,64964,64305,74445,74058,53588,59035,36914,47681,11406,21696,635769,585186,79706,77009,105709,101752,39570,47,51
2021-11-15T23:59:59+01:00,7042,6590,44403,41924,59720,53122,59296,56987,69193,68327,77521,76925,54910,60523,37689,48778,11766,22419,5487,5139,38466,36781,53730,47762,54483,52508,64828,64187,74366,73988,53561,59001,36906,47661,11404,21687,632199,583645,79685,76996,105709,101752,39501,47,51
2021-11-14T23:59:59+01:00,6965,6521,44161,41751,59512,52942,59107,56835,69045,68198,77409,76855,54887,60489,37678,48761,11763,22412,5441,5094,38295,36648,53549,47610,54348,52404,64704,64091,74308,73917,53529,58978,36898,47642,11403,21682,630387,582259,79664,76989,105709,101752,39490,47,51
2021-11-13T23:59:59+01:00,6961,6515,44146,41740,59496,52929,59097,56825,69039,68192,77398,76851,54885,60488,37677,48759,11762,22412,5441,5092,38293,36648,53547,47610,54344,52400,64700,64087,74302,73914,53524,58974,36896,47633,11401,21681,630272,582205,79663,76989,105706,101752,39490,47,51
2021-11-12T23:59:59+01:00,6904,6475,44011,41603,59356,52833,58978,56718,68949,68124,77331,76813,54872,60473,37670,48747,11757,22407,5438,5084,38267,36629,53521,47595,54320,52387,64677,64073,74285,73903,53518,58968,36894,47630,11399,21679,629162,582015,79650,76987,105706,101752,39462,47,51
2021-11-11T23:59:59+01:00,6730,6287,43343,41089,58746,52325,58513,56341,68575,67792,77055,76625,54810,60404,37643,48707,11748,22396,5384,5022,38085,36497,53374,47461,54199,52275,64563,63974,74208,73855,53486,58939,36882,47612,11398,21668,624457,580795,79608,76964,105703,101752,39320,47,51
2021-11-10T23:59:59+01:00,6629,6196,42931,40794,58344,51979,58214,56098,68320,67542,76878,76459,54741,60339,37620,48669,11740,22385,5364,4996,37991,36437,53300,47387,54133,52201,64509,63918,74149,73815,53455,58905,36865,47590,11393,21661,621326,580101,79593,76952,105703,101750,39215,47,51
2021-11-09T23:59:59+01:00,6559,6145,42828,40704,58220,51837,58098,55962,68189,67428,76796,76364,54700,60295,37606,48644,11733,22369,5338,4969,37917,36393,53254,47327,54081,52114,64453,63840,74071,73738,53424,58868,36847,47564,11386,21642,619967,579462,79561,76757,105701,101749,39207,47,51
2021-11-08T23:59:59+01:00,6422,6033,42102,40051,57484,51236,57549,55524,67778,67047,76514,76093,54581,60204,37578,48604,11725,22355,5309,4947,37813,36291,53095,47207,53992,52031,64383,63752,73990,73681,53395,58834,36836,47548,11383,21637,614670,578650,79539,76744,105700,101749,38930,47,51
2021-11-07T23:59:59+01:00,6367,5996,41940,39915,57294,51078,57409,55416,67679,66974,76463,76043,54563,60184,37570,48599,11723,22351,5291,4932,37738,36219,53023,47126,53936,51988,64353,63699,73965,73658,53382,58822,36826,47541,11382,21630,613416,578074,79487,76718,105700,101748,38920,47,51
2021-11-06T23:59:59+01:00,6362,5987,41922,39897,57274,51064,57394,55406,67670,66965,76457,76040,54561,60184,37568,48599,11723,22350,5289,4932,37737,36217,53021,47122,53934,51986,64348,63698,73963,73656,53380,58820,36826,47540,11382,21630,613279,578048,79486,76717,105700,101748,38917,47,51
2021-11-05T23:59:59+01:00,6346,5967,41881,39868,57237,51014,57346,55376,67646,66947,76429,76027,54557,60178,37565,48597,11723,22348,5281,4927,37713,36209,53012,47111,53926,51979,64336,63686,73955,73647,53376,58818,36824,47536,11382,21630,612933,577940,79483,76714,105700,101748,38895,47,51
2021-11-04T23:59:59+01:00,6223,5822,41347,39379,56652,50552,56900,55012,67223,66622,76213,75887,54519,60130,37552,48567,11717,22340,5221,4863,37508,36071,52810,46964,53752,51847,64176,63567,73854,73577,53344,58793,36810,47514,11371,21624,609104,576782,79415,76688,105699,101747,38398,47,51
2021-11-03T23:59:59+01:00,6188,5777,41253,39312,56537,50456,56804,54929,67150,66557,76167,75843,54509,60111,37543,48550,11712,22335,5177,4829,37436,36008,52761,46915,53709,51791,64130,63524,73811,73541,53328,58768,36797,47494,11367,21616,608229,576154,79395,76683,105698,101744,38370,47,51
2021-11-02T23:59:59+01:00,6140,5728,41121,39201,56372,50335,56687,54822,67024,66478,76098,75784,54484,60087,37531,48538,11711,22325,5106,4757,37303,35856,52610,46759,53592,51670,64043,63422,73726,73455,53281,58724,36778,47461,11364,21606,607013,574733,79375,76647,105698,101744,38338,47,51
2021-11-01T23:59:59+01:00,6055,5650,40630,38832,55845,49985,56322,54567,66745,66277,75955,75694,54450,60059,37524,48531,11708,22317,5073,4716,37162,35742,52480,46666,53476,51586,63946,63360,73664,73410,53268,58711,36768,47446,11361,21599,604008,573990,79352,76606,105698,101742,38045,47,51
2021-10-31T23:59:59+01:00,6053,5650,40625,38826,55842,49982,56317,54563,66742,66274,75953,75692,54450,60059,37524,48531,11708,22317,5073,4716,37160,35739,52480,46665,53474,51585,63945,63360,73664,73410,53268,58711,36768,47446,11361,21599,603976,573983,79349,76606,105698,101742,38042,47,51
2021-10-30T23:59:59+02:00,6049,5648,40622,38826,55835,49979,56316,54561,66740,66273,75952,75690,54450,60059,37524,48531,11708,22317,5073,4716,37160,35739,52480,46664,53473,51584,63944,63359,73664,73410,53267,58711,36768,47446,11361,21599,603949,573978,79349,76606,105698,101742,38041,47,51
2021-10-29T23:59:59+02:00,6046,5642,40604,38809,55821,49961,56300,54552,66722,66266,75935,75685,54448,60056,37523,48530,11706,22317,5071,4713,37149,35725,52479,46659,53469,51579,63941,63352,73656,73402,53262,58710,36767,47443,11360,21598,603799,573903,79345,76603,105698,101740,38038,47,51
2021-10-28T23:59:59+02:00,5947,5542,40084,38453,55354,49629,55895,54251,66381,66037,75762,75579,54411,60027,37518,48511,11704,22307,5010,4666,36974,35607,52318,46543,53330,51472,63794,63271,73572,73355,53236,58684,36753,47425,11358,21591,600696,572935,79305,76582,105693,101738,37653,47,51
2021-10-27T23:59:59+02:00,5922,5521,40031,38394,55283,49573,55838,54201,66316,66008,75737,75559,54395,60015,37512,48499,11703,22301,4986,4640,36923,35567,52267,46507,53298,51436,63750,63220,73537,73329,53213,58664,36747,47414,11355,21579,600131,572435,79294,76569,105693,101732,37645,47,51
2021-10-26T23:59:59+02:00,5874,5486,39924,38299,55182,49468,55765,54134,66249,65941,75685,75519,54381,59999,37500,48484,11700,22296,4934,4597,36819,35425,52171,46421,53229,51354,63697,63159,73477,73275,53180,58643,36733,47390,11349,21565,599230,571450,79293,76561,105693,101731,37625,47,51
2021-10-25T23:59:59+02:00,5812,5418,39693,38065,54900,49265,55511,53973,66031,65798,75583,75440,54359,59969,37493,48474,11700,22293,4921,4588,36763,35364,52085,46366,53160,51314,63649,63119,73433,73243,53171,58627,36727,47385,11347,21562,597399,571138,79293,76559,105693,101729,37347,47,51
2021-10-24T23:59:59+02:00,5782,5389,39610,37980,54823,49188,55453,53934,65986,65771,75564,75421,54354,59960,37488,48471,11698,22289,4888,4572,36701,35302,52039,46321,53124,51273,63612,63090,73411,73211,53163,58613,36716,47377,11345,21560,596797,570653,79291,76552,105693,101727,37335,47,51
2021-10-23T23:59:59+02:00,5782,5389,39609,37980,54821,49188,55451,53931,65986,65771,75564,75421,54354,59959,37488,48471,11698,22289,4888,4572,36701,35301,52039,46321,53124,51271,63612,63090,73411,73211,53163,58613,36716,47377,11345,21560,596789,570651,79291,76552,105693,101727,37334,47,51
2021-10-22T23:59:59+02:00,5779,5384,39583,37962,54801,49175,55440,53924,65972,65758,75555,75414,54350,59956,37488,48469,11697,22289,4883,4563,36685,35287,52027,46301,53115,51260,63595,63082,73397,73202,53153,58606,36715,47374,11344,21558,596657,570498,79280,76551,105692,101725,37322,47,51
2021-10-21T23:59:59+02:00,5703,5304,39331,37766,54530,48987,55230,53772,65789,65636,75457,75358,54333,59939,37481,48459,11694,22284,4797,4491,36459,35079,51843,46141,52945,51129,63464,62961,73313,73143,53129,58570,36703,47356,11340,21552,594962,569017,79246,76515,105692,101724,37108,47,51
2021-10-20T23:59:59+02:00,5680,5290,39295,37740,54510,48964,55214,53743,65763,65611,75432,75340,54325,59928,37472,48444,11693,22277,4778,4471,36440,35049,51821,46110,52921,51099,63441,62939,73288,73116,53111,58547,36697,47343,11337,21545,594643,568671,79239,76505,105692,101724,37102,47,51
2021-10-19T23:59:59+02:00,5646,5260,39239,37702,54473,48924,55174,53709,65728,65578,75405,75313,54309,59907,37464,48429,11689,22274,4755,4449,36385,35002,51779,46056,52887,51060,63403,62905,73249,73076,53099,58523,36675,47328,11332,21535,594157,568131,79233,76501,105692,101719,37096,47,51
2021-10-18T23:59:59+02:00,5612,5232,39098,37568,54348,48827,55092,53627,65661,65538,75349,75279,54299,59891,37457,48415,11687,22273,4688,4388,36237,34857,51655,45933,52805,50969,63356,62842,73189,73028,53074,58488,36665,47311,11327,21529,593286,567091,79221,76471,105692,101719,37009,47,51
2021-10-17T23:59:59+02:00,5606,5225,39087,37557,54334,48811,55088,53617,65655,65526,75342,75275,54296,59887,37454,48413,11687,22268,4678,4377,36217,34827,51634,45909,52788,50947,63342,62825,73172,73014,53063,58476,36659,47304,11326,21520,593165,566839,79221,76465,105692,101718,37005,47,51
2021-10-16T23:59:59+02:00,5606,5225,39086,37557,54332,48810,55085,53615,65655,65526,75342,75275,54296,59887,37454,48413,11687,22268,4675,4374,36212,34823,51630,45906,52784,50943,63340,62821,73170,73013,53062,58475,36658,47303,11326,21518,593159,566797,79221,76465,105692,101718,37002,47,51
2021-10-15T23:59:59+02:00,5601,5222,39068,37544,54314,48797,55079,53610,65638,65520,75335,75263,54288,59885,37450,48406,11686,22268,4667,4372,36199,34821,51624,45898,52779,50937,63335,62814,73165,73007,53058,58471,36655,47302,11326,21517,593026,566732,79221,76463,105692,101711,36990,47,51
2021-10-14T23:59:59+02:00,5543,5163,38933,37424,54178,48696,54987,53528,65569,65436,75272,75208,54257,59864,37442,48389,11679,22253,4549,4256,35915,34492,51404,45673,52627,50764,63190,62667,73069,72929,53001,58424,36631,47271,11321,21508,591994,564634,79204,76424,105692,101697,36886,47,50
2021-10-13T23:59:59+02:00,5503,5129,38898,37381,54144,48660,54960,53493,65544,65411,75251,75182,54245,59852,37435,48381,11675,22249,4518,4229,35875,34451,51378,45632,52591,50728,63156,62631,73036,72899,52977,58408,36622,47248,11320,21497,591586,564199,79191,76387,105692,101681,36879,47,50
2021-10-12T23:59:59+02:00,5469,5106,38824,37336,54085,48591,54919,53445,65511,65377,75215,75145,54230,59835,37425,48365,11669,22239,4498,4204,35819,34398,51331,45576,52555,50692,63119,62589,72996,72852,52952,58379,36599,47224,11313,21484,590993,563604,79189,76381,105692,101678,36867,47,50
2021-10-11T23:59:59+02:00,5415,5054,38660,37203,53950,48476,54812,53360,65436,65315,75167,75116,54218,59816,37414,48354,11667,22235,4406,4123,35591,34182,51143,45388,52421,50558,63022,62475,72911,72788,52913,58341,36587,47204,11310,21476,590035,562028,79187,76379,105692,101673,36709,47,50
2021-10-10T23:59:59+02:00,5396,5044,38613,37163,53908,48435,54792,53329,65419,65296,75151,75096,54215,59811,37410,48351,11666,22229,4387,4116,35557,34161,51122,45361,52403,50541,63012,62463,72898,72774,52909,58332,36582,47194,11307,21472,589710,561806,79184,76371,105690,101669,36695,47,50
2021-10-09T23:59:59+02:00,5396,5043,38613,37163,53908,48435,54792,53329,65419,65296,75151,75096,54215,59811,37410,48351,11666,22229,4387,4116,35556,34161,51121,45361,52403,50541,63010,62463,72898,72774,52909,58332,36582,47194,11307,21472,589709,561805,79184,76369,105690,101668,36695,47,50
2021-10-08T23:59:59+02:00,5388,5030,38594,37143,53894,48420,54785,53325,65408,65287,75139,75087,54213,59808,37408,48346,11665,22228,4380,4107,35542,34142,51109,45346,52397,50530,63001,62456,72892,72768,52907,58330,36580,47190,11307,21470,589566,561687,79184,76367,105690,101667,36683,47,50
2021-10-07T23:59:59+02:00,5319,4944,38418,36990,53768,48294,54673,53221,65309,65197,75070,75038,54194,59771,37384,48322,11658,22214,4229,3938,35166,33792,50860,45035,52198,50262,62804,62260,72723,72610,52840,58260,36553,47140,11294,21445,588245,559450,79155,75599,105689,101660,36650,47,50
2021-10-06T23:59:59+02:00,5283,4916,38373,36949,53735,48257,54628,53183,65259,65162,75043,75016,54175,59757,37377,48306,11652,22205,4209,3921,35125,33756,50836,45006,52177,50238,62775,62245,72698,72593,52818,58230,36534,47120,11287,21433,587766,559068,79149,75597,105687,101657,36629,47,50
2021-10-05T23:59:59+02:00,5251,4891,38292,36875,53670,48194,54577,53118,65195,65105,74998,74968,54137,59729,37357,48275,11643,22172,4178,3892,35058,33686,50789,44943,52142,50194,62722,62207,72658,72553,52786,58192,36504,47067,11279,21410,587011,558385,79130,75596,105687,101655,36574,47,50
2021-10-04T23:59:59+02:00,5188,4833,38076,36705,53498,48076,54462,53014,65125,65036,74932,74920,54107,59695,37342,48257,11634,22157,4066,3755,34751,33337,50543,44698,51954,50017,62562,62055,72541,72454,52729,58131,36449,47011,11267,21391,585917,556120,79118,75595,105686,101655,36291,47,50
2021-10-03T23:59:59+02:00,5177,4819,38053,36681,53465,48041,54437,53000,65108,65018,74920,74907,54100,59682,37337,48244,11634,22152,4050,3751,34700,33301,50493,44654,51916,49969,62520,62017,72500,72422,52712,58107,36437,46995,11265,21383,585667,555639,79116,75595,105683,101644,36264,47,50
2021-10-02T23:59:59+02:00,5175,4810,38049,36674,53457,48037,54434,52997,65105,65017,74916,74904,54100,59680,37337,48244,11634,22152,4049,3751,34698,33299,50485,44652,51912,49968,62518,62017,72499,72421,52712,58106,36437,46995,11265,21383,585629,555630,79116,75594,105683,101644,36249,47,50
2021-10-01T23:59:59+02:00,5167,4793,38003,36646,53423,48009,54411,52972,65074,65002,74889,74887,54090,59675,37334,48241,11631,22150,4045,3748,34679,33287,50467,44644,51898,49954,62505,62009,72482,72409,52703,58100,36434,46993,11263,21381,585382,555546,79114,75592,105681,101638,36175,47,50
2021-09-30T23:59:59+02:00,5076,4730,37795,36442,53254,47845,54267,52843,64969,64883,74819,74829,54075,59645,37323,48223,11628,22143,3968,3673,34536,33136,50374,44517,51822,49840,62420,61916,72415,72350,52691,58070,36426,46968,11260,21371,583850,554965,79095,74983,105678,101633,36122,46,50
2021-09-29T23:59:59+02:00,5053,4709,37760,36401,53206,47797,54229,52796,64937,64845,74790,74801,54058,59622,37312,48212,11624,22131,3952,3656,34508,33100,50346,44491,51800,49819,62399,61886,72394,72330,52682,58061,36421,46958,11258,21363,583388,554677,79083,74979,105678,101628,36090,46,50
2021-09-28T23:59:59+02:00,5030,4685,37699,36344,53165,47744,54194,52753,64893,64801,74745,74766,54020,59586,37293,48189,11616,22120,3938,3640,34452,33062,50312,44461,51774,49797,62373,61865,72357,72300,52653,58023,36399,46931,11255,21351,582827,554284,79081,74973,105678,101623,36013,46,50
2021-09-27T23:59:59+02:00,4954,4625,37501,36166,52980,47578,54072,52643,64790,64694,74646,74688,53992,59558,37281,48171,11614,22109,3805,3481,34026,32674,50004,44137,51545,49548,62175,61679,72226,72174,52612,57963,36378,46900,11253,21341,581771,551768,79060,74972,105678,101622,35509,46,50
2021-09-26T23:59:59+02:00,4951,4619,37479,36135,52950,47559,54058,52627,64774,64684,74634,74678,53985,59547,37280,48168,11614,22104,3796,3474,34011,32667,49991,44122,51538,49538,62161,61673,72218,72167,52608,57955,36377,46895,11251,21337,581594,551653,79040,74964,105676,101620,35492,46,50
2021-09-25T23:59:59+02:00,4948,4616,37473,36131,52947,47555,54054,52624,64772,64680,74630,74676,53984,59544,37279,48167,11614,22103,3796,3473,34008,32667,49990,44122,51538,49537,62161,61672,72216,72167,52608,57954,36377,46895,11251,21337,581551,551647,79038,74964,105676,101620,35488,46,50
2021-09-24T23:59:59+02:00,4945,4613,37454,36117,52926,47541,54032,52612,64753,64669,74617,74666,53977,59541,37276,48163,11614,22099,3792,3467,33998,32652,49975,44113,51518,49522,62148,61666,72198,72158,52601,57947,36371,46888,11251,21335,581432,551541,79038,74962,105673,101619,35428,46,50
2021-09-23T23:59:59+02:00,4816,4493,37048,35695,52573,47208,53739,52338,64510,64452,74431,74536,53915,59485,37247,48119,11605,22079,3759,3425,33813,32481,49755,43961,51349,49417,61997,61561,72082,72081,52564,57922,36347,46867,11249,21327,579094,550870,78995,74938,105673,101616,34483,46,50
2021-09-22T23:59:59+02:00,4787,4470,37006,35639,52505,47131,53671,52278,64443,64399,74372,74484,53886,59462,37239,48102,11603,22074,3742,3413,33777,32438,49712,43904,51289,49366,61942,61521,72035,72048,52546,57904,36341,46856,11247,21326,578656,550612,78987,74935,105670,101615,34195,45,50
2021-09-21T23:59:59+02:00,4771,4447,36948,35590,52438,47066,53626,52228,64377,64348,74314,74430,53843,59430,37225,48076,11598,22065,3721,3399,33744,32386,49678,43857,51250,49321,61895,61483,71996,72007,52517,57880,36330,46838,11246,21319,578102,550246,78978,74933,105668,101609,34029,45,50
2021-09-20T23:59:59+02:00,4667,4383,36609,35286,52114,46757,53390,52002,64164,64157,74155,74317,53778,59375,37204,48041,11591,22059,3516,3211,33232,31953,49300,43518,50965,49014,61640,61271,71829,71855,52461,57815,36307,46793,11239,21309,576251,547533,78973,74928,105667,101603,33115,45,49
2021-09-19T23:59:59+02:00,4654,4378,36596,35275,52103,46748,53375,51990,64152,64152,74145,74306,53775,59369,37201,48038,11590,22059,3506,3203,33211,31936,49296,43508,50957,49002,61626,61260,71817,71845,52455,57811,36306,46791,11239,21306,576143,547410,78966,74924,105664,101602,33090,45,49
2021-09-18T23:59:59+02:00,4654,4378,36593,35274,52101,46747,53375,51989,64152,64152,74144,74306,53775,59369,37201,48038,11590,22059,3505,3203,33208,31936,49292,43506,50957,49002,61626,61260,71816,71845,52454,57811,36306,46791,11239,21306,576140,547404,78966,74924,105664,101602,33084,45,49
2021-09-17T23:59:59+02:00,4647,4365,36577,35250,52079,46729,53364,51970,64135,64143,74129,74287,53766,59362,37198,48033,11589,22058,3504,3199,33198,31919,49280,43496,50953,48993,61622,61256,71808,71833,52447,57809,36306,46790,11239,21304,575976,547351,78966,74924,105664,101600,33032,45,49
2021-09-16T23:59:59+02:00,4496,4214,36207,34887,51823,46429,53152,51705,63951,63958,73971,74137,53711,59302,37181,47998,11586,22046,3436,3158,33070,31813,49198,43389,50874,48910,61561,61201,71757,71800,52432,57795,36297,46778,11238,21300,573534,546514,78509,74844,105663,101595,33005,45,49
2021-09-15T23:59:59+02:00,4453,4176,36139,34813,51778,46376,53086,51649,63901,63909,73931,74094,53693,59281,37171,47988,11585,22040,3393,3126,33016,31763,49148,43337,50817,48860,61515,61157,71727,71769,52424,57774,36287,46769,11238,21294,573159,546178,78422,74829,105663,101582,32776,45,49
2021-09-14T23:59:59+02:00,4412,4136,36076,34759,51728,46305,53044,51598,63855,63863,73886,74052,53668,59262,37156,47969,11583,22036,3347,3098,32950,31692,49103,43288,50783,48814,61461,61119,71691,71728,52401,57750,36278,46755,11237,21291,572615,545623,78352,74823,105662,101575,32716,45,49
2021-09-13T23:59:59+02:00,4262,3957,35704,34325,51454,45987,52825,51364,63645,63653,73750,73926,53613,59192,37118,47935,11582,22028,3057,2846,32482,31220,48869,43038,50601,48613,61314,60936,71550,71617,52348,57691,36262,46719,11231,21281,570008,542630,77924,74744,105661,101569,32683,45,49
2021-09-12T23:59:59+02:00,4253,3947,35681,34309,51438,45964,52807,51347,63631,63636,73741,73916,53610,59186,37113,47934,11582,22027,3040,2838,32456,31202,48853,43020,50591,48605,61303,60921,71534,71605,52341,57683,36256,46717,11228,21281,569858,542474,77908,74736,105650,101554,32662,45,48
2021-09-11T23:59:59+02:00,4250,3944,35677,34305,51437,45962,52801,51340,63629,63631,73739,73910,53606,59181,37113,47932,11582,22027,3037,2837,32447,31198,48850,43017,50587,48601,61300,60917,71531,71602,52339,57681,36256,46715,11228,21281,569831,542453,77908,74736,105650,101554,32633,45,48
2021-09-10T23:59:59+02:00,4249,3943,35563,34204,51241,45809,52608,51198,63453,63516,73605,73820,53568,59142,37093,47914,11580,22022,3027,2827,32320,31086,48650,42852,50389,48464,61110,60794,71397,71508,52297,57638,36234,46694,11225,21276,569771,542299,77906,74733,105649,101551,31158,45,47
2021-09-09T23:59:59+02:00,4221,3904,35482,34136,51185,45738,52547,51109,63395,63458,73565,73782,53544,59114,37079,47895,11578,22018,2994,2796,32226,31018,48606,42803,50337,48423,61068,60760,71356,71476,52278,57624,36226,46679,11224,21272,569158,541816,77871,74726,105629,101529,31048,45,47
2021-09-08T23:59:59+02:00,4196,3884,35448,34094,51160,45707,52529,51082,63361,63425,73544,73759,53537,59099,37072,47884,11578,22015,2976,2780,32167,30988,48567,42777,50309,48391,61032,60732,71340,71456,52265,57611,36216,46668,11221,21254,568809,541440,77871,74725,105629,101517,31021,45,47
2021-09-07T23:59:59+02:00,4183,3870,35408,34050,51127,45676,52505,51056,63335,63400,73508,73729,53525,59083,37056,47870,11576,22009,2954,2762,32120,30939,48532,42741,50269,48354,61008,60702,71306,71427,52252,57595,36207,46655,11218,21250,568432,541021,77870,74723,105629,101509,30991,45,47
2021-09-06T23:59:59+02:00,4007,3686,34928,33579,50748,45285,52239,50753,63107,63159,73349,73579,53462,59002,37037,47830,11573,22000,2913,2707,31913,30756,48327,42583,50126,48212,60894,60583,71211,71339,52206,57549,36191,46636,11213,21237,565618,540161,77870,74721,105629,101505,30162,45,47
2021-09-05T23:59:59+02:00,3999,3674,34909,33564,50744,45277,52227,50745,63095,63149,73334,73574,53457,58994,37031,47823,11571,21996,2905,2697,31893,30737,48308,42568,50113,48204,60883,60573,71201,71334,52200,57537,36188,46631,11212,21235,565481,540022,77869,74719,105629,101491,30140,45,47
2021-09-04T23:59:59+02:00,3999,3674,34908,33564,50743,45277,52226,50744,63095,63149,73334,73574,53457,58994,37031,47823,11571,21996,2905,2697,31892,30735,48308,42568,50111,48202,60883,60573,71200,71334,52200,57537,36188,46631,11212,21235,565479,540018,77869,74717,105629,101491,30138,45,47
2021-09-03T23:59:59+02:00,3951,3627,34744,33430,50589,45152,52115,50627,62946,63026,73209,73474,53417,58946,37010,47802,11567,21993,2828,2608,31617,30543,48104,42399,49938,48036,60677,60400,71055,71188,52146,57480,36163,46608,11210,21231,565339,539884,77270,73468,105618,101478,29354,45,47
2021-09-02T23:59:59+02:00,3925,3597,34684,33382,50554,45111,52083,50594,62906,62986,73170,73447,53397,58934,37001,47784,11567,21987,2812,2583,31547,30481,48054,42351,49897,47992,60622,60348,71014,71161,52128,57465,36154,46600,11209,21226,564926,539491,77248,73464,105618,101369,29273,45,47
2021-09-01T23:59:59+02:00,3909,3583,34655,33349,50531,45084,52065,50572,62886,62953,73143,73429,53388,58925,36998,47776,11567,21986,2784,2564,31497,30442,48021,42323,49865,47967,60590,60324,70991,71130,52109,57446,36144,46593,11209,21223,564662,539142,77244,73458,105616,101342,29233,45,47
2021-08-31T23:59:59+02:00,3882,3570,34615,33301,50504,45048,52037,50540,62858,62921,73113,73397,53367,58903,36990,47763,11564,21985,2775,2552,31437,30409,47994,42298,49842,47949,60562,60308,70976,71103,52095,57436,36141,46586,11206,21216,564269,538865,77244,73454,105615,101333,29186,45,47
2021-08-30T23:59:59+02:00,3656,3360,34025,32783,50080,44666,51688,50194,62565,62659,72907,73219,53284,58817,36959,47716,11561,21977,2717,2492,31151,30145,47695,42063,49616,47779,60376,60176,70822,70999,52027,57390,36122,46555,11203,21209,561266,537767,77244,73451,105614,101323,27949,44,47
2021-08-29T23:59:59+02:00,3650,3352,34003,32763,50063,44657,51672,50174,62555,62645,72897,73203,53276,58812,36957,47709,11561,21975,2711,2491,31130,30124,47672,42036,49595,47762,60359,60159,70810,70988,52024,57381,36119,46554,11203,21207,561122,537646,77242,73449,105613,101279,27904,44,47
2021-08-28T23:59:59+02:00,3650,3352,34000,32763,50058,44656,51671,50172,62554,62642,72895,73202,53274,58810,36957,47709,11561,21975,2711,2488,31121,30115,47667,42034,49592,47759,60356,60155,70807,70986,52023,57377,36119,46554,11203,21207,561113,537610,77242,73448,105613,101279,27890,44,47
2021-08-27T23:59:59+02:00,3646,3346,33991,32744,50055,44652,51660,50165,62547,62637,72878,73196,53270,58807,36956,47708,11560,21974,2703,2485,31103,30097,47659,42024,49583,47750,60349,60147,70795,70985,52021,57376,36118,46553,11202,21207,561038,537532,77242,73446,105613,101276,27856,44,47
2021-08-26T23:59:59+02:00,3621,3318,33951,32692,50028,44616,51619,50117,62501,62613,72846,73166,53260,58797,36949,47706,11559,21970,2629,2391,30805,29827,47438,41812,49407,47595,60232,60046,70711,70914,51986,57342,36101,46529,11200,21203,560689,535700,77215,73440,105612,101211,27770,44,47
2021-08-25T23:59:59+02:00,3580,3294,33900,32647,50001,44570,51583,50088,62462,62578,72810,73142,53251,58779,36944,47691,11558,21969,2366,2170,30048,29125,46993,41398,49080,47303,60008,59821,70535,70763,51919,57266,36079,46494,11191,21195,560256,531362,77215,73437,105612,101188,27721,44,46
2021-08-24T23:59:59+02:00,3540,3271,33841,32588,49970,44528,51555,50040,62417,62529,72766,73095,53230,58754,36931,47678,11556,21961,2289,2106,29814,28902,46861,41266,48972,47196,59916,59727,70450,70664,51873,57220,36059,46482,11187,21192,559764,529924,77212,73431,105610,101154,27621,44,46
2021-08-23T23:59:59+02:00,3235,3003,33202,31965,49544,44129,51212,49734,62092,62233,72474,72863,53133,58665,36892,47615,11545,21952,2229,2053,29392,28507,46474,40968,48730,46984,59647,59518,70227,70516,51797,57149,36035,46439,11181,21186,556689,528470,77208,73428,105608,101149,25940,44,45
2021-08-22T23:59:59+02:00,3224,2995,33191,31959,49534,44119,51204,49728,62087,62226,72469,72861,53129,58662,36890,47613,11545,21951,2225,2050,29367,28489,46454,40959,48720,46973,59636,59510,70220,70512,51788,57145,36032,46436,11181,21186,556623,528369,77204,73419,105603,101135,25915,43,45
2021-08-21T23:59:59+02:00,3222,2995,33186,31957,49532,44118,51203,49725,62084,62225,72468,72860,53129,58662,36890,47613,11545,21951,2224,2048,29353,28477,46448,40955,48714,46969,59632,59510,70220,70511,51787,57145,36032,46436,11181,21186,556608,528328,77204,73412,105603,101135,25908,43,45
2021-08-20T23:59:59+02:00,3206,2984,33062,31862,49341,43981,51030,49615,61903,62096,72320,72778,53081,58620,36875,47595,11542,21947,2197,2034,28811,27977,45970,40584,48433,46758,59375,59325,70013,70386,51702,57087,36002,46408,11177,21179,556381,526624,77204,73237,105603,100903,24609,42,45
2021-08-19T23:59:59+02:00,3179,2961,33010,31822,49307,43945,50982,49575,61858,62058,72271,72739,53055,58600,36868,47580,11538,21940,2109,1952,27869,27123,45185,39983,48007,46397,59040,59050,69737,70164,51602,56997,35960,46360,11172,21174,555965,522246,77169,72263,105598,100812,24515,42,45
2021-08-18T23:59:59+02:00,3158,2942,32960,31778,49271,43910,50943,49539,61813,62021,72226,72712,53026,58583,36854,47566,11537,21935,2010,1854,26576,25824,44258,39110,47299,45657,58358,58466,69252,69708,51414,56777,35883,46267,11160,21157,555530,516715,77148,69054,105595,100756,24460,42,45
2021-08-17T23:59:59+02:00,3134,2919,32891,31714,49225,43842,50900,49504,61766,61976,72189,72672,53003,58559,36841,47554,11534,21930,1881,1744,25289,24433,43381,38419,46697,45175,57824,58024,68819,69382,51278,56593,35807,46188,11144,21143,554981,511093,77143,66969,105594,100720,24394,42,45
2021-08-16T23:59:59+02:00,3122,2898,32874,31695,49201,43818,50890,49486,61746,61958,72167,72657,52993,58551,36839,47543,11532,21926,1789,1659,23852,23043,42479,37576,46417,44882,57598,57763,68611,69223,51205,56507,35776,46144,11142,21129,554750,504733,77140,66936,105590,100706,24375,42,45
2021-08-15T23:59:59+02:00,3114,2886,32860,31677,49189,43812,50880,49475,61730,61942,72152,72645,52989,58542,36836,47543,11532,21926,1505,1402,21423,20590,41723,37034,46050,44507,57267,57464,68325,68966,51093,56404,35739,46088,11139,21119,554613,495990,77139,66756,105580,100690,24357,42,45
2021-08-14T23:59:59+02:00,3114,2885,32855,31674,49183,43810,50877,49473,61725,61939,72148,72638,52989,58542,36835,47543,11532,21926,1503,1394,21397,20563,41685,37001,46033,44492,57252,57452,68312,68955,51091,56401,35738,46087,11139,21118,554603,495796,77137,66755,105580,100690,24327,42,45
2021-08-13T23:59:59+02:00,3100,2868,32812,31645,49158,43797,50855,49456,61692,61908,72126,72618,52983,58535,36832,47538,11531,21923,1478,1369,21277,20476,41595,36903,45970,44439,57204,57412,68271,68922,51074,56389,35729,46079,11138,21116,554446,495200,77136,66752,105579,100669,24175,42,45
2021-08-12T23:59:59+02:00,3082,2838,32765,31596,49126,43755,50818,49426,61637,61880,72090,72583,52968,58516,36815,47529,11530,21920,1393,1309,20804,20164,40642,36090,45601,44109,56984,57232,68094,68758,51001,56306,35699,46035,11133,21109,554037,490958,77132,66748,105576,100624,24088,42,45
2021-08-11T23:59:59+02:00,3040,2807,32709,31551,49093,43721,50793,49402,61609,61849,72062,72555,52946,58490,36803,47520,11529,21913,1169,1129,19908,19280,39313,34899,44996,43530,56621,56904,67801,68484,50879,56169,35661,45976,11131,21096,553622,483530,77126,66743,105576,100601,24027,42,45
2021-08-10T23:59:59+02:00,3024,2788,32656,31506,49062,43689,50761,49369,61589,61808,72024,72510,52924,58474,36792,47497,11528,21908,923,885,18878,18313,37214,33031,44109,42653,56166,56504,67410,68137,50729,56016,35600,45880,11126,21076,553159,473273,77125,66741,105575,100582,24009,42,45
2021-08-09T23:59:59+02:00,3009,2781,32627,31482,49034,43669,50733,49350,61569,61791,72004,72489,52914,58465,36787,47487,11526,21907,493,474,17452,16900,34229,30610,43443,42021,55757,56141,67077,67810,50586,55867,35549,45830,11121,21058,552907,461083,77123,66737,105570,100570,23983,42,45
2021-08-08T23:59:59+02:00,3006,2781,32613,31469,49022,43662,50728,49344,61558,61783,72000,72488,52913,58462,36787,47484,11526,21906,490,471,17424,16870,34208,30595,43406,41991,55743,56128,67068,67805,50581,55862,35548,45827,11120,21057,552843,460899,77123,66731,105557,100551,23968,42,45
2021-08-07T23:59:59+02:00,3005,2776,32605,31458,49020,43654,50722,49343,61555,61780,71993,72486,52912,58460,36786,47484,11526,21906,487,467,17392,16837,34182,30575,43370,41960,55721,56110,67057,67798,50576,55860,35546,45827,11120,21056,552793,460661,77123,66728,105557,100550,23957,42,45
2021-08-06T23:59:59+02:00,2916,2684,32255,31230,48760,43460,50463,49113,61267,61575,71719,72319,52780,58357,36732,47432,11523,21897,479,465,17181,16693,33470,30091,42898,41591,55378,55883,66748,67620,50446,55766,35497,45791,11117,21049,552721,458978,76011,66437,105553,100547,22156,42,45
2021-08-05T23:59:59+02:00,2870,2645,32095,31110,48668,43371,50383,49058,61214,61530,71667,72278,52754,58338,36723,47414,11521,21895,451,432,16948,16441,31608,28656,41854,40635,55104,55537,66535,67447,50382,55689,35474,45752,11110,21040,551837,452160,76008,66362,105543,100423,22105,42,45
2021-08-04T23:59:59+02:00,2795,2569,31829,30918,48479,43233,50232,48948,61136,61453,71603,72222,52724,58298,36710,47399,11518,21890,425,409,16662,16193,31261,28431,40663,39560,54715,55205,66356,67295,50320,55607,35444,45724,11107,21033,550538,447840,76007,66343,105541,100350,21833,38,44
2021-08-03T23:59:59+02:00,2608,2388,31314,30452,48228,42986,50056,48756,60975,61282,71457,72075,52670,58226,36688,47370,11508,21876,375,345,16224,15745,30671,27902,38927,37939,54024,54559,66022,66983,50224,55478,35397,45672,11102,21023,547587,440154,76005,66335,105538,100331,21748,38,44
2021-08-02T23:59:59+02:00,2497,2293,30999,30166,48026,42803,49903,48628,60868,61176,71369,71993,52637,58194,36666,47351,11507,21873,333,312,15919,15473,30334,27548,36784,36114,53465,54044,65814,66808,50151,55393,35375,45644,11100,21019,545647,433305,76002,66330,105532,100220,21732,37,43
2021-08-01T23:59:59+02:00,2493,2289,30987,30157,48007,42790,49890,48619,60855,61166,71359,71987,52632,58185,36662,47351,11507,21873,320,302,15794,15348,30197,27431,34482,34260,53168,53790,65721,66739,50110,55352,35368,45625,11099,21017,545584,427855,75998,66325,105485,100195,21706,37,42
2021-07-31T23:59:59+02:00,2493,2289,30982,30153,48004,42788,49888,48619,60854,61166,71359,71985,52629,58182,36662,47351,11507,21872,319,302,15779,15336,30162,27403,34470,34253,53150,53782,65709,66734,50106,55347,35368,45624,11098,21016,545564,427700,75998,66324,105484,100191,21701,37,42
2021-07-30T23:59:59+02:00,2479,2284,30934,30106,47972,42767,49864,48595,60820,61136,71323,71967,52620,58171,36662,47351,11507,21870,317,297,15617,15032,29895,27088,34288,34005,52949,53488,65543,66531,50060,55301,35358,45612,11098,21014,545388,427326,75992,66314,105481,98280,21531,37,42
2021-07-29T23:59:59+02:00,2447,2264,30777,30012,47886,42706,49812,48528,60758,61094,71276,71921,52600,58152,36654,47335,11504,21865,294,275,15299,14750,29579,26867,33000,33057,52163,52874,65187,66263,49961,55208,35315,45555,11093,21006,544714,424610,75985,63573,105470,98135,21386,37,42
2021-07-28T23:59:59+02:00,2400,2227,30624,29902,47802,42638,49737,48454,60685,61015,71210,71865,52576,58114,36635,47316,11503,21860,263,255,14893,14373,29137,26552,32629,32725,51453,52259,64795,65937,49866,55105,35281,45498,11077,20987,543763,420455,75981,63518,105462,97749,21321,37,42
2021-07-27T23:59:59+02:00,2322,2154,30384,29634,47651,42459,49592,48316,60573,60891,71110,71777,52517,58053,36607,47277,11495,21852,187,165,14248,13718,28372,25921,31878,32071,50200,51162,64060,65370,49678,54898,35213,45383,11070,20967,541930,412105,75971,63492,105456,97651,21271,37,42
2021-07-26T23:59:59+02:00,2261,2099,30181,29403,47533,42330,49517,48232,60508,60827,71058,71731,52491,58021,36595,47264,11493,21843,150,138,13885,13345,28012,25629,31262,31657,48642,49787,63083,64542,49473,54693,35145,45302,11060,20954,540695,404377,75968,63485,105452,97619,21236,37,42
2021-07-25T23:59:59+02:00,2015,1897,29360,28728,47139,42013,49230,47945,60274,60602,70874,71573,52435,57946,36568,47222,11492,21835,147,136,13792,13284,27915,25564,31178,31589,48522,49723,62995,64490,49450,54675,35138,45293,11060,20953,536507,403735,75968,63477,105445,97458,21192,37,42
2021-07-24T23:59:59+02:00,1934,1829,29103,28497,46989,41907,49113,47844,60116,60484,70745,71493,52386,57916,36550,47201,11490,21835,146,130,13658,13167,27715,25428,31016,31459,48308,49554,62831,64396,49406,54645,35123,45275,11058,20951,535811,403117,75965,63474,105444,97457,20176,37,42
2021-07-23T23:59:59+02:00,1819,1709,28773,28171,46746,41751,48859,47631,59864,60298,70542,71365,52311,57845,36531,47165,11486,21826,136,122,13405,12933,27283,25109,30632,31150,47703,49066,62502,64156,49322,54579,35101,45232,11053,20942,534809,400686,75590,63420,105433,97454,18824,37,42
2021-07-22T23:59:59+02:00,1807,1702,28692,28091,46606,41611,48643,47419,59686,60154,70423,71236,52268,57808,36515,47148,11486,21826,118,117,13177,12668,26945,24776,30278,30829,45775,47503,61696,63455,49226,54477,35063,45189,11050,20932,534492,393972,74441,63269,105389,97228,18763,37,42
2021-07-21T23:59:59+02:00,1773,1660,28430,27884,46218,41273,48050,46863,59101,59675,69968,70847,52097,57648,36457,47090,11477,21813,103,107,12753,12218,26360,24233,29702,30261,42039,44256,60208,62183,49057,54296,34999,45106,11040,20905,533935,382304,71170,62750,105235,96782,17948,37,42
2021-07-20T23:59:59+02:00,1750,1645,28310,27747,46154,41215,48002,46824,59045,59627,69914,70801,52063,57620,36440,47065,11472,21806,87,80,12253,11682,25623,23541,29047,29510,38585,41262,58661,60718,48853,54073,34917,45013,11022,20885,533246,371888,71148,59370,105217,96659,17853,37,42
2021-07-19T23:59:59+02:00,1745,1644,28283,27707,46131,41203,47988,46812,59032,59611,69902,70799,52061,57616,36440,47061,11470,21806,86,78,12205,11649,25555,23505,29011,29476,38540,41229,58620,60691,48849,54065,34916,45010,11019,20884,533101,371561,71147,59354,105200,96604,17827,37,42
2021-07-18T23:59:59+02:00,1741,1637,28258,27682,46107,41193,47976,46803,59026,59602,69895,70791,52059,57615,36439,47060,11470,21805,86,77,12142,11623,25470,23462,28951,29442,38479,41202,58560,60649,48847,54060,34913,45009,11019,20884,532980,371219,71145,59323,105192,96485,17806,37,42
2021-07-17T23:59:59+02:00,1741,1635,28235,27668,46093,41181,47965,46798,59018,59596,69888,70787,52055,57611,36438,47060,11470,21805,84,75,12114,11609,25435,23426,28918,29423,38456,41184,58524,60625,48837,54052,34911,45009,11019,20884,532897,370967,71144,59319,105191,96481,17776,37,42
2021-07-16T23:59:59+02:00,1726,1614,27970,27475,45804,41015,47733,46629,58717,59395,69656,70646,51949,57540,36394,47024,11465,21803,84,72,11864,11414,25100,23185,28611,29194,38055,40910,58016,60202,48700,53939,34859,44959,11013,20880,532582,369759,71143,59315,105058,96205,15736,37,42
2021-07-15T23:59:59+02:00,1628,1501,27506,27090,45543,40780,47585,46515,58576,59282,69554,70560,51908,57497,36379,47001,11464,21796,76,65,11564,11183,24618,22845,28243,28924,37662,40629,55965,58154,48529,53737,34800,44875,11005,20869,530257,362806,71141,59222,105050,95992,15681,37,42
2021-07-14T23:59:59+02:00,1461,1369,26940,26551,45238,40489,47380,46330,58392,59085,69393,70414,51846,57438,36354,46971,11458,21791,70,57,11371,10988,24209,22488,27890,28604,37139,40227,54744,56973,48391,53586,34749,44811,10997,20847,527081,359085,71135,57551,105031,95846,15617,37,42
2021-07-13T23:59:59+02:00,1174,1064,25988,25656,44745,40077,47021,46010,58069,58800,69120,70168,51735,57312,36311,46916,11454,21776,58,42,11027,10646,23678,21935,27267,28014,35757,39037,50604,53063,48027,53198,34618,44661,10980,20818,521693,349793,71128,52342,105028,95742,15511,37,42
2021-07-12T23:59:59+02:00,710,667,24610,24403,44186,39591,46821,45795,57856,58606,68937,69998,51673,57221,36294,46890,11452,21768,50,39,10789,10537,23475,21795,27013,27878,35506,38867,50160,52642,47952,53112,34587,44625,10980,20812,515808,348321,71127,52313,105022,94657,15486,36,42
2021-07-11T23:59:59+02:00,707,662,24591,24382,44154,39569,46803,45782,57842,58593,68923,69995,51671,57218,36291,46886,11451,21768,48,39,10693,10448,23253,21668,26747,27778,35195,38785,49443,52154,46465,51523,34497,44517,10980,20810,515719,347804,71123,52265,105006,89527,15405,36,42
2021-07-10T23:59:59+02:00,705,657,24583,24376,44149,39560,46800,45779,57836,58592,68923,69994,51671,57218,36291,46886,11451,21768,45,38,10680,10437,23231,21647,26733,27767,35173,38780,49429,52149,46451,51507,34495,44516,10980,20810,515684,347695,71121,52264,105004,89472,15395,36,42
2021-07-09T23:59:59+02:00,698,647,24132,23916,43870,39319,46733,45719,57776,58551,68871,69969,51654,57205,36288,46878,11450,21767,45,38,10598,10266,23135,21458,26672,27557,35105,38563,49363,52045,46429,51482,34491,44513,10980,20809,513921,346457,71117,52251,104997,89426,15373,36,42
2021-07-08T23:59:59+02:00,632,581,23045,22914,43073,38720,46483,45518,57569,58408,68674,69830,51576,57139,36260,46855,11448,21759,40,33,10339,10076,22758,21202,26275,27291,34625,38249,48752,51521,46091,51115,34421,44435,10973,20787,509252,342868,71090,52098,104939,88807,15168,36,42
2021-07-07T23:59:59+02:00,579,535,21724,21526,42334,38033,46258,45296,57329,58216,68508,69669,51492,57056,36223,46801,11440,21745,33,29,9966,9767,21883,20609,25163,26498,32787,36879,47832,50632,45591,50577,34314,44295,10965,20769,503871,337925,70917,47714,104918,87886,15023,36,41
2021-07-06T23:59:59+02:00,522,472,20490,20246,41479,37388,45781,44944,56933,57910,68180,69412,51393,56930,36179,46750,11432,21736,25,24,9573,9387,21013,20012,24197,25839,31301,35683,46630,49428,44809,49791,34178,44119,10952,20749,499390,330573,68982,45613,104898,86611,14872,36,41
2021-07-05T23:59:59+02:00,485,444,19078,18872,40612,36585,45564,44717,56749,57707,68019,69285,51337,56874,36158,46721,11430,21729,23,20,9280,9131,20454,19626,23528,25416,30661,35254,45871,48810,44054,49000,34048,43930,10943,20737,493663,324780,68980,45590,104891,85577,14798,35,41
2021-07-04T23:59:59+02:00,478,438,17288,16870,40272,36357,45476,44642,56663,57638,67939,69216,51305,56848,36148,46700,11428,21727,23,20,9218,9078,20314,19563,23356,25338,30402,35176,45074,48680,42688,47647,33969,43856,10941,20731,488839,324319,68954,45545,104876,81440,14729,35,41
2021-07-03T23:59:59+02:00,478,436,17266,16839,40223,36310,45457,44625,56658,57633,67932,69209,51303,56845,36148,46700,11428,21726,22,20,9174,9034,20245,19494,23294,25272,30319,35096,44853,48504,42619,47571,33924,43797,10938,20731,488643,323352,68952,45544,104875,81259,14711,35,41
2021-07-02T23:59:59+02:00,458,413,17149,16728,39758,35927,45340,44525,56604,57592,67884,69178,51291,56840,36142,46688,11428,21725,22,18,9011,8861,19920,19211,22902,24894,29901,34680,44228,47857,42415,47342,33825,43661,10932,20727,487132,320339,68934,44509,104873,80823,14696,35,40
2021-07-01T23:59:59+02:00,406,373,16841,16444,38021,34594,44766,44024,56343,57383,67709,69009,51211,56749,36114,46650,11424,21717,17,13,8634,8462,19057,18498,21932,24039,28517,33485,41195,44882,41417,46257,33210,42934,10915,20698,481645,312828,68858,39627,104851,77278,14389,35,40
2021-06-30T23:59:59+02:00,358,328,16552,16197,35837,32771,44143,43395,56118,57188,67505,68817,51130,56657,36085,46596,11420,21701,16,12,8272,8128,18382,17870,21042,23206,27236,32218,36545,40009,40336,45109,32549,42145,10894,20671,474807,302315,68813,33595,104831,74378,14312,35,40
2021-06-29T23:59:59+02:00,318,291,16326,15996,34842,31689,43691,42950,55936,57024,67333,68668,51054,56584,36046,46552,11412,21694,14,9,7688,7521,17252,16940,19785,21989,25534,30536,33799,36877,37485,42060,31805,41252,10871,20633,470602,286093,68805,33546,104817,68225,14147,35,39
2021-06-28T23:59:59+02:00,309,269,16175,15836,33130,30281,43370,42656,55770,56883,67217,68561,51008,56532,36028,46531,11409,21682,13,7,7384,7263,16694,16563,19392,21674,25026,30148,33210,36374,36106,40567,31017,40318,10867,20622,466185,283045,68780,33494,104796,62816,13851,35,39
2021-06-27T23:59:59+02:00,309,269,16154,15810,32979,30194,43307,42629,55734,56874,67190,68553,51004,56528,36025,46530,11409,21681,12,7,7340,7234,16557,16496,19228,21611,24826,30074,32981,36234,34846,39292,29387,38394,10866,20621,465866,282873,68776,33455,104790,55927,13712,35,39
2021-06-26T23:59:59+02:00,307,267,16130,15782,32955,30176,43261,42585,55709,56857,67184,68550,51003,56527,36023,46529,11409,21681,11,7,7336,7221,16537,16485,19212,21600,24793,30051,32961,36213,34832,39278,29385,38391,10866,20621,465627,282673,68772,33455,104790,55922,13711,35,39
2021-06-25T23:59:59+02:00,300,265,16069,15731,32833,30075,43067,42424,55652,56811,67142,68526,50993,56516,36019,46528,11409,21681,11,7,7147,6943,16252,15977,18943,20944,24423,29118,32572,35489,34670,39060,29362,38360,10866,20621,464777,279982,68768,33444,104773,53612,13688,35,39
2021-06-24T23:59:59+02:00,279,252,15795,15525,32376,29784,41597,41179,55185,56455,66908,68365,50938,56460,36003,46500,11404,21671,10,7,6825,6709,15551,15529,17490,19921,22338,27557,31469,34592,34264,38632,29238,38178,10854,20606,460201,270247,68763,33394,104769,53182,12908,35,39
2021-06-23T23:59:59+02:00,264,235,15513,15231,31870,29383,39495,39355,54641,55911,66657,68145,50849,56351,35963,46454,11399,21658,9,5,6619,6543,15187,15253,16963,19472,21453,26755,29766,33224,33506,37776,29046,37937,10847,20591,453131,262413,68712,33302,104764,52466,12732,35,39
2021-06-22T23:59:59+02:00,242,200,15131,14837,31204,28749,36059,36308,53728,55107,66355,67840,50742,56229,35924,46397,11395,21644,6,4,6436,6329,14782,14923,16158,18751,20035,25440,28159,31567,32704,36799,28506,37331,10829,20559,442195,252288,68679,33215,104757,51351,12425,35,39
2021-06-21T23:59:59+02:00,227,194,14887,14659,30517,28286,33898,34343,53263,54680,66175,67722,50661,56155,35898,46375,11390,21639,6,4,6339,6245,14621,14802,15986,18613,19913,25327,28048,31479,32548,36659,27295,36092,10829,20556,435362,251596,68657,33166,104726,48372,12189,35,39
2021-06-20T23:59:59+02:00,220,193,14762,14569,28615,26946,33288,33893,53174,54585,66106,67685,50638,56127,35890,46371,11389,21637,6,4,5881,5945,13674,14161,15152,18020,19356,24970,27731,31276,32381,36476,27268,36061,10827,20552,430976,246569,68653,33131,104723,48300,11702,34,39
2021-06-19T23:59:59+02:00,214,188,14737,14536,28498,26861,33259,33866,53152,54569,66090,67674,50632,56118,35888,46366,11388,21635,6,4,5668,5785,13113,13752,14544,17540,19027,24768,27536,31105,32302,36376,27251,36047,10827,20552,430566,243044,68651,33126,104723,48297,11697,34,39
2021-06-18T23:59:59+02:00,212,179,14647,14452,28391,26790,32008,32963,52785,54262,65956,67580,50601,56084,35870,46340,11384,21631,6,4,5601,5707,13012,13666,14378,17413,18791,24539,26716,30437,32095,36139,27185,35971,10823,20545,430058,240090,65685,33012,104713,48242,11645,34,39
2021-06-17T23:59:59+02:00,198,163,14269,14187,27801,26537,31520,32702,51997,53696,65531,67314,50520,55983,35836,46299,11378,21618,5,4,5220,5449,12228,13190,13589,16801,17700,23610,24556,28474,31453,35402,26986,35694,10806,20530,426849,231065,65678,32734,104689,47559,10300,33,39
2021-06-16T23:59:59+02:00,169,135,13840,13780,27338,26180,31075,32346,51185,52994,65076,66924,50401,55863,35807,46242,11367,21606,5,4,4853,5010,11511,12520,12795,16105,16596,22486,21582,25607,30381,34193,26688,35290,10791,20490,421982,217002,65632,32705,104681,47162,10000,33,38
2021-06-15T23:59:59+02:00,106,82,13207,13154,26593,25602,30295,31751,49933,51928,64363,66399,50223,55665,35740,46130,11358,21587,5,4,4355,4382,10546,11583,11640,14725,14866,20783,18149,22299,29007,32755,26301,34768,10766,20446,414268,198374,65611,32587,104676,46853,9528,33,38
2021-06-14T23:59:59+02:00,76,61,12801,12780,26181,25277,29633,31284,48141,50458,63312,65566,50007,55439,35663,46054,11350,21575,5,4,4254,4326,10369,11450,11498,14593,14687,20660,17955,22139,28933,32674,26283,34740,10762,20443,406393,197927,65601,32315,104676,46540,8955,33,38
2021-06-13T23:59:59+02:00,75,60,12757,12736,26110,25241,29570,31258,48088,50433,63277,65542,50001,55436,35661,46050,11349,21572,5,4,4098,4247,10041,11319,11175,14482,14389,20547,17554,21794,27418,31030,26143,34545,10758,20432,406190,197175,65525,27638,104669,46331,8799,33,38
2021-06-12T23:59:59+02:00,75,59,12739,12719,26094,25231,29558,31245,48028,50362,63235,65507,50000,55433,35661,46050,11349,21572,5,4,4095,4238,10026,11302,11166,14467,14370,20530,17532,21785,27377,30985,26138,34540,10758,20432,405893,196987,65525,27636,104667,46290,8799,33,38
2021-06-11T23:59:59+02:00,73,56,12638,12592,25967,25116,29435,31119,47790,50135,63103,65388,49976,55407,35650,46039,11347,21570,5,4,4002,3966,9508,10111,10737,13557,14082,19973,17259,21308,26969,30561,26046,34458,10755,20430,404617,195942,65515,27630,104626,41511,8610,33,38
2021-06-10T23:59:59+02:00,65,49,12396,12372,25643,24831,29089,30850,46714,49119,62368,64818,49891,55311,35616,45987,11337,21557,5,3,3732,3599,8740,8866,9845,11916,12776,17206,15466,17699,25243,28636,25750,34151,10749,20406,399726,190405,65458,27191,104423,28782,8373,33,37
2021-06-09T23:59:59+02:00,51,37,12102,12048,25234,24425,28691,30457,44700,47295,61278,63880,49786,55188,35570,45933,11332,21539,5,3,3482,3474,8315,8614,9332,11596,12259,16813,14753,17098,21405,24311,25523,33849,10737,20380,391738,178806,65331,26842,104421,28243,8023,33,35
2021-06-08T23:59:59+02:00,45,26,11670,11507,24566,23801,28032,29792,41527,44451,59500,62244,49615,54996,35496,45842,11322,21517,5,3,3272,3338,7915,8358,8712,11223,11596,16394,14093,16452,16022,18348,25131,33324,10719,20350,379051,163593,65268,26508,104411,27937,7186,33,31
2021-06-07T23:59:59+02:00,40,19,11506,11310,24216,23524,27748,29584,38900,42521,59072,61882,49581,54965,35484,45821,11320,21511,5,3,3176,3267,7609,8186,8393,11046,11022,15942,13589,15973,15944,18268,25100,33273,10717,20343,373386,163272,64841,24684,104402,27527,6342,33,31
2021-06-06T23:59:59+02:00,37,18,11370,11205,23893,23293,27536,29412,37305,41337,58947,61804,49557,54936,35476,45807,11320,21509,5,3,3076,3215,7333,8097,8125,10877,10281,15259,12989,15351,15792,18156,25086,33250,10715,20343,372979,163153,61463,21517,104391,27357,5896,33,30
2021-06-05T23:59:59+02:00,35,17,11351,11185,23849,23253,27500,29385,37276,41323,58847,61720,49547,54929,35474,45805,11320,21506,5,3,3063,3203,7309,8062,8093,10859,10248,15244,12944,15328,15670,17991,25081,33242,10714,20342,372636,162712,61460,21516,104391,27341,5802,33,30
2021-06-04T23:59:59+02:00,35,15,11169,10926,23489,22787,27222,28989,36847,40874,58226,61180,49513,54888,35464,45787,11318,21500,5,2,3039,3188,7280,8043,8069,10840,10217,15220,12909,15294,15458,17784,25070,33221,10712,20341,370835,162124,59190,21503,104377,27243,5794,33,28
2021-06-03T23:59:59+02:00,33,14,10950,10709,23027,22396,26795,28655,35747,40047,55463,58831,49383,54728,35421,45723,11313,21485,5,2,2947,3110,7071,7888,7613,10543,9186,14586,11657,14587,14272,16310,24890,33003,10700,20322,366880,158756,54267,17766,104326,26929,5214,33,27
2021-06-02T23:59:59+02:00,33,14,10912,10672,22990,22363,26760,28628,35712,40006,55334,58673,49369,54703,35415,45716,11313,21484,5,2,2905,3080,7015,7867,7551,10506,9028,14545,11429,14523,12914,14822,24772,32830,10696,20315,366282,154919,54261,17755,104325,26907,5197,32,27
2021-06-01T23:59:59+02:00,20,7,10495,10323,22332,21852,26076,28047,34991,39426,52331,55525,48980,54295,35296,45552,11297,21458,5,2,2449,2722,5660,7186,6277,9930,7628,13873,10292,13560,8600,9252,24292,32148,10673,20262,355518,136705,54079,17385,104306,26326,4368,32,27
2021-05-31T23:59:59+02:00,19,6,10216,10093,21756,21457,25667,27798,34668,39223,50879,54127,48881,54171,35262,45512,11290,21450,5,2,2338,2603,5369,6943,6013,9708,7263,13633,10034,13399,8549,9190,24266,32099,10665,20249,350778,135927,54034,17264,104281,25760,3350,32,27
2021-05-30T23:59:59+02:00,18,6,10159,10044,21662,21416,25602,27764,34556,39153,50513,53785,48856,54146,35256,45506,11288,21447,5,2,2301,2573,5263,6863,5913,9640,7075,13545,9807,13302,8502,9140,24250,32092,10664,20244,349588,135330,54013,17090,104265,25455,3279,32,27
2021-05-29T23:59:59+02:00,17,6,10145,10032,21628,21396,25585,27751,34535,39140,50500,53767,48852,54142,35253,45505,11288,21447,5,2,2281,2521,5220,6736,5852,9509,6958,13347,9668,13080,8431,9048,24183,32025,10663,20243,349430,135048,54013,17037,104244,24390,3270,32,27
2021-05-28T23:59:59+02:00,17,6,10084,9962,21551,21284,25504,27630,34457,39040,50420,53668,48830,54124,35244,45497,11288,21443,5,2,2199,2255,4606,6201,5229,8789,6592,12384,9172,12086,8253,8849,23811,31544,10662,20240,348570,133544,54000,16940,104185,19106,3263,31,26
2021-05-27T23:59:59+02:00,16,6,9816,9715,21023,20908,24960,27269,33933,38662,49806,53057,48659,53933,35174,45423,11284,21423,3,2,1957,1989,4029,5683,4552,8187,6083,11614,8224,10759,7747,8188,22243,29389,10646,20218,344282,127869,53589,15807,104079,14725,3086,31,26
2021-05-26T23:59:59+02:00,16,6,9539,9467,20304,20343,24086,26597,32669,37635,49042,52351,48405,53644,35098,45312,11272,21399,3,1,1900,1916,3931,5556,4419,8022,5875,11352,7897,10374,7184,7462,19799,25955,10626,20174,339564,119362,50618,15554,104026,14559,2946,31,25
2021-05-25T23:59:59+02:00,15,6,9274,9231,19891,19987,23647,26204,32157,37117,48148,51372,48107,53326,35011,45170,11260,21370,3,1,1834,1866,3811,5456,4279,7872,5666,11127,7582,10051,6558,6619,15656,20560,10606,20116,333971,107116,50535,15511,103954,14209,2802,31,25
2021-05-24T23:59:59+02:00,14,6,9058,9072,19321,19695,22873,25816,30648,36102,47923,51201,48015,53226,34982,45140,11258,21369,3,1,1808,1848,3764,5424,4213,7830,5600,11067,7505,9994,6532,6594,15642,20551,10606,20116,332385,106994,46741,15497,103893,13914,2669,31,24
2021-05-23T23:59:59+02:00,14,6,8850,8865,18965,19404,22450,25469,30226,35781,47332,50688,47582,52771,34879,44994,11250,21360,3,1,1806,1847,3754,5419,4208,7824,5589,11059,7494,9984,6526,6582,15642,20549,10606,20116,327559,106929,46739,15495,103891,13895,2666,31,24
2021-05-22T23:59:59+02:00,14,6,8819,8828,18914,19361,22403,25437,30173,35750,47225,50618,47563,52748,34876,44985,11247,21360,3,1,1805,1843,3741,5407,4204,7818,5584,11052,7487,9980,6523,6579,15639,20548,10606,20116,327014,106891,46739,15495,103890,13873,2653,31,24
2021-05-21T23:59:59+02:00,13,6,8543,8473,18474,18847,22040,24791,29745,34941,46738,49951,47474,52623,34838,44942,11244,21355,3,1,1740,1802,3664,5368,4159,7782,5551,11005,7445,9930,6493,6553,15561,20451,10605,20115,321803,106572,46708,15494,103866,13508,2630,31,24
2021-05-20T23:59:59+02:00,12,6,7970,7929,17529,18051,21033,23877,28424,33737,44991,48126,47034,52161,34730,44786,11226,21336,3,1,1439,1638,3354,5078,3893,7394,5251,10527,7063,9476,6258,6295,14241,18903,10581,20076,310197,102799,46620,15008,103637,11167,2473,31,24
2021-05-19T23:59:59+02:00,12,6,7705,7615,16925,17449,20130,22999,27192,32475,43194,46036,46503,51605,34580,44564,11205,21304,3,1,1373,1552,3155,4864,3683,7140,5024,10174,6766,9146,5973,5961,12023,16041,10563,20015,299043,96535,46579,14530,103591,10114,2255,31,23
2021-05-18T23:59:59+02:00,11,6,7179,7077,15773,16426,18859,21751,25685,30844,40505,42802,45673,50658,34344,44260,11180,21262,3,1,1350,1526,3095,4792,3607,7019,4889,10042,6585,8934,5707,5683,10315,13860,10539,19961,283258,91383,45375,14477,103483,9876,2149,30,23
2021-05-17T23:59:59+02:00,11,6,7101,7014,15589,16315,18642,21583,25284,30516,38755,41164,45562,50577,34296,44195,11170,21238,3,1,1317,1503,3038,4745,3542,6960,4819,9938,6490,8833,5665,5643,10301,13842,10535,19953,283034,91310,40609,14196,103439,9692,1907,29,23
2021-05-16T23:59:59+02:00,10,5,6986,6961,15468,16226,18512,21476,25103,30401,35771,38397,45526,50542,34274,44171,11167,21233,3,1,1294,1484,2994,4705,3494,6902,4735,9868,6396,8754,5634,5606,10289,13826,10533,19950,282750,91262,34460,13930,103318,9581,1672,29,23
2021-05-15T23:59:59+02:00,10,5,6961,6931,15407,16168,18466,21434,25035,30356,35735,38356,45503,50515,34267,44166,11167,21233,3,1,1281,1459,2962,4634,3475,6833,4716,9787,6373,8703,5628,5602,10284,13825,10533,19950,282264,91205,34459,13926,103304,9236,1659,29,23
2021-05-14T23:59:59+02:00,10,4,6788,6560,15059,15672,18152,21013,24697,29895,35490,38006,45474,50484,34257,44161,11167,21231,3,1,1222,1399,2881,4531,3424,6730,4652,9637,6290,8573,5599,5557,10271,13815,10533,19949,281196,91117,34308,13905,100993,8429,1594,29,22
2021-05-13T23:59:59+02:00,10,4,6433,6232,14302,15091,17441,20380,23836,29152,34721,37334,45187,50140,34178,44038,11163,21220,3,1,1051,1313,2686,4418,3307,6607,4510,9465,6166,8427,5556,5518,10254,13798,10529,19944,274779,90957,33975,13824,100776,7447,1305,27,20
2021-05-12T23:59:59+02:00,10,4,6035,5960,13330,14419,16420,19575,23172,28715,34414,37050,45005,49944,34147,44007,11160,21217,3,1,1048,1311,2679,4410,3289,6602,4505,9455,6157,8422,5548,5511,10251,13793,10527,19943,268531,90892,33964,13812,100772,7442,1290,27,19
2021-05-11T23:59:59+02:00,10,4,5657,5735,12740,13968,14618,18133,20219,26190,32099,34722,43950,48685,33822,43535,11131,21167,3,0,986,1236,2561,4235,3179,6362,4387,9166,6040,8196,5476,5431,10209,13731,10519,19925,251239,90413,33685,13593,100326,6510,1108,27,18
2021-05-10T23:59:59+02:00,10,4,5507,5636,12468,13841,14263,17908,19415,25621,30723,33699,43419,48070,33764,43446,11123,21148,3,0,943,1177,2462,4070,3085,6161,4262,8903,5916,7997,5437,5397,10197,13714,10515,19916,245756,90298,33473,13533,100015,5512,794,27,18
2021-05-09T23:59:59+02:00,10,4,5104,5397,11282,13313,13262,17546,18386,25289,30178,33409,43363,47997,33738,43432,11120,21140,3,0,918,1145,2364,3963,2996,6023,4130,8727,5822,7893,5428,5383,10190,13709,10510,19912,240434,90250,33399,13491,99674,4922,436,27,17
2021-05-08T23:59:59+02:00,10,4,5092,5389,11260,13293,13236,17527,18356,25257,30137,33365,43355,47986,33737,43428,11120,21140,3,0,914,1138,2351,3956,2991,6023,4126,8721,5819,7890,5425,5380,10187,13704,10510,19912,240164,90224,33397,13491,99673,4887,431,27,17
2021-05-07T23:59:59+02:00,10,4,4991,5306,11031,13125,12949,17305,17749,24657,29187,32471,43161,47745,33681,43356,11116,21134,3,0,884,1107,2317,3901,2948,5973,4073,8667,5735,7837,5378,5332,10174,13695,10510,19911,237657,90088,31508,13487,99565,4631,222,26,17
2021-05-06T23:59:59+02:00,10,4,4578,5021,10362,12708,12190,16638,16152,23212,26640,30077,42460,46996,33514,43119,11100,21113,3,0,825,1051,2183,3654,2779,5663,3878,8194,5536,7514,5326,5278,10151,13667,10508,19905,228887,89903,28166,13174,98751,2957,64,26,17
2021-05-05T23:59:59+02:00,10,4,4269,4791,9760,12263,11470,16054,15051,22184,23787,27314,41478,45890,33231,42733,11082,21071,3,0,809,1027,2120,3529,2721,5507,3784,7983,5440,7378,5276,5223,10114,13627,10506,19902,215850,89636,27983,13036,98530,2206,54,25,17
2021-05-04T23:59:59+02:00,10,4,3920,4339,9093,11571,10698,15214,13747,20932,20183,23905,40130,44429,32857,42209,11059,21032,3,0,791,996,2051,3412,2650,5372,3691,7830,5343,7254,5237,5177,10083,13598,10504,19899,198794,89410,27965,12737,98502,1680,47,24,17
2021-05-03T23:59:59+02:00,10,4,3677,3920,8685,11078,10217,14589,13213,20277,19458,23256,39863,44177,32778,42105,11056,21017,3,0,777,966,1983,3311,2591,5264,3630,7715,5291,7167,5221,5164,10067,13580,10501,19894,192935,89264,27953,12726,98438,1088,30,24,17
2021-05-02T23:59:59+02:00,10,4,3675,3918,8664,11068,10207,14579,13192,20265,19440,23244,39859,44175,32777,42104,11055,21017,3,0,773,949,1952,3230,2544,5168,3583,7590,5271,7102,5217,5160,10066,13576,10501,19892,192835,89245,27939,12694,98431,598,24,24,16
2021-05-01T23:59:59+02:00,10,4,3672,3910,8651,11054,10198,14568,13184,20263,19427,23235,39859,44172,32776,42104,11055,21017,3,0,772,949,1950,3230,2543,5168,3583,7590,5271,7102,5217,5160,10066,13576,10500,19892,192744,89243,27937,12692,98431,598,23,24,16
2021-04-30T23:59:59+02:00,10,3,3649,3885,8606,11018,10154,14529,13122,20224,19325,23082,39590,43849,32755,42083,11054,21017,3,0,767,944,1935,3222,2542,5160,3579,7583,5269,7095,5214,5157,10062,13575,10500,19892,191817,89216,27667,12689,98425,557,22,24,15
2021-04-29T23:59:59+02:00,10,3,3379,3710,8169,10745,9606,14244,12622,19859,18587,22351,36526,40398,32493,41717,11043,20981,3,0,754,930,1886,3161,2492,5094,3513,7443,5178,6995,5173,5122,10039,13532,10498,19886,186254,89009,21830,12533,98317,124,19,23,14
2021-04-28T23:59:59+02:00,10,3,3212,3644,7902,10635,9210,14069,12242,19624,18102,21917,32740,36081,32275,41415,11030,20959,3,0,737,914,1860,3122,2447,5046,3475,7386,5113,6931,5107,5060,9987,13473,10495,19876,175084,88796,21677,12093,98272,116,14,23,13
2021-04-27T23:59:59+02:00,9,3,3131,3578,7640,10506,8858,13895,11757,19399,17622,21425,27172,29886,31899,40908,11009,20926,3,0,727,900,1827,3085,2411,5000,3421,7327,5058,6855,5057,4990,9952,13420,10491,19867,159724,88581,21655,11671,98207,113,14,23,12
2021-04-26T23:59:59+02:00,9,3,3074,3542,7496,10442,8690,13834,11526,19333,17097,21038,27135,29852,31885,40893,11009,20926,3,0,704,868,1758,3026,2343,4944,3353,7235,4960,6750,4957,4915,9874,13336,10489,19864,159136,88448,21437,10793,97175,112,14,22,12
2021-04-25T23:59:59+02:00,9,3,3037,3525,7336,10391,8454,13784,11194,19289,16263,20569,25581,28188,31831,40829,11009,20923,3,0,704,867,1752,3021,2335,4941,3347,7227,4956,6741,4953,4910,9866,13325,10489,19864,158650,88424,21428,10755,92101,96,14,22,12
2021-04-24T23:59:59+02:00,9,3,3033,3519,7321,10376,8442,13776,11179,19279,16241,20551,25535,28125,31828,40823,11008,20922,3,0,704,867,1752,3020,2335,4941,3346,7227,4956,6741,4953,4908,9864,13324,10489,19864,158437,88417,21424,10755,92073,96,14,22,12
2021-04-23T23:59:59+02:00,9,3,3015,3502,7280,10332,8395,13734,11112,19220,16180,20486,25114,27621,31795,40767,11005,20919,3,0,694,859,1734,3011,2319,4912,3295,7189,4856,6644,4813,4785,9692,13125,10483,19849,157247,88123,21287,10020,91919,95,14,22,11
2021-04-22T23:59:59+02:00,8,3,2934,3423,7086,10146,7856,13327,9902,18423,14623,19437,23096,25186,31582,40498,10986,20889,3,0,629,809,1620,2899,2192,4746,3135,7016,4672,6443,4656,4611,9180,12467,10446,19770,152432,86202,15985,8991,90954,76,14,20,11
2021-04-21T23:59:59+02:00,8,3,2882,3375,6963,10058,7645,13171,9534,18181,14150,18990,20581,22050,31281,40109,10967,20863,3,0,580,784,1540,2820,2105,4655,3008,6873,4509,6279,4472,4431,8608,11698,10400,19677,145422,84396,15210,7953,90145,68,14,20,11
2021-04-20T23:59:59+02:00,8,3,2842,3336,6856,9968,7506,13059,9282,17963,13657,18598,17190,17985,30967,39635,10950,20829,3,0,550,748,1468,2756,2018,4574,2905,6751,4374,6118,4283,4235,7738,10478,10330,19526,136562,81452,14964,7317,89074,63,14,20,9
2021-04-19T23:59:59+02:00,8,3,2827,3327,6808,9927,7453,13023,9206,17890,13518,18480,16855,17603,30933,39599,10948,20824,3,0,491,708,1347,2660,1918,4476,2770,6592,4176,5927,4028,3934,5880,8029,10110,19121,136235,75560,14768,6529,88195,59,14,20,8
2021-04-18T23:59:59+02:00,8,3,2811,3313,6730,9901,7348,12972,9008,17824,12678,18350,15442,16195,30865,39537,10944,20817,3,0,485,702,1336,2652,1903,4465,2737,6563,4115,5876,3952,3863,5465,7396,10062,19037,136013,74054,14625,6481,84074,55,14,20,8
2021-04-17T23:59:59+02:00,8,3,2801,3309,6712,9878,7317,12951,8976,17785,12645,18330,15390,16145,30812,39467,10943,20817,3,0,485,699,1336,2650,1902,4461,2733,6558,4112,5872,3951,3861,5460,7395,10061,19036,135658,74017,14623,6481,83974,55,14,20,8
2021-04-16T23:59:59+02:00,8,3,2788,3295,6678,9863,7264,12911,8901,17733,12537,18226,15142,15863,30293,38818,10940,20809,3,0,484,696,1331,2645,1893,4459,2727,6552,4104,5864,3945,3855,5443,7366,10059,19034,134126,73915,14615,6470,83298,53,14,19,8
2021-04-15T23:59:59+02:00,8,3,2734,3240,6546,9765,7074,12732,8558,17460,12060,17760,14081,14640,28168,36008,10921,20786,3,0,475,690,1327,2619,1879,4435,2704,6523,4062,5812,3887,3780,5410,7312,10051,19021,128189,73593,14339,6333,79984,43,13,19,8
2021-04-14T23:59:59+02:00,7,1,2678,3188,6451,9670,6928,12572,8285,17192,11626,17300,12899,13256,23447,29928,10900,20730,3,0,471,683,1313,2609,1866,4416,2682,6498,4020,5774,3839,3727,5347,7256,10020,18983,115787,73287,14305,6177,76935,23,13,18,7
2021-04-13T23:59:59+02:00,7,1,2627,3152,6323,9585,6775,12437,8007,16941,11200,16875,10235,10332,20357,25753,10877,20686,3,0,454,659,1266,2566,1815,4353,2574,6397,3838,5611,3627,3542,5195,7117,10011,18960,107336,72936,14111,5013,70692,19,13,18,7
2021-04-12T23:59:59+02:00,7,1,2606,3138,6263,9556,6668,12351,7814,16812,10951,16665,8871,8838,19535,24779,10875,20677,3,0,448,651,1247,2549,1798,4328,2540,6357,3788,5559,3563,3494,5160,7076,10006,18938,107205,72797,14056,4672,65115,16,13,18,7
2021-04-11T23:59:59+02:00,7,1,2578,3128,6166,9530,6551,12314,7649,16761,10750,16562,7593,7560,17804,22801,10873,20674,3,0,447,651,1246,2547,1798,4327,2540,6357,3784,5554,3558,3493,5154,7074,10006,18938,107132,72784,14049,4660,58091,14,12,18,7
2021-04-10T23:59:59+02:00,7,1,2577,3126,6156,9525,6542,12309,7643,16756,10743,16554,7584,7548,17794,22794,10873,20674,3,0,447,647,1243,2544,1797,4324,2538,6353,3780,5553,3549,3479,5146,7059,10006,18938,107046,72721,14049,4653,58082,14,11,18,7
2021-04-09T23:59:59+02:00,7,1,2515,3027,6020,9318,6387,12047,7385,16349,10430,16058,7426,7343,17677,22615,10872,20672,3,0,442,642,1225,2531,1771,4306,2505,6302,3701,5471,3431,3369,5004,6962,10001,18936,106568,72630,14019,3942,55533,12,11,18,7
2021-04-08T23:59:59+02:00,7,1,2436,2955,5925,9198,6283,11917,7213,16165,10174,15869,7228,7083,16408,21154,10861,20641,3,0,435,636,1209,2497,1745,4269,2476,6230,3647,5405,3353,3322,4923,6857,9979,18890,102902,72177,13666,3671,54922,11,10,18,7
2021-04-07T23:59:59+02:00,7,1,2409,2919,5852,9126,6190,11842,7079,16064,9931,15717,6930,6756,14080,18202,10840,20594,3,0,429,634,1198,2484,1732,4245,2462,6190,3579,5346,3280,3269,4864,6795,9970,18860,96726,71890,13505,3423,54282,10,10,16,7
2021-04-06T23:59:59+02:00,7,1,2392,2889,5755,9059,6100,11762,6925,15951,9691,15535,6574,6393,11968,15582,10813,20535,3,0,425,627,1190,2457,1721,4222,2436,6152,3514,5282,3194,3219,4818,6742,9964,18842,91666,71644,13205,3139,53037,10,8,16,7
2021-04-05T23:59:59+02:00,7,1,2384,2879,5736,9042,6089,11743,6909,15931,9671,15508,6448,6293,10690,14285,10812,20534,3,0,421,620,1186,2442,1715,4206,2420,6120,3481,5241,3165,3180,4797,6697,9957,18824,91581,71450,13168,3002,50190,9,7,16,7
2021-04-04T23:59:59+02:00,7,1,2384,2878,5733,9038,6087,11743,6907,15931,9669,15507,6443,6288,10690,14283,10812,20534,3,0,421,619,1186,2441,1715,4206,2419,6120,3481,5241,3164,3180,4794,6697,9956,18823,91571,71442,13165,3001,50177,9,7,15,7
2021-04-03T23:59:59+02:00,7,1,2381,2871,5726,9030,6081,11738,6903,15927,9666,15504,6440,6283,10683,14280,10812,20534,3,0,421,619,1186,2441,1715,4206,2419,6120,3481,5240,3164,3180,4794,6697,9956,18823,91512,71441,13163,3001,50170,9,7,15,7
2021-04-02T23:59:59+02:00,7,1,2379,2869,5721,9023,6079,11735,6898,15926,9662,15502,6436,6276,10668,14251,10811,20533,3,0,418,617,1185,2441,1714,4205,2417,6120,3480,5233,3139,3163,4784,6688,9956,18823,91427,71363,13160,3000,50169,9,7,14,7
2021-04-01T23:59:59+02:00,7,1,2358,2866,5690,8993,6036,11692,6857,15871,9607,15446,6342,6179,10372,13902,10788,20484,3,0,416,601,1182,2435,1707,4194,2401,6103,3453,5212,3072,3112,4721,6612,9878,18705,90436,70788,13137,2997,49898,9,6,14,7
2021-03-31T23:59:59+02:00,7,1,2325,2839,5615,8925,5967,11597,6755,15759,9473,15313,6199,6036,9820,13153,10741,20390,3,0,411,595,1176,2423,1701,4178,2394,6090,3433,5178,3040,3079,4671,6553,9820,18603,88444,70334,12922,2995,49531,9,4,14,6
2021-03-30T23:59:59+02:00,7,1,2305,2821,5568,8866,5904,11521,6681,15660,9376,15169,6011,5821,8907,11805,10663,20207,3,0,409,590,1172,2419,1688,4161,2375,6068,3399,5134,2982,3010,4579,6455,9688,18361,85345,69624,12541,2853,49392,9,3,12,4
2021-03-29T23:59:59+02:00,6,1,2238,2766,5466,8753,5794,11373,6513,15430,9140,14914,5650,5446,6954,9269,10436,19777,3,0,401,587,1161,2408,1674,4149,2349,6041,3369,5078,2912,2943,4456,6349,9480,18020,79220,68650,11733,2714,48959,9,3,11,4
2021-03-28T23:59:59+02:00,6,1,2216,2753,5422,8692,5719,11295,6425,15344,9022,14794,5524,5293,6305,8329,10369,19659,3,0,391,579,1145,2392,1647,4122,2302,5980,3313,4988,2828,2863,4340,6203,9404,17879,76903,68181,11474,2188,48777,5,3,11,2
2021-03-27T23:59:59+01:00,6,1,2215,2746,5413,8686,5715,11280,6410,15322,9011,14782,5496,5266,6294,8326,10369,19657,3,0,391,579,1143,2391,1646,4117,2298,5977,3304,4981,2822,2860,4324,6178,9322,17730,76795,67869,11474,2187,48712,5,3,11,2
2021-03-26T23:59:59+01:00,6,1,2198,2725,5376,8647,5676,11230,6333,15252,8861,14632,5330,5117,6123,8144,10366,19648,3,0,387,571,1135,2378,1630,4088,2270,5941,3270,4927,2761,2796,4135,5918,8605,16531,76447,65187,10637,2149,48568,5,3,10,2
2021-03-25T23:59:59+01:00,6,0,2081,2645,5198,8432,5474,10953,6126,14947,8620,14343,5166,4964,6026,8022,10363,19640,3,0,378,556,1115,2352,1607,4058,2224,5883,3195,4848,2662,2689,3757,5422,7442,14757,75987,61011,9681,1929,47326,4,2,10,2
2021-03-24T23:59:59+01:00,6,0,1997,2597,5047,8271,5312,10760,5960,14708,8413,14112,5025,4805,5912,7904,10357,19629,3,0,374,544,1102,2324,1574,4003,2165,5817,3106,4748,2525,2575,3325,4802,6020,12502,75605,55923,8519,1578,46679,4,2,10,2
2021-03-23T23:59:59+01:00,6,0,1920,2545,4936,8148,5211,10619,5839,14517,8294,13943,4942,4721,5845,7844,10350,19610,3,0,363,518,1083,2289,1541,3945,2121,5727,3024,4656,2436,2481,2871,4157,4066,9213,75209,49058,7771,1429,46298,3,2,10,2
2021-03-22T23:59:59+01:00,6,0,1858,2481,4798,8013,5075,10442,5678,14284,8102,13730,4835,4606,5775,7736,10333,19569,2,0,336,501,1055,2251,1496,3871,2055,5617,2922,4504,2319,2328,2337,3457,1463,4944,74705,40265,6733,1188,45872,1,2,9,2
2021-03-21T23:59:59+01:00,6,0,1856,2475,4787,7999,5061,10431,5662,14267,8072,13705,4813,4591,5758,7724,10328,19568,2,0,335,501,1050,2237,1487,3842,2037,5579,2896,4454,2278,2279,2295,3416,1446,4898,74680,40123,6681,904,45731,1,2,9,2
2021-03-20T23:59:59+01:00,6,0,1856,2475,4785,7998,5060,10429,5661,14266,8064,13699,4812,4589,5750,7715,10328,19568,2,0,335,500,1050,2237,1487,3842,2037,5579,2894,4453,2277,2276,2295,3416,1445,4898,74665,40119,6681,899,45704,1,2,9,2
2021-03-19T23:59:59+01:00,6,0,1803,2230,4278,6717,4652,9448,5390,13706,7843,13296,4685,4489,5680,7648,10327,19568,2,0,334,500,1050,2237,1487,3841,2036,5578,2893,4453,2275,2275,2289,3409,1443,4896,74601,40101,6669,892,40485,1,2,9,2
2021-03-18T23:59:59+01:00,6,0,1748,1977,3862,5660,4123,8071,4574,11164,6482,9959,4317,4187,5474,7424,10306,19530,2,0,333,497,1043,2224,1479,3816,2009,5539,2868,4429,2254,2259,2264,3380,1438,4887,74163,39908,6605,808,28086,1,2,8,2
2021-03-17T23:59:59+01:00,6,0,1742,1968,3850,5634,4106,8041,4550,11098,6431,9885,4278,4140,5430,7378,10298,19502,1,0,330,496,1039,2216,1473,3807,2002,5524,2858,4402,2227,2230,2242,3365,1431,4871,73892,39750,6540,759,27895,1,2,8,2
2021-03-16T23:59:59+01:00,6,0,1718,1935,3790,5552,4036,7935,4422,10936,6223,9687,4053,3950,5287,7219,10291,19478,1,0,327,492,1038,2197,1468,3794,1993,5508,2849,4382,2217,2215,2229,3335,1422,4840,73579,39573,5261,729,27668,1,2,8,2
2021-03-15T23:59:59+01:00,6,0,1708,1915,3766,5515,4010,7897,4371,10867,6144,9601,3966,3883,5230,7157,10282,19451,1,0,324,488,1029,2181,1460,3788,1977,5472,2831,4354,2202,2183,2204,3270,1411,4801,73346,39352,4893,621,27522,1,0,8,2
2021-03-14T23:59:59+01:00,6,0,1702,1905,3757,5505,4005,7881,4362,10836,6135,9578,3958,3872,5224,7149,10281,19449,1,0,324,488,1027,2181,1455,3785,1974,5470,2813,4348,2196,2180,2193,3259,1406,4799,73310,39344,4875,552,27412,1,0,8,2
2021-03-13T23:59:59+01:00,6,0,1698,1899,3742,5482,3998,7871,4342,10825,6120,9562,3955,3869,5221,7146,10281,19449,1,0,324,488,1027,2181,1455,3785,1974,5469,2813,4347,2195,2179,2193,3257,1397,4793,73284,39323,4870,552,27304,1,0,8,2
2021-03-12T23:59:59+01:00,5,0,1660,1841,3233,5336,3482,7754,4208,10700,5894,9270,3785,3722,5077,7033,10255,19401,1,0,319,466,1023,2151,1447,3760,1954,5398,2760,4262,2015,2025,2133,3207,1390,4787,73061,38552,4135,544,25452,0,0,8,2
2021-03-11T23:59:59+01:00,5,0,1553,1702,2850,5076,3044,7497,3927,10285,5261,8378,3555,3547,4968,6912,10215,19345,1,0,318,465,1020,2138,1444,3740,1947,5379,2751,4245,2008,2017,2118,3190,1385,4767,72476,38427,3868,504,21770,0,0,6,2
2021-03-10T23:59:59+01:00,5,0,1521,1668,2811,5031,3006,7438,3870,10197,5151,8261,3429,3441,4850,6798,10167,19278,1,0,316,464,1019,2135,1440,3729,1943,5365,2739,4224,1989,2009,2091,3157,1375,4752,72056,38339,3536,407,21324,0,0,6,2
2021-03-09T23:59:59+01:00,5,0,1511,1652,2774,5003,2984,7394,3831,10137,5069,8182,3328,3353,4766,6709,10058,19066,1,0,313,463,1015,2127,1433,3716,1917,5343,2697,4194,1946,1984,2037,3128,1363,4742,71447,38307,3264,110,21105,0,0,6,2
2021-03-08T23:59:59+01:00,5,0,1495,1637,2745,4974,2955,7363,3807,10089,5045,8120,3286,3313,4689,6645,9877,18762,1,0,312,463,1013,2123,1425,3700,1900,5309,2678,4166,1927,1965,2010,3105,1356,4723,70640,38156,3255,18,20906,0,0,6,2
2021-03-07T23:59:59+01:00,5,0,1482,1626,2715,4931,2920,7315,3771,10028,5003,8061,3252,3279,4623,6543,9799,18616,1,0,312,462,1012,2122,1424,3694,1897,5299,2677,4161,1923,1962,2006,3101,1352,4714,70099,38101,3201,16,20664,0,0,5,2
2021-03-06T23:59:59+01:00,5,0,1481,1625,2710,4919,2917,7306,3763,10021,4985,8045,3242,3269,4600,6504,9708,18444,1,0,312,462,1010,2119,1424,3692,1891,5290,2675,4159,1918,1954,2000,3099,1351,4711,69703,38051,3201,16,20635,0,0,5,1
2021-03-05T23:59:59+01:00,5,0,1408,1549,2611,4758,2860,7147,3678,9814,4885,7849,3192,3209,4380,6214,8988,17234,1,0,312,462,1008,2117,1420,3687,1889,5289,2672,4153,1910,1950,1995,3096,1346,4707,67011,37997,3198,16,19567,0,0,5,1
2021-03-04T23:59:59+01:00,5,0,1236,1443,2445,4558,2691,6876,3510,9470,4627,7507,3075,3083,4015,5755,7794,15390,1,0,310,454,999,2093,1404,3647,1861,5236,2644,4105,1882,1925,1962,3041,1318,4661,62746,37526,3195,16,17534,0,0,5,1
2021-03-03T23:59:59+01:00,5,0,1202,1389,2369,4450,2630,6753,3424,9303,4529,7364,2988,3013,3632,5149,6374,13156,1,0,306,445,988,2070,1392,3619,1847,5186,2589,4050,1832,1889,1934,3008,1302,4631,57598,37072,3167,16,16961,0,0,4,1
2021-03-02T23:59:59+01:00,5,0,1169,1350,2308,4391,2581,6661,3342,9179,4392,7215,2873,2888,3143,4478,4324,9745,1,0,301,436,983,2043,1379,3577,1832,5131,2557,4023,1822,1873,1914,2979,1288,4603,50449,36725,2916,16,16676,0,0,3,1
2021-03-01T23:59:59+01:00,5,0,1109,1321,2246,4329,2508,6574,3247,9051,4250,7027,2739,2752,2567,3728,1543,5197,1,0,300,433,976,2031,1368,3559,1824,5116,2544,4007,1804,1862,1898,2960,1277,4574,41223,36517,2525,16,16442,0,0,3,1
2021-02-28T23:59:59+01:00,5,0,1073,1306,2205,4294,2478,6529,3199,8994,4188,6968,2674,2704,2518,3697,1535,5177,1,0,300,432,973,2024,1366,3546,1821,5102,2538,3998,1797,1851,1885,2948,1269,4559,41126,36393,2232,16,16183,0,0,3,1
2021-02-27T23:59:59+01:00,5,0,1032,1224,2137,4053,2420,6295,3136,8696,4098,6715,2619,2647,2498,3673,1532,5177,1,0,300,432,972,2024,1366,3546,1821,5101,2537,3998,1797,1850,1883,2947,1269,4559,41018,36386,2231,16,14705,0,0,3,1
2021-02-26T23:59:59+01:00,4,0,866,972,1939,3664,2260,5635,2920,7779,3788,5926,2571,2593,2479,3657,1528,5175,1,0,300,432,972,2021,1364,3544,1819,5100,2535,3997,1797,1847,1876,2946,1267,4552,41000,36353,2142,16,10611,0,0,3,1
2021-02-25T23:59:59+01:00,4,0,531,815,1662,3464,2081,5330,2724,7382,3561,5625,2489,2513,2438,3596,1524,5160,1,0,291,411,947,1969,1333,3473,1787,5019,2506,3933,1772,1819,1836,2900,1238,4512,40804,35733,1880,13,8213,0,0,2,1
2021-02-24T23:59:59+01:00,3,0,510,796,1627,3366,2019,5199,2664,7200,3494,5484,2421,2466,2401,3567,1514,5124,1,0,282,406,931,1938,1319,3419,1774,4958,2482,3888,1761,1801,1827,2881,1226,4481,40610,35370,1709,4,7534,0,0,2,1
2021-02-23T23:59:59+01:00,3,0,489,758,1567,3263,1964,5058,2586,7069,3409,5379,2360,2408,2362,3508,1499,5089,1,0,280,402,926,1922,1312,3389,1765,4926,2461,3855,1741,1781,1807,2845,1210,4425,40454,35044,1435,3,6880,0,0,2,1
2021-02-22T23:59:59+01:00,2,0,473,727,1513,3163,1924,4918,2527,6850,3348,5235,2349,2309,2346,3428,1493,5044,1,0,279,399,923,1910,1304,3362,1747,4890,2446,3824,1721,1762,1779,2814,1195,4376,40237,34730,1169,1,6241,0,0,2,1
2021-02-21T23:59:59+01:00,2,0,464,688,1455,3018,1876,4768,2474,6690,3265,5132,2313,2276,2318,3408,1483,5038,1,0,279,398,920,1902,1303,3353,1742,4879,2442,3815,1719,1760,1778,2812,1195,4375,40193,34671,936,1,5537,0,0,2,1
2021-02-20T23:59:59+01:00,2,0,458,682,1446,3014,1871,4768,2471,6687,3260,5128,2310,2275,2318,3407,1481,5038,1,0,279,398,920,1901,1303,3352,1742,4879,2440,3814,1718,1759,1775,2812,1194,4373,40188,34658,931,1,5495,0,0,2,1
2021-02-19T23:59:59+01:00,1,0,435,645,1417,2952,1843,4711,2430,6587,3173,5010,2129,2113,2254,3358,1476,5032,1,0,277,397,919,1899,1302,3351,1742,4874,2437,3813,1717,1758,1773,2811,1194,4372,39435,34635,911,1,5218,0,0,2,1
2021-02-18T23:59:59+01:00,1,0,408,588,1312,2712,1739,4469,2292,6325,3069,4828,2100,2097,2238,3341,1471,5021,1,0,277,391,911,1865,1293,3311,1724,4826,2418,3775,1706,1746,1756,2799,1182,4352,39357,34331,837,1,3815,0,0,2,1
2021-02-17T23:59:59+01:00,1,0,391,556,1274,2581,1682,4294,2223,6084,3009,4679,2081,2078,2214,3321,1457,5011,1,0,267,374,875,1779,1249,3182,1664,4667,2343,3640,1627,1676,1680,2687,1129,4230,39202,33069,786,0,2946,0,0,2,1
2021-02-16T23:59:59+01:00,1,0,373,526,1221,2461,1632,4160,2144,5899,2929,4543,2072,2073,2206,3314,1452,4999,1,0,259,357,854,1697,1194,3044,1601,4464,2271,3461,1576,1622,1616,2585,1097,4094,39141,31792,755,0,2107,0,0,2,1
2021-02-15T23:59:59+01:00,1,0,363,504,1149,2321,1587,4085,2112,5845,2901,4502,2053,2057,2181,3283,1444,4978,1,0,253,338,831,1652,1162,2968,1545,4325,2198,3341,1500,1557,1558,2472,1050,3905,39033,30655,640,0,1691,0,0,2,1
2021-02-14T23:59:59+01:00,1,0,354,498,1125,2265,1524,3924,2071,5752,2870,4463,2047,2054,2169,3273,1441,4971,1,0,247,333,813,1623,1146,2928,1503,4273,2160,3311,1484,1536,1533,2435,1033,3859,39014,30217,571,0,1215,0,0,2,1
2021-02-13T23:59:59+01:00,1,0,354,498,1124,2265,1524,3923,2069,5751,2870,4463,2046,2052,2168,3273,1440,4968,1,0,247,333,813,1623,1146,2928,1502,4271,2160,3311,1482,1533,1532,2434,1033,3858,39003,30206,571,0,1214,0,0,1,1
2021-02-12T23:59:59+01:00,1,0,346,495,1106,2257,1519,3910,2064,5743,2867,4457,2032,2042,2162,3260,1435,4965,1,0,245,332,807,1618,1140,2919,1486,4253,2142,3298,1469,1517,1517,2402,1026,3821,38937,29992,563,0,1160,0,0,1,1
2021-02-11T23:59:59+01:00,1,0,323,471,1043,2161,1466,3783,1970,5480,2783,4338,2001,2009,2122,3192,1405,4907,1,0,225,304,757,1513,1060,2695,1360,3896,1953,2992,1280,1303,1343,2122,912,3450,38538,27165,526,0,390,0,0,1,1
2021-02-10T23:59:59+01:00,1,0,317,462,1021,2121,1427,3705,1916,5318,2689,4158,1930,1959,2074,3150,1383,4881,1,0,200,261,664,1324,932,2307,1174,3294,1709,2571,1117,1125,1191,1871,793,3087,38123,23620,386,0,2,0,0,1,1
2021-02-09T23:59:59+01:00,1,0,311,451,1013,2090,1412,3653,1872,5252,2623,4103,1872,1919,2002,3095,1362,4859,1,0,167,201,563,1063,782,1860,967,2682,1439,2157,965,964,992,1580,669,2636,37822,19687,65,0,2,0,0,1,1
2021-02-08T23:59:59+01:00,1,0,309,449,1010,2083,1401,3637,1864,5229,2603,4086,1858,1908,1983,3077,1356,4834,1,0,117,166,462,848,617,1441,768,2034,1160,1670,772,788,791,1246,532,2152,37665,15564,20,0,2,0,0,1,1
2021-02-07T23:59:59+01:00,1,0,309,449,1008,2082,1400,3632,1861,5226,2596,4083,1852,1899,1967,3069,1352,4826,1,0,107,147,413,704,543,1266,688,1818,1063,1522,696,707,708,1122,455,1909,37594,13868,17,0,0,0,0,1,1
2021-02-06T23:59:59+01:00,1,0,309,449,1007,2081,1400,3629,1861,5224,2596,4080,1852,1898,1962,3067,1349,4824,1,0,106,146,408,701,538,1242,672,1799,1052,1500,693,703,703,1118,454,1905,37571,13741,17,0,0,0,0,1,0
2021-02-05T23:59:59+01:00,1,0,309,448,1005,2078,1396,3620,1857,5210,2590,4074,1851,1897,1954,3058,1339,4810,1,0,102,138,392,683,521,1212,640,1747,1002,1437,656,652,654,1044,427,1811,37479,13119,17,0,0,0,0,1,0
2021-02-04T23:59:59+01:00,1,0,301,431,994,2047,1377,3566,1837,5133,2575,4026,1835,1876,1927,3023,1319,4777,1,0,77,107,291,462,362,819,456,1185,690,978,510,476,507,825,340,1450,37027,9536,17,0,0,0,0,1,0
2021-02-03T23:59:59+01:00,1,0,297,422,975,2021,1361,3528,1823,5084,2541,3983,1815,1853,1912,2999,1305,4761,1,0,60,83,245,394,292,640,347,926,532,729,341,331,369,586,248,1063,36663,7187,17,0,0,0,0,1,0
2021-02-02T23:59:59+01:00,1,0,292,415,969,1992,1353,3495,1812,5037,2518,3948,1797,1837,1884,2958,1283,4710,0,0,40,64,188,311,244,487,265,741,384,560,237,214,235,391,168,699,36283,5228,17,0,0,0,0,1,0
2021-02-01T23:59:59+01:00,1,0,291,413,964,1984,1350,3480,1804,5016,2509,3929,1789,1826,1870,2943,1279,4695,0,0,20,40,139,225,168,312,169,492,240,323,119,109,102,189,78,313,36125,3038,17,0,0,0,0,1,0
2021-01-31T23:59:59+01:00,1,0,290,412,962,1976,1347,3471,1801,4997,2505,3915,1785,1818,1866,2935,1276,4685,0,0,19,35,121,197,151,271,152,412,203,278,100,95,94,161,70,274,36024,2633,17,0,0,0,0,1,0
2021-01-30T23:59:59+01:00,1,0,290,412,962,1976,1347,3471,1801,4997,2505,3915,1784,1818,1866,2934,1276,4684,0,0,19,35,120,197,151,268,149,409,202,278,99,94,94,161,70,274,36021,2620,17,0,0,0,0,1,0
2021-01-29T23:59:59+01:00,1,0,288,409,961,1974,1346,3463,1795,4988,2502,3912,1778,1811,1857,2922,1269,4662,0,0,17,33,118,187,142,260,137,381,170,251,72,70,84,139,63,238,35920,2362,17,0,0,0,0,1,0
2021-01-28T23:59:59+01:00,1,0,285,400,942,1919,1322,3399,1770,4926,2474,3849,1756,1789,1825,2891,1250,4626,0,0,1,0,12,20,8,20,11,45,8,22,6,4,7,10,3,15,35408,192,15,0,0,0,0,1,0
2021-01-27T23:59:59+01:00,1,0,279,382,909,1838,1286,3285,1709,4803,2414,3749,1699,1740,1780,2823,1211,4537,0,0,1,0,6,6,5,12,7,19,4,12,4,4,7,10,3,14,34433,114,11,0,0,0,0,1,0
2021-01-26T23:59:59+01:00,1,0,274,372,899,1823,1272,3245,1691,4747,2384,3682,1666,1708,1741,2751,1193,4446,0,0,1,0,6,6,5,12,7,19,4,12,4,4,7,10,3,14,33887,114,7,0,0,0,0,1,0
2021-01-25T23:59:59+01:00,1,0,263,348,857,1704,1202,3081,1600,4476,2278,3474,1605,1655,1684,2663,1143,4260,0,0,1,0,2,3,1,4,4,2,4,5,4,4,6,9,2,14,32290,65,3,0,0,0,0,1,0
2021-01-24T23:59:59+01:00,1,0,260,345,846,1684,1192,3058,1569,4443,2252,3453,1594,1646,1672,2651,1137,4252,0,0,1,0,2,2,1,4,4,2,4,5,4,4,6,9,2,14,32051,64,3,0,0,0,0,1,0
2021-01-23T23:59:59+01:00,1,0,260,345,846,1684,1191,3057,1569,4439,2251,3452,1593,1646,1671,2650,1136,4247,0,0,1,0,2,2,1,4,4,2,4,5,4,4,6,9,2,14,32034,64,3,0,0,0,0,1,0
2021-01-22T23:59:59+01:00,1,0,259,343,839,1681,1187,3052,1566,4432,2238,3447,1581,1634,1665,2631,1130,4225,0,0,1,0,2,2,1,4,4,2,4,5,4,4,6,9,2,14,31908,64,3,0,0,0,0,0,0
2021-01-21T23:59:59+01:00,1,0,248,332,812,1613,1162,2925,1510,4270,2158,3312,1482,1530,1528,2463,1046,4035,0,0,1,0,1,2,1,4,4,2,4,5,4,3,5,9,1,14,30424,60,3,0,0,0,0,0,0
2021-01-20T23:59:59+01:00,1,0,226,291,739,1457,1070,2608,1377,3811,1984,2957,1359,1382,1404,2265,968,3795,0,0,1,0,1,2,1,4,4,2,3,5,4,3,5,9,1,14,27692,59,2,0,0,0,0,0,0
2021-01-19T23:59:59+01:00,1,0,195,234,638,1209,925,2163,1154,3194,1695,2526,1174,1177,1169,1920,806,3223,0,0,1,0,1,1,1,2,4,1,2,5,4,3,5,9,1,14,23401,54,2,0,0,0,0,0,0
2021-01-18T23:59:59+01:00,1,0,138,186,505,949,713,1647,886,2326,1318,1914,911,945,934,1514,630,2571,0,0,0,0,0,0,0,0,0,0,1,2,2,1,0,0,0,0,18087,6,1,0,0,0,0,0,0
2021-01-17T23:59:59+01:00,1,0,124,161,446,777,628,1424,784,2073,1203,1723,845,866,850,1376,556,2351,0,0,0,0,0,0,0,0,0,0,0,1,0,0,0,0,0,0,16188,1,0,0,0,0,0,0,0
2021-01-16T23:59:59+01:00,1,0,123,160,442,776,626,1416,774,2069,1194,1717,843,861,845,1365,548,2335,0,0,0,0,0,0,0,0,0,0,0,0,0,0,0,0,0,0,16095,0,0,0,0,0,0,0,0
2021-01-15T23:59:59+01:00,1,0,112,153,429,755,599,1377,742,1991,1132,1635,799,807,798,1276,517,2210,0,0,0,0,0,0,0,0,0,0,0,0,0,0,0,0,0,0,15333,0,0,0,0,0,0,0,0
2021-01-14T23:59:59+01:00,1,0,78,114,308,489,398,891,512,1285,775,1073,584,558,580,941,400,1682,0,0,0,0,0,0,0,0,0,0,0,0,0,0,0,0,0,0,10669,0,0,0,0,0,0,0,0
2021-01-13T23:59:59+01:00,1,0,60,87,257,411,322,674,379,983,568,764,368,355,394,637,285,1173,0,0,0,0,0,0,0,0,0,0,0,0,0,0,0,0,0,0,7718,0,0,0,0,0,0,0,0
2021-01-12T23:59:59+01:00,0,0,49,71,209,351,258,547,279,809,413,599,248,226,245,425,192,785,0,0,0,0,0,0,0,0,0,0,0,0,0,0,0,0,0,0,5706,0,0,0,0,0,0,0,0
2021-01-11T23:59:59+01:00,0,0,33,52,181,301,211,444,220,649,303,422,151,131,140,259,106,451,0,0,0,0,0,0,0,0,0,0,0,0,0,0,0,0,0,0,4054,0,0,0,0,0,0,0,0
2021-01-10T23:59:59+01:00,0,0,25,43,159,252,182,366,179,538,254,361,130,110,125,214,94,362,0,0,0,0,0,0,0,0,0,0,0,0,0,0,0,0,0,0,3394,0,0,0,0,0,0,0,0
2021-01-09T23:59:59+01:00,0,0,25,43,158,250,181,363,177,532,253,360,129,109,125,214,94,362,0,0,0,0,0,0,0,0,0,0,0,0,0,0,0,0,0,0,3375,0,0,0,0,0,0,0,0
2021-01-08T23:59:59+01:00,0,0,23,40,155,240,173,353,164,501,223,334,105,93,119,198,87,335,0,0,0,0,0,0,0,0,0,0,0,0,0,0,0,0,0,0,3143,0,0,0,0,0,0,0,0
2021-01-07T23:59:59+01:00,0,0,2,0,6,10,8,15,10,7,18,11,10,11,14,21,3,35,0,0,0,0,0,0,0,0,0,0,0,0,0,0,0,0,0,0,181,0,0,0,0,0,0,0,0
2021-01-06T23:59:59+01:00,0,0,1,0,3,4,1,7,5,2,4,6,6,4,7,10,1,16,0,0,0,0,0,0,0,0,0,0,0,0,0,0,0,0,0,0,77,0,0,0,0,0,0,0,0
2021-01-05T23:59:59+01:00,0,0,1,0,3,3,1,6,5,2,4,5,6,4,6,10,1,15,0,0,0,0,0,0,0,0,0,0,0,0,0,0,0,0,0,0,72,0,0,0,0,0,0,0,0
2021-01-04T23:59:59+01:00,0,0,1,0,2,3,1,5,4,2,4,5,6,4,5,9,1,15,0,0,0,0,0,0,0,0,0,0,0,0,0,0,0,0,0,0,67,0,0,0,0,0,0,0,0
2021-01-03T23:59:59+01:00,0,0,1,0,2,2,1,5,4,2,4,5,5,4,5,9,1,15,0,0,0,0,0,0,0,0,0,0,0,0,0,0,0,0,0,0,65,0,0,0,0,0,0,0,0
2021-01-02T23:59:59+01:00,0,0,1,0,2,2,1,5,4,2,4,5,5,4,5,9,1,15,0,0,0,0,0,0,0,0,0,0,0,0,0,0,0,0,0,0,65,0,0,0,0,0,0,0,0
2021-01-01T23:59:59+01:00,0,0,1,0,2,2,1,4,4,2,4,5,5,4,5,9,1,15,0,0,0,0,0,0,0,0,0,0,0,0,0,0,0,0,0,0,64,0,0,0,0,0,0,0,0
2020-12-31T23:59:59+01:00,0,0,1,0,2,2,1,4,4,2,4,5,5,4,5,9,1,15,0,0,0,0,0,0,0,0,0,0,0,0,0,0,0,0,0,0,64,0,0,0,0,0,0,0,0
2020-12-30T23:59:59+01:00,0,0,1,0,2,2,1,4,4,2,3,5,5,4,5,9,1,15,0,0,0,0,0,0,0,0,0,0,0,0,0,0,0,0,0,0,63,0,0,0,0,0,0,0,0
2020-12-29T23:59:59+01:00,0,0,0,0,1,1,1,2,4,1,2,5,5,4,5,9,1,15,0,0,0,0,0,0,0,0,0,0,0,0,0,0,0,0,0,0,56,0,0,0,0,0,0,0,0
2020-12-28T23:59:59+01:00,0,0,0,0,1,1,1,1,2,0,1,5,4,1,1,0,0,2,0,0,0,0,0,0,0,0,0,0,0,0,0,0,0,0,0,0,20,0,0,0,0,0,0,0,0
2020-12-27T23:59:59+01:00,0,0,0,0,1,1,1,1,2,0,0,3,2,0,1,0,0,2,0,0,0,0,0,0,0,0,0,0,0,0,0,0,0,0,0,0,14,0,0,0,0,0,0,0,0
