Datum,<24_1_m,<24_1_w,25-34_1_m,25-34_1_w,35-44_1_m,35-44_1_w,45-54_1_m,45-54_1_w,55-64_1_m,55-64_1_w,65-74_1_m,65-74_1_w,75-84_1_m,75-84_1_w,>84_1_m,>84_1_w,<24_2_m,<24_2_w,25-34_2_m,25-34_2_w,35-44_2_m,35-44_2_w,45-54_2_m,45-54_2_w,55-64_2_m,55-64_2_w,65-74_2_m,65-74_2_w,75-84_2_m,75-84_2_w,>84_2_m,>84_2_w,bp_1,bp_2,mo_1,mo_2,az_1,az_2,ja
2021-05-16T23:59:59+02:00,7695,8073,15123,15791,17846,21514,25522,30861,36416,39034,42991,48342,31800,41775,8979,17776,1402,1791,2849,4579,3325,6799,4722,9641,6136,7964,5255,5264,11215,15534,8409,16624,274580,87743,33601,13498,99799,8710,1558
2021-05-15T23:59:59+02:00,7672,8036,15064,15743,17811,21478,25462,30823,36392,39004,42969,48317,31795,41772,8979,17776,1392,1756,2816,4508,3308,6738,4703,9559,6119,7924,5251,5259,11212,15534,8409,16624,274156,87697,33601,13495,99789,8373,1547
2021-05-14T23:59:59+02:00,7459,7608,14738,15284,17514,21053,25126,30367,36175,38701,42947,48294,31786,41768,8979,17775,1331,1696,2766,4420,3273,6640,4649,9407,6052,7814,5226,5218,11203,15529,8409,16623,273148,87628,33456,13485,97481,7654,1489
2021-05-13T23:59:59+02:00,7050,7250,14050,14781,16837,20459,24317,29669,35467,38086,42716,47987,31728,41672,8976,17767,1163,1616,2612,4329,3181,6539,4541,9269,5958,7711,5196,5193,11192,15513,8407,16620,267008,87511,33259,13408,97304,6880,1241
2021-05-12T23:59:59+02:00,6589,6916,13084,14138,15871,19714,23744,29280,35192,37822,42558,47812,31707,41652,8973,17764,1158,1615,2606,4322,3170,6536,4536,9260,5953,7705,5191,5190,11190,15511,8406,16619,261036,87463,33251,13398,97301,6879,1228
2021-05-11T23:59:59+02:00,6182,6673,12423,13637,14071,18226,20826,26744,33064,35620,41684,46757,31452,41282,8954,17725,1089,1511,2497,4170,3078,6329,4426,8983,5858,7521,5127,5131,11154,15459,8399,16604,244394,87051,32977,13200,96891,6027,1058
2021-05-10T23:59:59+02:00,6024,6575,12154,13529,13756,18012,19868,26092,31955,34759,41208,46207,31405,41220,8949,17709,1049,1429,2399,4029,2995,6162,4309,8751,5761,7371,5099,5107,11142,15442,8396,16596,239233,86958,32821,13141,96616,5186,752
2021-05-09T23:59:59+02:00,5542,6294,11040,13058,12811,17673,18901,25767,31504,34510,41165,46146,31383,41209,8946,17704,1018,1392,2308,3923,2902,6019,4184,8587,5679,7290,5089,5093,11139,15440,8393,16594,234217,86935,32751,13099,96288,4619,397
2021-05-08T23:59:59+02:00,5528,6284,11023,13039,12791,17660,18872,25730,31468,34468,41158,46140,31382,41205,8946,17704,1013,1385,2296,3918,2897,6019,4180,8580,5675,7288,5088,5088,11136,15437,8393,16594,233967,86908,32750,13099,96287,4586,394
2021-05-07T23:59:59+02:00,5414,6193,10798,12867,12498,17442,18191,25077,30578,33586,41019,45959,31336,41147,8943,17700,985,1349,2257,3868,2855,5971,4121,8524,5597,7243,5044,5043,11125,15429,8393,16593,231515,86780,30869,13097,96189,4345,175
2021-05-06T23:59:59+02:00,4962,5897,10149,12479,11755,16782,16513,23558,28104,31216,40533,45441,31205,40969,8932,17683,921,1280,2127,3650,2705,5682,3937,8131,5435,7002,5002,4997,11108,15405,8391,16585,223132,86622,27611,12785,95401,2917,34
2021-05-05T23:59:59+02:00,4613,5645,9538,12029,11060,16196,15389,22482,25105,28344,39869,44599,30990,40685,8917,17649,898,1244,2068,3523,2649,5529,3840,7906,5343,6892,4958,4944,11081,15373,8389,16583,210473,86377,27430,12647,95181,2170,26
2021-05-04T23:59:59+02:00,4212,5120,8889,11377,10290,15353,14047,21164,21321,24704,38910,43555,30700,40261,8899,17620,874,1209,2011,3406,2583,5403,3753,7751,5256,6781,4932,4915,11054,15349,8387,16580,193831,86185,27412,12387,95158,1651,21
2021-05-03T23:59:59+02:00,3952,4664,8474,10869,9823,14739,13486,20519,20655,24107,38688,43333,30633,40175,8896,17606,858,1169,1947,3305,2530,5295,3700,7634,5207,6704,4920,4905,11040,15333,8384,16575,188113,86051,27400,12380,95096,1065,10
2021-05-02T23:59:59+02:00,3948,4661,8457,10862,9814,14733,13467,20508,20642,24101,38687,43332,30632,40174,8895,17606,851,1146,1918,3224,2483,5196,3653,7510,5189,6647,4918,4903,11039,15329,8384,16573,188035,86034,27389,12351,95089,572,6
2021-05-01T23:59:59+02:00,3945,4649,8444,10854,9807,14724,13459,20505,20634,24093,38687,43330,30632,40174,8895,17606,851,1146,1917,3224,2483,5196,3653,7510,5189,6647,4918,4903,11039,15329,8384,16573,187955,86034,27389,12351,95089,572,5
2021-04-30T23:59:59+02:00,3918,4618,8405,10823,9765,14690,13395,20462,20523,23908,38434,43047,30615,40157,8894,17606,846,1142,1907,3217,2481,5187,3651,7503,5186,6642,4916,4900,11035,15328,8384,16573,187050,86013,27120,12348,95085,532,5
2021-04-29T23:59:59+02:00,3623,4421,7964,10561,9259,14410,12900,20091,19305,22553,36040,40393,30429,39866,8885,17577,832,1122,1853,3151,2440,5120,3584,7365,5097,6556,4888,4867,11015,15295,8382,16568,181662,85827,21619,12191,94991,112,5
2021-04-28T23:59:59+02:00,3447,4347,7697,10446,8866,14236,12525,19852,18750,22008,32396,36237,30247,39629,8875,17558,811,1104,1826,3106,2396,5076,3549,7311,5036,6493,4827,4811,10969,15246,8380,16558,170700,85631,21467,11770,94948,97,1
2021-04-27T23:59:59+02:00,3345,4275,7437,10313,8528,14074,12023,19612,18210,21418,26956,30182,29955,39230,8858,17532,794,1090,1798,3067,2362,5029,3501,7257,4978,6416,4780,4749,10937,15197,8377,16551,155615,85437,21446,11351,94886,94,1
2021-04-26T23:59:59+02:00,3278,4236,7297,10252,8364,14008,11788,19550,17712,21034,26936,30156,29945,39222,8858,17532,770,1061,1739,3006,2300,4983,3438,7175,4882,6313,4686,4680,10874,15126,8376,16548,155052,85330,21227,10532,93888,94,1
2021-04-25T23:59:59+02:00,3232,4212,7134,10204,8130,13959,11460,19509,16037,19524,26376,29598,29896,39166,8858,17529,770,1059,1732,3003,2294,4980,3436,7170,4878,6303,4684,4677,10867,15118,8376,16548,154577,85313,21216,10495,89030,86,1
2021-04-24T23:59:59+02:00,3225,4204,7120,10194,8122,13951,11446,19500,16017,19506,26338,29537,29893,39163,8858,17529,770,1059,1732,3002,2293,4980,3436,7170,4878,6303,4684,4676,10865,15117,8376,16548,154387,85307,21213,10495,89002,86,1
2021-04-23T23:59:59+02:00,3203,4184,7084,10153,8078,13904,11378,19443,15951,19430,25931,29047,29862,39119,8856,17526,760,1050,1715,2994,2276,4954,3379,7128,4776,6201,4543,4549,10709,14934,8370,16535,153225,85024,21074,9762,88849,86,1
2021-04-22T23:59:59+02:00,3111,4078,6884,9977,7510,13466,10065,18593,14529,18459,23982,26664,29688,38911,8841,17502,687,986,1617,2892,2162,4813,3212,6964,4595,6011,4406,4384,10198,14282,8343,16471,148521,83125,15835,8826,87903,71,1
2021-04-21T23:59:59+02:00,3051,4026,6754,9892,7309,13314,9682,18345,14059,17985,21515,23578,29458,38612,8824,17482,633,956,1545,2812,2072,4718,3084,6825,4433,5841,4225,4217,9636,13517,8309,16400,141701,81350,15068,7808,87116,64,1
2021-04-20T23:59:59+02:00,3001,3982,6654,9806,7173,13201,9414,18122,13564,17532,18192,19622,29213,38224,8812,17451,596,922,1469,2742,1995,4639,2978,6701,4303,5691,4039,4013,8785,12315,8253,16277,133074,78480,14826,7178,86062,59,1
2021-04-19T23:59:59+02:00,2985,3973,6611,9768,7117,13166,9343,18050,13422,17403,17881,19264,29185,38194,8811,17447,519,876,1368,2649,1894,4543,2845,6537,4113,5510,3789,3721,6975,9893,8076,15939,132773,72763,14631,6429,85215,54,1
2021-04-18T23:59:59+02:00,2964,3959,6531,9742,7008,13117,9125,17984,12541,17246,16565,17893,29133,38146,8807,17440,514,871,1359,2640,1877,4536,2811,6511,4057,5458,3714,3655,6573,9278,8042,15874,132566,71332,14490,6386,81144,51,1
2021-04-17T23:59:59+02:00,2956,3957,6519,9728,6978,13091,9087,17950,12514,17223,16510,17843,29088,38082,8806,17440,514,869,1359,2638,1876,4533,2806,6506,4055,5453,3713,3653,6568,9278,8041,15873,132236,71297,14490,6386,81045,51,1
2021-04-16T23:59:59+02:00,2939,3941,6484,9711,6929,13055,9008,17890,12385,17099,16233,17523,28636,37504,8805,17435,514,867,1354,2633,1868,4531,2801,6499,4049,5445,3708,3648,6551,9250,8041,15871,130742,71205,14482,6376,80352,48,1
2021-04-15T23:59:59+02:00,2882,3874,6352,9605,6733,12874,8661,17617,11853,16541,15060,16105,26794,35097,8790,17417,505,856,1350,2612,1853,4506,2776,6471,4003,5388,3657,3575,6522,9202,8033,15861,124927,70894,14207,6238,77120,37,1
2021-04-14T23:59:59+02:00,2815,3820,6264,9505,6589,12713,8389,17354,11340,16024,13743,14489,22450,29478,8777,17377,502,849,1341,2605,1841,4488,2751,6448,3965,5346,3604,3531,6468,9146,8011,15835,112826,70626,14174,6087,74126,17,1
2021-04-13T23:59:59+02:00,2756,3781,6136,9418,6451,12583,8093,17108,10871,15561,10984,11348,19703,25763,8757,17345,482,820,1296,2560,1785,4431,2636,6340,3783,5178,3390,3352,6338,9021,8003,15821,104635,70299,13980,4923,68042,13,1
2021-04-12T23:59:59+02:00,2729,3764,6074,9384,6346,12492,7898,16976,10593,15339,9313,9495,19286,25252,8756,17338,474,809,1280,2544,1764,4412,2603,6297,3730,5125,3329,3309,6306,8979,7999,15802,104516,70166,13925,4584,62593,11,1
2021-04-11T23:59:59+02:00,2695,3752,5980,9359,6228,12454,7734,16924,10388,15231,7217,7296,18437,24233,8754,17336,474,809,1279,2542,1764,4412,2603,6297,3728,5122,3324,3308,6300,8977,7999,15802,104450,70157,13919,4574,55649,9,0
2021-04-10T23:59:59+02:00,2693,3750,5970,9354,6220,12449,7729,16919,10377,15220,7211,7286,18430,24229,8754,17336,474,806,1277,2539,1763,4410,2600,6294,3725,5121,3315,3295,6293,8965,7999,15802,104369,70102,13918,4567,55640,9,0
2021-04-09T23:59:59+02:00,2619,3628,5840,9154,6055,12178,7466,16492,10069,14732,7077,7113,18324,24065,8753,17334,469,799,1259,2530,1738,4392,2564,6246,3645,5035,3187,3186,6176,8879,7995,15799,103906,70027,13889,3865,53104,7,0
2021-04-08T23:59:59+02:00,2546,3552,5748,9030,5953,12051,7293,16319,9833,14543,6892,6844,17089,22648,8743,17308,461,793,1247,2500,1713,4354,2536,6182,3590,4978,3118,3138,6099,8774,7977,15765,100312,69612,13533,3607,52547,6,0
2021-04-07T23:59:59+02:00,2512,3512,5678,8959,5867,11986,7158,16215,9595,14394,6580,6496,14825,19772,8725,17268,455,791,1235,2486,1703,4331,2520,6145,3520,4918,3048,3087,6044,8718,7971,15738,94252,69338,13372,3367,51918,5,0
2021-04-06T23:59:59+02:00,2486,3476,5596,8896,5785,11913,7001,16095,9364,14206,6105,6020,12931,17366,8701,17215,453,782,1228,2464,1693,4306,2488,6102,3452,4855,2970,3041,6001,8666,7965,15722,89371,69096,13072,3087,50713,5,0
2021-04-05T23:59:59+02:00,2477,3464,5581,8880,5773,11893,6987,16079,9346,14181,5927,5855,11725,16153,8700,17214,447,773,1226,2449,1686,4291,2468,6070,3417,4815,2944,3001,5983,8626,7959,15707,89298,68907,13038,2951,47899,4,0
2021-04-04T23:59:59+02:00,2477,3464,5579,8877,5771,11893,6985,16079,9344,14181,5922,5851,11725,16151,8700,17214,447,773,1226,2449,1686,4291,2467,6070,3417,4815,2944,3001,5981,8626,7958,15707,89289,68903,13038,2951,47886,4,0
2021-04-03T23:59:59+02:00,2476,3455,5571,8870,5765,11890,6983,16076,9341,14178,5919,5847,11719,16148,8700,17214,447,773,1226,2449,1686,4291,2467,6070,3417,4814,2944,3001,5981,8626,7958,15707,89233,68902,13038,2951,47881,4,0
2021-04-02T23:59:59+02:00,2474,3452,5566,8867,5763,11889,6980,16076,9336,14176,5916,5841,11705,16120,8699,17213,447,773,1225,2449,1685,4291,2467,6070,3416,4809,2933,2996,5979,8622,7958,15707,89157,68873,13035,2950,47881,4,0
2021-04-01T23:59:59+02:00,2451,3445,5538,8836,5719,11844,6937,16023,9276,14118,5823,5745,11413,15770,8680,17174,445,759,1223,2441,1679,4281,2451,6056,3386,4786,2878,2953,5909,8535,7897,15611,88165,68339,13013,2947,47614,4,0
2021-03-31T23:59:59+02:00,2415,3411,5461,8766,5652,11750,6831,15915,9144,13977,5687,5606,10859,15024,8643,17097,438,751,1218,2430,1673,4266,2443,6040,3366,4754,2846,2920,5850,8460,7856,15530,86189,67892,12799,2945,47250,4,0
2021-03-30T23:59:59+02:00,2390,3390,5412,8708,5594,11670,6759,15817,9044,13829,5495,5391,9950,13669,8581,16947,435,749,1212,2424,1663,4252,2424,6018,3329,4707,2784,2848,5750,8346,7748,15316,83110,67195,12417,2806,47119,4,0
2021-03-29T23:59:59+02:00,2316,3330,5311,8594,5488,11520,6596,15587,8810,13575,5145,5020,7994,11119,8399,16586,427,743,1201,2417,1648,4238,2403,5990,3292,4649,2719,2787,5605,8212,7579,15021,77061,66257,11618,2670,46711,4,0
2021-03-28T23:59:59+02:00,2293,3317,5266,8527,5411,11447,6511,15499,8692,13453,5023,4872,7359,10202,8344,16489,418,736,1186,2399,1625,4210,2351,5926,3231,4552,2633,2713,5485,8058,7519,14899,74810,65793,11359,2145,46536,3,0
2021-03-27T23:59:59+01:00,2292,3312,5256,8520,5407,11434,6495,15477,8681,13440,4996,4845,7349,10200,8344,16488,418,736,1184,2398,1624,4204,2345,5923,3224,4546,2629,2709,5460,8009,7448,14775,74704,65484,11359,2145,46473,3,0
2021-03-26T23:59:59+01:00,2274,3287,5220,8483,5366,11386,6413,15400,8529,13287,4828,4695,7198,10039,8343,16480,414,728,1178,2382,1604,4175,2321,5890,3187,4489,2570,2646,5123,7549,6897,13803,74367,62845,10523,2108,46338,3,0
2021-03-25T23:59:59+01:00,2164,3202,5047,8265,5200,11118,6211,15116,8315,13020,4690,4553,7121,9937,8340,16474,406,712,1158,2359,1577,4144,2280,5835,3114,4413,2466,2544,4487,6690,6032,12434,73925,58760,9584,1889,45264,2,0
2021-03-24T23:59:59+01:00,2060,3141,4919,8101,5033,10926,6043,14871,8116,12802,4561,4406,7019,9828,8335,16467,402,701,1144,2331,1543,4094,2225,5764,3027,4321,2340,2433,3775,5641,4944,10684,73565,53825,8423,1542,44640,2,0
2021-03-23T23:59:59+01:00,1979,3082,4814,7982,4944,10782,5922,14683,8004,12644,4482,4325,6958,9775,8327,16451,390,674,1123,2294,1515,4033,2176,5676,2948,4233,2248,2338,3036,4559,3350,7921,73179,47120,7707,1393,44268,1,0
2021-03-22T23:59:59+01:00,1893,3009,4692,7849,4811,10607,5759,14435,7837,12454,4376,4220,6899,9674,8313,16412,361,654,1099,2255,1468,3966,2111,5566,2852,4074,2142,2201,2197,3427,1191,4284,72686,38690,6674,1158,43880,0,0
2021-03-21T23:59:59+01:00,1891,3002,4682,7834,4798,10595,5740,14419,7810,12432,4357,4203,6881,9665,8312,16412,360,654,1093,2242,1460,3933,2096,5531,2823,4023,2102,2154,2158,3385,1178,4243,72664,38551,6624,884,43745,0,0
2021-03-20T23:59:59+01:00,1891,3002,4682,7832,4797,10593,5739,14419,7802,12427,4355,4202,6874,9659,8312,16412,360,654,1093,2242,1460,3933,2096,5531,2821,4022,2101,2151,2158,3385,1178,4243,72656,38549,6624,879,43718,0,0
2021-03-19T23:59:59+01:00,1817,2658,4154,6579,4412,9631,5479,13891,7583,12075,4247,4118,6816,9603,8312,16412,359,654,1093,2242,1460,3932,2096,5530,2820,4022,2099,2149,2153,3380,1177,4241,72588,38534,6614,873,38585,0,0
2021-03-18T23:59:59+01:00,1742,2325,3722,5535,3873,8147,4606,11222,6294,9083,3956,3890,6637,9404,8292,16377,358,649,1085,2230,1454,3907,2067,5489,2796,4001,2082,2133,2128,3352,1173,4234,72157,38345,6548,793,26400,0,0
2021-03-17T23:59:59+01:00,1736,2314,3713,5510,3854,8119,4581,11153,6242,9008,3920,3844,6601,9366,8285,16352,354,647,1081,2223,1449,3898,2058,5472,2782,3975,2060,2105,2107,3339,1167,4218,71892,38191,6488,744,26218,0,0
2021-03-16T23:59:59+01:00,1705,2272,3661,5430,3780,8014,4442,10978,6034,8810,3697,3655,6475,9226,8280,16328,352,642,1080,2205,1444,3885,2048,5458,2772,3955,2052,2092,2094,3313,1160,4189,71580,38026,5206,715,26001,0,0
2021-03-15T23:59:59+01:00,1695,2248,3638,5397,3751,7976,4391,10913,5954,8729,3619,3594,6426,9169,8274,16304,349,636,1071,2190,1437,3880,2033,5419,2756,3931,2033,2056,2073,3255,1152,4153,71355,37815,4848,609,25875,0,0
2021-03-14T23:59:59+01:00,1694,2245,3632,5391,3746,7965,4382,10889,5948,8713,3611,3585,6422,9161,8273,16303,349,636,1068,2189,1434,3878,2030,5417,2737,3925,2029,2054,2060,3244,1149,4151,71323,37808,4832,542,25805,0,0
2021-03-13T23:59:59+01:00,1691,2237,3620,5374,3736,7958,4365,10877,5935,8700,3608,3582,6421,9159,8273,16303,349,636,1068,2189,1434,3878,2030,5416,2737,3924,2028,2052,2060,3243,1141,4146,71303,37789,4827,542,25709,0,0
2021-03-12T23:59:59+01:00,1648,2171,3057,5242,3313,7854,4237,10749,5710,8420,3453,3455,6303,9053,8250,16263,344,613,1063,2159,1425,3851,2012,5345,2674,3812,1858,1929,2005,3196,1137,4140,71139,37029,4097,534,23942,0,0
2021-03-11T23:59:59+01:00,1546,2029,2674,5009,2933,7625,3946,10327,5117,7604,3275,3321,6196,8933,8223,16224,343,613,1060,2145,1422,3832,2004,5323,2666,3797,1852,1922,1990,3177,1133,4124,70572,36908,3833,495,20577,0,0
2021-03-10T23:59:59+01:00,1518,1996,2640,4972,2903,7564,3892,10239,4999,7498,3147,3215,6084,8812,8194,16173,341,610,1058,2143,1420,3822,1999,5309,2653,3779,1836,1911,1964,3148,1123,4110,70168,36826,3501,400,20177,0,0
2021-03-09T23:59:59+01:00,1514,1985,2624,4947,2881,7523,3852,10178,4917,7418,3052,3133,5991,8709,8104,15981,338,608,1055,2136,1411,3809,1968,5285,2616,3751,1788,1885,1917,3123,1112,4101,69572,36798,3231,105,20006,0,0
2021-03-08T23:59:59+01:00,1503,1973,2602,4925,2861,7492,3833,10133,4890,7357,3015,3095,5893,8617,7955,15712,338,608,1052,2131,1404,3790,1950,5257,2597,3724,1771,1868,1892,3100,1107,4084,68783,36659,3223,14,19850,0,0
2021-03-07T23:59:59+01:00,1496,1963,2586,4890,2836,7451,3805,10078,4858,7304,2980,3063,5818,8500,7891,15588,338,607,1052,2130,1403,3782,1947,5250,2595,3719,1766,1865,1889,3096,1105,4078,68250,36610,3170,12,19687,0,0
2021-03-06T23:59:59+01:00,1494,1961,2581,4880,2832,7441,3795,10071,4843,7289,2969,3051,5784,8434,7815,15445,338,605,1050,2128,1403,3781,1941,5241,2593,3716,1760,1858,1884,3094,1105,4075,67856,36560,3170,12,19659,0,0
2021-03-05T23:59:59+01:00,1416,1879,2502,4724,2779,7282,3709,9868,4748,7107,2924,2999,5417,7943,7258,14451,338,605,1048,2125,1396,3777,1941,5239,2588,3710,1752,1855,1879,3091,1100,4071,65197,36503,3168,12,18641,0,0
2021-03-04T23:59:59+01:00,1280,1782,2369,4540,2624,7017,3560,9538,4502,6805,2827,2886,4766,7091,6379,13026,335,596,1036,2098,1383,3739,1914,5185,2564,3674,1724,1834,1848,3040,1078,4026,60984,36062,3166,12,16842,0,0
2021-03-03T23:59:59+01:00,1253,1735,2306,4436,2566,6894,3481,9377,4409,6680,2751,2820,4111,6061,5291,11294,332,586,1024,2072,1371,3713,1900,5135,2494,3619,1695,1803,1822,3012,1063,4001,55991,35630,3140,12,16334,0,0
2021-03-02T23:59:59+01:00,1225,1701,2267,4377,2525,6806,3396,9257,4272,6539,2642,2694,3324,4937,3594,8385,327,577,1017,2047,1362,3672,1883,5085,2466,3596,1686,1789,1800,2987,1053,3974,48930,35309,2891,12,16120,0,0
2021-03-01T23:59:59+01:00,1174,1669,2229,4319,2456,6725,3303,9125,4136,6350,2510,2571,2405,3695,1243,4434,325,574,1008,2036,1352,3653,1876,5068,2454,3582,1672,1779,1782,2968,1043,3947,39894,35107,2502,12,15948,0,0
2021-02-28T23:59:59+01:00,1160,1661,2205,4290,2440,6686,3259,9066,4073,6293,2446,2531,2364,3662,1237,4418,324,573,1007,2030,1350,3639,1872,5058,2449,3575,1665,1768,1769,2957,1036,3932,39803,34992,2209,12,15779,0,0
2021-02-27T23:59:59+01:00,1114,1546,2136,4062,2385,6456,3194,8756,3984,6060,2396,2478,2344,3643,1235,4418,324,573,1006,2030,1350,3639,1872,5057,2448,3575,1665,1767,1767,2957,1036,3932,39697,34986,2209,12,14301,0,0
2021-02-26T23:59:59+01:00,947,1270,1966,3665,2228,5780,2992,7827,3682,5347,2368,2450,2330,3632,1232,4416,324,573,1006,2027,1348,3637,1870,5056,2446,3574,1665,1764,1761,2954,1034,3927,39676,34954,2121,12,10335,0,0
2021-02-25T23:59:59+01:00,600,1098,1729,3471,2054,5489,2807,7426,3477,5073,2295,2383,2294,3578,1228,4402,317,551,989,1982,1332,3580,1843,4981,2416,3521,1642,1738,1728,2913,1010,3895,39480,34427,1864,11,8060,0,0
2021-02-24T23:59:59+01:00,577,1076,1692,3374,1996,5349,2739,7236,3413,4952,2236,2336,2259,3549,1222,4370,307,542,979,1961,1319,3531,1833,4925,2398,3478,1632,1721,1717,2894,1000,3871,39296,34105,1693,3,7387,0,0
2021-02-23T23:59:59+01:00,551,1027,1629,3277,1946,5211,2659,7107,3320,4850,2185,2282,2220,3494,1212,4343,306,537,974,1944,1312,3502,1824,4892,2372,3452,1617,1697,1694,2860,989,3820,39149,33789,1419,3,6745,0,0
2021-02-22T23:59:59+01:00,529,985,1579,3183,1905,5069,2598,6885,3265,4717,2178,2185,2206,3422,1208,4301,305,533,970,1931,1305,3475,1807,4859,2356,3421,1598,1676,1668,2831,977,3774,38945,33485,1154,1,6116,0,0
2021-02-21T23:59:59+01:00,519,926,1518,3045,1857,4921,2542,6724,3187,4625,2142,2153,2181,3404,1200,4296,305,531,966,1923,1305,3466,1803,4848,2352,3414,1597,1673,1667,2829,977,3773,38905,33428,922,1,5413,0,0
2021-02-20T23:59:59+01:00,514,920,1510,3042,1851,4921,2540,6720,3182,4622,2139,2152,2181,3403,1199,4296,305,531,966,1922,1305,3465,1803,4847,2351,3414,1596,1672,1663,2829,977,3771,38901,33416,917,1,5374,0,0
2021-02-19T23:59:59+01:00,489,880,1481,2980,1826,4863,2497,6617,3088,4482,1965,2022,2123,3357,1196,4290,303,530,965,1919,1304,3465,1803,4842,2348,3412,1594,1671,1661,2828,977,3770,38154,33391,898,1,5104,0,0
2021-02-18T23:59:59+01:00,453,800,1377,2751,1727,4614,2356,6344,2988,4327,1941,2006,2109,3340,1192,4284,303,525,955,1883,1296,3429,1786,4797,2332,3380,1584,1664,1646,2815,966,3754,38080,33114,826,1,3703,0,0
2021-02-17T23:59:59+01:00,439,750,1339,2633,1665,4436,2292,6104,2931,4208,1928,1990,2087,3322,1178,4275,292,503,918,1798,1255,3290,1722,4637,2258,3254,1507,1596,1572,2700,921,3650,37925,31872,775,1,2877,0,0
2021-02-16T23:59:59+01:00,414,708,1286,2518,1619,4306,2228,5938,2860,4106,1919,1984,2081,3317,1173,4264,284,478,887,1719,1203,3146,1662,4426,2190,3099,1455,1542,1513,2596,893,3530,37866,30622,744,1,2111,0,0
2021-02-15T23:59:59+01:00,399,667,1213,2387,1578,4230,2196,5890,2830,4068,1898,1967,2062,3287,1167,4246,275,455,864,1674,1171,3065,1601,4291,2121,2991,1381,1482,1459,2481,852,3360,37762,29522,631,1,1692,0,0
2021-02-14T23:59:59+01:00,389,660,1185,2315,1521,4070,2152,5810,2800,4031,1894,1965,2049,3277,1166,4240,268,447,845,1649,1152,3023,1562,4240,2083,2965,1364,1461,1434,2441,838,3321,37746,29092,564,1,1214,0,0
2021-02-13T23:59:59+01:00,388,660,1185,2315,1521,4069,2150,5809,2800,4031,1893,1963,2048,3277,1166,4237,268,447,845,1649,1152,3023,1561,4239,2082,2965,1363,1458,1433,2440,838,3320,37735,29082,564,1,1213,0,0
2021-02-12T23:59:59+01:00,382,656,1170,2306,1515,4056,2146,5799,2794,4026,1881,1953,2041,3264,1162,4234,266,445,840,1645,1146,3012,1540,4222,2066,2949,1349,1443,1420,2408,831,3288,37667,28869,556,1,1162,0,0
2021-02-11T23:59:59+01:00,358,625,1099,2206,1465,3919,2044,5536,2720,3927,1856,1928,1999,3199,1141,4183,243,411,794,1535,1063,2789,1422,3881,1876,2653,1169,1256,1262,2127,739,2966,37298,26186,518,0,389,0,0
2021-02-10T23:59:59+01:00,350,616,1072,2159,1425,3841,1989,5357,2616,3762,1803,1884,1955,3164,1122,4159,218,358,696,1332,932,2386,1223,3286,1657,2291,1019,1090,1115,1882,644,2646,36893,22775,380,0,1,0,0
2021-02-09T23:59:59+01:00,344,604,1062,2126,1410,3787,1940,5285,2555,3708,1740,1846,1888,3115,1104,4138,182,275,586,1066,783,1936,1016,2674,1397,1933,884,939,942,1583,539,2278,36590,19013,61,0,1,0,0
2021-02-08T23:59:59+01:00,343,602,1056,2118,1400,3771,1935,5259,2537,3695,1724,1833,1870,3098,1098,4114,127,227,478,857,627,1508,806,2036,1141,1518,709,761,751,1268,429,1852,36435,15095,17,0,1,0,0
2021-02-07T23:59:59+01:00,342,602,1056,2117,1399,3763,1931,5257,2531,3692,1717,1823,1854,3091,1093,4109,118,198,422,711,551,1329,722,1826,1052,1376,638,684,673,1147,370,1644,36363,13461,14,0,0,0,0
2021-02-06T23:59:59+01:00,342,601,1055,2116,1399,3761,1931,5255,2531,3689,1717,1822,1848,3089,1091,4107,117,197,418,708,548,1304,706,1804,1041,1363,636,679,668,1143,369,1641,36340,13342,14,0,0,0,0
2021-02-05T23:59:59+01:00,342,600,1053,2113,1397,3750,1927,5242,2524,3685,1717,1817,1839,3082,1083,4097,112,188,400,690,530,1276,676,1749,991,1300,602,627,620,1068,347,1558,36254,12734,14,0,0,0,0
2021-02-04T23:59:59+01:00,333,581,1042,2076,1379,3701,1906,5163,2508,3641,1702,1796,1811,3046,1067,4069,82,144,295,458,377,851,466,1183,679,887,472,460,480,837,275,1249,35807,9195,14,0,0,0,0
2021-02-03T23:59:59+01:00,327,568,1023,2052,1366,3659,1890,5111,2477,3601,1683,1774,1793,3025,1057,4055,65,116,245,393,303,658,369,921,507,653,317,326,350,599,195,907,35447,6924,14,0,0,0,0
2021-02-02T23:59:59+01:00,322,556,1019,2027,1356,3627,1879,5058,2451,3574,1669,1753,1764,2986,1039,4010,42,93,189,310,254,504,274,730,371,501,218,207,221,416,133,589,35076,5052,14,0,0,0,0
2021-02-01T23:59:59+01:00,321,552,1014,2020,1353,3610,1871,5037,2442,3558,1663,1742,1749,2970,1034,3998,22,62,141,222,174,326,174,479,236,287,104,114,99,198,64,263,34920,2965,14,0,0,0,0
2021-01-31T23:59:59+01:00,320,550,1012,2012,1350,3601,1867,5016,2438,3544,1660,1735,1745,2962,1031,3989,20,55,123,195,155,278,157,402,199,248,89,100,90,172,57,228,34818,2568,14,0,0,0,0
2021-01-30T23:59:59+01:00,320,550,1012,2012,1350,3601,1867,5016,2437,3544,1660,1735,1745,2961,1031,3988,20,55,123,195,155,276,154,400,198,247,89,100,90,172,57,228,34815,2559,14,0,0,0,0
2021-01-29T23:59:59+01:00,318,547,1011,2009,1348,3593,1862,5008,2434,3541,1653,1725,1736,2951,1026,3969,18,53,121,185,146,269,140,373,168,220,64,74,81,148,50,199,34717,2309,14,0,0,0,0
2021-01-28T23:59:59+01:00,313,537,989,1946,1327,3531,1835,4946,2405,3482,1631,1707,1707,2916,1010,3940,0,3,8,14,8,17,13,44,8,18,7,6,8,7,1,12,34209,174,13,0,0,0,0
2021-01-27T23:59:59+01:00,306,512,955,1867,1293,3414,1773,4822,2346,3393,1580,1664,1662,2843,976,3867,0,2,4,4,5,13,8,20,5,11,6,6,8,7,1,11,33264,111,9,0,0,0,0
2021-01-26T23:59:59+01:00,300,501,944,1854,1279,3375,1755,4761,2317,3336,1546,1632,1625,2770,961,3788,0,2,4,4,5,13,8,20,5,11,6,6,8,7,1,11,32737,111,7,0,0,0,0
2021-01-25T23:59:59+01:00,287,468,892,1739,1216,3196,1662,4489,2214,3149,1491,1581,1567,2679,921,3625,0,2,1,1,1,3,5,3,5,6,6,5,7,7,1,11,31174,64,2,0,0,0,0
2021-01-24T23:59:59+01:00,284,464,880,1719,1205,3174,1632,4454,2187,3132,1482,1572,1558,2668,915,3618,0,2,1,0,1,3,5,3,5,6,5,5,7,7,1,11,30942,62,2,0,0,0,0
2021-01-23T23:59:59+01:00,284,464,880,1719,1204,3173,1632,4450,2186,3131,1481,1572,1557,2667,914,3613,0,2,1,0,1,3,5,3,5,6,5,5,7,7,1,11,30925,62,2,0,0,0,0
2021-01-22T23:59:59+01:00,282,462,875,1716,1200,3166,1627,4445,2175,3124,1470,1561,1550,2647,909,3595,0,2,1,0,1,3,5,3,5,6,5,5,7,7,1,11,30802,62,2,0,0,0,0
2021-01-21T23:59:59+01:00,270,449,847,1644,1175,3039,1570,4280,2088,2991,1374,1466,1419,2469,840,3437,0,2,1,0,1,3,4,2,4,6,4,4,6,7,0,11,29356,55,2,0,0,0,0
2021-01-20T23:59:59+01:00,246,395,768,1482,1088,2724,1423,3823,1929,2690,1257,1323,1305,2286,780,3237,0,2,1,0,1,3,4,2,4,6,4,4,6,7,0,11,26754,55,2,0,0,0,0
2021-01-19T23:59:59+01:00,213,319,657,1225,941,2270,1201,3213,1650,2289,1076,1138,1097,1916,643,2772,0,1,1,0,1,2,4,1,3,6,3,4,6,7,0,11,22618,50,2,0,0,0,0
2021-01-18T23:59:59+01:00,149,256,516,955,729,1726,924,2332,1296,1759,842,908,873,1534,500,2205,0,0,0,0,0,0,0,0,2,2,1,1,0,0,0,0,17503,6,1,0,0,0,0
2021-01-17T23:59:59+01:00,135,219,450,786,642,1500,821,2089,1190,1582,786,828,788,1390,443,2013,0,0,0,0,0,0,0,0,0,1,0,0,0,0,0,0,15662,1,0,0,0,0,0
2021-01-16T23:59:59+01:00,134,218,447,785,640,1492,810,2085,1182,1576,785,823,782,1378,436,1999,0,0,0,0,0,0,0,0,0,0,0,0,0,0,0,0,15572,0,0,0,0,0,0
2021-01-15T23:59:59+01:00,124,209,432,767,614,1452,776,2005,1122,1494,742,769,736,1293,410,1889,0,0,0,0,0,0,0,0,0,0,0,0,0,0,0,0,14834,0,0,0,0,0,0
2021-01-14T23:59:59+01:00,83,151,310,486,414,923,524,1296,765,987,542,535,541,954,315,1433,0,0,0,0,0,0,0,0,0,0,0,0,0,0,0,0,10259,0,0,0,0,0,0
2021-01-13T23:59:59+01:00,65,120,254,410,333,693,400,981,542,689,332,343,371,651,217,985,0,0,0,0,0,0,0,0,0,0,0,0,0,0,0,0,7386,0,0,0,0,0,0
2021-01-12T23:59:59+01:00,52,102,208,351,269,562,290,804,398,537,223,221,231,448,150,663,0,0,0,0,0,0,0,0,0,0,0,0,0,0,0,0,5509,0,0,0,0,0,0
2021-01-11T23:59:59+01:00,37,78,181,302,221,460,222,637,294,378,134,137,128,270,83,380,0,0,0,0,0,0,0,0,0,0,0,0,0,0,0,0,3942,0,0,0,0,0,0
2021-01-10T23:59:59+01:00,27,69,160,246,188,380,181,528,249,322,115,115,113,226,72,306,0,0,0,0,0,0,0,0,0,0,0,0,0,0,0,0,3297,0,0,0,0,0,0
2021-01-09T23:59:59+01:00,27,69,160,244,187,379,180,523,248,321,115,115,113,226,72,306,0,0,0,0,0,0,0,0,0,0,0,0,0,0,0,0,3285,0,0,0,0,0,0
2021-01-08T23:59:59+01:00,25,67,157,234,179,370,165,494,220,295,93,97,107,210,66,284,0,0,0,0,0,0,0,0,0,0,0,0,0,0,0,0,3063,0,0,0,0,0,0
2021-01-07T23:59:59+01:00,1,3,4,7,8,12,11,6,17,12,9,12,16,20,1,31,0,0,0,0,0,0,0,0,0,0,0,0,0,0,0,0,170,0,0,0,0,0,0
2021-01-06T23:59:59+01:00,0,2,1,1,1,5,5,2,5,7,5,5,8,8,0,13,0,0,0,0,0,0,0,0,0,0,0,0,0,0,0,0,68,0,0,0,0,0,0
2021-01-05T23:59:59+01:00,0,2,1,1,1,5,5,2,5,6,5,5,7,7,0,12,0,0,0,0,0,0,0,0,0,0,0,0,0,0,0,0,64,0,0,0,0,0,0
2021-01-04T23:59:59+01:00,0,2,1,1,1,4,4,2,5,6,4,4,6,7,0,12,0,0,0,0,0,0,0,0,0,0,0,0,0,0,0,0,59,0,0,0,0,0,0
2021-01-03T23:59:59+01:00,0,2,1,0,1,4,4,2,5,6,3,4,6,7,0,12,0,0,0,0,0,0,0,0,0,0,0,0,0,0,0,0,57,0,0,0,0,0,0
2021-01-02T23:59:59+01:00,0,2,1,0,1,4,4,2,5,6,3,4,6,7,0,12,0,0,0,0,0,0,0,0,0,0,0,0,0,0,0,0,57,0,0,0,0,0,0
2021-01-01T23:59:59+01:00,0,2,1,0,1,3,4,2,5,6,3,4,6,7,0,12,0,0,0,0,0,0,0,0,0,0,0,0,0,0,0,0,56,0,0,0,0,0,0
2020-12-31T23:59:59+01:00,0,2,1,0,1,3,4,2,5,6,3,4,6,7,0,12,0,0,0,0,0,0,0,0,0,0,0,0,0,0,0,0,56,0,0,0,0,0,0
2020-12-30T23:59:59+01:00,0,2,1,0,1,3,4,2,5,6,3,4,6,7,0,12,0,0,0,0,0,0,0,0,0,0,0,0,0,0,0,0,56,0,0,0,0,0,0
2020-12-29T23:59:59+01:00,0,1,1,0,1,2,4,1,4,6,3,4,6,7,0,12,0,0,0,0,0,0,0,0,0,0,0,0,0,0,0,0,52,0,0,0,0,0,0
2020-12-28T23:59:59+01:00,0,1,1,0,1,1,2,0,3,5,2,1,1,0,0,2,0,0,0,0,0,0,0,0,0,0,0,0,0,0,0,0,20,0,0,0,0,0,0
2020-12-27T23:59:59+01:00,0,1,1,0,1,1,2,0,1,3,1,0,1,0,0,2,0,0,0,0,0,0,0,0,0,0,0,0,0,0,0,0,14,0,0,0,0,0,0
