Datum,<15_m,<15_w,15-24_1_m,15-24_1_w,25-34_1_m,25-34_1_w,35-44_1_m,35-44_1_w,45-54_1_m,45-54_1_w,55-64_1_m,55-64_1_w,65-74_1_m,65-74_1_w,75-84_1_m,75-84_1_w,>84_1_m,>84_1_w,<24_2_m,<24_2_w,25-34_2_m,25-34_2_w,35-44_2_m,35-44_2_w,45-54_2_m,45-54_2_w,55-64_2_m,55-64_2_w,65-74_2_m,65-74_2_w,75-84_2_m,75-84_2_w,>84_2_m,>84_2_w,bp_1,bp_2,mo_1,mo_2,az_1,az_2,ja,unb_1,unb_2
2021-07-23T23:59:59+02:00,1736,1646,28297,27741,46352,41431,48445,47333,59532,60043,70199,71160,52058,57627,36135,46832,11050,21011,13122,12651,26961,24834,30230,30779,47098,48513,61820,63566,48863,54080,34588,44706,10634,20139,529838,394963,75055,62701,105249,96673,18457,29,28
2021-07-22T23:59:59+02:00,1725,1639,28222,27666,46226,41301,48258,47137,59367,59910,70088,71038,52015,57591,36120,46817,11050,21011,12919,12420,26657,24529,29909,30502,45298,47075,61095,62924,48776,53985,34552,44667,10631,20131,529561,388734,73980,62563,105210,96561,18401,29,28
2021-07-21T23:59:59+02:00,1693,1605,27968,27470,45860,40977,47698,46593,58808,59446,69646,70668,51852,57435,36064,46764,11041,20998,12509,11997,26102,24010,29365,29955,41627,43885,59652,61691,48614,53812,34490,44586,10621,20108,529049,377351,70830,62091,105058,96129,17620,29,28
2021-07-20T23:59:59+02:00,1671,1591,27849,27342,45799,40919,47654,46557,58754,59398,69595,70624,51819,57410,36048,46738,11037,20990,12018,11479,25371,23325,28725,29214,38229,40926,58116,60242,48412,53593,34409,44495,10603,20088,528383,367075,70810,58753,105042,96012,17531,29,27
2021-07-19T23:59:59+02:00,1666,1590,27824,27310,45780,40908,47644,46545,58741,59384,69583,70622,51817,57406,36048,46735,11035,20990,11974,11452,25310,23293,28696,29184,38185,40894,58076,60215,48408,53585,34408,44492,10600,20087,528252,366769,70810,58740,105029,95965,17508,29,27
2021-07-18T23:59:59+02:00,1661,1585,27800,27284,45757,40899,47630,46532,58735,59375,69576,70613,51815,57405,36047,46733,11035,20989,11912,11427,25228,23254,28637,29151,38125,40867,58017,60175,48406,53581,34405,44491,10600,20087,528125,366440,70808,58711,105020,95845,17489,29,27
2021-07-17T23:59:59+02:00,1661,1583,27783,27272,45743,40891,47621,46528,58729,59370,69569,70609,51810,57402,36046,46733,11035,20989,11887,11417,25196,23219,28605,29131,38106,40850,57984,60151,48396,53573,34403,44491,10600,20087,528049,366194,70808,58709,105020,95843,17468,29,27
2021-07-16T23:59:59+02:00,1647,1568,27532,27102,45481,40741,47411,46371,58455,59182,69354,70473,51712,57339,36009,46700,11030,20987,11644,11230,24883,22990,28320,28916,37734,40589,57494,59736,48267,53469,34358,44445,10594,20083,527780,365008,70807,58707,104896,95571,15582,29,27
2021-07-15T23:59:59+02:00,1551,1459,27083,26727,45232,40512,47268,46259,58316,59072,69253,70388,51673,57298,35994,46678,11029,20981,11359,11010,24415,22660,27962,28648,37344,40315,55472,57716,48099,53272,34302,44361,10587,20072,525524,358182,70804,58623,104887,95361,15529,29,27
2021-07-14T23:59:59+02:00,1393,1335,26551,26233,44938,40235,47073,46079,58138,58882,69097,70244,51616,57240,35969,46648,11023,20976,11180,10828,24019,22311,27622,28336,36825,39918,54268,56557,47966,53123,34252,44297,10579,20050,522506,354534,70798,57000,104868,95216,15469,29,27
2021-07-13T23:59:59+02:00,1123,1040,25632,25355,44456,39833,46726,45765,57824,58609,68830,69999,51504,57117,35926,46597,11019,20961,10837,10495,23494,21773,27008,27756,35462,38743,50181,52690,47607,52739,34125,44150,10562,20022,517271,345367,70791,51869,104864,95110,15361,29,27
2021-07-12T23:59:59+02:00,684,655,24311,24138,43913,39373,46531,45557,57620,58423,68653,69832,51447,57029,35908,46572,11017,20953,10611,10387,23292,21637,26759,27624,35224,38583,49749,52278,47538,52656,34097,44116,10562,20016,511602,343954,70790,51843,104859,94049,15336,29,27
2021-07-11T23:59:59+02:00,681,650,24290,24118,43885,39353,46513,45546,57607,58413,68640,69830,51446,57026,35905,46568,11016,20953,10516,10302,23083,21516,26497,27526,34919,38503,49042,51796,46091,51120,34012,44017,10562,20014,511519,343455,70787,51798,104847,89056,15258,29,27
2021-07-10T23:59:59+02:00,679,645,24283,24112,43881,39345,46510,45543,57600,58412,68640,69829,51446,57026,35905,46568,11016,20953,10506,10294,23063,21498,26485,27517,34901,38498,49031,51791,46077,51104,34010,44016,10562,20014,511485,343353,70784,51797,104846,89015,15249,29,27
2021-07-09T23:59:59+02:00,672,635,23836,23654,43608,39110,46440,45483,57541,58372,68590,69804,51430,57014,35901,46560,11015,20953,10429,10123,22969,21310,26425,27308,34835,38283,48967,51688,46055,51080,34006,44013,10562,20014,509740,342132,70781,51784,104842,88972,15226,29,27
2021-07-08T23:59:59+02:00,608,569,22762,22655,42812,38511,46189,45283,57333,58229,68393,69666,51353,56950,35873,46537,11013,20945,10175,9934,22594,21058,26033,27047,34359,37972,48365,51170,45720,50715,33936,43936,10555,19993,505083,338576,70756,51636,104784,88358,15029,29,27
2021-07-07T23:59:59+02:00,559,523,21481,21291,42102,37850,45973,45066,57100,58044,68227,69509,51269,56868,35836,46485,11006,20931,9806,9631,21725,20474,24936,26260,32543,36625,47456,50287,45221,50179,33832,43797,10548,19975,499855,333660,70585,47321,104760,87449,14891,29,27
2021-07-06T23:59:59+02:00,501,460,20261,20013,41261,37206,45505,44719,56710,57741,67906,69256,51170,56745,35792,46434,10998,20922,9416,9255,20867,19887,23988,25607,31074,35441,46273,49096,44445,49404,33698,43621,10535,19955,495417,326384,68668,45260,104738,86184,14748,29,27
2021-07-05T23:59:59+02:00,465,432,18860,18641,40407,36407,45291,44501,56530,57539,67747,69129,51115,56691,35771,46405,10996,20915,9130,9002,20310,19509,23326,25190,30436,35014,45516,48484,43692,48616,33568,43434,10526,19943,489741,320627,68666,45240,104735,85159,14678,22,27
2021-07-04T23:59:59+02:00,458,426,17110,16637,40077,36186,45206,44430,56448,57473,67669,69061,51082,56665,35761,46385,10994,20913,9071,8950,20173,19445,23152,25113,30184,34936,44727,48356,42329,47272,33490,43360,10524,19937,484996,320174,68636,45195,104718,81050,14609,22,26
2021-07-03T23:59:59+02:00,457,425,17089,16617,40028,36138,45191,44415,56441,57469,67663,69054,51080,56662,35761,46385,10994,20912,9028,8910,20109,19377,23093,25050,30100,34857,44507,48180,42261,47198,33445,43301,10521,19937,484814,319223,68634,45194,104717,80872,14594,22,26
2021-07-02T23:59:59+02:00,437,402,16978,16514,39561,35765,45078,44318,56389,57427,67615,69024,51069,56656,35755,46373,10994,20911,8874,8747,19785,19099,22712,24675,29683,34450,43891,47549,42061,46971,33347,43166,10517,19933,483327,316273,68620,44175,104715,80438,14582,22,26
2021-07-01T23:59:59+02:00,387,362,16676,16239,37839,34435,44512,43823,56134,57220,67444,68858,50989,56565,35727,46333,10990,20903,8502,8356,18926,18396,21751,23826,28307,33271,40874,44595,41067,45893,32736,42442,10500,19904,477886,308827,68547,39306,104692,76922,14289,22,26
2021-06-30T23:59:59+02:00,340,319,16391,15996,35658,32617,43896,43200,55914,57026,67244,68669,50907,56473,35698,46280,10986,20887,8146,8020,18259,17776,20872,23001,27038,32022,36253,39742,39991,44752,32076,41655,10479,19879,471081,298404,68505,33296,104673,74037,14220,22,26
2021-06-29T23:59:59+02:00,301,282,16173,15797,34659,31542,43449,42758,55734,56869,67075,68521,50831,56399,35661,46235,10978,20880,7566,7415,17130,16845,19625,21785,25350,30354,33515,36627,37154,41714,31338,40772,10456,19841,466910,282269,68497,33249,104659,67907,14056,22,23
2021-06-28T23:59:59+02:00,291,264,16033,15642,32942,30125,43129,42465,55572,56731,66957,68416,50785,56346,35645,46214,10975,20868,7265,7154,16583,16470,19232,21471,24842,29969,32925,36130,35780,40230,30551,39838,10452,19830,462508,279228,68475,33199,104635,62526,13760,22,23
2021-06-27T23:59:59+02:00,291,264,16011,15621,32789,30038,43067,42436,55535,56722,66931,68408,50780,56342,35642,46213,10975,20867,7221,7127,16446,16403,19068,21409,24640,29896,32697,35991,34528,38964,28927,37919,10451,19829,462189,279059,68473,33159,104628,55668,13620,22,23
2021-06-26T23:59:59+02:00,289,262,15990,15601,32765,30022,43022,42396,55512,56708,66925,68405,50778,56341,35640,46212,10975,20867,7217,7115,16428,16391,19052,21401,24607,29874,32676,35970,34515,38952,28925,37916,10451,19829,461970,278868,68471,33159,104628,55663,13619,22,23
2021-06-25T23:59:59+02:00,284,261,15937,15557,32652,29923,42833,42238,55456,56664,66885,68381,50768,56330,35636,46211,10975,20867,7032,6839,16148,15883,18786,20751,24243,28940,32290,35252,34353,38736,28902,37886,10451,19829,461157,276210,68470,33150,104611,53353,13598,22,23
2021-06-24T23:59:59+02:00,265,248,15671,15361,32206,29637,41368,40999,55000,56310,66655,68225,50715,56275,35620,46184,10970,20857,6722,6617,15461,15442,17343,19744,22179,27391,31195,34361,33951,38317,28781,37707,10439,19815,456624,266582,68469,33098,104607,52931,12844,22,23
2021-06-23T23:59:59+02:00,251,231,15392,15072,31714,29239,39278,39180,54453,55774,66406,68005,50626,56167,35580,46138,10965,20844,6521,6454,15103,15165,16820,19299,21306,26595,29507,33013,33197,37473,28590,37467,10432,19800,449594,258831,68423,33008,104604,52220,12672,22,22
2021-06-22T23:59:59+02:00,229,196,15011,14684,31046,28608,35844,36143,53547,54979,66105,67703,50520,56045,35543,46082,10962,20830,6347,6243,14703,14840,16024,18584,19892,25285,27911,31362,32403,36502,28056,36864,10414,19769,438697,248775,68391,32926,104599,51115,12368,22,22
2021-06-21T23:59:59+02:00,214,190,14773,14513,30359,28151,33683,34185,53086,54558,65927,67586,50439,55971,35517,46060,10957,20825,6252,6160,14543,14724,15854,18450,19773,25174,27805,31277,32248,36363,26850,35639,10414,19766,431904,248109,68369,32880,104567,48156,12132,22,22
2021-06-20T23:59:59+02:00,209,189,14648,14428,28523,26884,33100,33756,53000,54470,65863,67553,50418,55945,35509,46057,10956,20823,5813,5873,13613,14098,15049,17875,19226,24823,27497,31084,32086,36189,26824,35608,10412,19762,427757,243242,68365,32843,104541,48086,11646,22,22
2021-06-19T23:59:59+02:00,203,184,14623,14395,28410,26803,33069,33729,52979,54454,65847,67542,50412,55936,35507,46052,10955,20821,5598,5715,13051,13687,14443,17399,18900,24622,27304,30913,32008,36089,26807,35594,10412,19762,427353,239724,68364,32841,104541,48083,11641,22,22
2021-06-18T23:59:59+02:00,201,178,14536,14310,28311,26738,31841,32830,52620,54148,65714,67451,50382,55903,35490,46027,10951,20817,5533,5641,12953,13603,14279,17277,18664,24395,26485,30248,31804,35853,26741,35519,10408,19755,426868,236788,65437,32734,104531,48031,11590,22,22
2021-06-17T23:59:59+02:00,187,162,14167,14050,27717,26494,31352,32571,51834,53583,65293,67185,50304,55804,35457,45987,10945,20805,5158,5382,12169,13133,13492,16666,17574,23473,24338,28285,31165,35120,26545,35242,10391,19741,423705,227811,65432,32456,104507,47353,10239,14,22
2021-06-16T23:59:59+02:00,159,134,13751,13653,27256,26140,30917,32219,51025,52890,64850,66802,50191,55685,35428,45930,10935,20793,4794,4944,11451,12458,12704,15978,16477,22357,21376,25428,30100,33920,26249,34840,10376,19700,418913,213808,65390,32428,104501,46961,9940,14,22
2021-06-15T23:59:59+02:00,98,81,13124,13042,26505,25567,30142,31628,49780,51833,64141,66279,50013,55490,35359,45818,10926,20774,4299,4314,10482,11525,11554,14600,14748,20657,17954,22133,28733,32485,25865,34321,10350,19656,411248,195225,65371,32313,104497,46653,9470,14,22
2021-06-14T23:59:59+02:00,68,60,12721,12672,26101,25242,29483,31168,47991,50368,63094,65448,49798,55266,35282,45742,10918,20762,4199,4261,10307,11398,11414,14469,14571,20537,17763,21975,28663,32405,25846,34294,10347,19655,403414,194799,65362,32041,104493,46348,8901,14,22
2021-06-13T23:59:59+02:00,67,59,12680,12628,26029,25210,29420,31141,47937,50343,63059,65425,49791,55263,35280,45739,10917,20759,4046,4184,9980,11270,11092,14358,14277,20427,17366,21632,27159,30770,25707,34099,10343,19644,403213,194068,65290,27386,104486,46141,8744,14,22
2021-06-12T23:59:59+02:00,67,58,12663,12612,26015,25200,29409,31129,47878,50273,63017,65389,49790,55260,35280,45739,10917,20759,4044,4174,9964,11256,11084,14344,14258,20410,17346,21623,27118,30725,25702,34093,10343,19644,402922,193885,65290,27384,104485,46100,8744,14,22
2021-06-11T23:59:59+02:00,65,55,12565,12482,25890,25087,29288,31007,47644,50049,62885,65270,49766,55234,35270,45728,10915,20757,3950,3907,9441,10070,10654,13438,13969,19855,17073,21146,26713,30306,25612,34011,10340,19642,401664,192845,65282,27380,104443,41333,8554,14,22
2021-06-10T23:59:59+02:00,58,48,12322,12271,25573,24806,28945,30742,46579,49036,62152,64702,49681,55140,35236,45676,10905,20744,3683,3543,8672,8823,9756,11797,12670,17116,15292,17560,25012,28391,25316,33712,10334,19618,396813,187364,65231,26942,104240,28655,8318,14,22
2021-06-09T23:59:59+02:00,46,37,12030,11951,25166,24402,28552,30348,44580,47220,61070,63765,49579,55020,35190,45623,10900,20727,3438,3424,8257,8570,9249,11478,12161,16727,14590,16970,21192,24096,25091,33411,10322,19592,388868,175859,65110,26600,104239,28118,7975,14,22
2021-06-08T23:59:59+02:00,40,26,11600,11422,24505,23780,27897,29686,41417,44378,59298,62134,49410,54830,35118,45533,10890,20705,3229,3288,7861,8312,8634,11106,11495,16303,13935,16330,15829,18165,24700,32886,10304,19564,376235,160714,65049,26267,104229,27816,7142,14,8
2021-06-07T23:59:59+02:00,35,19,11439,11234,24155,23507,27621,29481,38789,42450,58869,61772,49376,54799,35106,45512,10888,20699,3133,3221,7554,8137,8317,10931,10925,15854,13435,15854,15753,18087,24672,32836,10302,19557,370599,160401,64623,24448,104220,27419,6298,11,8
2021-06-06T23:59:59+02:00,32,18,11310,11130,23838,23280,27413,29309,37192,41264,58746,61693,49351,54771,35098,45498,10888,20697,3033,3172,7284,8049,8049,10769,10192,15174,12843,15237,15603,17976,24658,32813,10300,19557,370191,160289,61257,21301,104212,27260,5857,11,8
2021-06-05T23:59:59+02:00,32,17,11292,11113,23795,23244,27378,29283,37165,41250,58648,61608,49340,54765,35096,45496,10888,20694,3021,3161,7261,8018,8020,10753,10162,15160,12803,15213,15482,17812,24653,32805,10299,19556,369861,159865,61255,21300,104211,27246,5766,11,8
2021-06-04T23:59:59+02:00,32,15,11107,10854,23434,22780,27106,28886,36740,40802,58030,61069,49306,54724,35086,45478,10887,20688,2997,3144,7232,8002,7999,10735,10133,15135,12769,15179,15272,17606,24642,32784,10297,19555,368067,159283,58988,21287,104198,27149,5760,11,8
2021-06-03T23:59:59+02:00,31,14,10887,10638,22977,22387,26681,28551,35646,39975,55275,58719,49179,54566,35043,45415,10882,20673,2908,3064,7025,7849,7544,10439,9110,14510,11535,14485,14095,16143,24465,32567,10285,19536,364139,155948,54063,17588,104148,26843,5179,10,8
2021-06-02T23:59:59+02:00,31,14,10852,10605,22941,22353,26650,28526,35615,39934,55148,58561,49165,54543,35037,45408,10882,20672,2868,3035,6970,7831,7486,10406,8956,14471,11312,14423,12752,14672,24346,32395,10280,19529,363555,152159,54057,17577,104148,26827,5167,10,8
2021-06-01T23:59:59+02:00,18,7,10439,10263,22286,21846,25967,27944,34894,39357,52151,55418,48776,54133,34919,45246,10866,20646,2410,2677,5622,7150,6220,9832,7570,13802,10181,13463,8453,9125,23873,31717,10257,19471,352809,134018,53887,17211,104129,26251,4341,10,8
2021-05-31T23:59:59+02:00,17,6,10165,10035,21715,21449,25560,27694,34573,39155,50703,54022,48677,54008,34886,45205,10859,20638,2301,2553,5337,6905,5961,9612,7205,13563,9925,13304,8402,9063,23847,31671,10249,19458,348085,133251,53848,17092,104105,25692,3319,10,8
2021-05-30T23:59:59+02:00,16,6,10111,9987,21629,21412,25496,27660,34462,39085,50340,53682,48653,53983,34880,45199,10857,20635,2266,2523,5232,6827,5859,9546,7016,13475,9700,13208,8359,9018,23831,31664,10248,19453,346906,132659,53829,16919,104095,25392,3253,10,8
2021-05-29T23:59:59+02:00,15,6,10096,9976,21596,21394,25479,27648,34441,39072,50327,53664,48649,53979,34877,45198,10857,20635,2247,2469,5189,6702,5799,9414,6900,13278,9563,12988,8286,8928,23764,31597,10247,19452,346752,132383,53829,16868,104074,24326,3244,10,8
2021-05-28T23:59:59+02:00,15,6,10038,9908,21520,21286,25401,27530,34364,38972,50249,53566,48628,53961,34869,45188,10857,20631,2164,2205,4572,6161,5179,8692,6530,12315,9070,11994,8111,8731,23396,31117,10246,19449,345909,130895,53818,16770,104015,19029,3237,10,7
2021-05-27T23:59:59+02:00,14,6,9774,9660,20992,20910,24860,27173,33841,38595,49635,52958,48460,53768,34799,45113,10853,20612,1923,1937,3992,5640,4502,8090,6022,11550,8132,10679,7607,8074,21845,28968,10231,19427,341637,125258,53409,15636,103907,14662,3060,10,7
2021-05-26T23:59:59+02:00,14,6,9501,9415,20268,20343,23992,26502,32581,37567,48872,52256,48206,53479,34725,44999,10842,20588,1868,1867,3898,5514,4369,7927,5816,11289,7807,10300,7047,7348,19426,25550,10213,19384,336935,116813,50434,15382,103855,14502,2922,10,7
2021-05-25T23:59:59+02:00,13,6,9236,9181,19855,19986,23555,26111,32073,37053,47979,51280,47908,53163,34642,44859,10830,20558,1801,1819,3775,5417,4233,7780,5607,11067,7497,9982,6426,6512,15323,20205,10193,19326,331365,104686,50354,15338,103782,14158,2777,10,7
2021-05-24T23:59:59+02:00,12,6,9018,9026,19288,19698,22786,25724,30560,36035,47755,51108,47815,53062,34613,44829,10828,20557,1776,1804,3730,5383,4170,7739,5542,11008,7422,9926,6400,6488,15309,20196,10193,19326,329786,104571,46554,15326,103726,13867,2644,10,7
2021-05-23T23:59:59+02:00,12,6,8810,8819,18931,19406,22364,25376,30136,35714,47163,50597,47383,52607,34511,44683,10820,20548,1774,1803,3721,5378,4166,7736,5533,10997,7412,9917,6396,6477,15309,20194,10193,19326,324956,104514,46553,15324,103725,13848,2642,10,7
2021-05-22T23:59:59+02:00,12,6,8779,8782,18882,19363,22317,25345,30083,35684,47054,50527,47364,52585,34508,44674,10817,20548,1773,1800,3709,5365,4162,7730,5529,10991,7405,9913,6394,6475,15307,20194,10193,19326,324414,104482,46553,15324,103724,13827,2629,10,7
2021-05-21T23:59:59+02:00,11,6,8505,8429,18443,18849,21960,24703,29657,34876,46565,49862,47276,52463,34470,44632,10814,20543,1710,1759,3630,5326,4120,7696,5497,10946,7364,9864,6366,6449,15230,20097,10192,19325,319223,104171,46524,15323,103700,13466,2607,10,7
2021-05-20T23:59:59+02:00,11,6,7932,7879,17495,18057,20958,23785,28338,33679,44820,48042,46838,52004,34361,44479,10797,20524,1410,1598,3318,5037,3855,7308,5203,10467,6985,9412,6134,6196,13927,18564,10169,19286,307630,100443,46439,14844,103474,11126,2452,10,7
2021-05-19T23:59:59+02:00,11,6,7667,7564,16891,17454,20062,22912,27113,32425,43029,45955,46305,51448,34210,44259,10776,20494,1346,1516,3115,4822,3650,7057,4980,10114,6689,9081,5854,5864,11736,15733,10152,19227,296509,94247,46399,14376,103429,10075,2234,10,7
2021-05-18T23:59:59+02:00,10,6,7141,7020,15736,16430,18797,21662,25605,30797,40342,42725,45476,50503,33971,43954,10751,20452,1325,1490,3055,4751,3574,6938,4845,9981,6509,8869,5589,5589,10042,13568,10128,19172,280718,89129,45195,14326,103329,9838,2128,8,7
2021-05-17T23:59:59+02:00,10,6,7061,6959,15553,16320,18583,21493,25207,30470,38590,41088,45366,50425,33924,43888,10742,20429,1292,1467,2999,4706,3511,6879,4777,9879,6414,8768,5548,5549,10029,13551,10125,19164,280504,89063,40427,14044,103285,9657,1890,8,7
2021-05-16T23:59:59+02:00,9,5,6945,6907,15432,16232,18454,21387,25026,30356,35609,38319,45330,50390,33902,43864,10739,20424,1268,1451,2955,4666,3463,6822,4692,9811,6318,8688,5518,5512,10018,13535,10123,19161,280223,89016,34281,13777,103165,9551,1653,8,7
2021-05-15T23:59:59+02:00,9,5,6922,6876,15372,16174,18408,21347,24959,30313,35573,38278,45307,50363,33895,43859,10739,20424,1257,1425,2923,4593,3444,6753,4673,9730,6296,8638,5512,5507,10014,13534,10123,19161,279742,88962,34281,13773,103151,9203,1641,8,7
2021-05-14T23:59:59+02:00,9,5,6746,6508,15026,15676,18096,20930,24625,29851,35327,37926,45278,50332,33885,43854,10739,20422,1197,1364,2845,4489,3397,6651,4609,9575,6210,8505,5482,5463,10001,13525,10123,19160,278688,88878,34131,13738,100832,8400,1576,8,7
2021-05-13T23:59:59+02:00,9,5,6396,6192,14270,15092,17390,20302,23768,29109,34560,37256,44990,49989,33805,43729,10735,20411,1021,1279,2649,4380,3279,6530,4468,9409,6089,8362,5439,5425,9986,13509,10119,19155,272285,88731,33808,13656,100618,7419,1289,8,7
2021-05-12T23:59:59+02:00,9,5,5995,5920,13290,14416,16371,19501,23103,28673,34255,36975,44807,49795,33774,43698,10732,20408,1018,1277,2643,4375,3260,6526,4463,9399,6081,8357,5434,5420,9984,13504,10118,19154,266030,88674,33799,13646,100614,7414,1276,8,6
2021-05-11T23:59:59+02:00,9,5,5620,5696,12706,13970,14568,18062,20152,26150,31940,34648,43755,48535,33451,43226,10703,20359,956,1204,2527,4204,3154,6298,4344,9114,5966,8132,5363,5342,9942,13444,10110,19138,248752,88203,33522,13432,100176,6502,1097,8,6
2021-05-10T23:59:59+02:00,9,5,5473,5599,12435,13844,14218,17840,19350,25579,30562,33629,43223,47926,33394,43138,10695,20339,914,1145,2428,4043,3060,6096,4219,8850,5844,7936,5327,5314,9930,13428,10106,19129,243280,88098,33311,13371,99873,5510,786,8,6
2021-05-09T23:59:59+02:00,9,5,5067,5359,11242,13312,13218,17477,18329,25249,30019,33338,43167,47854,33369,43123,10692,20332,890,1115,2329,3939,2970,5957,4087,8675,5750,7831,5319,5300,9923,13424,10101,19126,237951,88053,33240,13329,99534,4922,428,8,6
2021-05-08T23:59:59+02:00,9,5,5056,5350,11220,13292,13193,17458,18299,25216,29979,33295,43159,47843,33368,43119,10692,20332,886,1109,2316,3931,2964,5957,4083,8669,5747,7828,5316,5297,9920,13419,10101,19126,237682,88025,33239,13329,99533,4888,423,8,6
2021-05-07T23:59:59+02:00,9,5,4956,5267,10992,13124,12901,17242,17693,24616,29032,32401,42968,47603,33312,43047,10688,20326,859,1078,2280,3876,2918,5911,4028,8615,5664,7775,5269,5251,9908,13410,10101,19125,235192,87891,31349,13326,99425,4639,208,8,6
2021-05-06T23:59:59+02:00,9,5,4542,4987,10325,12707,12141,16578,16089,23173,26487,30009,42265,46854,33146,42811,10672,20303,803,1023,2144,3626,2750,5602,3834,8142,5468,7453,5218,5198,9885,13382,10099,19117,226431,87708,28002,13012,98614,2972,48,8,6
2021-05-05T23:59:59+02:00,9,5,4229,4760,9730,12261,11422,15998,14988,22149,23641,27251,41288,45749,32864,42424,10654,20262,789,1001,2082,3501,2693,5447,3741,7931,5372,7317,5169,5143,9849,13344,10097,19114,213427,87449,27819,12874,98390,2223,40,8,6
2021-05-04T23:59:59+02:00,9,5,3879,4303,9061,11564,10651,15158,13684,20894,20038,23846,39941,44290,32492,41905,10631,20224,771,971,2016,3384,2623,5312,3650,7780,5277,7194,5131,5098,9820,13315,10095,19111,196366,87235,27801,12577,98366,1698,34,8,6
2021-05-03T23:59:59+02:00,9,4,3637,3881,8652,11070,10173,14533,13149,20239,19316,23200,39675,44039,32413,41802,10628,20209,757,942,1949,3279,2566,5205,3590,7666,5227,7107,5116,5087,9805,13298,10092,19106,190507,87095,27789,12569,98303,1102,22,8,6
2021-05-02T23:59:59+02:00,9,4,3634,3879,8634,11063,10164,14525,13128,20227,19299,23191,39674,44038,32412,41801,10627,20209,753,925,1919,3198,2520,5110,3543,7541,5207,7041,5112,5084,9804,13294,10092,19104,190420,87078,27776,12538,98296,609,18,8,6
2021-05-01T23:59:59+02:00,9,4,3632,3872,8622,11050,10156,14516,13121,20225,19288,23182,39674,44036,32412,41801,10627,20209,752,925,1918,3198,2520,5110,3543,7541,5207,7041,5112,5084,9804,13294,10091,19104,190340,87077,27775,12537,98296,609,17,8,6
2021-04-30T23:59:59+02:00,9,3,3609,3849,8576,11014,10113,14476,13060,20186,19185,23031,39407,43713,32391,41781,10626,20209,749,921,1905,3189,2519,5101,3540,7534,5205,7034,5109,5081,9800,13293,10091,19104,189416,87051,27506,12534,98291,569,17,8,6
2021-04-29T23:59:59+02:00,9,3,3343,3676,8143,10741,9565,14191,12568,19824,18450,22305,36350,40265,32131,41413,10614,20171,736,907,1857,3128,2470,5035,3474,7392,5113,6935,5072,5048,9778,13251,10089,19098,183883,86850,21670,12378,98185,135,16,8,6
2021-04-28T23:59:59+02:00,9,3,3182,3609,7879,10631,9165,14018,12193,19587,17965,21870,32561,35949,31913,41112,10601,20149,720,891,1831,3089,2425,4986,3437,7335,5048,6873,5011,4989,9726,13193,10086,19089,172722,86643,21518,11947,98138,124,11,7,6
2021-04-27T23:59:59+02:00,8,3,3101,3543,7619,10499,8813,13845,11707,19361,17487,21382,27001,29758,31536,40605,10580,20117,710,877,1799,3052,2390,4940,3384,7276,4992,6797,4960,4921,9691,13142,10083,19080,157381,86435,21496,11524,98070,121,11,7,5
2021-04-26T23:59:59+02:00,8,3,3048,3509,7478,10434,8647,13786,11477,19293,16964,20995,26968,29726,31522,40590,10580,20117,687,846,1731,2992,2324,4884,3318,7187,4900,6695,4863,4846,9609,13059,10081,19077,156804,86309,21278,10655,97045,121,11,7,5
2021-04-25T23:59:59+02:00,8,3,3010,3492,7316,10382,8409,13736,11145,19249,16142,20524,25413,28069,31467,40527,10580,20114,687,844,1724,2987,2317,4881,3312,7179,4896,6686,4860,4841,9601,13047,10081,19077,156319,86285,21268,10617,91981,104,11,7,5
2021-04-24T23:59:59+02:00,8,3,3006,3486,7300,10369,8398,13728,11131,19240,16125,20506,25370,28006,31464,40521,10579,20113,687,844,1724,2986,2317,4881,3311,7179,4896,6686,4860,4840,9599,13046,10081,19077,156117,86279,21264,10617,91954,104,11,7,5
2021-04-23T23:59:59+02:00,8,3,2988,3468,7258,10326,8354,13683,11065,19180,16065,20442,24947,27502,31431,40465,10576,20110,679,837,1706,2977,2301,4852,3259,7142,4798,6591,4723,4717,9433,12849,10075,19062,154929,85993,21124,9890,91800,104,11,7,5
2021-04-22T23:59:59+02:00,7,3,2909,3386,7066,10143,7812,13275,9857,18387,14513,19401,22933,25071,31220,40196,10557,20082,614,786,1592,2865,2177,4688,3099,6971,4614,6391,4568,4543,8923,12197,10039,18983,150131,84086,15830,8865,90839,85,11,7,5
2021-04-21T23:59:59+02:00,7,3,2856,3338,6944,10055,7603,13121,9491,18147,14042,18955,20430,21934,30923,39810,10540,20056,565,762,1513,2787,2091,4597,2973,6828,4454,6227,4382,4364,8356,11441,9996,18894,143138,82305,15067,7834,90032,77,11,7,5
2021-04-20T23:59:59+02:00,7,3,2816,3299,6838,9966,7465,13012,9240,17929,13551,18565,17044,17874,30610,39335,10523,20020,535,728,1440,2724,2004,4518,2873,6711,4318,6066,4197,4170,7498,10238,9928,18742,134294,79402,14822,7202,88963,72,11,7,5
2021-04-19T23:59:59+02:00,7,3,2802,3292,6791,9925,7413,12977,9164,17855,13414,18450,16711,17493,30578,39302,10522,20016,476,688,1322,2629,1905,4421,2741,6553,4121,5874,3944,3869,5676,7823,9714,18347,133985,73602,14627,6420,88085,67,11,7,5
2021-04-18T23:59:59+02:00,7,3,2786,3279,6716,9899,7307,12929,8968,17788,12580,18322,15302,16087,30510,39241,10519,20009,471,683,1313,2621,1890,4410,2708,6524,4061,5825,3868,3799,5267,7201,9669,18264,133771,72122,14485,6375,83978,63,11,7,5
2021-04-17T23:59:59+02:00,7,3,2776,3275,6699,9876,7277,12908,8936,17749,12548,18302,15249,16037,30456,39169,10518,20009,471,681,1313,2620,1889,4406,2704,6519,4058,5821,3867,3797,5262,7200,9668,18263,133416,72087,14484,6375,83876,63,11,7,5
2021-04-16T23:59:59+02:00,7,3,2763,3261,6665,9861,7226,12869,8862,17697,12440,18200,15004,15760,29938,38523,10515,20002,471,679,1307,2615,1880,4404,2699,6513,4050,5813,3862,3791,5245,7170,9668,18261,131897,71990,14477,6364,83204,60,11,7,5
2021-04-15T23:59:59+02:00,7,3,2712,3204,6532,9760,7038,12691,8520,17425,11966,17735,13948,14544,27826,35718,10499,19979,462,673,1302,2590,1865,4381,2676,6485,4007,5760,3807,3716,5214,7119,9660,18249,125985,71676,14201,6228,79904,49,10,7,5
2021-04-14T23:59:59+02:00,6,1,2656,3155,6438,9665,6894,12530,8249,17158,11537,17274,12770,13163,23121,29642,10481,19925,459,668,1289,2581,1853,4364,2654,6460,3964,5723,3760,3665,5154,7065,9632,18212,113621,71386,14168,6077,76860,27,10,6,5
2021-04-13T23:59:59+02:00,6,1,2604,3121,6310,9579,6743,12399,7971,16909,11114,16854,10110,10243,20052,25482,10459,19883,443,643,1241,2538,1800,4302,2546,6358,3785,5562,3547,3481,5008,6929,9623,18190,105221,71044,13975,4916,70628,23,10,6,5
2021-04-12T23:59:59+02:00,6,1,2583,3107,6250,9551,6637,12312,7779,16781,10867,16647,8747,8755,19232,24511,10458,19874,437,634,1222,2523,1784,4281,2513,6317,3732,5510,3486,3432,4973,6888,9618,18168,105102,70908,13921,4579,65059,18,10,6,5
2021-04-11T23:59:59+02:00,6,1,2555,3099,6154,9524,6522,12275,7614,16731,10668,16542,7479,7479,17507,22536,10456,19871,437,634,1221,2521,1784,4280,2513,6317,3730,5505,3482,3431,4967,6886,9618,18168,105035,70898,13915,4569,58053,14,10,6,5
2021-04-10T23:59:59+02:00,6,1,2554,3097,6144,9519,6513,12270,7609,16726,10661,16533,7471,7467,17498,22530,10456,19871,436,631,1219,2518,1783,4278,2511,6312,3727,5504,3473,3417,4959,6872,9618,18168,104953,70838,13914,4562,58044,14,9,6,5
2021-04-09T23:59:59+02:00,6,1,2492,2999,6009,9309,6356,12008,7351,16318,10348,16034,7314,7262,17382,22350,10455,19869,431,626,1201,2506,1756,4263,2480,6263,3649,5425,3361,3307,4821,6783,9613,18165,104484,70756,13884,3870,55480,12,9,6,5
2021-04-08T23:59:59+02:00,6,1,2413,2927,5913,9190,6253,11880,7180,16132,10092,15846,7120,7003,16123,20890,10444,19839,424,621,1189,2474,1731,4227,2453,6190,3597,5359,3289,3262,4742,6678,9591,18120,100836,70316,13529,3608,54872,11,9,6,5
2021-04-07T23:59:59+02:00,6,1,2386,2891,5840,9119,6166,11806,7047,16033,9850,15695,6824,6675,13811,17942,10423,19792,419,620,1179,2461,1718,4204,2439,6151,3531,5300,3218,3210,4687,6619,9584,18092,94686,70043,13368,3367,54238,10,9,6,5
2021-04-06T23:59:59+02:00,6,1,2369,2858,5744,9053,6075,11727,6894,15920,9610,15512,6468,6313,11717,15342,10396,19733,416,613,1172,2436,1706,4181,2413,6113,3467,5235,3134,3160,4642,6565,9579,18076,89663,69801,13068,3087,52994,10,7,6,5
2021-04-05T23:59:59+02:00,6,1,2361,2849,5726,9036,6063,11708,6881,15901,9590,15487,6344,6215,10436,14055,10396,19732,412,605,1168,2421,1700,4165,2397,6083,3434,5194,3104,3123,4621,6519,9573,18060,89584,69611,13032,2950,50159,9,6,6,5
2021-04-04T23:59:59+02:00,6,1,2361,2849,5723,9033,6061,11708,6879,15901,9588,15486,6339,6211,10436,14053,10396,19732,412,604,1168,2420,1700,4165,2396,6083,3434,5194,3104,3123,4619,6519,9573,18060,89575,69607,13030,2949,50146,9,6,6,5
2021-04-03T23:59:59+02:00,6,1,2359,2841,5715,9026,6056,11704,6876,15897,9585,15484,6336,6206,10430,14050,10396,19732,412,604,1168,2420,1700,4165,2396,6083,3434,5193,3104,3123,4619,6519,9573,18060,89518,69606,13029,2949,50141,9,6,6,5
2021-04-02T23:59:59+02:00,6,1,2358,2839,5709,9019,6054,11701,6872,15896,9581,15482,6332,6200,10416,14021,10395,19731,410,602,1167,2420,1699,4164,2395,6083,3433,5186,3078,3106,4609,6510,9573,18060,89435,69529,13026,2948,50140,9,6,6,5
2021-04-01T23:59:59+02:00,6,1,2337,2836,5679,8990,6011,11659,6829,15841,9526,15426,6239,6102,10121,13675,10372,19683,408,587,1164,2414,1692,4153,2379,6066,3407,5165,3017,3059,4550,6438,9498,17948,88448,68983,13005,2945,49869,9,5,6,5
2021-03-31T23:59:59+02:00,6,1,2303,2809,5604,8925,5943,11566,6726,15729,9393,15291,6094,5960,9571,12937,10330,19593,403,581,1158,2403,1685,4137,2373,6054,3387,5131,2985,3026,4503,6379,9442,17847,86477,68536,12792,2943,49502,9,4,6,4
2021-03-30T23:59:59+02:00,6,1,2283,2793,5558,8867,5880,11491,6655,15632,9295,15148,5909,5746,8668,11601,10255,19411,401,579,1155,2399,1672,4120,2355,6032,3353,5087,2928,2958,4416,6280,9312,17608,83413,67836,12411,2805,49366,9,4,5,3
2021-03-29T23:59:59+02:00,5,1,2216,2739,5455,8756,5772,11342,6487,15401,9065,14893,5551,5371,6729,9067,10035,18991,394,575,1144,2388,1659,4108,2330,6006,3324,5030,2858,2893,4299,6176,9111,17279,77326,66890,11601,2670,48940,9,4,5,3
2021-03-28T23:59:59+02:00,5,1,2195,2726,5412,8697,5696,11264,6400,15315,8947,14774,5427,5219,6089,8138,9969,18875,385,569,1129,2372,1634,4081,2283,5945,3268,4938,2773,2814,4183,6031,9039,17143,75035,66431,11343,2145,48762,6,4,5,3
2021-03-27T23:59:59+01:00,5,1,2195,2721,5401,8691,5692,11249,6385,15293,8936,14761,5399,5192,6079,8135,9969,18874,385,569,1127,2371,1633,4076,2279,5942,3259,4931,2768,2811,4167,6006,8959,16996,74929,66124,11343,2144,48697,6,4,5,3
2021-03-26T23:59:59+01:00,5,1,2179,2701,5364,8653,5653,11200,6306,15223,8787,14612,5237,5043,5910,7956,9967,18866,381,561,1121,2358,1617,4048,2251,5906,3225,4877,2707,2748,3984,5751,8254,15821,74585,63493,10512,2106,48557,6,4,5,3
2021-03-25T23:59:59+01:00,5,0,2062,2620,5188,8437,5451,10924,6099,14924,8547,14324,5077,4889,5814,7837,9964,18858,372,547,1100,2333,1593,4020,2205,5849,3152,4801,2609,2646,3613,5259,7124,14090,74129,59416,9565,1887,47318,6,3,5,3
2021-03-24T23:59:59+01:00,5,0,1976,2572,5040,8277,5291,10731,5936,14686,8345,14092,4937,4730,5700,7720,9958,18849,368,536,1087,2305,1560,3965,2146,5784,3064,4700,2476,2532,3190,4642,5726,11871,73755,54401,8403,1541,46679,6,3,5,3
2021-03-23T23:59:59+01:00,5,0,1900,2520,4929,8155,5192,10589,5815,14493,8230,13925,4855,4644,5634,7661,9950,18831,357,511,1067,2270,1527,3907,2102,5695,2982,4609,2387,2437,2740,4010,3839,8662,73363,47701,7657,1393,46300,4,3,5,3
2021-03-22T23:59:59+01:00,5,0,1835,2461,4795,8019,5059,10415,5656,14260,8038,13712,4751,4532,5565,7552,9936,18787,331,494,1038,2233,1482,3834,2037,5586,2880,4458,2274,2285,2225,3332,1338,4556,72871,39216,6619,1160,45880,2,3,5,3
2021-03-21T23:59:59+01:00,5,0,1834,2455,4783,8004,5045,10405,5641,14243,8008,13688,4728,4517,5549,7540,9932,18787,330,494,1032,2219,1473,3805,2019,5548,2854,4408,2233,2237,2183,3291,1321,4511,72848,39076,6569,876,45740,2,2,5,3
2021-03-20T23:59:59+01:00,5,0,1834,2455,4782,8003,5044,10403,5640,14242,8001,13682,4727,4516,5541,7532,9932,18787,330,494,1032,2219,1473,3805,2019,5548,2853,4407,2232,2234,2183,3291,1321,4511,72837,39074,6569,872,45713,2,2,5,3
2021-03-19T23:59:59+01:00,5,0,1781,2207,4267,6711,4636,9421,5370,13685,7777,13279,4603,4419,5471,7466,9932,18787,329,494,1032,2219,1473,3804,2019,5547,2852,4407,2230,2233,2178,3285,1320,4509,72779,39059,6559,866,40472,2,2,5,3
2021-03-18T23:59:59+01:00,5,0,1726,1956,3850,5650,4106,8042,4553,11149,6421,9948,4237,4120,5269,7246,9911,18747,328,491,1025,2206,1466,3779,1993,5508,2827,4383,2209,2218,2153,3256,1315,4500,72349,38867,6497,784,28083,2,2,5,3
2021-03-17T23:59:59+01:00,5,0,1720,1948,3840,5624,4089,8012,4529,11085,6371,9876,4200,4073,5230,7202,9905,18724,325,490,1021,2198,1460,3770,1986,5493,2817,4357,2182,2191,2133,3241,1308,4486,72093,38717,6438,735,27895,2,2,5,3
2021-03-16T23:59:59+01:00,5,0,1698,1914,3781,5543,4018,7906,4400,10924,6166,9676,3977,3885,5090,7043,9899,18703,323,486,1020,2179,1455,3757,1977,5479,2808,4338,2174,2177,2121,3213,1300,4457,71783,38552,5163,706,27675,2,2,5,3
2021-03-15T23:59:59+01:00,5,0,1688,1894,3756,5509,3993,7869,4349,10855,6087,9592,3895,3818,5037,6983,9893,18678,320,482,1011,2162,1447,3751,1961,5443,2790,4310,2159,2145,2096,3152,1292,4419,71560,38334,4805,602,27531,2,0,5,3
2021-03-14T23:59:59+01:00,5,0,1682,1884,3748,5499,3988,7853,4340,10824,6079,9570,3888,3809,5032,6975,9892,18676,319,482,1009,2162,1443,3748,1958,5441,2772,4304,2153,2143,2085,3142,1288,4417,71528,38326,4789,537,27422,1,0,5,3
2021-03-13T23:59:59+01:00,5,0,1679,1879,3735,5477,3981,7844,4320,10813,6065,9555,3885,3806,5029,6972,9892,18676,319,482,1009,2162,1443,3748,1958,5440,2772,4303,2152,2142,2085,3140,1280,4412,71504,38307,4784,537,27320,1,0,5,3
2021-03-12T23:59:59+01:00,4,0,1640,1822,3221,5331,3466,7730,4186,10687,5840,9266,3720,3660,4888,6864,9867,18629,314,460,1005,2132,1435,3724,1939,5369,2719,4218,1973,1987,2025,3090,1273,4406,71293,37538,4065,529,25458,0,0,5,3
2021-03-11T23:59:59+01:00,4,0,1532,1686,2839,5070,3029,7475,3906,10274,5214,8374,3496,3484,4782,6747,9829,18579,313,460,1002,2119,1432,3704,1932,5350,2710,4201,1967,1979,2011,3073,1268,4388,70730,37417,3803,490,21782,0,0,5,3
2021-03-10T23:59:59+01:00,4,0,1502,1655,2800,5025,2994,7416,3851,10188,5106,8257,3370,3380,4667,6633,9786,18512,311,459,1000,2116,1430,3693,1928,5337,2698,4181,1950,1972,1986,3041,1257,4374,70323,37336,3473,395,21345,0,0,5,3
2021-03-09T23:59:59+01:00,4,0,1493,1639,2768,5000,2973,7372,3813,10128,5028,8177,3273,3297,4587,6544,9680,18302,308,458,997,2110,1423,3681,1902,5315,2656,4151,1909,1947,1936,3013,1245,4365,69732,37308,3206,106,21135,0,0,5,3
2021-03-08T23:59:59+01:00,4,0,1478,1626,2738,4974,2947,7342,3790,10080,5004,8115,3232,3257,4514,6480,9506,18003,308,458,995,2106,1415,3665,1885,5282,2637,4124,1891,1928,1911,2990,1239,4346,68945,37162,3197,16,20943,0,0,5,3
2021-03-07T23:59:59+01:00,4,0,1465,1616,2708,4929,2913,7294,3757,10018,4962,8055,3197,3224,4449,6380,9430,17859,308,457,995,2105,1414,3660,1882,5272,2636,4119,1887,1925,1907,2986,1236,4338,68410,37111,3144,14,20701,0,0,5,3
2021-03-06T23:59:59+01:00,4,0,1464,1614,2702,4918,2910,7285,3749,10011,4944,8039,3187,3214,4426,6341,9342,17690,308,457,993,2102,1414,3658,1876,5263,2634,4117,1882,1917,1901,2984,1235,4335,68020,37061,3144,14,20671,0,0,5,2
2021-03-05T23:59:59+01:00,4,0,1391,1535,2604,4756,2853,7128,3664,9804,4843,7843,3137,3155,4210,6055,8638,16503,308,457,991,2100,1409,3653,1874,5262,2630,4110,1873,1913,1896,2981,1230,4332,65379,37004,3141,14,19598,0,0,5,2
2021-03-04T23:59:59+01:00,4,0,1218,1431,2434,4556,2682,6859,3496,9459,4585,7502,3021,3032,3849,5598,7476,14689,307,449,982,2077,1393,3613,1846,5210,2602,4064,1845,1888,1863,2926,1203,4286,61189,36539,3138,14,17559,0,0,5,2
2021-03-03T23:59:59+01:00,4,0,1185,1378,2356,4448,2622,6736,3409,9294,4488,7357,2936,2962,3478,4999,6093,12509,303,440,971,2054,1381,3585,1832,5160,2548,4010,1798,1853,1839,2897,1188,4258,56154,36102,3112,14,16984,0,0,4,2
2021-03-02T23:59:59+01:00,4,0,1151,1342,2296,4392,2571,6645,3329,9172,4351,7208,2822,2835,2996,4334,4099,9157,298,431,966,2029,1368,3541,1819,5105,2516,3985,1788,1839,1820,2871,1177,4231,49131,35769,2864,14,16706,0,0,3,2
2021-03-01T23:59:59+01:00,4,0,1092,1312,2235,4330,2499,6558,3235,9046,4209,7020,2691,2698,2429,3594,1394,4714,297,428,958,2016,1356,3522,1811,5089,2505,3969,1772,1829,1803,2852,1165,4203,40108,35563,2478,11,16471,0,0,3,2
2021-02-28T23:59:59+01:00,4,0,1058,1298,2193,4293,2469,6515,3187,8989,4147,6961,2624,2652,2381,3563,1386,4694,297,427,956,2011,1354,3509,1808,5075,2499,3961,1765,1818,1790,2841,1158,4188,40012,35445,2186,11,16213,0,0,3,2
2021-02-27T23:59:59+01:00,4,0,1016,1215,2128,4050,2411,6281,3123,8691,4056,6706,2569,2595,2361,3539,1383,4694,297,427,955,2011,1354,3509,1808,5074,2498,3961,1765,1817,1788,2841,1158,4188,39906,35439,2185,11,14728,0,0,3,2
2021-02-26T23:59:59+01:00,3,0,849,961,1926,3658,2249,5615,2906,7770,3745,5912,2520,2542,2343,3525,1380,4692,297,427,955,2008,1352,3507,1806,5073,2496,3960,1765,1814,1781,2840,1156,4181,39891,35406,2098,11,10604,0,0,3,2
2021-02-25T23:59:59+01:00,3,0,506,804,1646,3459,2066,5311,2710,7375,3519,5610,2439,2466,2303,3464,1376,4678,287,406,930,1958,1322,3438,1776,4992,2467,3896,1740,1787,1743,2797,1129,4141,39696,34798,1842,10,8194,0,0,3,2
2021-02-24T23:59:59+01:00,3,0,486,786,1611,3362,2004,5181,2650,7192,3453,5468,2374,2419,2268,3435,1367,4645,278,402,915,1925,1308,3384,1763,4932,2443,3851,1729,1769,1734,2778,1117,4114,39509,34439,1673,2,7519,0,0,3,2
2021-02-23T23:59:59+01:00,3,0,467,750,1550,3260,1949,5041,2572,7060,3367,5363,2314,2360,2233,3379,1352,4614,277,398,910,1910,1302,3355,1754,4901,2422,3819,1709,1749,1714,2743,1102,4061,39363,34123,1402,2,6866,0,0,3,2
2021-02-22T23:59:59+01:00,2,0,451,719,1495,3160,1910,4902,2514,6842,3306,5219,2306,2264,2218,3300,1348,4569,276,395,906,1899,1294,3328,1737,4865,2408,3789,1690,1730,1688,2715,1087,4016,39152,33822,1139,0,6231,0,0,3,2
2021-02-21T23:59:59+01:00,2,0,443,681,1437,3018,1863,4752,2461,6683,3223,5115,2270,2231,2191,3280,1338,4564,276,394,903,1891,1293,3319,1733,4855,2404,3780,1688,1727,1687,2713,1087,4015,39111,33764,906,0,5532,0,0,3,2
2021-02-20T23:59:59+01:00,2,0,439,676,1429,3014,1857,4752,2458,6680,3219,5111,2267,2230,2191,3279,1337,4564,276,394,903,1890,1293,3318,1733,4855,2403,3779,1687,1726,1684,2713,1086,4013,39107,33752,902,0,5493,0,0,3,2
2021-02-19T23:59:59+01:00,1,0,418,639,1400,2952,1830,4698,2417,6580,3132,4993,2087,2068,2128,3230,1332,4558,274,393,901,1888,1292,3317,1733,4850,2400,3778,1685,1724,1682,2712,1086,4012,38355,33727,883,0,5222,0,0,3,1
2021-02-18T23:59:59+01:00,1,0,393,583,1295,2709,1726,4454,2279,6318,3030,4811,2058,2052,2112,3213,1327,4550,274,387,893,1855,1283,3278,1715,4802,2381,3742,1673,1713,1665,2700,1074,3994,38281,33429,810,0,3817,0,0,3,1
2021-02-17T23:59:59+01:00,1,0,378,552,1256,2579,1671,4279,2209,6075,2971,4662,2039,2033,2089,3193,1312,4541,265,370,858,1770,1240,3149,1654,4643,2307,3606,1597,1644,1591,2590,1025,3878,38125,32187,759,0,2953,0,0,3,1
2021-02-16T23:59:59+01:00,1,0,360,522,1202,2459,1621,4143,2130,5890,2890,4526,2030,2029,2081,3187,1307,4530,257,353,838,1690,1185,3013,1593,4439,2235,3432,1547,1591,1531,2490,998,3750,38067,30942,729,0,2109,0,0,3,1
2021-02-15T23:59:59+01:00,1,0,350,500,1129,2315,1576,4070,2098,5837,2862,4485,2011,2013,2060,3157,1300,4510,250,335,815,1645,1153,2938,1537,4306,2164,3314,1472,1528,1477,2383,956,3573,37962,29846,619,0,1690,0,0,3,1
2021-02-14T23:59:59+01:00,1,0,342,495,1106,2259,1513,3906,2056,5745,2831,4446,2005,2011,2049,3148,1298,4503,243,330,797,1618,1137,2899,1495,4254,2126,3284,1456,1507,1453,2347,941,3531,37944,29418,554,0,1213,0,0,3,1
2021-02-13T23:59:59+01:00,1,0,342,495,1105,2259,1513,3905,2054,5744,2831,4446,2004,2009,2048,3148,1297,4500,243,330,797,1618,1137,2899,1494,4253,2126,3284,1454,1504,1452,2346,941,3530,37933,29408,554,0,1212,0,0,2,1
2021-02-12T23:59:59+01:00,1,0,338,492,1088,2250,1508,3891,2049,5735,2828,4440,1990,1999,2042,3135,1292,4497,242,329,791,1613,1131,2890,1477,4234,2107,3271,1441,1488,1437,2315,934,3497,37866,29197,546,0,1161,0,0,2,1
2021-02-11T23:59:59+01:00,1,0,318,469,1024,2152,1454,3764,1955,5471,2743,4321,1960,1966,2002,3070,1267,4441,222,303,742,1509,1051,2666,1353,3877,1923,2965,1255,1281,1269,2040,828,3147,37478,26431,509,0,389,0,0,2,1
2021-02-10T23:59:59+01:00,1,0,312,460,1001,2112,1416,3685,1901,5309,2648,4139,1891,1916,1960,3032,1249,4415,198,258,649,1321,925,2285,1165,3277,1684,2550,1097,1108,1124,1796,721,2807,37070,22965,374,0,1,0,0,2,1
2021-02-09T23:59:59+01:00,1,0,306,450,993,2080,1400,3633,1858,5242,2581,4083,1835,1880,1892,2979,1228,4394,165,199,551,1062,778,1842,960,2671,1421,2138,951,949,936,1517,605,2394,36771,19139,61,0,1,0,0,2,1
2021-02-08T23:59:59+01:00,1,0,305,448,990,2073,1390,3617,1850,5219,2563,4067,1821,1868,1874,2961,1221,4369,114,164,451,850,615,1428,762,2021,1145,1657,765,774,746,1199,482,1945,36617,15118,17,0,1,0,0,2,1
2021-02-07T23:59:59+01:00,1,0,305,448,989,2072,1389,3610,1847,5216,2556,4064,1815,1859,1858,2954,1217,4363,105,145,401,704,541,1255,683,1806,1049,1511,692,695,671,1080,418,1729,36547,13485,14,0,0,0,0,2,1
2021-02-06T23:59:59+01:00,1,0,305,448,988,2071,1389,3607,1847,5214,2556,4061,1815,1858,1853,2952,1214,4361,105,144,396,701,536,1231,667,1787,1038,1489,689,691,666,1076,417,1725,36524,13359,14,0,0,0,0,2,0
2021-02-05T23:59:59+01:00,1,0,305,447,986,2068,1385,3598,1843,5200,2550,4055,1814,1857,1845,2944,1205,4348,101,137,381,683,519,1202,635,1735,990,1426,652,641,621,1002,391,1637,36435,12754,14,0,0,0,0,2,0
2021-02-04T23:59:59+01:00,1,0,298,430,975,2036,1366,3545,1824,5123,2534,4007,1798,1837,1820,2909,1188,4317,76,106,282,461,358,810,451,1174,679,967,504,467,480,792,305,1306,35992,9219,14,0,0,0,0,2,0
2021-02-03T23:59:59+01:00,1,0,294,421,957,2009,1350,3507,1811,5074,2500,3964,1778,1814,1804,2885,1175,4303,60,82,236,395,289,631,345,918,519,721,338,323,345,565,218,953,35631,6939,14,0,0,0,0,2,0
2021-02-02T23:59:59+01:00,1,0,290,414,951,1981,1342,3475,1800,5028,2477,3929,1760,1798,1778,2844,1154,4256,39,63,181,312,242,483,263,735,375,554,234,206,220,374,150,621,35262,5052,14,0,0,0,0,2,0
2021-02-01T23:59:59+01:00,1,0,289,412,946,1974,1339,3459,1792,5008,2469,3911,1753,1787,1763,2829,1148,4243,19,39,134,227,167,308,169,489,236,320,119,105,96,184,69,277,35107,2958,14,0,0,0,0,2,0
2021-01-31T23:59:59+01:00,1,0,288,411,944,1966,1336,3450,1789,4989,2465,3896,1749,1779,1759,2822,1146,4234,18,34,116,199,150,267,152,409,200,276,100,91,88,157,61,243,35008,2561,14,0,0,0,0,2,0
2021-01-30T23:59:59+01:00,1,0,288,411,944,1966,1336,3450,1789,4989,2465,3896,1748,1779,1759,2821,1146,4233,18,34,115,199,150,265,149,407,199,275,99,90,88,157,61,243,35005,2549,14,0,0,0,0,2,0
2021-01-29T23:59:59+01:00,1,0,286,408,942,1964,1335,3442,1783,4980,2462,3893,1742,1772,1750,2811,1139,4212,16,33,114,190,141,257,137,379,168,248,72,66,79,136,56,211,34907,2303,14,0,0,0,0,1,0
2021-01-28T23:59:59+01:00,1,0,281,400,924,1908,1311,3378,1758,4918,2434,3831,1720,1752,1719,2780,1121,4177,0,0,9,19,8,17,11,46,7,21,7,3,7,9,2,13,34399,179,13,0,0,0,0,1,0
2021-01-27T23:59:59+01:00,1,0,276,382,891,1828,1277,3264,1696,4795,2374,3731,1664,1704,1675,2714,1085,4095,0,0,4,6,5,11,7,20,3,12,6,3,7,9,2,12,33442,107,9,0,0,0,0,1,0
2021-01-26T23:59:59+01:00,1,0,270,373,882,1815,1263,3226,1679,4738,2344,3668,1633,1672,1638,2644,1068,4013,0,0,4,6,5,11,7,20,3,12,6,3,7,9,2,12,32919,107,7,0,0,0,0,1,0
2021-01-25T23:59:59+01:00,1,0,259,349,840,1697,1193,3062,1589,4467,2240,3459,1574,1619,1585,2560,1022,3845,0,0,1,3,1,3,4,3,3,5,6,3,6,8,2,12,31358,60,2,0,0,0,0,1,0
2021-01-24T23:59:59+01:00,1,0,256,346,829,1678,1183,3040,1558,4434,2214,3438,1563,1611,1575,2549,1017,3838,0,0,1,2,1,3,4,3,3,5,6,3,6,8,2,12,31127,59,2,0,0,0,0,1,0
2021-01-23T23:59:59+01:00,1,0,256,346,829,1678,1182,3039,1558,4430,2213,3437,1562,1611,1574,2548,1016,3833,0,0,1,2,1,3,4,3,3,5,6,3,6,8,2,12,31110,59,2,0,0,0,0,1,0
2021-01-22T23:59:59+01:00,1,0,255,344,823,1675,1178,3034,1555,4423,2201,3432,1550,1600,1568,2529,1011,3814,0,0,1,2,1,3,4,3,3,5,6,3,6,8,2,12,30990,59,2,0,0,0,0,1,0
2021-01-21T23:59:59+01:00,1,0,244,334,795,1609,1153,2907,1499,4263,2121,3297,1452,1497,1436,2366,932,3633,0,0,1,2,1,3,4,2,3,5,4,2,5,8,1,12,29536,53,2,0,0,0,0,1,0
2021-01-20T23:59:59+01:00,1,0,221,290,722,1453,1063,2593,1364,3803,1948,2944,1331,1352,1316,2172,861,3413,0,0,1,2,1,3,4,2,3,5,4,2,5,8,1,12,26844,53,2,0,0,0,0,1,0
2021-01-19T23:59:59+01:00,1,0,190,234,624,1206,918,2147,1144,3188,1667,2514,1151,1154,1090,1836,716,2900,0,0,1,1,1,2,4,1,2,5,4,2,5,8,1,12,22677,49,2,0,0,0,0,1,0
2021-01-18T23:59:59+01:00,1,0,132,185,490,945,709,1633,877,2319,1297,1903,901,923,871,1455,560,2311,0,0,0,0,0,0,0,0,1,2,2,1,0,0,0,0,17510,6,1,0,0,0,0,1,0
2021-01-17T23:59:59+01:00,1,0,119,159,430,774,624,1413,776,2066,1185,1714,837,844,791,1319,501,2105,0,0,0,0,0,0,0,0,0,1,0,0,0,0,0,0,15657,1,0,0,0,0,0,1,0
2021-01-16T23:59:59+01:00,1,0,119,158,426,773,622,1405,766,2062,1177,1707,835,839,786,1308,493,2090,0,0,0,0,0,0,0,0,0,0,0,0,0,0,0,0,15567,0,0,0,0,0,0,0,0
2021-01-15T23:59:59+01:00,1,0,109,152,414,753,596,1367,734,1984,1116,1626,791,787,743,1223,463,1976,0,0,0,0,0,0,0,0,0,0,0,0,0,0,0,0,14835,0,0,0,0,0,0,0,0
2021-01-14T23:59:59+01:00,1,0,75,112,297,486,395,882,506,1277,761,1065,577,545,541,902,353,1501,0,0,0,0,0,0,0,0,0,0,0,0,0,0,0,0,10276,0,0,0,0,0,0,0,0
2021-01-13T23:59:59+01:00,1,0,58,85,245,409,319,665,377,977,556,758,363,343,361,613,246,1037,0,0,0,0,0,0,0,0,0,0,0,0,0,0,0,0,7413,0,0,0,0,0,0,0,0
2021-01-12T23:59:59+01:00,0,0,47,69,200,351,257,540,277,803,405,593,243,217,226,405,166,691,0,0,0,0,0,0,0,0,0,0,0,0,0,0,0,0,5490,0,0,0,0,0,0,0,0
2021-01-11T23:59:59+01:00,0,0,32,50,174,303,210,439,217,646,297,419,149,126,128,248,88,397,0,0,0,0,0,0,0,0,0,0,0,0,0,0,0,0,3923,0,0,0,0,0,0,0,0
2021-01-10T23:59:59+01:00,0,0,24,41,152,254,180,362,178,535,248,358,128,106,113,204,77,320,0,0,0,0,0,0,0,0,0,0,0,0,0,0,0,0,3280,0,0,0,0,0,0,0,0
2021-01-09T23:59:59+01:00,0,0,24,41,151,252,179,360,177,530,247,357,127,105,113,204,77,320,0,0,0,0,0,0,0,0,0,0,0,0,0,0,0,0,3264,0,0,0,0,0,0,0,0
2021-01-08T23:59:59+01:00,0,0,22,40,149,243,171,350,164,499,218,331,103,89,108,189,71,298,0,0,0,0,0,0,0,0,0,0,0,0,0,0,0,0,3045,0,0,0,0,0,0,0,0
2021-01-07T23:59:59+01:00,0,0,1,0,4,9,8,13,10,6,16,11,10,9,14,21,2,32,0,0,0,0,0,0,0,0,0,0,0,0,0,0,0,0,166,0,0,0,0,0,0,0,0
2021-01-06T23:59:59+01:00,0,0,0,0,1,3,1,5,5,2,3,6,6,2,7,10,1,14,0,0,0,0,0,0,0,0,0,0,0,0,0,0,0,0,66,0,0,0,0,0,0,0,0
2021-01-05T23:59:59+01:00,0,0,0,0,1,3,1,5,5,2,3,5,6,2,6,9,1,13,0,0,0,0,0,0,0,0,0,0,0,0,0,0,0,0,62,0,0,0,0,0,0,0,0
2021-01-04T23:59:59+01:00,0,0,0,0,1,3,1,4,4,2,3,5,6,2,5,8,1,13,0,0,0,0,0,0,0,0,0,0,0,0,0,0,0,0,58,0,0,0,0,0,0,0,0
2021-01-03T23:59:59+01:00,0,0,0,0,1,2,1,4,4,2,3,5,5,2,5,8,1,13,0,0,0,0,0,0,0,0,0,0,0,0,0,0,0,0,56,0,0,0,0,0,0,0,0
2021-01-02T23:59:59+01:00,0,0,0,0,1,2,1,4,4,2,3,5,5,2,5,8,1,13,0,0,0,0,0,0,0,0,0,0,0,0,0,0,0,0,56,0,0,0,0,0,0,0,0
2021-01-01T23:59:59+01:00,0,0,0,0,1,2,1,3,4,2,3,5,5,2,5,8,1,13,0,0,0,0,0,0,0,0,0,0,0,0,0,0,0,0,55,0,0,0,0,0,0,0,0
2020-12-31T23:59:59+01:00,0,0,0,0,1,2,1,3,4,2,3,5,5,2,5,8,1,13,0,0,0,0,0,0,0,0,0,0,0,0,0,0,0,0,55,0,0,0,0,0,0,0,0
2020-12-30T23:59:59+01:00,0,0,0,0,1,2,1,3,4,2,3,5,5,2,5,8,1,13,0,0,0,0,0,0,0,0,0,0,0,0,0,0,0,0,55,0,0,0,0,0,0,0,0
2020-12-29T23:59:59+01:00,0,0,0,0,1,1,1,2,4,1,2,5,5,2,5,8,1,13,0,0,0,0,0,0,0,0,0,0,0,0,0,0,0,0,51,0,0,0,0,0,0,0,0
2020-12-28T23:59:59+01:00,0,0,0,0,1,1,1,1,2,0,1,5,4,1,1,0,0,2,0,0,0,0,0,0,0,0,0,0,0,0,0,0,0,0,20,0,0,0,0,0,0,0,0
2020-12-27T23:59:59+01:00,0,0,0,0,1,1,1,1,2,0,0,3,2,0,1,0,0,2,0,0,0,0,0,0,0,0,0,0,0,0,0,0,0,0,14,0,0,0,0,0,0,0,0
