Datum,<15_m,<15_w,15-24_1_m,15-24_1_w,25-34_1_m,25-34_1_w,35-44_1_m,35-44_1_w,45-54_1_m,45-54_1_w,55-64_1_m,55-64_1_w,65-74_1_m,65-74_1_w,75-84_1_m,75-84_1_w,>84_1_m,>84_1_w,<24_2_m,<24_2_w,25-34_2_m,25-34_2_w,35-44_2_m,35-44_2_w,45-54_2_m,45-54_2_w,55-64_2_m,55-64_2_w,65-74_2_m,65-74_2_w,75-84_2_m,75-84_2_w,>84_2_m,>84_2_w,bp_1,bp_2,mo_1,mo_2,az_1,az_2,ja,unb_1,unb_2
2021-07-30T23:59:59+02:00,2417,2227,30532,29730,47642,42482,49469,48304,60518,60916,71011,71767,52372,57962,36270,47029,11073,21051,15288,14696,29521,26765,33759,33554,52385,52984,64965,66038,49674,54881,34874,45129,10685,20222,540845,421614,75551,65606,105329,97728,21018,29,27
2021-07-29T23:59:59+02:00,2389,2207,30392,29642,47561,42424,49418,48240,60461,60876,70967,71722,52354,57944,36262,47014,11070,21047,15001,14433,29227,26570,32577,32679,51652,52412,64632,65793,49581,54795,34835,45073,10680,20215,540216,419024,75545,63102,105322,97651,20878,29,27
2021-07-28T23:59:59+02:00,2345,2170,30245,29534,47483,42358,49348,48172,60393,60798,70904,71668,52330,57907,36244,46994,11069,21042,14614,14072,28799,26263,32214,32359,50947,51816,64251,65474,49489,54695,34801,45016,10665,20199,539304,414996,75541,63050,105316,97266,20814,29,27
2021-07-27T23:59:59+02:00,2269,2103,30025,29292,47345,42200,49213,48045,60289,60684,70811,71587,52275,57847,36218,46957,11062,21035,14007,13450,28096,25678,31513,31747,49749,50764,63546,64928,49305,54493,34736,44904,10658,20181,537620,407093,75531,63025,105310,97175,20767,29,27
2021-07-26T23:59:59+02:00,2209,2052,29832,29066,47230,42075,49144,47965,60229,60622,70761,71543,52251,57816,36207,46945,11060,21026,13653,13087,27757,25406,30923,31349,48246,49448,62599,64121,49104,54293,34673,44825,10648,20169,536439,399650,75528,63020,105306,97145,20731,29,27
2021-07-25T23:59:59+02:00,1963,1856,29031,28416,46846,41771,48872,47688,60001,60411,70587,71387,52196,57743,36180,46903,11059,21020,13563,13029,27664,25345,30845,31302,48133,49387,62512,64073,49084,54277,34667,44817,10648,20168,532388,399069,75527,63013,105299,96985,20687,29,27
2021-07-24T23:59:59+02:00,1883,1789,28798,28202,46715,41686,48781,47605,59865,60305,70477,71319,52155,57717,36164,46883,11057,21020,13447,12937,27481,25232,30712,31192,47946,49241,62373,63992,49050,54254,34654,44801,10646,20166,531705,398503,75525,63010,105299,96983,19863,29,27
2021-07-23T23:59:59+02:00,1783,1681,28503,27913,46480,41546,48539,47410,59640,60126,70285,71205,52087,57652,36148,46848,11053,21012,13214,12723,27066,24930,30352,30903,47375,48768,62053,63770,48971,54195,34635,44758,10641,20158,530826,396175,75151,62957,105288,96981,18617,29,27
2021-07-22T23:59:59+02:00,1771,1674,28427,27837,46353,41413,48349,47213,59475,59995,70171,71082,52044,57615,36132,46832,11053,21012,12988,12474,26734,24599,30005,30588,45469,47223,61254,63073,48875,54094,34597,44715,10638,20148,530536,389540,74074,62810,105249,96760,18560,29,27
2021-07-21T23:59:59+02:00,1738,1637,28165,27634,45981,41084,47775,46664,58907,59525,69725,70706,51878,57456,36075,46779,11044,20999,12563,12042,26167,24059,29437,30025,41771,44008,59791,61819,48709,53918,34534,44633,10628,20121,529997,378004,70889,62314,105097,96320,17760,29,27
2021-07-20T23:59:59+02:00,1716,1622,28046,27506,45919,41027,47730,46628,58853,59476,69673,70662,51845,57430,36059,46753,11040,20991,12071,11519,25432,23371,28792,29278,38340,41031,58247,60361,48507,53698,34453,44541,10610,20101,529326,367660,70869,58954,105081,96198,17671,29,27
2021-07-19T23:59:59+02:00,1711,1621,28018,27471,45898,41014,47720,46615,58840,59461,69661,70660,51843,57426,36059,46750,11038,20991,12026,11492,25370,23338,28763,29246,38296,40999,58207,60334,48503,53690,34452,44538,10607,20100,529183,367350,70869,58941,105068,96150,17648,29,27
2021-07-18T23:59:59+02:00,1706,1616,27993,27445,45875,41005,47706,46602,58834,59451,69654,70651,51841,57425,36058,46748,11038,20990,11964,11467,25288,23299,28704,29213,38236,40972,58147,60294,48501,53686,34449,44537,10607,20100,529055,367020,70867,58912,105058,96030,17629,29,27
2021-07-17T23:59:59+02:00,1706,1614,27974,27432,45860,40996,47697,46598,58827,59446,69647,70647,51836,57422,36057,46748,11038,20990,11937,11456,25255,23263,28672,29193,38216,40955,58114,60270,48491,53678,34447,44537,10607,20100,528979,366774,70867,58910,105058,96028,17602,29,27
2021-07-16T23:59:59+02:00,1691,1595,27712,27245,45581,40834,47476,46427,58534,59249,69421,70506,51731,57351,36015,46714,11033,20988,11687,11263,24932,23027,28376,28966,37826,40685,57612,59850,48356,53567,34397,44489,10601,20096,528668,365580,70866,58908,104934,95756,15606,29,27
2021-07-15T23:59:59+02:00,1595,1486,27262,26870,45332,40605,47333,46315,58395,59139,69320,70421,51692,57310,36000,46692,11032,20982,11399,11041,24462,22692,28014,28695,37434,40409,55577,57817,48186,53367,34340,44405,10593,20085,526412,358699,70863,58823,104925,95547,15552,29,27
2021-07-14T23:59:59+02:00,1433,1358,26717,26351,45030,40319,47137,46132,58215,58943,69161,70276,51634,57252,35974,46662,11026,20977,11214,10856,24058,22340,27663,28377,36911,40010,54361,56646,48051,53218,34290,44341,10585,20063,523314,355017,70857,57166,104906,95402,15491,29,27
2021-07-13T23:59:59+02:00,1151,1058,25773,25460,44537,39912,46783,45815,57893,58663,68889,70029,51522,57128,35931,46609,11022,20962,10869,10519,23530,21801,27047,27794,35537,38820,50242,52754,47690,52829,34162,44193,10568,20035,517974,345809,70850,51970,104902,95296,15382,29,27
2021-07-12T23:59:59+02:00,689,661,24407,24214,43980,39439,46586,45602,57684,58470,68708,69860,51463,57038,35913,46584,11020,20954,10639,10411,23326,21664,26797,27660,35296,38655,49807,52339,47618,52745,34133,44159,10568,20029,512141,344369,70849,51944,104897,94233,15356,29,27
2021-07-11T23:59:59+02:00,686,656,24386,24194,43952,39419,46568,45591,57671,58460,68695,69858,51462,57035,35910,46580,11019,20954,10543,10326,23112,21542,26533,27561,34989,38575,49097,51855,46137,51167,34043,44053,10568,20027,512058,343869,70846,51899,104885,89136,15278,29,27
2021-07-10T23:59:59+02:00,684,651,24379,24188,43947,39411,46565,45588,57664,58459,68695,69857,51462,57035,35910,46580,11019,20954,10531,10318,23088,21523,26519,27552,34966,38570,49084,51850,46123,51151,34041,44052,10568,20027,512024,343766,70843,51898,104883,89080,15269,29,27
2021-07-09T23:59:59+02:00,677,641,23932,23729,43673,39175,46495,45528,57605,58418,68645,69832,51446,57023,35906,46572,11018,20954,10454,10147,22994,21335,26459,27343,34900,38355,49020,51747,46101,51127,34037,44049,10568,20027,510275,342545,70840,51885,104879,89037,15246,29,27
2021-07-08T23:59:59+02:00,613,574,22858,22730,42875,38574,46243,45328,57397,58275,68448,69694,51369,56959,35878,46549,11016,20946,10200,9958,22618,21083,26067,27082,34424,38044,48416,51229,45766,50762,33967,43972,10561,20005,505612,338985,70815,51737,104821,88423,15049,29,27
2021-07-07T23:59:59+02:00,562,526,21538,21339,42140,37888,46026,45109,57162,58089,68282,69536,51284,56877,35841,46496,11009,20932,9828,9653,21745,20493,24969,26293,32592,36675,47503,50344,45266,50225,33863,43833,10554,19987,500255,334063,70644,47367,104797,87511,14911,29,27
2021-07-06T23:59:59+02:00,504,463,20315,20060,41299,37244,45557,44762,56772,57787,67961,69283,51185,56754,35797,46445,11001,20923,9438,9275,20886,19904,24017,25640,31118,35487,46319,49152,44490,49449,33729,43657,10541,19967,495813,326774,68727,45298,104775,86246,14768,29,27
2021-07-05T23:59:59+02:00,468,435,18911,18687,40445,36445,45343,44544,56592,57585,67801,69156,51130,56700,35776,46416,10999,20916,9151,9022,20326,19526,23353,25222,30480,35060,45561,48539,43737,48660,33599,43470,10532,19955,490133,321012,68725,45276,104772,85219,14697,22,27
2021-07-04T23:59:59+02:00,461,429,17143,16667,40110,36218,45258,44471,56509,57517,67723,69087,51097,56674,35766,46396,10997,20914,9091,8970,20188,19461,23179,25144,30226,34981,44771,48411,42374,47314,33521,43396,10530,19949,485337,320552,68695,45231,104755,81107,14628,22,26
2021-07-03T23:59:59+02:00,461,428,17122,16647,40061,36170,45242,44456,56502,57513,67717,69080,51095,56671,35766,46396,10997,20913,9048,8929,20123,19393,23120,25081,30142,34902,44551,48235,42306,47240,33476,43337,10527,19949,485155,319598,68693,45230,104754,80929,14613,22,26
2021-07-02T23:59:59+02:00,441,405,17008,16542,39593,35796,45129,44359,56449,57471,67669,69050,51084,56665,35760,46384,10997,20912,8889,8764,19795,19115,22735,24703,29723,34490,43926,47590,42104,47012,33378,43201,10522,19945,483662,316611,68677,44195,104752,80495,14601,22,26
2021-07-01T23:59:59+02:00,391,365,16704,16266,37867,34466,44563,43861,56191,57264,67498,68882,51004,56574,35732,46344,10993,20904,8517,8373,18935,18412,21774,23852,28341,33306,40905,44631,41109,45934,32767,42475,10505,19916,478210,309154,68604,39318,104729,76976,14304,22,26
2021-06-30T23:59:59+02:00,344,322,16419,16023,35684,32647,43946,43236,55971,57070,67297,68693,50922,56482,35703,46291,10989,20888,8161,8037,18268,17791,20894,23025,27069,32054,36281,39775,40032,44793,32106,41688,10484,19891,471398,298717,68562,33304,104710,74091,14235,22,26
2021-06-29T23:59:59+02:00,305,285,16199,15824,34685,31570,43498,42793,55790,56912,67128,68545,50846,56408,35666,46246,10981,20881,7581,7432,17138,16859,19645,21809,25380,30384,33541,36658,37188,41753,31367,40804,10461,19853,467219,282568,68554,33257,104696,67953,14071,22,23
2021-06-28T23:59:59+02:00,295,266,16058,15669,32968,30151,43178,42500,55628,56774,67010,68440,50800,56355,35650,46225,10978,20869,7279,7171,16591,16484,19252,21495,24872,30000,32951,36160,35813,40269,30580,39870,10457,19842,462814,279526,68532,33207,104672,62572,13774,22,23
2021-06-27T23:59:59+02:00,295,266,16036,15647,32815,30064,43116,42471,55591,56765,66984,68432,50795,56351,35647,46224,10978,20868,7235,7144,16454,16417,19088,21433,24670,29927,32723,36021,34560,39001,28956,37950,10456,19841,462494,279357,68530,33168,104665,55709,13634,22,23
2021-06-26T23:59:59+02:00,293,264,16015,15627,32791,30048,43071,42431,55568,56751,66978,68429,50793,56350,35645,46223,10978,20868,7231,7132,16436,16405,19072,21425,24637,29905,32702,36000,34547,38989,28954,37947,10456,19841,462275,279166,68528,33168,104665,55704,13633,22,23
2021-06-25T23:59:59+02:00,288,263,15962,15582,32678,29949,42882,42273,55512,56707,66938,68405,50783,56339,35641,46222,10978,20868,7045,6856,16156,15897,18806,20774,24272,28970,32316,35281,34385,38773,28931,37917,10456,19841,461461,276503,68527,33159,104648,53394,13612,22,23
2021-06-24T23:59:59+02:00,268,250,15694,15385,32231,29663,41417,41031,55054,56353,66708,68248,50730,56284,35625,46195,10973,20858,6730,6632,15465,15454,17358,19763,22204,27419,31220,34388,33983,38353,28808,37737,10444,19827,456920,266843,68526,33107,104644,52971,12855,22,23
2021-06-23T23:59:59+02:00,254,233,15414,15096,31737,29263,39327,39210,54507,55817,66459,68028,50641,56176,35585,46149,10968,20845,6529,6469,15107,15177,16835,19316,21330,26623,29532,33039,33229,37508,28617,37497,10437,19812,449883,259088,68480,33017,104641,52259,12683,22,22
2021-06-22T23:59:59+02:00,232,198,15033,14708,31070,28632,35891,36171,53598,55022,66158,67724,50535,56054,35548,46093,10965,20831,6354,6257,14707,14852,16038,18600,19915,25310,27932,31388,32433,36535,28081,36893,10419,19781,438977,249017,68448,32935,104637,51150,12379,22,22
2021-06-21T23:59:59+02:00,217,192,14795,14537,30383,28175,33729,34213,53137,54600,65980,67607,50454,55980,35522,46071,10960,20826,6259,6174,14547,14735,15868,18466,19795,25199,27825,31303,32278,36396,26875,35668,10419,19778,432182,248348,68426,32889,104605,48191,12143,22,22
2021-06-20T23:59:59+02:00,212,191,14670,14451,28538,26903,33144,33783,53051,54510,65916,67574,50433,55954,35514,46068,10959,20824,5816,5883,13614,14107,15059,17890,19247,24844,27517,31109,32115,36221,26849,35637,10417,19774,428016,243456,68422,32852,104579,48121,11656,22,22
2021-06-19T23:59:59+02:00,206,186,14645,14418,28425,26822,33113,33756,53029,54494,65900,67563,50427,55945,35512,46063,10958,20822,5601,5725,13052,13696,14452,17414,18921,24643,27324,30938,32037,36121,26832,35623,10417,19774,427611,239937,68421,32850,104579,48118,11651,22,22
2021-06-18T23:59:59+02:00,204,179,14556,14333,28325,26757,31867,32849,52663,54187,65767,67471,50396,55911,35494,46037,10954,20818,5536,5651,12954,13612,14288,17292,18685,24416,26504,30274,31833,35885,26766,35548,10413,19767,427123,237001,65453,32743,104570,48066,11600,22,22
2021-06-17T23:59:59+02:00,190,163,14186,14072,27731,26512,31378,32589,51876,53621,65341,67205,50317,55812,35461,45996,10948,20806,5161,5391,12170,13142,13502,16681,17595,23491,24354,28310,31194,35152,26570,35271,10396,19753,423945,228016,65448,32465,104546,47388,10250,15,22
2021-06-16T23:59:59+02:00,162,135,13764,13673,27269,26158,30939,32233,51064,52918,64891,66819,50202,55693,35432,45939,10937,20794,4797,4952,11451,12467,12714,15991,16497,22374,21391,25449,30129,33950,26274,34868,10381,19712,419111,214003,65406,32437,104540,46993,9950,15,22
2021-06-15T23:59:59+02:00,101,82,13136,13058,26518,25581,30158,31640,49814,51856,64180,66295,50023,55498,35364,45827,10928,20775,4301,4322,10482,11534,11563,14613,14767,20673,17969,22152,28761,32515,25890,34349,10355,19668,411414,195413,65390,32322,104535,46685,9480,15,22
2021-06-14T23:59:59+02:00,71,61,12733,12686,26113,25256,29497,31177,48022,50389,63130,65462,49808,55273,35287,45751,10920,20763,4201,4269,10307,11407,11423,14482,14589,20553,17777,21994,28691,32435,25871,34322,10352,19667,403559,194985,65381,32050,104533,46380,8911,15,22
2021-06-13T23:59:59+02:00,70,60,12692,12642,26041,25224,29434,31150,47968,50364,63095,65439,49801,55270,35285,45748,10919,20760,4048,4192,9980,11279,11101,14371,14295,20443,17380,21651,27187,30800,25731,34127,10348,19656,403358,194253,65309,27395,104526,46173,8754,15,22
2021-06-12T23:59:59+02:00,70,59,12675,12626,26027,25214,29423,31138,47909,50294,63053,65403,49800,55267,35285,45748,10919,20760,4046,4182,9964,11265,11093,14357,14276,20426,17360,21642,27146,30755,25726,34121,10348,19656,403067,194070,65309,27393,104525,46132,8754,15,22
2021-06-11T23:59:59+02:00,68,56,12576,12495,25902,25100,29302,31014,47673,50069,62921,65284,49776,55241,35274,45737,10917,20758,3952,3914,9441,10077,10662,13450,13987,19871,17087,21165,26740,30335,25636,34039,10345,19654,401802,193029,65300,27389,104482,41359,8564,15,22
2021-06-10T23:59:59+02:00,61,49,12332,12283,25585,24820,28959,30747,46603,49055,62186,64715,49691,55147,35240,45685,10907,20745,3685,3550,8671,8830,9764,11808,12687,17126,15305,17577,25037,28420,25340,33740,10339,19630,396938,187545,65249,26950,104281,28672,8327,15,22
2021-06-09T23:59:59+02:00,48,37,12041,11961,25178,24415,28566,30351,44598,47233,61098,63777,49587,55027,35194,45631,10902,20727,3441,3431,8256,8577,9256,11489,12177,16737,14602,16985,21217,24121,25115,33439,10327,19604,388964,176030,65128,26608,104280,28137,7984,15,22
2021-06-08T23:59:59+02:00,42,26,11611,11431,24517,23792,27911,29689,41433,44390,59325,62146,49419,54837,35122,45541,10892,20705,3232,3295,7860,8319,8641,11117,11512,16312,13947,16343,15847,18188,24724,32914,10309,19576,376326,160873,65067,26275,104270,27835,7151,15,9
2021-06-07T23:59:59+02:00,37,19,11450,11242,24167,23518,27635,29483,38806,42462,58896,61784,49385,54806,35110,45520,10890,20699,3136,3227,7553,8144,8324,10941,10941,15863,13447,15866,15771,18110,24696,32864,10307,19569,370689,160559,64640,24455,104261,27437,6306,13,9
2021-06-06T23:59:59+02:00,34,18,11315,11136,23849,23289,27426,29311,37208,41276,58772,61706,49360,54778,35102,45506,10890,20697,3035,3178,7283,8056,8055,10778,10206,15182,12853,15249,15621,17999,24682,32841,10305,19569,370282,160446,61262,21307,104251,27272,5865,13,9
2021-06-05T23:59:59+02:00,34,17,11297,11119,23806,23254,27391,29285,37181,41262,58674,61621,49349,54772,35100,45504,10890,20694,3023,3167,7260,8024,8026,10762,10176,15168,12813,15225,15500,17835,24677,32833,10304,19568,369952,160022,61260,21306,104251,27257,5774,13,9
2021-06-04T23:59:59+02:00,34,15,11112,10860,23444,22790,27119,28888,36756,40813,58056,61082,49315,54731,35090,45486,10889,20688,2999,3150,7231,8008,8005,10744,10147,15143,12779,15191,15289,17629,24666,32812,10302,19567,368157,159439,58992,21293,104238,27160,5768,13,9
2021-06-03T23:59:59+02:00,32,14,10892,10644,22987,22397,26694,28553,35661,39986,55298,58732,49187,54573,35047,45423,10884,20673,2910,3070,7024,7855,7550,10448,9122,14517,11541,14496,14111,16165,24489,32595,10290,19548,364224,156098,54067,17591,104188,26854,5186,12,9
2021-06-02T23:59:59+02:00,32,14,10857,10611,22951,22363,26663,28528,35630,39945,55171,58574,49173,54550,35041,45416,10884,20672,2870,3041,6969,7837,7492,10415,8968,14478,11318,14434,12767,14693,24370,32423,10285,19541,363640,152307,54061,17580,104188,26838,5174,12,9
2021-06-01T23:59:59+02:00,19,7,10444,10269,22296,21856,25980,27946,34909,39368,52173,55429,48784,54140,34923,45254,10868,20646,2412,2682,5621,7155,6225,9841,7581,13809,10187,13473,8464,9143,23897,31743,10262,19483,352891,134152,53891,17214,104169,26262,4348,12,9
2021-05-31T23:59:59+02:00,18,6,10170,10041,21724,21459,25573,27696,34588,39164,50725,54033,48685,54015,34890,45213,10861,20638,2303,2558,5336,6910,5966,9621,7216,13569,9931,13314,8413,9081,23871,31696,10254,19470,348165,133384,53852,17095,104145,25703,3325,12,9
2021-05-30T23:59:59+02:00,17,6,10116,9993,21636,21422,25508,27662,34476,39093,50362,53693,48661,53990,34884,45207,10859,20635,2268,2528,5231,6832,5864,9554,7027,13481,9706,13218,8369,9034,23855,31689,10253,19465,346985,132791,53833,16922,104131,25400,3259,12,9
2021-05-29T23:59:59+02:00,16,6,10101,9982,21603,21404,25491,27650,34455,39080,50349,53675,48657,53986,34881,45206,10859,20635,2249,2474,5187,6707,5804,9422,6911,13284,9568,12998,8296,8944,23788,31622,10252,19464,346831,132514,53833,16871,104110,24333,3250,12,9
2021-05-28T23:59:59+02:00,16,6,10043,9914,21528,21296,25413,27532,34378,38980,50271,53577,48636,53968,34873,45196,10859,20631,2165,2209,4569,6166,5184,8700,6540,12321,9074,12004,8121,8747,23420,31142,10251,19461,345988,131024,53822,16773,104052,19032,3243,12,9
2021-05-27T23:59:59+02:00,15,6,9779,9666,21000,20919,24870,27174,33855,38602,49657,52969,48468,53775,34803,45121,10855,20612,1924,1941,3989,5645,4507,8098,6032,11556,8134,10686,7617,8089,21867,28993,10236,19439,341712,125382,53413,15639,103943,14662,3066,12,9
2021-05-26T23:59:59+02:00,15,6,9505,9420,20276,20351,24002,26503,32594,37574,48893,52266,48214,53486,34729,45007,10844,20588,1869,1871,3895,5518,4374,7935,5826,11295,7809,10304,7057,7363,19447,25573,10218,19396,337006,116931,50438,15385,103890,14502,2927,12,9
2021-05-25T23:59:59+02:00,14,6,9240,9186,19863,19994,23564,26112,32086,37060,48000,51290,47916,53171,34646,44867,10832,20558,1803,1823,3775,5421,4238,7790,5618,11073,7499,9985,6434,6525,15340,20220,10198,19338,331436,104794,50358,15341,103817,14158,2782,12,9
2021-05-24T23:59:59+02:00,13,6,9022,9031,19296,19706,22795,25725,30573,36042,47776,51117,47823,53070,34617,44837,10830,20557,1778,1808,3730,5387,4175,7748,5553,11014,7424,9929,6408,6501,15326,20211,10198,19338,329857,104678,46558,15329,103760,13867,2649,12,9
2021-05-23T23:59:59+02:00,13,6,8814,8824,18938,19414,22373,25377,30149,35721,47184,50606,47391,52615,34515,44691,10822,20548,1776,1807,3721,5382,4171,7745,5544,11004,7415,9920,6404,6490,15326,20209,10198,19338,325026,104623,46557,15327,103759,13848,2647,12,9
2021-05-22T23:59:59+02:00,13,6,8783,8787,18889,19371,22326,25345,30096,35691,47075,50536,47372,52593,34512,44682,10819,20548,1775,1804,3709,5369,4167,7739,5540,10998,7408,9916,6402,6488,15324,20209,10198,19338,324483,104591,46557,15327,103758,13827,2634,12,9
2021-05-21T23:59:59+02:00,12,6,8509,8434,18450,18856,21968,24703,29670,34882,46586,49871,47284,52471,34474,44639,10816,20543,1712,1763,3630,5330,4125,7705,5508,10953,7367,9867,6374,6462,15247,20112,10197,19337,319288,104280,46528,15326,103734,13466,2612,12,9
2021-05-20T23:59:59+02:00,12,6,7935,7883,17502,18063,20965,23785,28351,33685,44838,48051,46845,52011,34365,44485,10799,20524,1411,1602,3318,5041,3860,7317,5213,10474,6988,9415,6141,6209,13942,18577,10174,19298,307687,100547,46442,14846,103507,11125,2457,12,9
2021-05-19T23:59:59+02:00,12,6,7669,7568,16898,17459,20068,22912,27124,32430,43047,45963,46313,51455,34214,44265,10778,20494,1347,1519,3115,4826,3653,7066,4989,10121,6691,9084,5859,5877,11749,15743,10157,19239,296562,94342,46402,14377,103461,10074,2238,12,8
2021-05-18T23:59:59+02:00,11,6,7143,7024,15743,16434,18801,21663,25615,30802,40358,42732,45484,50510,33975,43960,10753,20452,1326,1493,3055,4755,3577,6947,4854,9988,6510,8872,5594,5602,10054,13578,10133,19184,280767,89222,45198,14327,103360,9838,2131,10,8
2021-05-17T23:59:59+02:00,11,6,7063,6963,15560,16324,18587,21494,25217,30475,38606,41095,45374,50432,33928,43894,10744,20429,1293,1470,2999,4710,3514,6888,4786,9886,6415,8771,5553,5562,10041,13561,10130,19176,280553,89156,40430,14045,103316,9657,1893,10,8
2021-05-16T23:59:59+02:00,10,5,6948,6911,15439,16236,18458,21388,25035,30361,35625,38326,45338,50397,33906,43870,10741,20424,1269,1453,2955,4670,3466,6831,4701,9818,6319,8691,5523,5525,10030,13545,10128,19173,280273,89109,34284,13777,103195,9551,1656,10,8
2021-05-15T23:59:59+02:00,10,5,6924,6880,15379,16178,18412,21348,24968,30318,35589,38285,45315,50370,33899,43865,10741,20424,1257,1427,2923,4597,3447,6762,4682,9737,6297,8641,5517,5520,10026,13544,10128,19173,279792,89055,34284,13773,103181,9203,1643,10,8
2021-05-14T23:59:59+02:00,10,5,6748,6512,15034,15680,18100,20931,24634,29856,35343,37933,45286,50339,33889,43860,10741,20422,1200,1366,2845,4493,3400,6660,4618,9586,6215,8512,5487,5476,10013,13535,10128,19172,278737,88970,34136,13754,100862,8400,1578,10,8
2021-05-13T23:59:59+02:00,10,5,6398,6196,14277,15096,17395,20303,23777,29114,34575,37263,44998,49996,33810,43735,10737,20411,1024,1281,2649,4384,3282,6539,4477,9420,6094,8369,5444,5438,9998,13519,10124,19167,272336,88823,33812,13672,100647,7419,1291,10,8
2021-05-12T23:59:59+02:00,10,5,5998,5924,13297,14419,16375,19502,23112,28678,34269,36982,44815,49802,33779,43704,10734,20408,1021,1279,2643,4379,3263,6535,4472,9410,6086,8364,5439,5433,9996,13514,10123,19166,266079,88766,33803,13662,100643,7414,1278,10,7
2021-05-11T23:59:59+02:00,10,5,5623,5700,12712,13973,14572,18063,20161,26154,31954,34655,43763,48542,33456,43232,10705,20359,959,1206,2527,4208,3157,6303,4353,9125,5971,8138,5368,5355,9954,13454,10115,19150,248800,88294,33526,13448,100205,6499,1098,10,7
2021-05-10T23:59:59+02:00,10,5,5475,5603,12440,13847,14222,17841,19359,25583,30576,33636,43231,47931,33399,43144,10697,20339,916,1147,2428,4047,3063,6101,4228,8861,5849,7942,5331,5326,9942,13438,10111,19141,243326,88187,33315,13387,99901,5507,786,10,7
2021-05-09T23:59:59+02:00,10,5,5069,5363,11247,13315,13222,17478,18338,25253,30033,33345,43175,47859,33374,43129,10694,20332,892,1117,2329,3943,2973,5962,4096,8686,5755,7837,5323,5312,9935,13434,10106,19138,237997,88142,33244,13345,99562,4919,428,10,7
2021-05-08T23:59:59+02:00,10,5,5058,5354,11225,13295,13197,17459,18308,25220,29993,33302,43167,47848,33373,43125,10694,20332,888,1111,2316,3935,2967,5962,4092,8680,5752,7834,5320,5309,9932,13429,10106,19138,237728,88114,33243,13345,99561,4885,423,10,7
2021-05-07T23:59:59+02:00,10,5,4958,5271,10997,13127,12905,17243,17702,24620,29046,32408,42976,47608,33317,43053,10690,20326,861,1080,2280,3880,2921,5916,4037,8626,5669,7781,5273,5262,9920,13420,10106,19137,235238,87979,31353,13342,99453,4636,208,10,7
2021-05-06T23:59:59+02:00,10,5,4543,4991,10329,12710,12146,16579,16098,23177,26499,30016,42273,46859,33151,42817,10674,20303,805,1025,2144,3630,2753,5607,3843,8153,5473,7459,5222,5209,9897,13392,10104,19129,226476,87796,28006,13028,98640,2969,48,10,7
2021-05-05T23:59:59+02:00,10,5,4230,4764,9734,12264,11427,15999,14996,22151,23651,27258,41296,45754,32869,42430,10656,20262,791,1003,2082,3505,2696,5452,3750,7942,5377,7323,5173,5154,9861,13354,10102,19126,213467,87537,27823,12890,98416,2220,40,10,7
2021-05-04T23:59:59+02:00,10,5,3880,4307,9065,11567,10656,15159,13692,20897,20048,23851,39948,44295,32497,41911,10633,20224,773,973,2016,3388,2626,5317,3658,7791,5282,7200,5135,5109,9832,13325,10100,19123,196404,87322,27805,12593,98392,1695,34,10,7
2021-05-03T23:59:59+02:00,10,4,3638,3885,8656,11073,10178,14534,13157,20242,19326,23205,39683,44044,32418,41808,10630,20209,759,944,1949,3283,2569,5210,3598,7677,5232,7113,5120,5098,9817,13308,10097,19118,190546,87182,27793,12585,98329,1099,22,10,7
2021-05-02T23:59:59+02:00,10,4,3635,3883,8638,11066,10169,14526,13136,20230,19309,23196,39682,44043,32417,41807,10629,20209,755,927,1919,3202,2523,5114,3551,7552,5212,7047,5116,5095,9816,13304,10097,19116,190459,87164,27780,12554,98322,606,18,10,7
2021-05-01T23:59:59+02:00,10,4,3633,3876,8626,11053,10161,14517,13129,20228,19298,23187,39682,44041,32417,41807,10629,20209,754,927,1918,3202,2523,5114,3551,7552,5212,7047,5116,5095,9816,13304,10096,19116,190379,87163,27779,12553,98322,606,17,10,7
2021-04-30T23:59:59+02:00,10,3,3610,3853,8580,11017,10118,14478,13068,20189,19195,23036,39414,43718,32396,41787,10628,20209,751,923,1905,3193,2522,5105,3548,7545,5210,7040,5113,5092,9812,13303,10096,19116,189455,87137,27510,12550,98317,566,17,10,7
2021-04-29T23:59:59+02:00,10,3,3344,3680,8147,10744,9570,14193,12576,19826,18458,22309,36356,40269,32136,41419,10616,20171,738,909,1857,3132,2473,5039,3482,7403,5118,6941,5076,5058,9790,13261,10094,19110,183916,86935,21674,12394,98211,132,16,10,7
2021-04-28T23:59:59+02:00,10,3,3183,3613,7883,10634,9170,14021,12201,19589,17973,21874,32567,35952,31918,41118,10603,20149,722,893,1831,3093,2428,4990,3445,7346,5053,6879,5015,4998,9738,13203,10091,19101,172756,86727,21521,11962,98164,122,11,9,7
2021-04-27T23:59:59+02:00,9,3,3102,3547,7623,10502,8818,13848,11716,19364,17495,21385,27005,29761,31541,40611,10582,20117,712,879,1799,3056,2393,4944,3392,7287,4997,6803,4964,4929,9703,13152,10088,19092,157414,86519,21499,11538,98096,119,11,9,6
2021-04-26T23:59:59+02:00,9,3,3049,3513,7482,10437,8652,13789,11485,19296,16971,20998,26972,29729,31527,40596,10582,20117,689,848,1731,2996,2327,4888,3326,7198,4904,6701,4867,4854,9621,13069,10086,19089,156837,86393,21281,10668,97069,119,11,9,6
2021-04-25T23:59:59+02:00,9,3,3011,3496,7320,10385,8414,13739,11153,19252,16146,20527,25417,28072,31472,40533,10582,20114,689,846,1724,2991,2320,4885,3320,7190,4900,6692,4864,4849,9613,13057,10086,19089,156352,86369,21271,10630,92002,102,11,9,6
2021-04-24T23:59:59+02:00,9,3,3007,3490,7304,10372,8403,13731,11139,19243,16129,20509,25374,28009,31469,40527,10581,20113,689,846,1724,2990,2320,4885,3319,7190,4900,6692,4864,4848,9611,13056,10086,19089,156150,86363,21267,10630,91975,102,11,9,6
2021-04-23T23:59:59+02:00,9,3,2989,3472,7262,10329,8358,13686,11073,19183,16069,20445,24951,27505,31436,40471,10578,20110,681,839,1706,2981,2304,4856,3267,7152,4802,6597,4727,4725,9444,12858,10080,19074,154961,86074,21127,9903,91821,102,11,9,6
2021-04-22T23:59:59+02:00,8,3,2910,3390,7070,10146,7816,13278,9865,18390,14517,19404,22937,25073,31225,40202,10559,20082,616,788,1592,2869,2179,4692,3106,6981,4618,6397,4572,4551,8934,12205,10044,18995,150162,84166,15833,8876,90860,83,11,9,6
2021-04-21T23:59:59+02:00,8,3,2857,3342,6947,10057,7605,13124,9499,18149,14046,18958,20434,21937,30928,39816,10542,20056,567,764,1513,2791,2093,4601,2980,6838,4457,6233,4386,4372,8367,11448,10001,18906,143167,82383,15070,7845,90052,75,11,8,6
2021-04-20T23:59:59+02:00,8,3,2817,3303,6841,9968,7467,13015,9248,17931,13555,18568,17047,17876,30615,39341,10525,20020,537,730,1440,2727,2006,4522,2880,6720,4321,6072,4201,4178,7507,10243,9933,18754,134321,79476,14825,7212,88983,70,11,8,5
2021-04-19T23:59:59+02:00,8,3,2803,3296,6794,9927,7415,12980,9172,17857,13418,18453,16714,17495,30583,39306,10524,20016,478,690,1322,2632,1907,4425,2748,6562,4124,5880,3948,3876,5682,7828,9718,18359,134010,73669,14630,6430,88105,67,11,8,5
2021-04-18T23:59:59+02:00,8,3,2787,3282,6718,9901,7309,12932,8976,17790,12583,18325,15305,16090,30515,39245,10521,20009,473,685,1313,2624,1892,4414,2715,6533,4063,5831,3872,3805,5272,7206,9673,18276,133796,72187,14487,6384,83997,63,11,8,5
2021-04-17T23:59:59+02:00,8,3,2777,3278,6701,9879,7279,12911,8944,17751,12551,18305,15252,16040,30461,39173,10520,20009,473,683,1313,2623,1891,4410,2711,6528,4060,5827,3871,3803,5267,7205,9672,18275,133442,72152,14486,6384,83895,63,11,8,5
2021-04-16T23:59:59+02:00,8,3,2764,3264,6667,9864,7228,12872,8869,17699,12443,18203,15007,15763,29943,38527,10517,20002,473,681,1307,2618,1882,4408,2706,6522,4052,5819,3866,3797,5250,7175,9672,18273,131922,72055,14479,6373,83223,60,11,8,5
2021-04-15T23:59:59+02:00,8,3,2713,3207,6534,9763,7040,12694,8527,17426,11969,17738,13951,14547,27830,35721,10501,19979,464,675,1302,2593,1867,4385,2683,6494,4009,5766,3811,3722,5219,7124,9664,18261,126008,71741,14203,6237,79922,49,10,8,5
2021-04-14T23:59:59+02:00,7,1,2657,3158,6440,9668,6896,12533,8256,17159,11540,17277,12772,13165,23125,29645,10483,19925,461,669,1289,2584,1855,4368,2661,6469,3966,5729,3764,3671,5159,7070,9636,18224,113642,71451,14170,6085,76878,27,10,7,5
2021-04-13T23:59:59+02:00,7,1,2605,3124,6312,9582,6745,12402,7978,16910,11117,16856,10112,10244,20055,25484,10461,19883,445,644,1241,2541,1802,4306,2553,6367,3787,5568,3551,3486,5014,6934,9627,18202,105240,71109,13977,4924,70644,23,10,7,5
2021-04-12T23:59:59+02:00,7,1,2584,3110,6252,9554,6639,12315,7786,16782,10870,16649,8749,8755,19235,24513,10460,19874,439,635,1222,2526,1786,4285,2520,6326,3734,5516,3490,3437,4979,6893,9622,18180,105122,70973,13923,4587,65073,18,10,7,5
2021-04-11T23:59:59+02:00,7,1,2556,3102,6156,9527,6524,12278,7621,16732,10671,16544,7480,7478,17510,22537,10458,19871,439,635,1221,2524,1786,4284,2520,6326,3732,5511,3486,3436,4973,6891,9622,18180,105053,70963,13917,4577,58066,14,10,7,5
2021-04-10T23:59:59+02:00,7,1,2555,3100,6146,9522,6515,12273,7616,16727,10664,16535,7472,7466,17501,22531,10458,19871,438,632,1219,2521,1785,4282,2518,6321,3729,5510,3477,3422,4965,6877,9622,18180,104971,70903,13916,4570,58057,14,9,7,5
2021-04-09T23:59:59+02:00,7,1,2493,3002,6011,9312,6358,12011,7358,16320,10351,16036,7315,7261,17385,22351,10457,19869,433,627,1201,2509,1758,4267,2487,6272,3651,5431,3365,3312,4827,6788,9617,18177,104502,70821,13887,3878,55493,12,9,7,5
2021-04-08T23:59:59+02:00,7,1,2414,2930,5915,9193,6255,11883,7187,16134,10095,15848,7120,7002,16126,20891,10446,19839,426,622,1189,2477,1733,4231,2460,6199,3599,5365,3292,3267,4748,6683,9595,18132,100853,70381,13532,3615,54885,11,9,7,5
2021-04-07T23:59:59+02:00,7,1,2387,2894,5842,9122,6168,11808,7054,16035,9853,15697,6824,6674,13813,17943,10425,19792,421,621,1179,2464,1720,4208,2446,6159,3533,5306,3221,3215,4693,6624,9588,18104,94701,70108,13371,3373,54251,10,9,7,5
2021-04-06T23:59:59+02:00,7,1,2370,2861,5746,9056,6077,11729,6901,15922,9613,15514,6468,6312,11719,15343,10398,19733,418,614,1172,2438,1708,4185,2420,6121,3469,5241,3137,3165,4648,6570,9583,18088,89678,69865,13071,3093,53007,10,7,7,5
2021-04-05T23:59:59+02:00,7,1,2362,2852,5728,9039,6065,11710,6888,15903,9593,15489,6344,6214,10438,14056,10398,19732,414,606,1168,2423,1702,4169,2404,6091,3436,5200,3107,3128,4627,6524,9577,18072,89599,69675,13035,2956,50172,9,6,7,5
2021-04-04T23:59:59+02:00,7,1,2362,2852,5725,9036,6063,11710,6886,15903,9591,15488,6339,6210,10438,14054,10398,19732,414,605,1168,2422,1702,4169,2403,6091,3436,5200,3107,3128,4625,6524,9577,18072,89590,69671,13033,2955,50159,9,6,7,5
2021-04-03T23:59:59+02:00,7,1,2360,2844,5717,9029,6058,11706,6883,15899,9588,15486,6336,6205,10432,14051,10398,19732,414,605,1168,2422,1702,4169,2403,6091,3436,5199,3107,3128,4625,6524,9577,18072,89533,69670,13032,2955,50154,9,6,7,5
2021-04-02T23:59:59+02:00,7,1,2359,2842,5711,9022,6056,11703,6879,15898,9584,15484,6332,6199,10418,14022,10397,19731,412,603,1167,2422,1701,4168,2402,6091,3435,5192,3081,3111,4615,6515,9577,18072,89450,69593,13029,2954,50153,9,6,7,5
2021-04-01T23:59:59+02:00,7,1,2338,2839,5681,8993,6013,11661,6836,15843,9529,15428,6239,6102,10123,13676,10374,19683,410,588,1164,2416,1694,4157,2386,6074,3409,5171,3019,3064,4556,6443,9502,17960,88464,69046,13008,2951,49882,9,5,7,5
2021-03-31T23:59:59+02:00,7,1,2304,2812,5606,8928,5945,11568,6733,15731,9396,15293,6094,5960,9573,12938,10332,19593,405,582,1158,2405,1687,4141,2380,6062,3389,5137,2987,3031,4509,6384,9446,17859,86493,68599,12795,2949,49515,9,4,7,4
2021-03-30T23:59:59+02:00,7,1,2284,2796,5560,8870,5882,11493,6662,15634,9298,15150,5909,5746,8670,11602,10257,19411,403,580,1155,2401,1674,4124,2362,6040,3355,5093,2930,2963,4422,6285,9316,17620,83430,67899,12414,2811,49379,9,4,5,3
2021-03-29T23:59:59+02:00,6,1,2217,2742,5457,8759,5774,11344,6494,15403,9067,14895,5551,5371,6731,9068,10037,18991,396,576,1144,2390,1661,4112,2337,6014,3326,5036,2860,2898,4305,6181,9115,17290,77342,66952,11604,2676,48953,9,4,5,3
2021-03-28T23:59:59+02:00,6,1,2196,2729,5414,8700,5698,11266,6407,15317,8949,14776,5427,5219,6091,8139,9971,18875,387,570,1129,2374,1636,4085,2290,5953,3270,4944,2775,2819,4189,6036,9043,17154,75051,66493,11346,2151,48775,6,4,5,3
2021-03-27T23:59:59+01:00,6,1,2196,2724,5403,8694,5694,11251,6392,15295,8938,14763,5399,5192,6081,8136,9971,18874,387,570,1127,2373,1635,4080,2286,5950,3261,4937,2770,2816,4173,6011,8963,17007,74945,66186,11346,2150,48710,6,4,5,3
2021-03-26T23:59:59+01:00,6,1,2180,2704,5366,8656,5655,11202,6313,15225,8789,14614,5237,5043,5912,7957,9969,18866,383,562,1121,2360,1619,4051,2258,5914,3227,4883,2709,2753,3990,5756,8258,15832,74601,63554,10515,2112,48570,6,4,5,3
2021-03-25T23:59:59+01:00,6,0,2063,2623,5190,8441,5453,10926,6105,14926,8549,14325,5077,4889,5816,7838,9966,18858,374,548,1100,2335,1595,4023,2212,5857,3154,4806,2611,2651,3618,5263,7128,14099,74145,59473,9567,1892,47331,6,3,5,3
2021-03-24T23:59:59+01:00,6,0,1977,2575,5042,8281,5292,10733,5941,14688,8346,14093,4937,4730,5702,7722,9960,18849,370,537,1087,2307,1562,3968,2153,5792,3066,4705,2478,2537,3195,4646,5730,11880,73771,54458,8406,1546,46689,6,3,5,3
2021-03-23T23:59:59+01:00,6,0,1901,2522,4931,8159,5193,10591,5820,14495,8231,13926,4855,4644,5636,7663,9952,18831,359,512,1067,2272,1529,3910,2109,5703,2984,4614,2389,2442,2745,4014,3842,8671,73379,47757,7659,1398,46310,4,3,5,3
2021-03-22T23:59:59+01:00,6,0,1836,2463,4797,8023,5060,10417,5660,14262,8039,13713,4751,4532,5567,7554,9938,18787,332,495,1038,2235,1484,3837,2044,5594,2882,4463,2276,2290,2229,3335,1339,4563,72886,39265,6621,1165,45890,2,3,5,3
2021-03-21T23:59:59+01:00,6,0,1834,2457,4785,8008,5046,10407,5644,14245,8009,13689,4728,4517,5551,7542,9934,18787,331,495,1032,2221,1475,3808,2026,5556,2856,4413,2235,2242,2187,3294,1322,4518,72863,39125,6571,881,45748,2,2,5,3
2021-03-20T23:59:59+01:00,6,0,1834,2457,4784,8007,5045,10405,5643,14244,8002,13683,4727,4516,5543,7534,9934,18787,331,495,1032,2221,1475,3808,2026,5556,2855,4412,2234,2239,2187,3294,1322,4518,72852,39123,6571,877,45721,2,2,5,3
2021-03-19T23:59:59+01:00,6,0,1781,2209,4269,6715,4636,9423,5373,13687,7778,13280,4603,4419,5473,7468,9934,18787,330,495,1032,2221,1475,3807,2026,5555,2854,4412,2232,2238,2182,3288,1321,4516,72794,39108,6561,871,40479,2,2,5,3
2021-03-18T23:59:59+01:00,6,0,1726,1958,3851,5653,4106,8044,4556,11150,6422,9949,4237,4120,5271,7248,9913,18747,329,492,1025,2208,1468,3782,2000,5516,2829,4388,2211,2223,2157,3259,1316,4507,72364,38916,6499,789,28087,2,2,5,3
2021-03-17T23:59:59+01:00,6,0,1720,1949,3841,5627,4089,8014,4532,11086,6372,9877,4200,4073,5232,7204,9907,18724,326,491,1021,2200,1462,3773,1993,5501,2819,4362,2184,2196,2137,3244,1309,4493,72108,38765,6439,740,27899,2,2,5,3
2021-03-16T23:59:59+01:00,6,0,1698,1915,3782,5546,4018,7908,4403,10925,6167,9677,3977,3885,5092,7045,9901,18703,324,487,1020,2181,1457,3760,1984,5487,2810,4343,2176,2182,2125,3216,1301,4464,71798,38600,5164,711,27679,2,2,5,3
2021-03-15T23:59:59+01:00,6,0,1688,1895,3757,5512,3993,7871,4352,10856,6088,9593,3895,3818,5039,6985,9895,18678,321,483,1011,2164,1449,3754,1968,5451,2792,4315,2161,2150,2100,3155,1293,4426,71575,38382,4806,607,27535,2,0,5,3
2021-03-14T23:59:59+01:00,6,0,1682,1885,3749,5502,3988,7855,4343,10825,6080,9571,3888,3809,5034,6977,9894,18676,320,483,1009,2164,1445,3751,1965,5449,2774,4309,2155,2148,2089,3145,1289,4424,71543,38374,4790,542,27426,1,0,5,3
2021-03-13T23:59:59+01:00,6,0,1679,1880,3736,5479,3981,7846,4323,10814,6066,9556,3885,3806,5031,6974,9894,18676,320,483,1009,2164,1445,3751,1965,5448,2774,4308,2154,2147,2089,3143,1281,4419,71519,38355,4785,542,27323,1,0,5,3
2021-03-12T23:59:59+01:00,5,0,1640,1823,3222,5332,3466,7732,4189,10688,5841,9267,3720,3660,4890,6866,9869,18629,315,461,1005,2134,1437,3727,1945,5377,2721,4223,1975,1992,2029,3093,1274,4413,71307,37585,4066,534,25461,0,0,5,3
2021-03-11T23:59:59+01:00,5,0,1532,1687,2839,5071,3029,7477,3909,10275,5214,8375,3496,3484,4784,6749,9831,18579,314,460,1002,2121,1434,3707,1938,5358,2712,4206,1969,1984,2015,3076,1269,4395,70744,37463,3804,495,21783,0,0,5,3
2021-03-10T23:59:59+01:00,5,0,1502,1656,2800,5026,2994,7418,3854,10189,5106,8258,3370,3380,4669,6635,9788,18512,312,459,1000,2118,1432,3696,1934,5345,2700,4186,1952,1977,1990,3044,1258,4381,70337,37382,3474,400,21346,0,0,5,3
2021-03-09T23:59:59+01:00,5,0,1493,1640,2768,5001,2973,7374,3816,10129,5028,8178,3273,3297,4589,6546,9682,18302,309,458,997,2112,1425,3684,1908,5323,2658,4156,1911,1952,1940,3016,1246,4372,69746,37354,3207,111,21136,0,0,5,3
2021-03-08T23:59:59+01:00,5,0,1478,1627,2738,4975,2947,7344,3793,10081,5004,8116,3232,3257,4516,6482,9508,18003,309,458,995,2108,1417,3668,1891,5290,2639,4129,1893,1933,1915,2993,1240,4353,68959,37208,3198,21,20944,0,0,5,3
2021-03-07T23:59:59+01:00,5,0,1465,1617,2708,4930,2913,7296,3760,10019,4961,8056,3197,3224,4451,6382,9432,17859,309,457,995,2107,1416,3663,1888,5280,2638,4124,1889,1930,1911,2989,1237,4345,68424,37157,3144,19,20702,0,0,5,3
2021-03-06T23:59:59+01:00,5,0,1464,1615,2702,4919,2910,7287,3752,10012,4943,8040,3187,3214,4428,6343,9344,17690,309,457,993,2104,1416,3661,1882,5271,2636,4122,1884,1922,1905,2987,1236,4342,68034,37107,3144,19,20672,0,0,5,2
2021-03-05T23:59:59+01:00,5,0,1391,1536,2604,4757,2853,7130,3667,9805,4842,7844,3137,3155,4212,6057,8640,16503,309,457,991,2102,1411,3656,1880,5270,2632,4115,1875,1918,1900,2984,1231,4339,65393,37050,3141,19,19599,0,0,5,2
2021-03-04T23:59:59+01:00,5,0,1218,1432,2434,4557,2682,6861,3499,9460,4584,7503,3021,3032,3851,5600,7478,14689,308,449,982,2078,1395,3616,1852,5217,2604,4069,1847,1893,1867,2929,1204,4293,61203,36583,3138,19,17560,0,0,5,2
2021-03-03T23:59:59+01:00,5,0,1185,1379,2356,4449,2622,6738,3412,9295,4487,7359,2936,2962,3480,5001,6095,12509,304,440,971,2055,1383,3588,1838,5167,2550,4015,1800,1858,1843,2900,1189,4265,56168,36146,3112,19,16986,0,0,4,2
2021-03-02T23:59:59+01:00,5,0,1151,1343,2296,4393,2571,6647,3332,9173,4350,7210,2822,2835,2998,4336,4101,9157,299,431,966,2030,1370,3544,1825,5112,2518,3990,1790,1844,1824,2874,1178,4238,49145,35813,2864,19,16708,0,0,3,2
2021-03-01T23:59:59+01:00,5,0,1092,1313,2235,4331,2499,6560,3238,9047,4208,7022,2691,2698,2430,3595,1394,4714,298,428,958,2017,1358,3525,1817,5096,2507,3974,1774,1834,1807,2855,1166,4210,40118,35607,2478,16,16473,0,0,3,2
2021-02-28T23:59:59+01:00,5,0,1058,1299,2193,4294,2469,6517,3190,8990,4146,6963,2624,2652,2382,3564,1386,4694,298,427,956,2012,1356,3512,1814,5082,2501,3966,1767,1823,1794,2844,1159,4195,40022,35489,2186,16,16215,0,0,3,2
2021-02-27T23:59:59+01:00,5,0,1016,1216,2128,4051,2411,6283,3126,8692,4055,6709,2569,2595,2362,3540,1383,4694,298,427,955,2012,1356,3512,1814,5081,2500,3966,1767,1822,1792,2844,1159,4195,39916,35483,2185,16,14731,0,0,3,2
2021-02-26T23:59:59+01:00,4,0,849,962,1926,3659,2249,5615,2909,7771,3744,5915,2520,2542,2344,3526,1380,4692,298,427,955,2009,1354,3510,1812,5080,2498,3965,1767,1819,1785,2843,1157,4188,39901,35450,2098,16,10605,0,0,3,2
2021-02-25T23:59:59+01:00,4,0,506,805,1646,3460,2066,5311,2713,7376,3518,5612,2439,2466,2304,3465,1376,4678,288,406,930,1959,1324,3441,1782,4999,2469,3901,1742,1792,1747,2800,1130,4148,39706,34842,1841,15,8195,0,0,3,2
2021-02-24T23:59:59+01:00,3,0,486,787,1611,3363,2004,5181,2653,7193,3452,5470,2374,2419,2269,3436,1367,4645,279,402,915,1926,1310,3387,1769,4939,2445,3856,1731,1774,1738,2781,1118,4121,39518,34483,1672,7,7520,0,0,3,2
2021-02-23T23:59:59+01:00,3,0,467,751,1550,3260,1949,5041,2575,7061,3366,5365,2314,2360,2234,3380,1352,4614,278,398,910,1911,1303,3358,1760,4908,2424,3824,1711,1754,1718,2746,1103,4068,39372,34166,1401,7,6866,0,0,3,2
2021-02-22T23:59:59+01:00,2,0,451,720,1495,3160,1910,4902,2517,6843,3305,5221,2306,2264,2219,3301,1348,4569,277,395,906,1900,1295,3331,1743,4872,2410,3793,1692,1735,1691,2718,1088,4023,39161,33863,1138,5,6231,0,0,3,2
2021-02-21T23:59:59+01:00,2,0,443,682,1437,3018,1863,4752,2464,6684,3222,5117,2270,2231,2192,3281,1338,4564,277,394,903,1892,1294,3322,1739,4862,2406,3784,1690,1732,1690,2716,1088,4022,39120,33805,905,5,5532,0,0,3,2
2021-02-20T23:59:59+01:00,2,0,439,677,1429,3014,1857,4752,2461,6681,3218,5113,2267,2230,2192,3280,1337,4564,277,394,903,1891,1294,3321,1739,4862,2405,3783,1689,1731,1687,2716,1087,4020,39116,33793,901,5,5493,0,0,3,2
2021-02-19T23:59:59+01:00,1,0,418,640,1400,2952,1830,4698,2420,6581,3131,4995,2087,2068,2129,3231,1332,4558,275,393,901,1889,1293,3320,1739,4857,2402,3782,1687,1729,1685,2715,1087,4019,38364,33768,882,5,5222,0,0,3,1
2021-02-18T23:59:59+01:00,1,0,393,584,1295,2709,1726,4454,2282,6319,3029,4813,2058,2052,2113,3214,1327,4550,275,387,893,1856,1284,3281,1721,4809,2383,3746,1675,1718,1668,2703,1075,4001,38290,33470,809,5,3817,0,0,3,1
2021-02-17T23:59:59+01:00,1,0,378,553,1256,2579,1671,4279,2212,6076,2970,4664,2039,2033,2090,3194,1312,4541,266,370,858,1771,1241,3152,1660,4650,2309,3610,1598,1649,1594,2593,1026,3884,38134,32226,758,5,2953,0,0,3,1
2021-02-16T23:59:59+01:00,1,0,360,523,1202,2459,1621,4143,2133,5891,2889,4528,2030,2029,2082,3187,1307,4530,258,353,838,1691,1186,3016,1599,4446,2237,3436,1548,1596,1534,2493,999,3756,38075,30981,728,5,2109,0,0,3,1
2021-02-15T23:59:59+01:00,1,0,350,501,1129,2315,1576,4070,2101,5838,2861,4487,2011,2013,2061,3157,1300,4510,251,335,815,1646,1154,2941,1543,4313,2166,3317,1473,1532,1480,2386,957,3579,37970,29883,618,5,1690,0,0,3,1
2021-02-14T23:59:59+01:00,1,0,342,496,1106,2259,1513,3906,2059,5746,2830,4448,2005,2011,2050,3148,1298,4503,244,330,797,1619,1138,2902,1501,4261,2128,3287,1457,1511,1456,2350,942,3537,37952,29455,553,5,1213,0,0,3,1
2021-02-13T23:59:59+01:00,1,0,342,496,1105,2259,1513,3905,2057,5745,2830,4448,2004,2009,2049,3148,1297,4500,244,330,797,1619,1138,2902,1500,4260,2128,3287,1455,1508,1455,2349,942,3536,37941,29445,553,5,1212,0,0,2,1
2021-02-12T23:59:59+01:00,1,0,338,493,1088,2250,1508,3891,2052,5736,2827,4442,1990,1999,2043,3135,1292,4497,243,329,791,1614,1132,2893,1483,4241,2109,3274,1442,1492,1440,2318,935,3503,37874,29234,545,5,1161,0,0,2,1
2021-02-11T23:59:59+01:00,1,0,318,469,1024,2152,1454,3764,1958,5472,2742,4323,1960,1966,2003,3070,1267,4441,223,303,742,1510,1052,2668,1359,3884,1925,2967,1256,1285,1272,2043,829,3153,37485,26466,508,5,389,0,0,2,1
2021-02-10T23:59:59+01:00,1,0,312,460,1001,2112,1416,3685,1904,5310,2647,4141,1891,1916,1961,3032,1249,4415,199,258,649,1322,926,2287,1171,3282,1686,2552,1098,1112,1127,1799,722,2813,37077,22998,373,5,1,0,0,2,1
2021-02-09T23:59:59+01:00,1,0,306,450,993,2080,1400,3633,1861,5243,2580,4085,1835,1880,1893,2979,1228,4394,165,199,551,1062,778,1843,964,2672,1423,2140,952,952,938,1520,606,2400,36778,19165,60,0,1,0,0,2,1
2021-02-08T23:59:59+01:00,1,0,305,448,990,2073,1390,3617,1853,5220,2562,4069,1821,1868,1875,2961,1221,4369,114,164,451,850,615,1429,765,2022,1147,1658,766,777,748,1202,483,1951,36624,15142,16,0,1,0,0,2,1
2021-02-07T23:59:59+01:00,1,0,305,448,989,2072,1389,3610,1850,5217,2555,4066,1815,1859,1859,2954,1217,4363,105,145,401,704,541,1256,686,1807,1051,1511,693,697,672,1082,418,1735,36554,13504,13,0,0,0,0,2,1
2021-02-06T23:59:59+01:00,1,0,305,448,988,2071,1389,3607,1850,5215,2555,4063,1815,1858,1854,2952,1214,4361,105,144,396,701,536,1232,670,1788,1040,1489,690,693,667,1078,417,1731,36531,13378,13,0,0,0,0,2,0
2021-02-05T23:59:59+01:00,1,0,305,447,986,2068,1385,3598,1846,5201,2549,4057,1814,1857,1846,2944,1205,4348,101,137,381,683,519,1203,638,1736,992,1426,653,643,622,1004,391,1643,36442,12773,13,0,0,0,0,2,0
2021-02-04T23:59:59+01:00,1,0,298,430,975,2036,1366,3545,1827,5124,2533,4009,1798,1837,1821,2909,1188,4317,76,106,282,461,358,810,454,1175,681,967,505,469,481,794,305,1312,35999,9237,13,0,0,0,0,2,0
2021-02-03T23:59:59+01:00,1,0,294,421,957,2009,1350,3507,1814,5075,2499,3966,1778,1814,1805,2885,1175,4303,60,82,236,395,289,631,347,919,521,721,339,325,346,567,218,959,35638,6956,13,0,0,0,0,2,0
2021-02-02T23:59:59+01:00,1,0,290,414,951,1981,1342,3475,1803,5029,2476,3931,1760,1798,1779,2844,1154,4256,39,63,181,312,242,483,265,736,377,554,235,208,221,376,150,627,35269,5069,13,0,0,0,0,2,0
2021-02-01T23:59:59+01:00,1,0,289,412,946,1974,1339,3459,1795,5009,2468,3912,1753,1787,1764,2829,1148,4243,19,39,134,227,167,308,169,490,236,320,119,105,96,184,69,277,35113,2959,13,0,0,0,0,2,0
2021-01-31T23:59:59+01:00,1,0,288,411,944,1966,1336,3450,1792,4990,2464,3897,1749,1779,1760,2822,1146,4234,18,34,116,199,150,267,152,410,200,276,100,91,88,157,61,243,35014,2562,13,0,0,0,0,2,0
2021-01-30T23:59:59+01:00,1,0,288,411,944,1966,1336,3450,1792,4990,2464,3897,1748,1779,1760,2821,1146,4233,18,34,115,199,150,265,149,407,199,275,99,90,88,157,61,243,35011,2549,13,0,0,0,0,2,0
2021-01-29T23:59:59+01:00,1,0,286,408,942,1964,1335,3442,1786,4981,2461,3894,1742,1772,1751,2811,1139,4212,16,33,114,190,141,257,137,379,168,248,72,66,79,136,56,211,34913,2303,13,0,0,0,0,1,0
2021-01-28T23:59:59+01:00,1,0,281,400,923,1908,1311,3378,1761,4919,2433,3832,1720,1752,1720,2780,1121,4177,0,0,9,19,8,17,11,46,7,21,7,3,7,9,2,13,34404,179,12,0,0,0,0,1,0
2021-01-27T23:59:59+01:00,1,0,276,382,890,1828,1277,3264,1699,4796,2373,3732,1664,1704,1676,2714,1085,4095,0,0,4,6,5,11,7,20,3,12,6,3,7,9,2,12,33447,107,8,0,0,0,0,1,0
2021-01-26T23:59:59+01:00,1,0,270,373,881,1815,1263,3226,1682,4739,2343,3669,1633,1672,1639,2644,1068,4013,0,0,4,6,5,11,7,20,3,12,6,3,7,9,2,12,32924,107,6,0,0,0,0,1,0
2021-01-25T23:59:59+01:00,1,0,259,349,839,1697,1193,3062,1592,4468,2240,3460,1574,1619,1587,2560,1022,3845,0,0,1,3,1,3,4,3,3,5,6,3,6,8,2,12,31364,60,2,0,0,0,0,1,0
2021-01-24T23:59:59+01:00,1,0,256,346,828,1678,1183,3040,1561,4435,2214,3439,1563,1611,1577,2549,1017,3838,0,0,1,2,1,3,4,3,3,5,6,3,6,8,2,12,31133,59,2,0,0,0,0,1,0
2021-01-23T23:59:59+01:00,1,0,256,346,828,1678,1182,3039,1561,4431,2213,3438,1562,1611,1576,2548,1016,3833,0,0,1,2,1,3,4,3,3,5,6,3,6,8,2,12,31116,59,2,0,0,0,0,1,0
2021-01-22T23:59:59+01:00,1,0,255,344,822,1675,1178,3034,1558,4424,2201,3433,1550,1600,1570,2529,1011,3814,0,0,1,2,1,3,4,3,3,5,6,3,6,8,2,12,30996,59,2,0,0,0,0,1,0
2021-01-21T23:59:59+01:00,1,0,244,334,795,1609,1153,2907,1502,4264,2121,3298,1452,1497,1438,2366,932,3633,0,0,1,2,1,3,4,2,3,5,4,2,5,8,1,12,29543,53,2,0,0,0,0,1,0
2021-01-20T23:59:59+01:00,1,0,221,290,722,1453,1063,2593,1367,3804,1948,2944,1331,1352,1318,2172,861,3413,0,0,1,2,1,3,4,2,3,5,4,2,5,8,1,12,26850,53,2,0,0,0,0,1,0
2021-01-19T23:59:59+01:00,1,0,190,234,624,1206,918,2147,1147,3189,1667,2514,1151,1154,1092,1836,716,2900,0,0,1,1,1,2,4,1,2,5,4,2,5,8,1,12,22683,49,2,0,0,0,0,1,0
2021-01-18T23:59:59+01:00,1,0,132,185,490,945,709,1633,879,2320,1297,1903,901,923,873,1455,560,2311,0,0,0,0,0,0,0,0,1,2,2,1,0,0,0,0,17515,6,1,0,0,0,0,1,0
2021-01-17T23:59:59+01:00,1,0,119,159,430,774,624,1413,778,2067,1185,1714,837,844,793,1319,501,2105,0,0,0,0,0,0,0,0,0,1,0,0,0,0,0,0,15662,1,0,0,0,0,0,1,0
2021-01-16T23:59:59+01:00,1,0,119,158,426,773,622,1405,768,2063,1177,1707,835,839,788,1308,493,2090,0,0,0,0,0,0,0,0,0,0,0,0,0,0,0,0,15572,0,0,0,0,0,0,0,0
2021-01-15T23:59:59+01:00,1,0,109,152,414,753,596,1367,736,1985,1116,1626,791,787,745,1223,463,1976,0,0,0,0,0,0,0,0,0,0,0,0,0,0,0,0,14840,0,0,0,0,0,0,0,0
2021-01-14T23:59:59+01:00,1,0,75,112,297,486,395,882,508,1278,761,1065,577,545,542,902,353,1501,0,0,0,0,0,0,0,0,0,0,0,0,0,0,0,0,10280,0,0,0,0,0,0,0,0
2021-01-13T23:59:59+01:00,1,0,58,85,245,409,319,665,378,978,556,758,363,343,362,613,246,1037,0,0,0,0,0,0,0,0,0,0,0,0,0,0,0,0,7416,0,0,0,0,0,0,0,0
2021-01-12T23:59:59+01:00,0,0,47,69,200,351,257,540,278,804,405,593,243,217,227,405,166,691,0,0,0,0,0,0,0,0,0,0,0,0,0,0,0,0,5493,0,0,0,0,0,0,0,0
2021-01-11T23:59:59+01:00,0,0,32,50,174,303,210,439,218,647,297,419,149,126,129,248,88,397,0,0,0,0,0,0,0,0,0,0,0,0,0,0,0,0,3926,0,0,0,0,0,0,0,0
2021-01-10T23:59:59+01:00,0,0,24,41,152,254,180,362,179,536,248,358,128,106,114,204,77,320,0,0,0,0,0,0,0,0,0,0,0,0,0,0,0,0,3283,0,0,0,0,0,0,0,0
2021-01-09T23:59:59+01:00,0,0,24,41,151,252,179,360,177,530,247,357,127,105,114,204,77,320,0,0,0,0,0,0,0,0,0,0,0,0,0,0,0,0,3265,0,0,0,0,0,0,0,0
2021-01-08T23:59:59+01:00,0,0,22,40,149,243,171,350,164,499,218,331,103,89,109,189,71,298,0,0,0,0,0,0,0,0,0,0,0,0,0,0,0,0,3046,0,0,0,0,0,0,0,0
2021-01-07T23:59:59+01:00,0,0,1,0,4,9,8,13,10,6,16,11,10,9,14,21,2,32,0,0,0,0,0,0,0,0,0,0,0,0,0,0,0,0,166,0,0,0,0,0,0,0,0
2021-01-06T23:59:59+01:00,0,0,0,0,1,3,1,5,5,2,3,6,6,2,7,10,1,14,0,0,0,0,0,0,0,0,0,0,0,0,0,0,0,0,66,0,0,0,0,0,0,0,0
2021-01-05T23:59:59+01:00,0,0,0,0,1,3,1,5,5,2,3,5,6,2,6,9,1,13,0,0,0,0,0,0,0,0,0,0,0,0,0,0,0,0,62,0,0,0,0,0,0,0,0
2021-01-04T23:59:59+01:00,0,0,0,0,1,3,1,4,4,2,3,5,6,2,5,8,1,13,0,0,0,0,0,0,0,0,0,0,0,0,0,0,0,0,58,0,0,0,0,0,0,0,0
2021-01-03T23:59:59+01:00,0,0,0,0,1,2,1,4,4,2,3,5,5,2,5,8,1,13,0,0,0,0,0,0,0,0,0,0,0,0,0,0,0,0,56,0,0,0,0,0,0,0,0
2021-01-02T23:59:59+01:00,0,0,0,0,1,2,1,4,4,2,3,5,5,2,5,8,1,13,0,0,0,0,0,0,0,0,0,0,0,0,0,0,0,0,56,0,0,0,0,0,0,0,0
2021-01-01T23:59:59+01:00,0,0,0,0,1,2,1,3,4,2,3,5,5,2,5,8,1,13,0,0,0,0,0,0,0,0,0,0,0,0,0,0,0,0,55,0,0,0,0,0,0,0,0
2020-12-31T23:59:59+01:00,0,0,0,0,1,2,1,3,4,2,3,5,5,2,5,8,1,13,0,0,0,0,0,0,0,0,0,0,0,0,0,0,0,0,55,0,0,0,0,0,0,0,0
2020-12-30T23:59:59+01:00,0,0,0,0,1,2,1,3,4,2,3,5,5,2,5,8,1,13,0,0,0,0,0,0,0,0,0,0,0,0,0,0,0,0,55,0,0,0,0,0,0,0,0
2020-12-29T23:59:59+01:00,0,0,0,0,1,1,1,2,4,1,2,5,5,2,5,8,1,13,0,0,0,0,0,0,0,0,0,0,0,0,0,0,0,0,51,0,0,0,0,0,0,0,0
2020-12-28T23:59:59+01:00,0,0,0,0,1,1,1,1,2,0,1,5,4,1,1,0,0,2,0,0,0,0,0,0,0,0,0,0,0,0,0,0,0,0,20,0,0,0,0,0,0,0,0
2020-12-27T23:59:59+01:00,0,0,0,0,1,1,1,1,2,0,0,3,2,0,1,0,0,2,0,0,0,0,0,0,0,0,0,0,0,0,0,0,0,0,14,0,0,0,0,0,0,0,0
