Datum,<15_1_m,<15_1_w,15-24_1_m,15-24_1_w,25-34_1_m,25-34_1_w,35-44_1_m,35-44_1_w,45-54_1_m,45-54_1_w,55-64_1_m,55-64_1_w,65-74_1_m,65-74_1_w,75-84_1_m,75-84_1_w,>84_1_m,>84_1_w,<15_2_m,<15_2_w,15-24_2_m,15-24_2_w,25-34_2_m,25-34_2_w,35-44_2_m,35-44_2_w,45-54_2_m,45-54_2_w,55-64_2_m,55-64_2_w,65-74_2_m,65-74_2_w,75-84_2_m,75-84_2_w,>84_2_m,>84_2_w,bp_1,bp_2,mo_1,mo_2,az_1,az_2,ja,unb_1,unb_2
2021-11-06T23:59:59+01:00,6334,5958,41789,39765,57082,50904,57250,55289,67568,66870,76363,75992,54529,60165,37553,48585,11720,22340,5265,4915,37649,36138,52897,46971,53829,51894,64263,63610,73862,73578,53326,58772,36784,47490,11369,21600,612214,577117,79430,76648,105600,101631,38783,35,33
2021-11-05T23:59:59+01:00,6321,5941,41750,39738,57046,50856,57203,55261,67544,66852,76337,75979,54525,60158,37549,48576,11719,22338,5262,4911,37629,36132,52889,46963,53821,51887,64252,63599,73856,73572,53323,58770,36782,47487,11369,21600,611876,577034,79427,76645,105600,101631,38761,35,33
2021-11-04T23:59:59+01:00,6208,5803,41248,39290,56498,50415,56779,54931,67150,66559,76138,75850,54492,60112,37537,48547,11713,22331,5208,4850,37435,36002,52696,46825,53654,51767,64102,63486,73759,73509,53294,58745,36769,47472,11360,21595,608345,575976,79360,76620,105598,101630,38269,35,33
2021-11-03T23:59:59+01:00,6174,5761,41154,39227,56392,50325,56693,54852,67081,66496,76093,75808,54482,60093,37529,48532,11708,22327,5166,4818,37365,35940,52649,46780,53612,51712,64061,63446,73717,73476,53278,58721,36759,47453,11357,21587,607513,575379,79346,76615,105596,101627,38243,35,33
2021-11-02T23:59:59+01:00,6128,5712,41029,39121,56241,50208,56579,54749,66956,66419,76022,75748,54455,60069,37515,48519,11707,22317,5098,4751,37238,35794,52506,46638,53502,51596,63978,63350,73635,73391,53234,58681,36741,47421,11355,21577,606335,574031,79321,76583,105596,101627,38212,35,33
2021-11-01T23:59:59+01:00,6046,5634,40547,38760,55729,49863,56223,54502,66679,66220,75884,75660,54421,60043,37508,48512,11704,22310,5065,4710,37100,35683,52378,46547,53389,51515,63883,63292,73574,73348,53221,58668,36732,47406,11352,21570,603401,573314,79298,76542,105596,101625,37919,35,33
2021-10-31T23:59:59+01:00,6045,5634,40542,38754,55726,49860,56218,54498,66676,66217,75882,75658,54421,60043,37508,48512,11704,22310,5065,4710,37098,35680,52378,46546,53387,51514,63882,63292,73574,73348,53221,58668,36732,47406,11352,21570,603370,573307,79295,76542,105596,101625,37916,35,33
2021-10-30T23:59:59+02:00,6041,5632,40539,38754,55719,49857,56217,54496,66674,66216,75882,75656,54421,60043,37508,48512,11704,22310,5065,4710,37098,35680,52378,46545,53386,51513,63881,63291,73574,73348,53220,58668,36732,47406,11352,21570,603344,573302,79295,76542,105596,101625,37915,35,33
2021-10-29T23:59:59+02:00,6038,5627,40521,38738,55705,49839,56200,54487,66655,66209,75865,75651,54418,60040,37507,48511,11700,22310,5063,4707,37089,35669,52377,46540,53382,51508,63878,63285,73566,73340,53215,58667,36731,47403,11351,21569,603191,573233,79291,76539,105596,101623,37912,35,33
2021-10-28T23:59:59+02:00,5943,5530,40014,38391,55251,49513,55803,54192,66315,65989,75699,75543,54380,60011,37496,48485,11697,22301,5004,4662,36914,35554,52219,46427,53243,51403,63731,63206,73485,73293,53190,58641,36717,47385,11349,21562,600147,572284,79252,76518,105593,101622,37528,35,33
2021-10-27T23:59:59+02:00,5918,5509,39963,38331,55181,49458,55746,54143,66251,65962,75673,75524,54364,59999,37490,48474,11696,22295,4980,4636,36863,35514,52169,46393,53212,51367,63687,63155,73450,73267,53168,58621,36711,47374,11346,21551,599588,571789,79243,76506,105593,101616,37520,35,33
2021-10-26T23:59:59+02:00,5870,5475,39855,38237,55080,49356,55673,54076,66184,65895,75621,75483,54349,59983,37478,48458,11693,22291,4927,4593,36760,35372,52074,46308,53145,51285,63634,63094,73390,73215,53135,58600,36697,47349,11340,21538,598689,570810,79242,76498,105593,101615,37500,35,33
2021-10-25T23:59:59+02:00,5808,5407,39625,38004,54799,49156,55421,53915,65967,65752,75518,75405,54327,59952,37471,48448,11693,22288,4914,4584,36704,35311,51988,46256,53077,51246,63587,63054,73345,73184,53126,58584,36691,47344,11338,21535,596865,570501,79242,76496,105593,101615,37223,35,33
2021-10-24T23:59:59+02:00,5778,5378,39541,37920,54722,49079,55365,53877,65920,65726,75497,75386,54322,59943,37466,48445,11692,22284,4881,4568,36642,35249,51944,46212,53043,51205,63550,63025,73323,73152,53118,58571,36680,47336,11336,21533,596264,570020,79240,76489,105593,101615,37211,35,33
2021-10-23T23:59:59+02:00,5778,5378,39540,37920,54720,49079,55363,53875,65920,65726,75497,75386,54322,59942,37466,48445,11692,22284,4881,4568,36642,35248,51944,46212,53043,51204,63550,63025,73323,73152,53118,58571,36680,47336,11336,21533,596256,570018,79240,76489,105593,101615,37211,35,33
2021-10-22T23:59:59+02:00,5775,5373,39514,37902,54701,49066,55352,53868,65906,65713,75488,75378,54318,59939,37466,48443,11691,22284,4876,4559,36626,35234,51932,46193,53035,51193,63534,63018,73309,73143,53108,58564,36679,47333,11335,21531,596124,569869,79229,76488,105592,101613,37199,35,33
2021-10-21T23:59:59+02:00,5698,5294,39262,37708,54432,48878,55143,53716,65724,65590,75390,75321,54299,59919,37453,48426,11687,22275,4792,4487,36401,35029,51749,46035,52866,51062,63403,62896,73225,73084,53083,58529,36667,47315,11331,21525,594411,568399,79195,76451,105592,101612,36984,35,33
2021-10-20T23:59:59+02:00,5676,5280,39228,37682,54412,48857,55128,53688,65698,65565,75365,75303,54291,59907,37444,48411,11686,22268,4773,4468,36382,34999,51727,46003,52842,51032,63380,62874,73200,73057,53066,58506,36662,47302,11328,21518,594097,568055,79189,76441,105592,101612,36978,35,33
2021-10-19T23:59:59+02:00,5642,5251,39175,37648,54375,48819,55092,53658,65666,65533,75340,75275,54275,59886,37436,48396,11682,22264,4750,4446,36327,34952,51686,45949,52808,50993,63342,62840,73162,73017,53053,58482,36642,47287,11323,21508,593633,567516,79183,76437,105592,101609,36972,35,33
2021-10-18T23:59:59+02:00,5608,5223,39037,37517,54254,48722,55011,53576,65601,65495,75284,75241,54265,59870,37429,48383,11680,22263,4683,4385,36179,34808,51562,45828,52726,50902,63295,62779,73103,72969,53028,58447,36631,47269,11318,21502,592777,566482,79172,76405,105592,101609,36885,35,33
2021-10-17T23:59:59+02:00,5602,5215,39026,37506,54240,48706,55007,53566,65596,65484,75277,75237,54262,59866,37426,48381,11680,22259,4673,4374,36159,34779,51541,45805,52710,50880,63281,62762,73085,72955,53017,58435,36625,47262,11317,21493,592658,566232,79172,76399,105592,101608,36881,35,33
2021-10-16T23:59:59+02:00,5602,5215,39025,37506,54238,48705,55006,53564,65596,65484,75277,75237,54262,59866,37426,48381,11680,22259,4670,4371,36154,34775,51537,45802,52706,50876,63279,62758,73083,72954,53016,58434,36624,47261,11317,21491,592654,566190,79172,76399,105592,101608,36878,35,33
2021-10-15T23:59:59+02:00,5597,5212,39008,37493,54222,48694,55000,53559,65579,65478,75270,75225,54254,59864,37422,48374,11679,22259,4662,4369,36142,34773,51531,45795,52701,50870,63274,62751,73079,72948,53012,58430,36621,47260,11317,21490,592525,566127,79172,76397,105592,101601,36867,35,33
2021-10-14T23:59:59+02:00,5539,5155,38873,37374,54087,48593,54908,53476,65510,65395,75204,75169,54219,59841,37411,48352,11670,22239,4546,4253,35860,34445,51312,45570,52550,50698,63129,62606,72984,72871,52956,58383,36597,47229,11312,21481,591473,564039,79154,76358,105592,101589,36763,35,33
2021-10-13T23:59:59+02:00,5499,5121,38838,37331,54053,48557,54882,53441,65485,65370,75184,75143,54207,59829,37404,48344,11666,22235,4515,4226,35820,34405,51286,45529,52514,50662,63095,62570,72951,72841,52933,58367,36588,47206,11311,21470,591067,563606,79141,76321,105592,101573,36756,35,33
2021-10-12T23:59:59+02:00,5465,5098,38765,37287,53993,48488,54841,53393,65452,65336,75147,75104,54192,59811,37394,48328,11660,22225,4495,4201,35764,34352,51239,45474,52478,50626,63058,62528,72912,72794,52908,58338,36565,47182,11305,21457,590471,563012,79139,76317,105592,101570,36744,35,33
2021-10-11T23:59:59+02:00,5410,5047,38603,37155,53859,48375,54737,53311,65378,65277,75100,75075,54180,59793,37383,48317,11658,22221,4403,4120,35537,34136,51052,45286,52344,50492,62963,62416,72827,72730,52869,58300,36550,47154,11300,21444,589530,561423,79137,76315,105592,101565,36587,35,33
2021-10-10T23:59:59+02:00,5391,5037,38557,37116,53818,48334,54716,53280,65361,65258,75084,75054,54177,59788,37379,48314,11657,22215,4384,4113,35503,34115,51031,45260,52326,50475,62953,62404,72814,72716,52865,58291,36545,47144,11297,21440,589204,561202,79134,76307,105592,101561,36573,35,33
2021-10-09T23:59:59+02:00,5391,5036,38557,37116,53818,48334,54716,53280,65361,65258,75084,75054,54177,59788,37379,48314,11657,22215,4384,4113,35502,34115,51031,45260,52326,50475,62951,62404,72814,72716,52865,58291,36545,47144,11297,21440,589203,561201,79134,76306,105592,101560,36573,35,33
2021-10-08T23:59:59+02:00,5383,5023,38539,37098,53805,48318,54709,53276,65350,65250,75071,75045,54175,59785,37377,48309,11656,22214,4377,4104,35488,34096,51019,45245,52321,50464,62942,62397,72808,72710,52863,58289,36543,47140,11297,21438,589063,561084,79134,76304,105592,101559,36561,35,33
2021-10-07T23:59:59+02:00,5315,4939,38363,36946,53679,48193,54597,53174,65252,65160,75003,74996,54156,59748,37353,48285,11649,22200,4226,3935,35112,33747,50771,44935,52122,50196,62746,62201,72639,72552,52796,58219,36516,47090,11284,21413,587753,558851,79104,75536,105590,101552,36528,35,33
2021-10-06T23:59:59+02:00,5279,4911,38318,36905,53647,48156,54553,53137,65203,65125,74976,74973,54137,59734,37346,48269,11643,22191,4206,3918,35071,33711,50749,44906,52101,50173,62717,62186,72614,72535,52774,58189,36497,47070,11277,21401,587274,558471,79099,75535,105590,101549,36507,35,33
2021-10-05T23:59:59+02:00,5247,4886,38237,36831,53582,48093,54501,53072,65140,65067,74933,74926,54099,59705,37327,48238,11633,22158,4175,3889,35004,33641,50702,44843,52066,50129,62664,62148,72574,72495,52742,58151,36467,47017,11269,21378,586520,557788,79080,75534,105590,101547,36452,35,33
2021-10-04T23:59:59+02:00,5185,4829,38021,36661,53410,47977,54386,52969,65072,64995,74867,74878,54069,59671,37312,48220,11624,22143,4063,3753,34701,33292,50456,44600,51881,49953,62503,61996,72459,72398,52685,58090,36412,46961,11257,21359,585430,555538,79070,75534,105589,101547,36167,35,33
2021-10-03T23:59:59+02:00,5174,4815,37999,36637,53378,47943,54361,52955,65055,64977,74856,74866,54062,59658,37307,48207,11624,22139,4047,3749,34649,33256,50406,44556,51843,49905,62461,61957,72419,72366,52668,58065,36400,46946,11255,21351,585185,555055,79068,75534,105586,101536,36141,35,33
2021-10-02T23:59:59+02:00,5172,4806,37995,36630,53371,47939,54358,52953,65052,64976,74853,74863,54062,59657,37307,48207,11624,22139,4046,3749,34647,33254,50398,44554,51839,49905,62459,61957,72419,72365,52668,58064,36400,46946,11255,21351,585149,555046,79068,75533,105586,101536,36128,35,33
2021-10-01T23:59:59+02:00,5164,4789,37950,36602,53338,47913,54335,52928,65021,64961,74826,74846,54052,59652,37304,48204,11621,22137,4042,3746,34628,33242,50380,44546,51825,49891,62446,61948,72402,72353,52659,58058,36397,46944,11253,21349,584906,554961,79066,75531,105584,101530,36054,35,33
2021-09-30T23:59:59+02:00,5074,4726,37742,36399,53170,47753,54193,52800,64917,64843,74756,74789,54037,59622,37293,48187,11618,22130,3965,3671,34485,33090,50287,44419,51749,49777,62362,61855,72335,72294,52647,58028,36389,46919,11250,21339,583387,554381,79048,74921,105581,101525,36001,34,33
2021-09-29T23:59:59+02:00,5051,4705,37708,36358,53124,47705,54155,52752,64885,64805,74725,74761,54020,59599,37281,48176,11614,22118,3949,3654,34458,33054,50260,44393,51727,49756,62341,61825,72313,72274,52638,58019,36384,46909,11248,21331,582924,554094,79036,74917,105581,101520,35969,34,33
2021-09-28T23:59:59+02:00,5028,4681,37647,36301,53085,47656,54120,52710,64841,64762,74680,74726,53983,59563,37262,48154,11606,22107,3935,3638,34402,33016,50228,44365,51701,49734,62315,61805,72276,72244,52608,57981,36362,46882,11245,21319,582369,553701,79034,74911,105581,101515,35896,34,33
2021-09-27T23:59:59+02:00,4953,4621,37451,36123,52901,47491,53999,52600,64738,64655,74582,74647,53954,59535,37250,48136,11604,22096,3802,3479,33979,32627,49921,44041,51472,49486,62118,61619,72148,72118,52567,57921,36341,46851,11243,21309,581314,551189,79013,74910,105581,101514,35396,34,33
2021-09-26T23:59:59+02:00,4950,4615,37429,36093,52873,47474,53985,52584,64723,64645,74570,74637,53947,59524,37249,48133,11604,22091,3793,3472,33964,32620,49909,44026,51467,49477,62105,61613,72140,72111,52563,57913,36340,46846,11241,21305,581141,551078,78993,74902,105580,101512,35380,34,33
2021-09-25T23:59:59+02:00,4947,4612,37423,36089,52870,47470,53981,52581,64721,64641,74566,74635,53946,59521,37248,48132,11604,22090,3793,3471,33961,32620,49908,44026,51467,49476,62105,61612,72138,72111,52563,57912,36340,46846,11241,21305,581098,551072,78991,74902,105580,101512,35376,34,33
2021-09-24T23:59:59+02:00,4944,4609,37405,36075,52849,47457,53960,52569,64702,64630,74553,74625,53939,59518,37245,48128,11604,22086,3789,3465,33951,32605,49893,44017,51447,49461,62092,61606,72120,72102,52556,57905,36334,46839,11241,21303,580982,550966,78991,74900,105577,101511,35316,34,33
2021-09-23T23:59:59+02:00,4814,4489,37000,35656,52496,47125,53669,52295,64460,64413,74369,74495,53877,59462,37216,48084,11595,22066,3756,3423,33766,32435,49673,43864,51278,49356,61941,61501,72004,72026,52520,57880,36310,46818,11239,21295,578653,550295,78948,74878,105577,101508,34371,34,33
2021-09-22T23:59:59+02:00,4785,4466,36958,35600,52429,47048,53602,52235,64393,64361,74310,74442,53848,59439,37208,48067,11593,22061,3739,3411,33730,32392,49630,43807,51219,49305,61886,61461,71957,71992,52502,57862,36304,46807,11237,21294,578215,550037,78941,74875,105574,101507,34083,34,33
2021-09-21T23:59:59+02:00,4769,4443,36901,35551,52362,46983,53557,52185,64327,64310,74252,74388,53805,59407,37194,48041,11588,22052,3718,3397,33698,32340,49596,43760,51180,49260,61840,61423,71918,71950,52471,57838,36293,46789,11236,21287,577661,549668,78932,74873,105572,101502,33918,34,33
2021-09-20T23:59:59+02:00,4665,4379,36566,35247,52038,46674,53321,51962,64116,64119,74093,74275,53740,59353,37173,48006,11581,22046,3513,3209,33188,31907,49218,43425,50895,48956,61585,61211,71751,71798,52415,57773,36270,46744,11229,21277,575816,546960,78927,74868,105571,101496,33008,34,32
2021-09-19T23:59:59+02:00,4652,4374,36553,35236,52027,46666,53307,51950,64104,64114,74085,74265,53737,59347,37170,48003,11580,22046,3503,3201,33167,31890,49214,43415,50887,48944,61571,61200,71739,71788,52409,57769,36269,46742,11229,21274,575711,546837,78920,74864,105570,101495,32983,34,32
2021-09-18T23:59:59+02:00,4652,4374,36551,35235,52025,46665,53307,51949,64104,64114,74084,74265,53737,59347,37170,48003,11580,22046,3502,3201,33164,31890,49210,43413,50887,48944,61571,61200,71738,71788,52409,57769,36269,46742,11229,21274,575709,546832,78920,74864,105570,101495,32977,34,32
2021-09-17T23:59:59+02:00,4645,4361,36535,35211,52003,46647,53296,51930,64087,64105,74069,74246,53728,59340,37167,47998,11579,22045,3501,3197,33154,31873,49198,43403,50883,48935,61567,61196,71730,71776,52402,57767,36269,46741,11229,21272,575545,546779,78920,74864,105570,101493,32925,34,32
2021-09-16T23:59:59+02:00,4494,4210,36165,34848,51747,46347,53084,51665,63903,63920,73911,74096,53673,59280,37151,47963,11574,22033,3433,3156,33026,31767,49116,43296,50804,48853,61506,61141,71679,71743,52387,57753,36260,46729,11228,21266,573102,545941,78463,74784,105569,101488,32898,34,32
2021-09-15T23:59:59+02:00,4451,4172,36097,34773,51703,46294,53018,51609,63853,63871,73873,74053,53655,59259,37141,47952,11573,22027,3391,3124,32972,31716,49066,43244,50747,48803,61459,61097,71649,71712,52379,57732,36250,46719,11228,21260,572730,545606,78377,74769,105569,101475,32666,34,32
2021-09-14T23:59:59+02:00,4410,4132,36034,34720,51653,46223,52976,51558,63807,63825,73828,74011,53630,59240,37126,47933,11571,22023,3345,3096,32906,31645,49021,43195,50713,48758,61405,61059,71613,71671,52356,57708,36241,46705,11227,21257,572186,545052,78307,74763,105569,101468,32606,34,32
2021-09-13T23:59:59+02:00,4260,3954,35667,34286,51379,45907,52760,51325,63597,63616,73693,73886,53575,59170,37088,47899,11570,22015,3055,2845,32439,31173,48787,42946,50531,48557,61258,60876,71471,71560,52303,57649,36225,46669,11221,21247,569593,542061,77880,74684,105568,101462,32573,34,32
2021-09-12T23:59:59+02:00,4251,3944,35644,34270,51364,45884,52742,51308,63583,63599,73684,73876,53572,59164,37083,47898,11570,22014,3038,2837,32414,31155,48772,42928,50521,48549,61247,60862,71455,71548,52296,57641,36219,46667,11218,21246,569443,541905,77864,74676,105557,101447,32553,34,32
2021-09-11T23:59:59+02:00,4248,3941,35640,34266,51363,45882,52736,51301,63581,63594,73682,73870,53568,59159,37083,47896,11570,22014,3035,2836,32405,31151,48769,42925,50517,48545,61244,60858,71452,71545,52294,57639,36219,46665,11218,21246,569416,541884,77864,74676,105557,101447,32524,34,32
2021-09-10T23:59:59+02:00,4247,3940,35527,34165,51167,45728,52545,51160,63404,63479,73549,73779,53530,59120,37063,47878,11568,22009,3025,2826,32279,31040,48569,42759,50319,48408,61054,60735,71319,71450,52252,57596,36197,46644,11215,21241,569359,541730,77862,74673,105556,101445,31048,34,32
2021-09-09T23:59:59+02:00,4219,3901,35447,34097,51110,45657,52484,51072,63346,63421,73509,73741,53507,59092,37049,47859,11566,22005,2992,2795,32185,30972,48524,42710,50267,48367,61013,60701,71278,71417,52233,57582,36189,46629,11214,21237,568748,541247,77827,74666,105537,101423,30937,34,32
2021-09-08T23:59:59+02:00,4194,3881,35413,34055,51085,45626,52466,51046,63312,63388,73488,73718,53500,59077,37042,47848,11566,22002,2974,2779,32126,30942,48486,42684,50239,48336,60977,60673,71262,71396,52220,57569,36179,46618,11211,21219,568399,540871,77827,74665,105537,101411,30911,34,32
2021-09-07T23:59:59+02:00,4181,3867,35373,34012,51053,45595,52442,51020,63287,63365,73453,73689,53488,59061,37026,47834,11564,21996,2952,2761,32079,30893,48451,42648,50199,48299,60952,60642,71230,71368,52207,57553,36170,46605,11208,21215,568027,540451,77826,74663,105537,101403,30883,34,32
2021-09-06T23:59:59+02:00,4005,3683,34893,33540,50676,45204,52176,50718,63060,63125,73295,73538,53425,58980,37007,47794,11561,21987,2911,2706,31872,30711,48247,42492,50056,48159,60838,60523,71135,71279,52161,57507,36154,46586,11203,21202,565216,539594,77826,74662,105537,101399,30055,34,32
2021-09-05T23:59:59+02:00,3997,3671,34874,33525,50673,45196,52164,50710,63048,63115,73280,73533,53420,58972,37001,47787,11559,21983,2903,2696,31852,30692,48228,42477,50043,48151,60827,60513,71125,71274,52155,57495,36152,46581,11202,21200,565080,539456,77825,74660,105537,101385,30033,34,32
2021-09-04T23:59:59+02:00,3997,3671,34873,33525,50672,45196,52163,50709,63048,63115,73280,73533,53420,58972,37001,47787,11559,21983,2903,2696,31851,30690,48228,42477,50041,48149,60827,60513,71124,71274,52155,57495,36152,46581,11202,21200,565078,539452,77825,74658,105537,101385,30031,34,32
2021-09-03T23:59:59+02:00,3949,3624,34709,33391,50519,45071,52052,50591,62899,62992,73155,73433,53380,58924,36980,47766,11555,21980,2826,2608,31576,30498,48026,42308,49869,47982,60621,60341,70979,71128,52101,57438,36127,46558,11200,21196,564938,539319,77226,73412,105526,101372,29247,34,32
2021-09-02T23:59:59+02:00,3923,3594,34649,33344,50484,45030,52019,50558,62859,62952,73116,73406,53360,58912,36971,47748,11555,21974,2810,2583,31506,30437,47976,42260,49828,47938,60566,60289,70938,71101,52083,57422,36117,46550,11199,21191,564525,538925,77204,73408,105526,101263,29166,34,32
2021-09-01T23:59:59+02:00,3907,3580,34621,33311,50461,45003,52000,50536,62839,62919,73088,73388,53351,58903,36967,47740,11555,21973,2782,2564,31456,30398,47943,42233,49798,47913,60534,60265,70915,71070,52064,57403,36107,46543,11199,21188,564258,538579,77200,73402,105525,101236,29126,34,32
2021-08-31T23:59:59+02:00,3880,3567,34581,33263,50435,44967,51972,50504,62811,62887,73058,73356,53331,58881,36959,47727,11552,21973,2773,2552,31396,30365,47916,42208,49776,47896,60506,60249,70900,71043,52050,57393,36104,46536,11196,21182,563867,538302,77200,73398,105524,101229,29080,34,32
2021-08-30T23:59:59+02:00,3654,3357,33993,32746,50011,44587,51621,50157,62521,62625,72851,73178,53248,58795,36928,47680,11549,21965,2716,2493,31112,30102,47617,41974,49549,47725,60323,60118,70745,70939,51982,57347,36085,46505,11193,21175,560864,537207,77200,73395,105523,101219,27847,33,32
2021-08-29T23:59:59+02:00,3648,3349,33971,32724,49995,44578,51606,50138,62510,62611,72841,73162,53240,58790,36926,47673,11549,21963,2710,2492,31092,30082,47595,41948,49528,47708,60306,60101,70733,70927,51979,57338,36082,46504,11193,21173,560719,537087,77198,73394,105522,101175,27803,33,32
2021-08-28T23:59:59+02:00,3648,3349,33968,32724,49990,44577,51605,50136,62509,62608,72839,73161,53239,58788,36926,47673,11549,21963,2710,2489,31083,30073,47590,41946,49525,47705,60303,60097,70730,70925,51978,57334,36082,46504,11193,21173,560711,537051,77198,73393,105522,101175,27789,33,32
2021-08-27T23:59:59+02:00,3644,3343,33959,32705,49987,44573,51595,50129,62502,62603,72822,73155,53235,58785,36925,47672,11548,21962,2702,2486,31065,30055,47582,41936,49517,47696,60296,60089,70718,70924,51976,57333,36081,46503,11192,21173,560636,536973,77198,73391,105522,101172,27756,33,32
2021-08-26T23:59:59+02:00,3619,3315,33918,32654,49960,44537,51554,50080,62456,62579,72789,73125,53225,58775,36918,47670,11547,21958,2628,2392,30768,29787,47364,41724,49342,47540,60180,59988,70633,70853,51942,57300,36064,46479,11190,21169,560285,535149,77171,73385,105521,101107,27670,33,32
2021-08-25T23:59:59+02:00,3578,3291,33867,32609,49934,44491,51518,50051,62417,62544,72753,73101,53216,58757,36912,47655,11546,21957,2365,2171,30011,29085,46920,41311,49015,47248,59956,59763,70458,70702,51875,57224,36042,46444,11181,21161,559852,530813,77171,73382,105521,101084,27621,33,32
2021-08-24T23:59:59+02:00,3538,3268,33808,32550,49903,44449,51490,50003,62372,62495,72710,73054,53195,58732,36899,47642,11544,21949,2288,2107,29777,28863,46788,41179,48907,47141,59864,59669,70373,70603,51829,57177,36022,46432,11177,21158,559361,529375,77168,73376,105519,101050,27521,33,32
2021-08-23T23:59:59+02:00,3233,3002,33169,31928,49477,44052,51148,49697,62044,62198,72417,72822,53098,58643,36860,47579,11533,21940,2228,2054,29356,28469,46402,40882,48665,46929,59592,59459,70149,70456,51753,57106,35998,46389,11171,21152,556290,527923,77164,73373,105517,101045,25837,33,32
2021-08-22T23:59:59+02:00,3222,2994,33159,31922,49467,44042,51140,49691,62039,62191,72412,72820,53094,58640,36858,47577,11533,21939,2224,2051,29331,28451,46383,40873,48656,46919,59581,59451,70142,70452,51744,57102,35995,46386,11171,21152,556224,527823,77160,73366,105512,101031,25812,33,32
2021-08-21T23:59:59+02:00,3220,2994,33154,31920,49465,44041,51139,49688,62036,62190,72411,72819,53094,58640,36858,47577,11533,21939,2223,2049,29318,28439,46378,40869,48650,46915,59577,59451,70142,70451,51743,57102,35995,46386,11171,21152,556209,527784,77160,73359,105512,101031,25805,33,32
2021-08-20T23:59:59+02:00,3204,2983,33030,31826,49273,43904,50966,49579,61855,62062,72265,72737,53046,58598,36843,47559,11530,21935,2196,2035,28777,27940,45899,40499,48369,46705,59320,59267,69938,70326,51658,57044,35965,46358,11167,21145,555983,526085,77160,73184,105512,100799,24508,33,32
2021-08-19T23:59:59+02:00,3177,2960,32978,31786,49239,43868,50918,49540,61810,62024,72216,72698,53020,58578,36836,47544,11526,21928,2108,1953,27835,27086,45116,39898,47944,46345,58985,58993,69662,70104,51558,56955,35923,46310,11162,21140,555567,521713,77125,72210,105507,100707,24415,33,32
2021-08-18T23:59:59+02:00,3156,2941,32928,31742,49205,43833,50879,49504,61766,61988,72170,72671,52991,58561,36822,47530,11525,21923,2009,1855,26542,25787,44190,39026,47240,45605,58304,58410,69176,69648,51370,56735,35846,46217,11150,21123,555135,516185,77104,69002,105504,100654,24360,33,32
2021-08-17T23:59:59+02:00,3132,2918,32859,31678,49159,43765,50836,49469,61719,61943,72134,72630,52968,58537,36809,47518,11522,21918,1880,1745,25256,24395,43314,38336,46639,45124,57770,57968,68743,69322,51235,56551,35770,46138,11134,21109,554586,510568,77099,66917,105503,100618,24294,33,32
2021-08-16T23:59:59+02:00,3121,2897,32842,31659,49136,43742,50827,49451,61699,61925,72113,72615,52958,58529,36807,47507,11520,21914,1788,1660,23819,23005,42412,37493,46361,44830,57544,57707,68535,69163,51162,56465,35739,46094,11132,21095,554358,504207,77096,66884,105501,100606,24275,33,32
2021-08-15T23:59:59+02:00,3113,2885,32828,31641,49125,43736,50817,49441,61683,61909,72098,72603,52954,58520,36804,47507,11520,21914,1504,1403,21391,20554,41658,36951,45994,44457,57213,57408,68249,68906,51050,56363,35702,46038,11129,21085,554222,495470,77095,66705,105491,100590,24258,33,32
2021-08-14T23:59:59+02:00,3113,2884,32823,31639,49120,43734,50814,49439,61678,61906,72094,72597,52954,58520,36803,47507,11520,21914,1502,1395,21365,20527,41620,36919,45977,44442,57199,57396,68237,68895,51048,56360,35701,46037,11129,21084,554215,495279,77093,66704,105491,100590,24228,33,32
2021-08-13T23:59:59+02:00,3099,2867,32780,31610,49096,43721,50792,49422,61645,61875,72072,72578,52948,58513,36800,47502,11519,21911,1477,1370,21245,20440,41531,36821,45915,44390,57151,57356,68196,68863,51031,56348,35692,46029,11128,21082,554058,494685,77092,66701,105490,100569,24078,33,32
2021-08-12T23:59:59+02:00,3081,2837,32733,31561,49064,43679,50755,49393,61591,61848,72036,72543,52933,58494,36783,47493,11518,21908,1392,1310,20773,20128,40579,36009,45546,44060,56933,57177,68019,68699,50959,56264,35662,45985,11123,21075,553650,490447,77088,66697,105487,100524,23993,33,32
2021-08-11T23:59:59+02:00,3039,2806,32677,31516,49030,43646,50730,49369,61564,61817,72008,72515,52911,58468,36771,47484,11517,21901,1168,1130,19877,19246,39251,34820,44941,43481,56572,56849,67726,68425,50837,56126,35624,45926,11121,21062,553235,483023,77082,66692,105487,100502,23933,33,32
2021-08-10T23:59:59+02:00,3023,2787,32624,31471,48999,43617,50701,49336,61544,61778,71970,72470,52889,58452,36760,47461,11516,21896,922,886,18849,18281,37153,32952,44054,42604,56117,56449,67335,68078,50687,55973,35563,45830,11116,21042,552780,472771,77081,66690,105486,100483,23915,33,32
2021-08-09T23:59:59+02:00,3008,2780,32595,31447,48973,43597,50673,49318,61524,61761,71950,72449,52879,58443,36755,47451,11514,21895,492,475,17427,16869,34169,30533,43388,41971,55709,56086,67002,67751,50543,55824,35512,45781,11111,21024,552531,460589,77079,66686,105481,100471,23889,33,32
2021-08-08T23:59:59+02:00,3005,2780,32581,31434,48962,43590,50668,49312,61513,61753,71946,72448,52878,58440,36755,47448,11514,21894,489,472,17399,16839,34148,30518,43351,41941,55695,56073,66993,67746,50538,55819,35511,45778,11110,21023,552468,460405,77079,66680,105468,100452,23874,33,32
2021-08-07T23:59:59+02:00,3004,2775,32573,31423,48960,43582,50662,49311,61510,61750,71939,72446,52877,58438,36754,47448,11514,21894,486,468,17367,16806,34122,30498,43315,41910,55673,56055,66982,67739,50533,55817,35509,45778,11110,21022,552418,460167,77079,66677,105468,100451,23863,33,32
2021-08-06T23:59:59+02:00,2915,2683,32224,31195,48701,43388,50404,49081,61222,61546,71664,72279,52745,58335,36700,47396,11511,21885,478,466,17157,16662,33410,30016,42844,41541,55331,55829,66672,67562,50403,55723,35460,45742,11107,21015,552346,458486,75968,66387,105464,100449,22064,33,32
2021-08-05T23:59:59+02:00,2869,2644,32065,31076,48609,43300,50323,49026,61169,61501,71611,72238,52720,58316,36691,47379,11509,21883,450,433,16924,16410,31550,28582,41799,40586,55056,55483,66459,67389,50340,55646,35437,45703,11100,21006,551465,451671,75965,66313,105454,100324,22013,33,32
2021-08-04T23:59:59+02:00,2794,2568,31802,30884,48421,43164,50174,48915,61090,61424,71548,72182,52690,58276,36678,47364,11506,21878,424,410,16641,16162,31204,28359,40609,39511,54667,55151,66282,67237,50277,55564,35407,45675,11097,20999,550165,447352,75964,66294,105452,100251,21748,30,31
2021-08-03T23:59:59+02:00,2606,2387,31287,30418,48171,42916,49999,48723,60929,61253,71402,72035,52636,58204,36656,47335,11496,21864,375,346,16203,15714,30615,27833,38876,37893,53975,54505,65948,66925,50181,55435,35360,45623,11092,20989,547213,439674,75962,66287,105449,100232,21664,30,31
2021-08-02T23:59:59+02:00,2495,2292,30973,30133,47970,42733,49846,48595,60822,61147,71314,71953,52603,58172,36634,47316,11495,21861,333,313,15898,15443,30279,27479,36733,36068,53416,53990,65740,66750,50109,55350,35338,45595,11090,20985,545273,432826,75959,66282,105444,100121,21649,30,31
2021-08-01T23:59:59+02:00,2492,2289,30961,30124,47951,42720,49834,48587,60809,61137,71304,71947,52598,58163,36630,47316,11495,21861,320,303,15773,15318,30142,27363,34432,34214,53119,53737,65647,66681,50069,55310,35331,45576,11089,20983,545212,427379,75957,66277,105397,100097,21623,30,31
2021-07-31T23:59:59+02:00,2492,2289,30956,30120,47949,42718,49832,48587,60808,61137,71304,71945,52595,58160,36630,47316,11495,21860,319,303,15759,15306,30107,27336,34420,34207,53101,53729,65635,66676,50065,55305,35331,45575,11088,20982,545193,427226,75957,66276,105396,100093,21618,30,31
2021-07-30T23:59:59+02:00,2478,2284,30909,30074,47917,42697,49809,48562,60774,61108,71269,71927,52586,58149,36630,47316,11495,21858,317,298,15597,15004,29840,27023,34239,33958,52900,53435,65469,66473,50019,55259,35321,45563,11088,20980,545021,426854,75951,66266,105393,98184,21448,30,31
2021-07-29T23:59:59+02:00,2446,2264,30752,29980,47833,42636,49756,48496,60712,61067,71222,71881,52566,58130,36622,47300,11492,21853,294,276,15279,14722,29524,26803,32952,33011,52115,52823,65113,66205,49920,55166,35278,45506,11083,20972,544351,424142,75944,63528,105382,98039,21302,30,31
2021-07-28T23:59:59+02:00,2399,2227,30599,29871,47750,42568,49683,48424,60638,60988,71155,71824,52542,58092,36604,47281,11491,21848,264,256,14875,14345,29083,26488,32582,32680,51405,52210,64721,65878,49825,55063,35244,45449,11067,20953,543401,419993,75940,63473,105376,97653,21238,30,31
2021-07-27T23:59:59+02:00,2321,2154,30359,29604,47599,42389,49538,48286,60527,60864,71055,71736,52484,58032,36576,47242,11483,21841,188,166,14230,13690,28318,25859,31831,32026,50153,51114,63988,65312,49637,54856,35176,45334,11060,20933,541572,411649,75930,63447,105370,97555,21189,30,31
2021-07-26T23:59:59+02:00,2260,2099,30156,29373,47481,42260,49463,48202,60462,60799,71004,71690,52458,58000,36564,47229,11481,21832,151,139,13867,13315,27959,25568,31215,31612,48596,49740,63011,64485,49432,54650,35108,45253,11050,20920,540337,403922,75927,63441,105366,97523,21154,30,31
2021-07-25T23:59:59+02:00,2014,1897,29336,28698,47087,41943,49177,47915,60228,60574,70820,71532,52402,57925,36537,47187,11480,21824,148,137,13774,13254,27862,25503,31131,31545,48476,49676,62924,64434,49410,54632,35101,45244,11050,20919,536151,403284,75927,63433,105359,97362,21110,30,31
2021-07-24T23:59:59+02:00,1933,1829,29078,28467,46937,41837,49060,47814,60070,60456,70691,71452,52353,57895,36519,47167,11478,21824,147,131,13639,13137,27662,25367,30969,31415,48262,49507,62760,64340,49366,54602,35086,45227,11048,20917,535455,402666,75924,63430,105358,97361,20094,30,31
2021-07-23T23:59:59+02:00,1818,1709,28748,28141,46693,41682,48806,47602,59820,60270,70488,71325,52279,57824,36500,47131,11474,21815,137,123,13386,12903,27231,25049,30586,31108,47661,49020,62431,64101,49283,54536,35064,45184,11043,20908,534452,400241,75549,63376,105347,97358,18748,30,31
2021-07-22T23:59:59+02:00,1806,1702,28667,28061,46552,41542,48591,47390,59642,60126,70369,71196,52236,57787,36484,47114,11474,21815,119,118,13157,12640,26894,24716,30232,30788,45732,47457,61625,63400,49187,54434,35026,45140,11040,20898,534135,393529,74400,63225,105303,97131,18687,30,31
2021-07-21T23:59:59+02:00,1772,1660,28405,27854,46165,41205,47999,46834,59056,59645,69914,70806,52065,57627,36426,47058,11465,21802,104,108,12733,12191,26313,24173,29658,30220,41999,44213,60138,62126,49019,54253,34962,45058,11030,20871,533577,381874,71129,62707,105149,96683,17874,30,31
2021-07-20T23:59:59+02:00,1749,1645,28285,27718,46101,41149,47951,46795,59000,59597,69860,70759,52031,57599,36409,47033,11460,21795,88,81,12233,11656,25575,23484,29003,29469,38546,41220,58591,60664,48815,54030,34880,44965,11012,20851,532888,371464,71107,59327,105132,96561,17780,30,31
2021-07-19T23:59:59+02:00,1744,1644,28258,27680,46079,41137,47937,46783,58987,59581,69848,70757,52029,57595,36409,47029,11458,21795,87,79,12185,11623,25508,23449,28969,29435,38501,41187,58550,60637,48811,54022,34879,44962,11009,20850,532745,371138,71106,59311,105115,96508,17755,30,31
2021-07-18T23:59:59+02:00,1740,1637,28233,27655,46055,41127,47925,46774,58981,59573,69841,70749,52027,57594,36408,47028,11458,21794,87,78,12122,11597,25423,23407,28909,29402,38440,41161,58490,60596,48809,54018,34876,44961,11009,20850,532624,370800,71104,59280,105107,96389,17735,30,31
2021-07-17T23:59:59+02:00,1740,1635,28210,27641,46041,41115,47914,46769,58973,59567,69834,70745,52023,57590,36407,47028,11458,21794,85,76,12094,11583,25389,23371,28876,29383,38418,41143,58454,60572,48799,54010,34874,44961,11009,20850,532541,370550,71103,59276,105106,96385,17705,30,31
2021-07-16T23:59:59+02:00,1725,1614,27945,27447,45752,40949,47683,46599,58672,59365,69601,70604,51917,57519,36363,46992,11453,21792,85,73,11843,11387,25055,23130,28571,29153,38017,40868,57945,60149,48662,53897,34822,44911,11003,20846,532226,369344,71102,59272,104974,96109,15661,30,31
2021-07-15T23:59:59+02:00,1627,1501,27481,27062,45491,40715,47537,46486,58532,59252,69498,70518,51876,57477,36348,46969,11452,21785,77,66,11543,11156,24574,22792,28204,28883,37626,40587,55895,58101,48491,53695,34763,44827,10995,20835,529905,362395,71100,59179,104966,95898,15607,30,31
2021-07-14T23:59:59+02:00,1460,1369,26915,26524,45187,40425,47332,46301,58347,59055,69337,70372,51814,57418,36323,46939,11446,21780,70,58,11350,10962,24166,22435,27851,28564,37102,40185,54674,56920,48353,53544,34712,44763,10987,20813,526729,358672,71094,57509,104947,95752,15545,30,31
2021-07-13T23:59:59+02:00,1173,1064,25963,25629,44694,40014,46973,45980,58024,58770,69065,70126,51703,57292,36280,46884,11442,21765,58,43,11006,10620,23635,21883,27228,27976,35721,38995,50540,53011,47989,53156,34581,44614,10970,20784,521340,349386,71088,52303,104944,95650,15440,30,31
2021-07-12T23:59:59+02:00,709,667,24589,24377,44134,39529,46773,45765,57811,58576,68882,69954,51641,57201,36263,46858,11440,21757,50,40,10768,10511,23432,21744,26974,27840,35470,38825,50098,52589,47914,53070,34550,44579,10970,20778,515458,347913,71087,52275,104938,94568,15415,29,31
2021-07-11T23:59:59+02:00,706,662,24570,24356,44103,39510,46755,45752,57797,58563,68868,69951,51639,57198,36260,46854,11439,21757,48,40,10673,10422,23211,21618,26707,27741,35159,38743,49383,52102,46429,51479,34460,44471,10970,20776,515370,347398,71083,52227,104923,89440,15336,29,31
2021-07-10T23:59:59+02:00,704,657,24562,24350,44098,39501,46752,45750,57791,58562,68868,69950,51639,57198,36260,46854,11439,21757,45,39,10660,10411,23189,21597,26693,27730,35137,38738,49369,52097,46415,51463,34458,44470,10970,20776,515335,347289,71082,52226,104921,89385,15326,29,31
2021-07-09T23:59:59+02:00,697,647,24111,23891,43819,39261,46686,45690,57731,58521,68816,69925,51622,57185,36257,46846,11438,21756,45,39,10579,10240,23093,21408,26632,27520,35069,38521,49303,51993,46393,51438,34454,44467,10970,20776,513574,346051,71078,52213,104915,89341,15304,29,31
2021-07-08T23:59:59+02:00,631,581,23024,22889,43023,38663,46436,45488,57524,58378,68619,69786,51545,57119,36229,46823,11436,21748,40,34,10320,10050,22716,21153,26236,27254,34588,38206,48693,51469,46055,51071,34384,44389,10963,20754,508906,342462,71051,52060,104857,88722,15100,29,31
2021-07-07T23:59:59+02:00,579,535,21703,21501,42285,37977,46211,45266,57284,58186,68453,69626,51461,57036,36192,46769,11428,21734,33,30,9947,9742,21842,20560,25125,26461,32751,36836,47773,50582,45555,50533,34277,44249,10954,20736,503528,337521,70878,47677,104836,87802,14956,29,30
2021-07-06T23:59:59+02:00,522,472,20470,20220,41431,37334,45735,44915,56888,57880,68125,69368,51363,56910,36148,46718,11420,21725,25,25,9554,9362,20975,19964,24159,25802,31265,35641,46571,49379,44775,49748,34141,44074,10941,20716,499049,330176,68943,45576,104816,86527,14808,29,30
2021-07-05T23:59:59+02:00,485,444,19058,18846,40565,36531,45518,44688,56704,57677,67964,69241,51307,56854,36127,46689,11418,21718,23,21,9263,9106,20417,19579,23490,25379,30625,35213,45813,48761,44020,48957,34011,43885,10932,20704,493324,324387,68941,45554,104809,85494,14734,27,30
2021-07-04T23:59:59+02:00,478,438,17268,16845,40225,36303,45430,44614,56618,57608,67885,69173,51275,56828,36117,46668,11416,21716,23,21,9201,9054,20277,19516,23318,25301,30366,35135,45019,48632,42657,47604,33932,43811,10930,20698,488503,323926,68915,45509,104794,81364,14666,27,30
2021-07-03T23:59:59+02:00,478,436,17246,16814,40176,36256,45411,44597,56613,57603,67879,69166,51273,56825,36117,46668,11416,21715,22,21,9157,9010,20209,19447,23256,25235,30283,35055,44798,48456,42588,47528,33887,43752,10927,20698,488308,322960,68913,45508,104793,81183,14648,27,30
2021-07-02T23:59:59+02:00,458,413,17129,16704,39712,35874,45295,44497,56559,57562,67831,69135,51261,56820,36111,46656,11416,21714,22,19,8995,8838,19884,19165,22864,24856,29865,34640,44173,47810,42385,47299,33788,43616,10921,20694,486800,319950,68895,44474,104791,80746,14634,27,30
2021-07-01T23:59:59+02:00,406,373,16821,16420,37977,34544,44721,43998,56298,57352,67657,68966,51181,56729,36083,46618,11412,21706,17,14,8618,8439,19021,18453,21895,24001,28480,33449,41142,44836,41388,46217,33173,42890,10904,20665,481318,312444,68821,39593,104769,77208,14327,27,30
2021-06-30T23:59:59+02:00,358,328,16532,16173,35793,32722,44098,43368,56074,57157,67452,68774,51100,56637,36054,46564,11408,21690,16,13,8258,8105,18346,17825,21005,23168,27199,32182,36496,39962,40307,45070,32512,42101,10883,20638,474480,301933,68775,33563,104749,74309,14251,27,30
2021-06-29T23:59:59+02:00,318,291,16306,15972,34799,31639,43646,42923,55893,56994,67280,68625,51024,56564,36015,46520,11400,21683,14,10,7674,7499,17216,16896,19747,21951,25497,30502,33751,36832,37453,42020,31768,41208,10860,20600,470277,285716,68767,33513,104735,68154,14086,27,29
2021-06-28T23:59:59+02:00,309,269,16155,15812,33088,30232,43325,42629,55728,56853,67164,68517,50978,56512,35997,46499,11397,21671,13,8,7370,7242,16659,16520,19354,21636,24989,30114,33163,36331,36075,40530,30979,40273,10856,20589,465861,282667,68742,33460,104713,62753,13792,27,29
2021-06-27T23:59:59+02:00,309,269,16134,15786,32937,30145,43262,42602,55693,56844,67138,68509,50974,56508,35994,46498,11397,21670,12,8,7326,7213,16523,16453,19190,21574,24789,30040,32936,36191,34817,39256,29352,38350,10855,20588,465542,282496,68738,33421,104708,55873,13654,27,29
2021-06-26T23:59:59+02:00,307,267,16110,15758,32914,30127,43216,42558,55668,56828,67132,68506,50973,56506,35991,46497,11397,21670,11,8,7322,7200,16504,16442,19174,21563,24756,30017,32916,36171,34803,39242,29350,38347,10855,20588,465303,282298,68734,33421,104708,55868,13653,27,29
2021-06-25T23:59:59+02:00,300,265,16049,15707,32792,30026,43023,42398,55611,56782,67090,68482,50963,56495,35987,46496,11397,21670,11,8,7134,6922,16219,15934,18905,20907,24385,29084,32528,35448,34642,39024,29327,38316,10855,20588,464455,279608,68730,33410,104691,53560,13630,27,29
2021-06-24T23:59:59+02:00,280,252,15775,15501,32336,29735,41554,41154,55146,56426,66857,68321,50908,56439,35971,46468,11392,21660,10,8,6812,6688,15519,15488,17455,19885,22303,27524,31427,34550,34236,38597,29203,38134,10843,20573,459884,269886,68725,33357,104687,53131,12852,27,29
2021-06-23T23:59:59+02:00,264,235,15493,15207,31830,29336,39451,39332,54602,55882,66606,68101,50819,56330,35931,46422,11387,21647,9,6,6606,6522,15155,15211,16929,19436,21418,26722,29725,33184,33478,37742,29011,37893,10836,20558,452816,262055,68674,33265,104682,52416,12676,27,29
2021-06-22T23:59:59+02:00,242,200,15112,14813,31165,28704,36014,36284,53689,55079,66304,67796,50712,56208,35892,46365,11383,21633,6,5,6426,6309,14751,14882,16124,18715,19999,25407,28118,31529,32677,36766,28471,37287,10818,20526,441881,251934,68642,33180,104675,51303,12370,27,29
2021-06-21T23:59:59+02:00,227,194,14868,14635,30478,28240,33853,34318,53224,54653,66125,67678,50631,56134,35866,46343,11378,21628,6,5,6329,6225,14590,14762,15953,18577,19878,25294,28009,31441,32521,36626,27261,36052,10818,20523,435047,251246,68620,33131,104644,48329,12135,27,29
2021-06-20T23:59:59+02:00,220,193,14744,14546,28580,26900,33243,33869,53135,54558,66057,67642,50608,56106,35858,46340,11377,21626,6,5,5873,5927,13645,14122,15120,17984,19321,24936,27692,31239,32354,36445,27235,36021,10816,20519,430670,246229,68616,33096,104641,48257,11649,26,29
2021-06-19T23:59:59+02:00,214,188,14719,14513,28463,26815,33214,33842,53113,54542,66041,67631,50602,56097,35856,46335,11376,21624,6,5,5660,5767,13085,13715,14512,17506,18992,24734,27497,31068,32275,36345,27218,36007,10816,20519,430260,242708,68614,33092,104641,48254,11644,26,29
2021-06-18T23:59:59+02:00,212,179,14629,14429,28356,26746,31963,32939,52746,54235,65907,67537,50571,56063,35838,46309,11372,21620,6,4,5593,5689,12984,13630,14347,17380,18756,24505,26677,30401,32068,36108,27152,35932,10812,20512,429752,239756,65649,32978,104631,48200,11593,26,29
2021-06-17T23:59:59+02:00,198,163,14252,14164,27766,26493,31475,32679,51958,53668,65482,67271,50490,55962,35804,46268,11366,21607,5,4,5213,5431,12200,13155,13559,16769,17665,23576,24518,28438,31426,35371,26953,35655,10795,20497,426544,230735,65643,32701,104607,47518,10247,25,29
2021-06-16T23:59:59+02:00,169,135,13824,13758,27303,26137,31031,32323,51145,52966,65027,66882,50371,55842,35775,46211,11355,21595,5,4,4846,4994,11483,12487,12765,16074,16562,22453,21546,25572,30354,34163,26655,35251,10780,20456,421680,216681,65597,32672,104600,47121,9947,25,29
2021-06-15T23:59:59+02:00,106,82,13192,13132,26558,25560,30252,31729,49893,51901,64315,66357,50193,55645,35708,46099,11346,21576,5,4,4349,4367,10518,11552,11610,14695,14833,20750,18115,22265,28980,32725,26268,34730,10755,20412,413970,198061,65577,32554,104595,46812,9477,25,29
2021-06-14T23:59:59+02:00,76,61,12786,12758,26146,25235,29591,31264,48101,50432,63264,65524,49977,55419,35631,46023,11338,21564,5,4,4248,4311,10342,11420,11469,14563,14656,20627,17922,22105,28907,32644,26250,34702,10751,20409,406098,197617,65567,32282,104595,46502,8905,25,29
2021-06-13T23:59:59+02:00,75,60,12743,12715,26075,25199,29528,31238,48048,50407,63229,65500,49971,55416,35629,46019,11337,21561,5,4,4092,4232,10014,11290,11146,14452,14359,20514,17521,21761,27393,31001,26110,34507,10747,20398,405897,196868,65491,27607,104588,46293,8749,25,29
2021-06-12T23:59:59+02:00,75,59,12725,12698,26059,25189,29516,31226,47988,50336,63187,65465,49970,55413,35629,46019,11337,21561,5,4,4089,4223,9999,11273,11137,14437,14340,20497,17499,21752,27352,30956,26105,34502,10747,20398,405601,196680,65491,27605,104586,46252,8749,25,29
2021-06-11T23:59:59+02:00,73,56,12624,12571,25933,25074,29393,31100,47750,50109,63055,65346,49946,55387,35618,46008,11335,21559,5,4,3996,3952,9481,10086,10708,13527,14052,19939,17226,21275,26943,30532,26014,34420,10744,20396,404325,195635,65481,27600,104546,41476,8560,25,29
2021-06-10T23:59:59+02:00,65,49,12381,12351,25610,24789,29048,30831,46675,49094,62320,64776,49861,55291,35584,45956,11325,21546,5,3,3725,3587,8713,8841,9815,11885,12749,17179,15435,17670,25220,28610,25718,34113,10738,20372,399436,190106,65424,27161,104344,28760,8323,25,28
2021-06-09T23:59:59+02:00,51,37,12087,12027,25200,24383,28651,30438,44664,47270,61230,63838,49756,55167,35537,45902,11319,21528,5,3,3475,3463,8288,8589,9303,11565,12232,16787,14722,17070,21383,24287,25491,33811,10726,20346,391450,178513,65295,26812,104342,28221,7973,25,27
2021-06-08T23:59:59+02:00,45,26,11655,11487,24530,23759,27993,29773,41492,44426,59453,62205,49585,54975,35463,45811,11309,21506,5,3,3265,3327,7887,8333,8685,11192,11569,16369,14064,16423,16000,18326,25100,33286,10708,20316,378767,163304,65232,26479,104332,27915,7137,25,23
2021-06-07T23:59:59+02:00,40,19,11492,11291,24180,23481,27710,29565,38865,42499,59026,61843,49551,54944,35451,45790,11307,21500,5,3,3170,3257,7582,8160,8367,11015,10995,15917,13559,15945,15923,18246,25069,33235,10706,20309,373105,162984,64805,24655,104323,27505,6296,25,23
2021-06-06T23:59:59+02:00,37,18,11356,11187,23856,23250,27498,29393,37270,41315,58900,61765,49527,54915,35443,45776,11307,21498,5,3,3070,3206,7307,8071,8100,10846,10255,15235,12961,15323,15771,18134,25055,33212,10704,20309,372697,162868,61426,21491,104312,27335,5851,25,22
2021-06-05T23:59:59+02:00,35,17,11338,11167,23812,23210,27463,29366,37242,41301,58800,61680,49516,54908,35441,45774,11307,21495,5,3,3058,3194,7283,8037,8069,10828,10224,15220,12916,15299,15648,17969,25050,33204,10703,20308,372353,162428,61423,21490,104312,27319,5759,25,22
2021-06-04T23:59:59+02:00,35,15,11156,10908,23453,22745,27185,28971,36814,40853,58180,61140,49482,54867,35431,45756,11305,21489,5,2,3034,3179,7254,8019,8046,10811,10193,15196,12882,15265,15436,17761,25039,33183,10701,20307,370555,161840,59154,21477,104298,27221,5753,25,22
2021-06-03T23:59:59+02:00,33,14,10937,10690,22991,22356,26760,28637,35715,40026,55418,58792,49353,54708,35388,45692,11300,21474,5,2,2942,3100,7046,7864,7590,10514,9163,14564,11632,14559,14252,16289,24860,32965,10689,20288,366606,158475,54232,17745,104247,26909,5174,25,21
2021-06-02T23:59:59+02:00,33,14,10899,10653,22954,22323,26726,28611,35682,39985,55290,58634,49339,54683,35382,45685,11300,21473,5,2,2900,3070,6991,7843,7528,10480,9007,14523,11406,14495,12896,14802,24742,32792,10685,20281,366009,154646,54226,17734,104246,26887,5160,25,21
2021-06-01T23:59:59+02:00,20,7,10483,10304,22297,21812,26041,28031,34961,39405,52289,55485,48950,54275,35263,45522,11284,21447,5,2,2444,2712,5638,7163,6255,9905,7608,13852,10272,13533,8583,9233,24262,32111,10662,20228,355247,136444,54043,17364,104227,26305,4334,25,21
2021-05-31T23:59:59+02:00,19,6,10204,10074,21721,21418,25635,27783,34638,39201,50840,54088,48851,54151,35229,45482,11277,21439,5,2,2333,2593,5348,6921,5993,9685,7243,13611,10016,13373,8532,9171,24236,32062,10654,20215,350509,135669,53999,17243,104203,25740,3320,25,21
2021-05-30T23:59:59+02:00,18,6,10147,10025,21628,21379,25570,27749,34525,39131,50474,53746,48825,54126,35223,45476,11275,21436,5,2,2296,2563,5243,6843,5893,9617,7054,13523,9790,13276,8488,9123,24220,32055,10653,20210,349320,135074,53978,17069,104186,25440,3250,25,21
2021-05-29T23:59:59+02:00,17,6,10133,10013,21595,21360,25553,27736,34504,39118,50461,53728,48821,54122,35220,45475,11275,21436,5,2,2276,2511,5200,6716,5833,9487,6938,13325,9651,13054,8417,9031,24153,31988,10652,20209,349164,134793,53978,17017,104165,24376,3241,25,21
2021-05-28T23:59:59+02:00,17,6,10073,9943,21519,21248,25472,27615,34426,39018,50382,53630,48800,54104,35211,45467,11275,21432,5,2,2194,2245,4587,6181,5211,8769,6571,12363,9157,12059,8239,8832,23781,31506,10651,20206,348307,133291,53965,16920,104107,19093,3235,24,20
2021-05-27T23:59:59+02:00,16,6,9806,9696,20992,20872,24928,27254,33902,38640,49770,53020,48630,53913,35142,45393,11271,21412,3,2,1953,1979,4010,5662,4535,8167,6061,11593,8210,10734,7733,8170,22216,29353,10636,20184,344024,127621,53554,15787,104002,14714,3059,24,20
2021-05-26T23:59:59+02:00,16,6,9530,9448,20273,20307,24055,26583,32639,37614,49006,52314,48376,53624,35066,45282,11259,21388,3,1,1896,1907,3913,5535,4403,8004,5853,11332,7884,10351,7170,7444,19773,25920,10616,20140,339305,119119,50583,15534,103949,14548,2925,24,19
2021-05-25T23:59:59+02:00,15,6,9266,9212,19861,19950,23616,26190,32129,37097,48112,51335,48078,53305,34978,45141,11247,21358,3,1,1830,1857,3794,5436,4265,7855,5644,11108,7570,10029,6544,6602,15630,20525,10596,20082,333712,106881,50501,15491,103877,14198,2782,24,19
2021-05-24T23:59:59+02:00,14,6,9050,9053,19292,19658,22843,25802,30620,36083,47887,51164,47986,53205,34949,45111,11245,21357,3,1,1804,1839,3748,5404,4200,7813,5578,11048,7494,9972,6518,6577,15616,20516,10596,20082,332128,106760,46707,15477,103817,13905,2649,24,18
2021-05-23T23:59:59+02:00,14,6,8843,8846,18937,19368,22420,25454,30197,35762,47296,50651,47553,52750,34846,44965,11237,21348,3,1,1802,1838,3738,5400,4195,7807,5568,11040,7483,9963,6513,6566,15616,20514,10596,20082,327303,106700,46705,15475,103815,13886,2646,24,18
2021-05-22T23:59:59+02:00,14,6,8812,8809,18886,19325,22373,25422,30144,35731,47189,50581,47534,52727,34843,44956,11234,21348,3,1,1801,1834,3726,5388,4191,7801,5563,11034,7476,9959,6510,6564,15613,20513,10596,20082,326758,106664,46705,15475,103814,13865,2633,24,18
2021-05-21T23:59:59+02:00,13,6,8537,8454,18446,18812,22011,24777,29716,34922,46702,49914,47445,52602,34805,44913,11231,21343,3,1,1736,1793,3649,5349,4146,7765,5531,10987,7434,9911,6480,6538,15535,20416,10595,20081,321551,106347,46674,15474,103790,13501,2610,24,18
2021-05-20T23:59:59+02:00,12,6,7964,7910,17504,18019,21003,23862,28395,33720,44955,48090,47005,52140,34697,44757,11213,21324,3,1,1436,1630,3341,5062,3880,7378,5232,10509,7053,9458,6245,6280,14216,18870,10571,20042,309947,102580,46586,14990,103561,11161,2458,24,18
2021-05-19T23:59:59+02:00,12,6,7699,7596,16900,17418,20100,22984,27163,32459,43159,46001,46474,51584,34547,44534,11192,21292,3,1,1371,1544,3142,4848,3673,7126,5006,10157,6758,9128,5961,5946,11998,16010,10553,19981,298795,96326,46545,14514,103515,10108,2241,24,17
2021-05-18T23:59:59+02:00,11,6,7174,7058,15747,16396,18829,21736,25656,30829,40469,42768,45644,50637,34311,44230,11167,21250,3,1,1349,1518,3082,4777,3598,7005,4871,10025,6577,8916,5694,5668,10292,13830,10529,19927,283010,91176,45341,14463,103408,9870,2136,23,17
2021-05-17T23:59:59+02:00,11,6,7096,6996,15563,16285,18613,21568,25256,30501,38720,41130,45533,50557,34263,44165,11157,21226,3,1,1316,1495,3025,4731,3533,6946,4802,9921,6483,8815,5652,5628,10278,13812,10525,19919,282788,91103,40575,14182,103364,9687,1896,23,17
2021-05-16T23:59:59+02:00,10,5,6981,6943,15442,16198,18484,21461,25076,30386,35738,38361,45497,50522,34241,44141,11154,21221,3,1,1293,1476,2981,4691,3485,6888,4719,9851,6389,8736,5621,5591,10266,13796,10523,19916,282505,91055,34427,13916,103244,9576,1662,23,17
2021-05-15T23:59:59+02:00,10,5,6956,6913,15381,16140,18438,21420,25008,30341,35702,38320,45474,50495,34234,44136,11154,21221,3,1,1280,1451,2949,4620,3466,6819,4700,9770,6367,8685,5615,5587,10261,13795,10523,19916,282020,90999,34426,13912,103230,9231,1649,23,17
2021-05-14T23:59:59+02:00,10,4,6783,6542,15033,15645,18123,21001,24670,29880,35457,37970,45445,50464,34224,44131,11154,21219,3,1,1221,1391,2869,4516,3417,6716,4636,9619,6284,8555,5586,5542,10248,13785,10523,19915,280954,90912,34276,13892,100918,8423,1584,23,16
2021-05-13T23:59:59+02:00,10,4,6428,6216,14276,15066,17416,20369,23810,29137,34689,37299,45158,50120,34145,44008,11150,21208,3,1,1049,1306,2674,4405,3300,6594,4495,9448,6162,8410,5543,5504,10231,13768,10519,19910,274543,90756,33943,13811,100702,7442,1298,23,15
2021-05-12T23:59:59+02:00,10,4,6030,5944,13304,14396,16395,19567,23145,28700,34381,37015,44975,49924,34114,43977,11147,21205,3,1,1046,1304,2667,4398,3282,6590,4490,9438,6154,8405,5536,5498,10229,13763,10518,19909,268295,90695,33932,13800,100698,7437,1285,23,14
2021-05-11T23:59:59+02:00,10,4,5652,5720,12714,13945,14593,18125,20192,26175,32066,34687,43920,48665,33789,43505,11118,21155,3,0,984,1229,2549,4224,3173,6352,4372,9150,6037,8179,5464,5418,10186,13701,10510,19891,251004,90215,33653,13583,100252,6508,1103,23,13
2021-05-10T23:59:59+02:00,10,4,5502,5621,12442,13818,14242,17899,19389,25605,30691,33664,43389,48050,33731,43416,11110,21136,3,0,941,1170,2450,4059,3079,6150,4247,8887,5915,7981,5426,5386,10174,13684,10506,19882,245522,90104,33442,13523,99944,5512,788,23,13
2021-05-09T23:59:59+02:00,10,4,5099,5382,11256,13291,13242,17537,18362,25274,30146,33375,43333,47977,33705,43402,11107,21128,3,0,916,1139,2352,3952,2989,6012,4115,8712,5821,7877,5417,5372,10167,13679,10501,19878,240204,90057,33369,13481,99603,4921,431,23,12
2021-05-08T23:59:59+02:00,10,4,5087,5374,11234,13271,13216,17518,18332,25242,30105,33332,43325,47966,33704,43398,11107,21128,3,0,912,1132,2339,3945,2984,6012,4111,8706,5818,7874,5414,5369,10164,13674,10501,19878,239935,90031,33367,13481,99602,4886,426,23,12
2021-05-07T23:59:59+02:00,10,4,4986,5291,11005,13103,12930,17297,17724,24642,29155,32437,43131,47725,33648,43326,11103,21122,3,0,882,1101,2305,3890,2941,5963,4057,8652,5734,7821,5367,5321,10152,13665,10501,19877,237430,89895,31477,13478,99494,4631,216,22,12
2021-05-06T23:59:59+02:00,10,4,4573,5006,10335,12686,12171,16630,16127,23198,26609,30046,42430,46976,33481,43089,11087,21101,3,0,823,1045,2171,3643,2771,5653,3862,8179,5535,7500,5316,5267,10129,13637,10499,19871,228663,89712,28136,13164,98679,2957,59,22,12
2021-05-05T23:59:59+02:00,10,4,4264,4776,9734,12241,11451,16047,15026,22170,23756,27284,41448,45870,33198,42702,11069,21059,3,0,807,1021,2108,3518,2713,5497,3768,7968,5439,7366,5267,5212,10092,13598,10497,19868,215628,89448,27953,13026,98458,2207,49,21,12
2021-05-04T23:59:59+02:00,10,4,3915,4325,9068,11551,10679,15207,13722,20918,20152,23876,40101,44410,32824,42178,11046,21020,3,0,789,991,2039,3402,2642,5362,3675,7815,5342,7243,5228,5166,10062,13569,10495,19865,198579,89226,27935,12727,98430,1681,42,20,12
2021-05-03T23:59:59+02:00,10,4,3672,3907,8660,11059,10198,14582,13188,20263,19428,23227,39835,44158,32745,42074,11043,21005,3,0,775,961,1972,3301,2583,5254,3616,7700,5291,7156,5212,5153,10046,13551,10492,19860,192724,89084,27923,12716,98366,1089,25,20,12
2021-05-02T23:59:59+02:00,10,4,3670,3905,8640,11050,10188,14572,13167,20251,19410,23217,39832,44157,32744,42073,11042,21005,3,0,771,945,1941,3220,2536,5158,3569,7575,5271,7092,5208,5149,10045,13547,10492,19858,192629,89066,27909,12684,98359,599,20,20,11
2021-05-01T23:59:59+02:00,10,4,3667,3897,8627,11036,10179,14561,13159,20249,19397,23208,39832,44155,32744,42073,11042,21005,3,0,770,945,1940,3220,2535,5158,3569,7575,5271,7092,5208,5149,10045,13547,10491,19858,192540,89065,27907,12682,98359,599,19,20,11
2021-04-30T23:59:59+02:00,10,3,3644,3872,8582,11001,10135,14522,13098,20210,19295,23056,39563,43832,32723,42052,11041,21005,3,0,765,940,1925,3212,2534,5150,3566,7568,5269,7085,5205,5146,10041,13546,10491,19858,191615,89038,27638,12679,98353,558,18,20,11
2021-04-29T23:59:59+02:00,10,3,3374,3698,8146,10729,9587,14237,12599,19845,18558,22327,36502,40380,32461,41686,11030,20969,3,0,752,926,1877,3151,2485,5084,3500,7427,5178,6986,5165,5111,10018,13503,10489,19852,186055,88831,21803,12524,98247,124,17,19,11
2021-04-28T23:59:59+02:00,10,3,3207,3632,7879,10618,9191,14064,12219,19610,18074,21892,32715,36064,32244,41384,11017,20947,3,0,735,910,1851,3112,2440,5036,3462,7369,5112,6922,5099,5049,9966,13444,10486,19842,174887,88616,21650,12084,98202,116,12,19,10
2021-04-27T23:59:59+02:00,9,3,3126,3566,7619,10489,8839,13890,11735,19385,17595,21400,27146,29869,31868,40877,10996,20914,3,0,725,896,1819,3075,2404,4990,3408,7310,5057,6846,5049,4979,9931,13391,10482,19833,159528,88402,21628,11662,98139,113,12,19,9
2021-04-26T23:59:59+02:00,9,3,3069,3530,7475,10425,8671,13830,11504,19319,17070,21013,27110,29835,31854,40862,10996,20914,3,0,702,864,1751,3016,2337,4935,3340,7220,4959,6741,4949,4904,9852,13307,10480,19830,158942,88270,21410,10787,97107,112,12,18,9
2021-04-25T23:59:59+02:00,9,3,3032,3513,7315,10374,8435,13780,11172,19276,16237,20543,25556,28171,31800,40798,10996,20911,3,0,702,863,1745,3011,2330,4932,3334,7212,4955,6732,4946,4899,9844,13296,10480,19830,158455,88247,21401,10750,92035,96,12,18,9
2021-04-24T23:59:59+02:00,9,3,3028,3507,7300,10359,8423,13772,11158,19266,16216,20525,25510,28108,31797,40792,10995,20910,3,0,702,863,1745,3010,2330,4932,3333,7212,4955,6732,4946,4898,9842,13295,10480,19830,158244,88241,21397,10750,92007,96,12,18,9
2021-04-23T23:59:59+02:00,9,3,3011,3490,7260,10315,8376,13730,11091,19207,16155,20460,25089,27603,31764,40736,10992,20907,3,0,692,855,1727,3001,2314,4903,3282,7174,4855,6635,4806,4775,9671,13096,10474,19815,157054,87948,21260,10015,91854,95,12,18,8
2021-04-22T23:59:59+02:00,8,3,2930,3411,7067,10130,7837,13323,9883,18410,14599,19412,23072,25168,31552,40466,10973,20877,3,0,627,805,1614,2889,2187,4737,3122,7002,4671,6434,4649,4601,9159,12438,10437,19736,152240,86028,15963,8987,90890,76,12,16,8
2021-04-21T23:59:59+02:00,8,3,2878,3363,6944,10043,7626,13167,9516,18169,14128,18965,20557,22035,31252,40077,10954,20851,3,0,578,780,1534,2810,2100,4646,2995,6859,4508,6270,4465,4421,8588,11670,10391,19643,145238,84224,15190,7949,90081,68,12,15,8
2021-04-20T23:59:59+02:00,8,3,2838,3324,6838,9954,7489,13056,9264,17951,13635,18573,17167,17972,30938,39603,10937,20817,3,0,548,745,1461,2746,2014,4566,2893,6737,4374,6109,4275,4226,7719,10451,10321,19492,136386,81285,14946,7314,89008,63,12,15,6
2021-04-19T23:59:59+02:00,8,3,2823,3315,6790,9914,7436,13020,9188,17877,13498,18456,16833,17590,30904,39567,10935,20812,3,0,489,705,1341,2650,1914,4468,2759,6579,4176,5918,4020,3925,5865,8008,10102,19087,136063,75405,14749,6527,88130,59,12,15,6
2021-04-18T23:59:59+02:00,8,3,2807,3301,6712,9888,7331,12969,8990,17810,12660,18326,15421,16183,30836,39505,10931,20805,3,0,483,699,1330,2642,1899,4457,2726,6550,4115,5868,3944,3854,5451,7378,10055,19003,135841,73905,14606,6479,84012,55,12,15,6
2021-04-17T23:59:59+02:00,8,3,2797,3297,6695,9865,7301,12948,8958,17771,12627,18306,15369,16133,30782,39433,10930,20805,3,0,483,696,1330,2640,1898,4453,2722,6545,4112,5864,3943,3852,5446,7377,10054,19002,135487,73868,14605,6479,83909,55,12,15,6
2021-04-16T23:59:59+02:00,8,3,2784,3283,6661,9850,7249,12909,8883,17719,12519,18202,15121,15851,30263,38784,10927,20797,3,0,482,693,1325,2635,1889,4451,2716,6539,4104,5856,3937,3846,5429,7348,10052,19000,133956,73766,14598,6468,83233,53,12,14,6
2021-04-15T23:59:59+02:00,8,3,2730,3228,6530,9752,7059,12730,8540,17446,12042,17736,14061,14628,28139,35975,10908,20774,3,0,473,687,1321,2609,1875,4427,2693,6511,4061,5803,3880,3772,5396,7294,10044,18987,128021,73445,14323,6330,79920,44,11,14,6
2021-04-14T23:59:59+02:00,7,1,2674,3177,6436,9657,6913,12570,8266,17178,11609,17274,12880,13246,23419,29895,10887,20718,3,0,469,680,1307,2599,1862,4408,2671,6486,4019,5766,3832,3720,5334,7238,10013,18949,115619,73141,14289,6174,76875,24,11,13,6
2021-04-13T23:59:59+02:00,7,1,2623,3142,6308,9572,6760,12435,7990,16927,11184,16849,10215,10324,20330,25724,10864,20674,3,0,452,656,1260,2556,1811,4346,2563,6385,3837,5603,3620,3535,5183,7099,10004,18926,107175,72792,14095,5010,70635,20,11,13,6
2021-04-12T23:59:59+02:00,7,1,2602,3128,6248,9543,6653,12349,7798,16798,10937,16640,8852,8832,19507,24749,10862,20665,3,0,446,648,1241,2539,1794,4321,2529,6345,3786,5551,3556,3487,5148,7058,9999,18904,107046,72653,14040,4669,65061,16,11,13,6
2021-04-11T23:59:59+02:00,7,1,2575,3118,6152,9517,6537,12312,7633,16747,10738,16538,7577,7555,17776,22771,10860,20662,3,0,446,648,1240,2537,1794,4321,2529,6345,3782,5546,3551,3486,5142,7056,9999,18904,106977,72642,14033,4657,58043,14,10,13,6
2021-04-10T23:59:59+02:00,7,1,2574,3116,6143,9512,6528,12307,7627,16742,10731,16530,7568,7543,17766,22764,10860,20662,3,0,446,644,1237,2534,1793,4318,2527,6341,3779,5545,3542,3472,5134,7041,9999,18904,106892,72580,14033,4650,58034,14,9,13,6
2021-04-09T23:59:59+02:00,7,1,2512,3018,6008,9305,6373,12045,7369,16335,10419,16035,7411,7338,17649,22585,10859,20660,3,0,441,639,1219,2521,1767,4300,2494,6291,3700,5463,3424,3362,4992,6946,9994,18902,106417,72490,14004,3941,55486,12,9,13,6
2021-04-08T23:59:59+02:00,7,1,2434,2946,5913,9185,6270,11915,7198,16150,10163,15846,7213,7078,16380,21125,10848,20629,3,0,434,633,1204,2487,1741,4263,2466,6219,3646,5397,3345,3315,4911,6841,9972,18856,102754,72038,13650,3669,54875,11,9,13,6
2021-04-07T23:59:59+02:00,7,1,2407,2910,5840,9113,6178,11840,7065,16050,9920,15695,6916,6751,14051,18174,10827,20582,3,0,428,631,1193,2474,1728,4239,2452,6179,3578,5338,3273,3262,4852,6779,9963,18826,96580,71751,13490,3422,54236,10,9,12,6
2021-04-06T23:59:59+02:00,7,1,2390,2880,5743,9046,6088,11761,6911,15937,9680,15513,6561,6387,11944,15558,10800,20523,3,0,424,624,1185,2447,1717,4216,2426,6141,3513,5274,3187,3212,4806,6726,9957,18808,91531,71505,13190,3138,52990,10,7,12,6
2021-04-05T23:59:59+02:00,7,1,2382,2870,5724,9029,6077,11742,6898,15918,9660,15487,6435,6287,10665,14263,10799,20522,3,0,420,617,1181,2432,1711,4200,2410,6109,3480,5233,3158,3174,4785,6681,9950,18790,91447,71312,13153,3001,50148,9,6,12,6
2021-04-04T23:59:59+02:00,7,1,2382,2870,5721,9025,6075,11742,6896,15918,9658,15486,6430,6282,10665,14261,10799,20522,3,0,420,616,1181,2431,1711,4200,2409,6109,3480,5233,3157,3174,4782,6681,9949,18789,91438,71304,13150,3000,50135,9,6,11,6
2021-04-03T23:59:59+02:00,7,1,2379,2863,5714,9017,6069,11737,6893,15914,9655,15483,6427,6277,10658,14258,10799,20522,3,0,420,616,1181,2431,1711,4200,2409,6109,3480,5232,3157,3174,4782,6681,9949,18789,91380,71303,13148,3000,50128,9,6,11,6
2021-04-02T23:59:59+02:00,7,1,2376,2861,5709,9010,6067,11734,6889,15913,9651,15481,6423,6270,10644,14234,10798,20521,3,0,418,614,1180,2431,1710,4199,2408,6109,3479,5225,3132,3157,4772,6672,9949,18789,91301,71227,13145,2999,50127,9,6,10,6
2021-04-01T23:59:59+02:00,7,1,2355,2858,5678,8980,6024,11691,6847,15858,9596,15425,6329,6173,10348,13885,10775,20472,3,0,416,598,1177,2425,1703,4188,2392,6092,3452,5204,3066,3109,4709,6596,9871,18671,90309,70656,13122,2996,49856,9,5,10,6
2021-03-31T23:59:59+02:00,7,1,2322,2831,5603,8912,5955,11596,6745,15746,9462,15291,6186,6030,9796,13136,10728,20378,3,0,411,592,1171,2413,1697,4172,2385,6079,3432,5170,3034,3076,4659,6537,9813,18569,88317,70202,12906,2994,49489,9,3,10,5
2021-03-30T23:59:59+02:00,7,1,2302,2814,5556,8853,5892,11522,6672,15647,9365,15148,5998,5816,8886,11794,10651,20195,3,0,409,588,1167,2409,1684,4155,2367,6057,3398,5126,2976,3007,4568,6439,9681,18327,85232,69493,12526,2852,49350,9,3,8,4
2021-03-29T23:59:59+02:00,6,1,2235,2759,5454,8740,5782,11375,6504,15416,9130,14893,5639,5441,6933,9258,10424,19765,3,0,401,584,1156,2398,1670,4143,2342,6030,3368,5070,2906,2940,4445,6333,9473,17987,79108,68520,11718,2713,48919,9,3,7,4
2021-03-28T23:59:59+02:00,6,1,2213,2746,5410,8679,5707,11297,6416,15330,9012,14773,5513,5288,6286,8320,10357,19647,3,0,391,577,1140,2382,1644,4116,2295,5970,3312,4980,2822,2860,4332,6194,9397,17847,76795,68064,11459,2187,48737,5,3,7,3
2021-03-27T23:59:59+01:00,6,1,2212,2739,5402,8673,5703,11282,6401,15308,9001,14761,5485,5261,6275,8316,10357,19645,3,0,391,577,1138,2381,1643,4111,2291,5967,3303,4973,2817,2857,4316,6169,9315,17698,76687,67753,11459,2186,48672,5,3,7,3
2021-03-26T23:59:59+01:00,6,1,2195,2718,5365,8634,5664,11232,6324,15238,8851,14611,5320,5112,6105,8135,10354,19636,3,0,387,569,1131,2368,1627,4082,2263,5931,3269,4919,2756,2793,4128,5909,8598,16500,76341,65074,10622,2148,48528,5,3,7,3
2021-03-25T23:59:59+01:00,6,0,2078,2638,5188,8419,5464,10955,6116,14934,8611,14323,5157,4959,6008,8013,10352,19628,3,0,378,554,1111,2342,1604,4052,2217,5873,3194,4840,2657,2686,3750,5414,7435,14725,75884,60900,9669,1926,47287,4,2,7,3
2021-03-24T23:59:59+01:00,6,0,1993,2590,5037,8258,5304,10761,5950,14695,8404,14092,5017,4800,5894,7895,10346,19617,3,0,374,542,1098,2314,1571,3997,2158,5807,3105,4740,2520,2572,3318,4796,6015,12475,75504,55821,8505,1575,46641,4,2,7,3
2021-03-23T23:59:59+01:00,6,0,1916,2539,4926,8135,5205,10620,5829,14504,8287,13923,4934,4716,5827,7835,10339,19598,3,0,363,517,1079,2279,1538,3939,2114,5717,3023,4648,2431,2478,2864,4151,4062,9191,75108,48962,7762,1427,46260,3,2,7,3
2021-03-22T23:59:59+01:00,6,0,1854,2475,4790,8000,5071,10443,5669,14271,8095,13710,4827,4601,5757,7727,10322,19557,2,0,336,500,1051,2241,1493,3865,2048,5607,2921,4496,2314,2325,2332,3453,1464,4935,74605,40190,6724,1187,45837,1,2,7,3
2021-03-21T23:59:59+01:00,6,0,1852,2469,4779,7986,5057,10432,5653,14254,8065,13685,4805,4586,5740,7715,10317,19556,2,0,335,500,1046,2227,1484,3836,2030,5569,2896,4446,2273,2276,2290,3412,1447,4889,74580,40048,6672,904,45696,1,2,7,3
2021-03-20T23:59:59+01:00,6,0,1852,2469,4777,7985,5056,10430,5652,14253,8057,13679,4804,4585,5732,7706,10317,19556,2,0,335,499,1046,2227,1484,3836,2030,5569,2894,4445,2272,2273,2290,3412,1446,4889,74566,40044,6672,899,45669,1,2,7,3
2021-03-19T23:59:59+01:00,6,0,1800,2225,4267,6706,4648,9448,5384,13696,7835,13277,4677,4485,5662,7639,10316,19556,2,0,334,499,1046,2227,1484,3835,2029,5568,2893,4445,2270,2272,2284,3405,1444,4887,74503,40026,6661,892,40454,1,2,7,3
2021-03-18T23:59:59+01:00,6,0,1745,1972,3853,5649,4119,8072,4567,11154,6474,9949,4308,4185,5458,7415,10295,19518,2,0,333,496,1039,2214,1477,3810,2002,5529,2868,4421,2249,2256,2259,3376,1439,4878,74068,39834,6597,808,28065,1,2,7,3
2021-03-17T23:59:59+01:00,6,0,1739,1963,3841,5623,4102,8042,4543,11089,6423,9875,4269,4138,5415,7369,10287,19490,1,0,330,495,1035,2206,1471,3801,1995,5514,2858,4394,2222,2227,2237,3361,1432,4862,73797,39676,6533,759,27875,1,2,7,3
2021-03-16T23:59:59+01:00,6,0,1715,1930,3782,5541,4032,7936,4416,10927,6215,9676,4045,3948,5272,7210,10280,19466,1,0,327,491,1034,2187,1466,3788,1986,5498,2849,4374,2213,2212,2224,3331,1423,4831,73483,39500,5256,729,27649,1,2,7,3
2021-03-15T23:59:59+01:00,6,0,1705,1910,3758,5505,4006,7898,4365,10858,6136,9590,3958,3881,5216,7148,10271,19439,1,0,324,487,1025,2171,1458,3782,1970,5462,2831,4346,2198,2180,2199,3266,1412,4792,73251,39279,4889,621,27503,1,0,7,3
2021-03-14T23:59:59+01:00,6,0,1699,1900,3749,5495,4001,7881,4356,10827,6127,9568,3950,3870,5210,7140,10270,19437,1,0,324,487,1023,2171,1453,3779,1967,5460,2813,4340,2192,2177,2188,3255,1407,4790,73215,39271,4871,552,27393,1,0,7,3
2021-03-13T23:59:59+01:00,6,0,1695,1894,3734,5472,3994,7871,4336,10816,6113,9552,3947,3867,5207,7137,10270,19437,1,0,324,487,1023,2171,1453,3779,1967,5459,2813,4339,2191,2176,2188,3253,1398,4785,73190,39251,4866,552,27285,1,0,7,3
2021-03-12T23:59:59+01:00,5,0,1658,1836,3226,5326,3479,7754,4202,10691,5887,9261,3776,3720,5065,7024,10244,19389,1,0,319,465,1019,2141,1445,3754,1948,5388,2760,4255,2012,2022,2128,3204,1391,4779,72969,38484,4132,544,25435,0,0,7,3
2021-03-11T23:59:59+01:00,5,0,1550,1697,2844,5066,3041,7497,3922,10276,5257,8372,3547,3544,4957,6903,10204,19333,1,0,318,464,1016,2128,1442,3734,1941,5369,2751,4238,2005,2014,2113,3187,1386,4759,72386,38359,3866,504,21757,0,0,6,3
2021-03-10T23:59:59+01:00,5,0,1518,1663,2805,5021,3003,7438,3865,10188,5147,8255,3421,3438,4839,6789,10156,19266,1,0,316,463,1015,2125,1438,3723,1937,5356,2739,4218,1986,2006,2086,3154,1376,4744,71966,38273,3534,407,21311,0,0,6,3
2021-03-09T23:59:59+01:00,5,0,1508,1647,2768,4993,2981,7394,3826,10128,5065,8176,3320,3351,4756,6700,10047,19054,1,0,313,462,1011,2118,1431,3710,1911,5334,2697,4188,1943,1981,2032,3125,1364,4734,71359,38242,3262,110,21092,0,0,6,3
2021-03-08T23:59:59+01:00,5,0,1492,1632,2739,4964,2952,7363,3803,10080,5041,8114,3278,3311,4679,6636,9866,18750,1,0,312,462,1009,2114,1423,3694,1894,5300,2678,4160,1924,1962,2005,3102,1357,4715,70553,38091,3253,18,20893,0,0,6,3
2021-03-07T23:59:59+01:00,5,0,1479,1621,2709,4921,2918,7315,3768,10019,4998,8054,3243,3277,4613,6534,9789,18604,1,0,312,461,1008,2113,1422,3688,1891,5290,2677,4155,1920,1959,2001,3098,1353,4706,70011,38036,3199,16,20651,0,0,6,3
2021-03-06T23:59:59+01:00,5,0,1478,1620,2704,4909,2915,7306,3760,10012,4980,8038,3233,3267,4590,6495,9698,18432,1,0,312,461,1006,2110,1422,3686,1885,5281,2675,4153,1915,1952,1996,3096,1352,4703,69615,37988,3199,16,20622,0,0,6,2
2021-03-05T23:59:59+01:00,5,0,1405,1544,2606,4748,2858,7147,3675,9805,4880,7842,3183,3207,4371,6205,8978,17222,1,0,312,461,1004,2108,1418,3681,1883,5280,2672,4147,1907,1948,1991,3093,1347,4699,66925,37934,3196,16,19554,0,0,6,2
2021-03-04T23:59:59+01:00,5,0,1233,1438,2440,4549,2690,6876,3508,9461,4622,7501,3067,3082,4007,5748,7788,15379,1,0,310,453,995,2085,1402,3641,1855,5227,2644,4099,1879,1923,1958,3038,1319,4653,62670,37464,3193,16,17525,0,0,6,2
2021-03-03T23:59:59+01:00,5,0,1199,1384,2364,4441,2629,6753,3422,9294,4524,7358,2980,3012,3624,5142,6370,13147,1,0,306,444,984,2062,1390,3613,1841,5177,2589,4044,1829,1887,1930,3005,1303,4624,57526,37011,3165,16,16952,0,0,5,2
2021-03-02T23:59:59+01:00,5,0,1166,1345,2303,4382,2580,6661,3340,9170,4387,7209,2865,2887,3135,4473,4321,9739,1,0,301,435,979,2035,1377,3571,1826,5122,2557,4017,1819,1871,1910,2976,1289,4596,50383,36664,2914,16,16667,0,0,4,2
2021-03-01T23:59:59+01:00,5,0,1107,1316,2241,4320,2507,6574,3245,9042,4245,7021,2733,2751,2561,3724,1543,5194,1,0,300,432,972,2023,1366,3553,1818,5107,2544,4001,1801,1860,1894,2957,1278,4567,41169,36456,2523,16,16433,0,0,4,2
2021-02-28T23:59:59+01:00,5,0,1071,1301,2200,4285,2477,6529,3197,8985,4183,6962,2668,2703,2512,3693,1535,5174,1,0,300,431,969,2016,1364,3540,1815,5093,2538,3992,1794,1849,1881,2945,1270,4552,41072,36332,2230,16,16174,0,0,4,2
2021-02-27T23:59:59+01:00,5,0,1030,1219,2132,4044,2419,6295,3134,8688,4093,6709,2613,2646,2492,3669,1532,5174,1,0,300,431,968,2016,1364,3540,1815,5092,2537,3992,1794,1848,1879,2945,1270,4552,40965,36326,2229,16,14696,0,0,4,2
2021-02-26T23:59:59+01:00,4,0,864,967,1934,3655,2257,5634,2918,7773,3783,5921,2565,2592,2473,3653,1528,5172,1,0,300,431,968,2013,1362,3538,1813,5091,2535,3991,1794,1845,1872,2944,1268,4545,40947,36293,2140,16,10602,0,0,4,2
2021-02-25T23:59:59+01:00,4,0,529,811,1657,3455,2078,5329,2722,7376,3556,5620,2484,2512,2432,3592,1524,5157,1,0,291,410,943,1962,1332,3467,1781,5010,2506,3928,1769,1817,1832,2898,1239,4504,40751,35675,1879,13,8205,0,0,3,2
2021-02-24T23:59:59+01:00,3,0,508,792,1622,3357,2016,5198,2662,7194,3490,5479,2416,2465,2395,3563,1514,5121,1,0,282,405,927,1931,1318,3413,1768,4949,2482,3884,1758,1799,1823,2879,1227,4473,40557,35313,1708,4,7527,0,0,3,2
2021-02-23T23:59:59+01:00,3,0,487,755,1562,3254,1961,5057,2584,7062,3405,5374,2356,2407,2356,3504,1499,5086,1,0,280,401,922,1915,1311,3383,1759,4917,2461,3852,1738,1779,1803,2843,1211,4417,40402,34988,1435,3,6872,0,0,3,2
2021-02-22T23:59:59+01:00,2,0,471,724,1508,3154,1921,4918,2525,6843,3344,5230,2346,2308,2340,3424,1493,5041,1,0,279,398,919,1903,1303,3356,1741,4881,2446,3822,1719,1760,1775,2812,1196,4368,40185,34676,1169,1,6235,0,0,3,2
2021-02-21T23:59:59+01:00,2,0,462,685,1450,3010,1873,4768,2472,6683,3262,5126,2310,2275,2312,3404,1483,5035,1,0,279,397,916,1895,1302,3347,1736,4871,2442,3813,1717,1758,1774,2810,1196,4367,40141,34618,936,1,5532,0,0,3,2
2021-02-20T23:59:59+01:00,2,0,456,679,1441,3006,1868,4768,2469,6680,3257,5122,2307,2274,2312,3403,1481,5035,1,0,279,397,916,1894,1302,3346,1736,4871,2440,3812,1716,1757,1771,2810,1195,4365,40136,34605,931,1,5490,0,0,3,2
2021-02-19T23:59:59+01:00,1,0,433,642,1412,2944,1840,4712,2428,6580,3170,5004,2127,2112,2248,3354,1476,5029,1,0,277,396,915,1892,1301,3345,1736,4866,2437,3811,1715,1756,1769,2809,1195,4364,39384,34582,911,1,5214,0,0,3,2
2021-02-18T23:59:59+01:00,1,0,406,585,1307,2704,1736,4470,2290,6318,3067,4822,2098,2096,2232,3337,1471,5018,1,0,277,390,907,1858,1292,3305,1718,4818,2418,3773,1704,1745,1752,2797,1183,4344,39306,34279,837,1,3812,0,0,3,2
2021-02-17T23:59:59+01:00,1,0,389,553,1269,2573,1679,4295,2220,6077,3008,4673,2079,2077,2208,3317,1457,5008,1,0,267,373,871,1772,1249,3176,1658,4659,2342,3638,1625,1675,1676,2685,1130,4222,39150,33017,786,0,2944,0,0,3,2
2021-02-16T23:59:59+01:00,1,0,371,523,1216,2454,1629,4161,2141,5892,2928,4537,2070,2072,2200,3310,1452,4996,1,0,259,356,850,1691,1194,3039,1595,4456,2271,3460,1574,1621,1612,2583,1098,4086,39090,31744,755,0,2105,0,0,3,2
2021-02-15T23:59:59+01:00,1,0,361,501,1144,2314,1584,4086,2109,5838,2900,4496,2051,2056,2175,3279,1444,4975,1,0,253,337,827,1646,1162,2963,1539,4319,2198,3340,1498,1556,1554,2471,1051,3897,38982,30610,640,0,1689,0,0,3,2
2021-02-14T23:59:59+01:00,1,0,352,495,1120,2258,1521,3925,2068,5745,2869,4457,2045,2053,2163,3269,1441,4968,1,0,247,332,809,1618,1146,2923,1497,4267,2160,3310,1482,1535,1529,2434,1034,3851,38963,30173,571,0,1213,0,0,3,2
2021-02-13T23:59:59+01:00,1,0,352,495,1119,2258,1521,3924,2066,5744,2869,4457,2044,2051,2162,3269,1440,4965,1,0,247,332,809,1618,1146,2923,1496,4265,2160,3310,1480,1532,1528,2433,1034,3850,38952,30162,571,0,1212,0,0,2,2
2021-02-12T23:59:59+01:00,1,0,344,492,1101,2250,1516,3911,2061,5736,2866,4451,2030,2041,2156,3256,1435,4962,1,0,245,331,803,1613,1140,2914,1480,4247,2141,3297,1467,1516,1513,2401,1027,3813,38886,29948,563,0,1158,0,0,2,1
2021-02-11T23:59:59+01:00,1,0,321,468,1038,2154,1463,3784,1967,5472,2782,4332,1999,2008,2116,3188,1405,4904,1,0,225,303,754,1508,1060,2690,1355,3890,1952,2990,1278,1304,1340,2121,913,3444,38486,27127,526,0,388,0,0,2,1
2021-02-10T23:59:59+01:00,1,0,316,459,1016,2114,1424,3706,1913,5311,2688,4152,1928,1958,2068,3146,1383,4878,1,0,200,260,660,1321,932,2304,1169,3287,1708,2570,1115,1126,1188,1870,794,3081,38071,23585,386,0,2,0,0,2,1
2021-02-09T23:59:59+01:00,1,0,310,448,1008,2083,1409,3654,1869,5244,2622,4097,1870,1918,1996,3091,1362,4856,1,0,167,200,559,1060,782,1857,963,2678,1438,2156,963,965,990,1580,670,2632,37769,19660,65,0,2,0,0,2,1
2021-02-08T23:59:59+01:00,1,0,308,446,1005,2076,1398,3638,1861,5221,2602,4080,1856,1907,1977,3073,1356,4831,1,0,117,165,458,845,618,1439,765,2031,1160,1669,770,789,789,1246,533,2150,37612,15544,20,0,2,0,0,2,1
2021-02-07T23:59:59+01:00,1,0,308,446,1003,2075,1397,3633,1858,5218,2595,4077,1850,1898,1961,3065,1352,4823,1,0,107,146,409,701,544,1264,685,1815,1063,1521,694,708,706,1122,456,1907,37541,13848,17,0,0,0,0,2,1
2021-02-06T23:59:59+01:00,1,0,308,446,1002,2074,1397,3630,1858,5216,2595,4074,1850,1897,1956,3063,1349,4821,1,0,106,145,404,698,539,1240,669,1796,1052,1499,691,704,701,1118,455,1903,37518,13721,17,0,0,0,0,2,0
2021-02-05T23:59:59+01:00,1,0,308,445,1000,2071,1393,3621,1854,5202,2589,4068,1849,1896,1948,3055,1339,4807,1,0,102,137,389,680,522,1210,637,1744,1002,1436,654,653,652,1044,428,1809,37427,13100,17,0,0,0,0,2,0
2021-02-04T23:59:59+01:00,1,0,300,428,989,2041,1374,3567,1834,5125,2574,4020,1833,1875,1921,3020,1319,4774,1,0,77,106,288,459,362,818,454,1182,690,977,508,477,506,825,340,1450,36976,9520,17,0,0,0,0,2,0
2021-02-03T23:59:59+01:00,1,0,296,419,970,2015,1358,3529,1820,5076,2540,3977,1813,1852,1906,2996,1305,4757,1,0,61,82,242,391,292,639,346,924,532,730,340,331,368,586,248,1063,36611,7176,17,0,0,0,0,2,0
2021-02-02T23:59:59+01:00,1,0,291,413,964,1986,1350,3496,1809,5029,2517,3942,1795,1836,1878,2955,1283,4706,0,0,40,63,185,309,244,486,265,739,384,561,236,214,234,391,168,699,36232,5218,17,0,0,0,0,2,0
2021-02-01T23:59:59+01:00,1,0,290,410,959,1978,1347,3481,1801,5008,2508,3923,1787,1825,1863,2940,1278,4692,0,0,20,39,137,223,168,312,169,490,240,324,119,109,102,189,78,313,36072,3032,17,0,0,0,0,2,0
2021-01-31T23:59:59+01:00,1,0,289,409,957,1970,1344,3472,1798,4989,2504,3908,1783,1817,1859,2932,1275,4682,0,0,19,34,119,195,151,271,152,411,203,279,100,95,94,161,70,274,35970,2628,17,0,0,0,0,2,0
2021-01-30T23:59:59+01:00,1,0,289,409,957,1970,1344,3472,1798,4989,2504,3908,1782,1817,1859,2931,1275,4681,0,0,19,34,118,195,151,268,149,408,202,278,99,94,94,161,70,274,35967,2614,17,0,0,0,0,2,0
2021-01-29T23:59:59+01:00,1,0,287,406,956,1968,1343,3464,1792,4980,2501,3905,1776,1810,1850,2919,1268,4659,0,0,17,33,116,186,142,260,137,380,170,251,72,70,84,139,63,238,35866,2358,17,0,0,0,0,2,0
2021-01-28T23:59:59+01:00,1,0,284,397,937,1913,1319,3400,1767,4918,2473,3843,1754,1789,1818,2888,1249,4623,0,0,1,0,10,19,8,20,11,45,8,22,6,4,7,10,3,15,35356,189,15,0,0,0,0,2,0
2021-01-27T23:59:59+01:00,1,0,278,379,904,1832,1284,3286,1706,4795,2413,3743,1697,1740,1773,2820,1210,4534,0,0,1,0,4,6,5,12,7,19,4,12,5,4,7,10,3,14,34382,113,11,0,0,0,0,2,0
2021-01-26T23:59:59+01:00,1,0,273,369,894,1818,1270,3246,1688,4739,2383,3676,1664,1708,1734,2748,1192,4443,0,0,1,0,4,6,5,12,7,19,4,12,5,4,7,10,3,14,33837,113,7,0,0,0,0,2,0
2021-01-25T23:59:59+01:00,1,0,262,345,852,1699,1200,3082,1597,4468,2277,3468,1603,1655,1677,2660,1142,4257,0,0,1,0,1,3,1,4,4,2,4,5,5,4,6,9,2,14,32240,65,3,0,0,0,0,2,0
2021-01-24T23:59:59+01:00,1,0,259,342,841,1679,1190,3059,1566,4435,2251,3447,1592,1646,1665,2648,1136,4249,0,0,1,0,1,2,1,4,4,2,4,5,5,4,6,9,2,14,32001,64,3,0,0,0,0,2,0
2021-01-23T23:59:59+01:00,1,0,259,342,841,1679,1189,3058,1566,4431,2250,3446,1591,1646,1664,2647,1135,4244,0,0,1,0,1,2,1,4,4,2,4,5,5,4,6,9,2,14,31984,64,3,0,0,0,0,2,0
2021-01-22T23:59:59+01:00,1,0,258,340,835,1676,1185,3053,1563,4424,2237,3441,1579,1634,1658,2628,1129,4222,0,0,1,0,1,2,1,4,4,2,4,5,5,4,6,9,2,14,31859,64,3,0,0,0,0,1,0
2021-01-21T23:59:59+01:00,1,0,247,330,808,1609,1160,2926,1507,4262,2157,3306,1480,1530,1521,2460,1045,4032,0,0,1,0,1,2,1,4,4,2,4,5,4,3,5,9,1,14,30377,60,3,0,0,0,0,1,0
2021-01-20T23:59:59+01:00,1,0,225,289,734,1453,1069,2609,1373,3803,1983,2951,1357,1382,1398,2261,967,3792,0,0,1,0,1,2,1,4,4,2,3,5,4,3,5,9,1,14,27644,59,2,0,0,0,0,1,0
2021-01-19T23:59:59+01:00,1,0,194,232,633,1205,924,2163,1150,3187,1694,2520,1173,1177,1162,1918,805,3220,0,0,1,0,1,1,1,2,4,1,2,5,4,3,5,9,1,14,23355,54,2,0,0,0,0,1,0
2021-01-18T23:59:59+01:00,1,0,137,184,500,945,713,1647,882,2321,1318,1909,911,945,927,1512,629,2570,0,0,0,0,0,0,0,0,0,0,1,2,2,1,0,0,0,0,18049,6,1,0,0,0,0,1,0
2021-01-17T23:59:59+01:00,1,0,123,159,441,774,628,1424,780,2068,1203,1720,845,866,843,1374,555,2350,0,0,0,0,0,0,0,0,0,0,0,1,0,0,0,0,0,0,16153,1,0,0,0,0,0,1,0
2021-01-16T23:59:59+01:00,1,0,122,158,437,773,626,1416,770,2064,1194,1713,843,861,838,1363,547,2334,0,0,0,0,0,0,0,0,0,0,0,0,0,0,0,0,0,0,16060,0,0,0,0,0,0,0,0
2021-01-15T23:59:59+01:00,1,0,111,151,425,752,599,1377,738,1986,1132,1631,799,807,791,1274,516,2209,0,0,0,0,0,0,0,0,0,0,0,0,0,0,0,0,0,0,15299,0,0,0,0,0,0,0,0
2021-01-14T23:59:59+01:00,1,0,77,112,304,486,398,892,509,1280,775,1070,585,559,575,939,400,1682,0,0,0,0,0,0,0,0,0,0,0,0,0,0,0,0,0,0,10644,0,0,0,0,0,0,0,0
2021-01-13T23:59:59+01:00,1,0,60,85,253,408,322,675,377,981,568,765,369,355,389,636,285,1173,0,0,0,0,0,0,0,0,0,0,0,0,0,0,0,0,0,0,7702,0,0,0,0,0,0,0,0
2021-01-12T23:59:59+01:00,0,0,49,69,206,349,258,547,277,807,412,599,248,226,242,424,191,785,0,0,0,0,0,0,0,0,0,0,0,0,0,0,0,0,0,0,5689,0,0,0,0,0,0,0,0
2021-01-11T23:59:59+01:00,0,0,33,51,179,299,211,444,220,647,302,422,151,131,139,259,106,451,0,0,0,0,0,0,0,0,0,0,0,0,0,0,0,0,0,0,4045,0,0,0,0,0,0,0,0
2021-01-10T23:59:59+01:00,0,0,25,42,157,250,182,366,179,536,253,361,130,110,124,214,94,362,0,0,0,0,0,0,0,0,0,0,0,0,0,0,0,0,0,0,3385,0,0,0,0,0,0,0,0
2021-01-09T23:59:59+01:00,0,0,25,42,156,248,181,363,177,530,252,360,129,109,124,214,94,362,0,0,0,0,0,0,0,0,0,0,0,0,0,0,0,0,0,0,3366,0,0,0,0,0,0,0,0
2021-01-08T23:59:59+01:00,0,0,23,40,153,239,173,353,164,499,222,334,105,93,118,198,87,335,0,0,0,0,0,0,0,0,0,0,0,0,0,0,0,0,0,0,3136,0,0,0,0,0,0,0,0
2021-01-07T23:59:59+01:00,0,0,2,0,4,9,8,15,10,7,18,11,10,11,14,21,3,35,0,0,0,0,0,0,0,0,0,0,0,0,0,0,0,0,0,0,178,0,0,0,0,0,0,0,0
2021-01-06T23:59:59+01:00,0,0,1,0,1,3,1,7,5,2,4,6,6,4,7,10,1,16,0,0,0,0,0,0,0,0,0,0,0,0,0,0,0,0,0,0,74,0,0,0,0,0,0,0,0
2021-01-05T23:59:59+01:00,0,0,1,0,1,3,1,6,5,2,4,5,6,4,6,10,1,15,0,0,0,0,0,0,0,0,0,0,0,0,0,0,0,0,0,0,70,0,0,0,0,0,0,0,0
2021-01-04T23:59:59+01:00,0,0,1,0,1,3,1,5,4,2,4,5,6,4,5,9,1,15,0,0,0,0,0,0,0,0,0,0,0,0,0,0,0,0,0,0,66,0,0,0,0,0,0,0,0
2021-01-03T23:59:59+01:00,0,0,1,0,1,2,1,5,4,2,4,5,5,4,5,9,1,15,0,0,0,0,0,0,0,0,0,0,0,0,0,0,0,0,0,0,64,0,0,0,0,0,0,0,0
2021-01-02T23:59:59+01:00,0,0,1,0,1,2,1,5,4,2,4,5,5,4,5,9,1,15,0,0,0,0,0,0,0,0,0,0,0,0,0,0,0,0,0,0,64,0,0,0,0,0,0,0,0
2021-01-01T23:59:59+01:00,0,0,1,0,1,2,1,4,4,2,4,5,5,4,5,9,1,15,0,0,0,0,0,0,0,0,0,0,0,0,0,0,0,0,0,0,63,0,0,0,0,0,0,0,0
2020-12-31T23:59:59+01:00,0,0,1,0,1,2,1,4,4,2,4,5,5,4,5,9,1,15,0,0,0,0,0,0,0,0,0,0,0,0,0,0,0,0,0,0,63,0,0,0,0,0,0,0,0
2020-12-30T23:59:59+01:00,0,0,1,0,1,2,1,4,4,2,3,5,5,4,5,9,1,15,0,0,0,0,0,0,0,0,0,0,0,0,0,0,0,0,0,0,62,0,0,0,0,0,0,0,0
2020-12-29T23:59:59+01:00,0,0,0,0,1,1,1,2,4,1,2,5,5,4,5,9,1,15,0,0,0,0,0,0,0,0,0,0,0,0,0,0,0,0,0,0,56,0,0,0,0,0,0,0,0
2020-12-28T23:59:59+01:00,0,0,0,0,1,1,1,1,2,0,1,5,4,1,1,0,0,2,0,0,0,0,0,0,0,0,0,0,0,0,0,0,0,0,0,0,20,0,0,0,0,0,0,0,0
2020-12-27T23:59:59+01:00,0,0,0,0,1,1,1,1,2,0,0,3,2,0,1,0,0,2,0,0,0,0,0,0,0,0,0,0,0,0,0,0,0,0,0,0,14,0,0,0,0,0,0,0,0
