Datum,<15_m,<15_w,15-24_1_m,15-24_1_w,25-34_1_m,25-34_1_w,35-44_1_m,35-44_1_w,45-54_1_m,45-54_1_w,55-64_1_m,55-64_1_w,65-74_1_m,65-74_1_w,75-84_1_m,75-84_1_w,>84_1_m,>84_1_w,<24_2_m,<24_2_w,25-34_2_m,25-34_2_w,35-44_2_m,35-44_2_w,45-54_2_m,45-54_2_w,55-64_2_m,55-64_2_w,65-74_2_m,65-74_2_w,75-84_2_m,75-84_2_w,>84_2_m,>84_2_w,bp_1,bp_2,mo_1,mo_2,az_1,az_2,ja,unb_1,unb_2
2021-08-27T23:59:59+02:00,3608,3323,33762,32588,49962,44556,51463,50028,62369,62528,72662,73077,53070,58638,36586,47410,11129,21156,30723,29830,47402,41765,49233,47455,60048,59854,70398,70658,51722,57048,35698,46125,10804,20432,557803,532677,76971,73013,105524,100986,27590,27,23
2021-08-26T23:59:59+02:00,3583,3296,33724,32539,49939,44520,51428,49984,62329,62510,72634,73051,53060,58630,36578,47408,11128,21153,30461,29581,47203,41570,49079,47308,59943,59769,70325,70596,51692,57021,35682,46102,10802,20428,557461,531004,76945,73006,105523,100924,27538,27,23
2021-08-25T23:59:59+02:00,3544,3272,33680,32497,49913,44478,51398,49957,62292,62477,72601,73029,53053,58613,36573,47394,11127,21152,29775,28924,46806,41190,48781,47037,59736,59564,70166,70457,51627,56946,35662,46069,10793,20420,557058,527018,76945,73004,105523,100901,27497,27,23
2021-08-24T23:59:59+02:00,3504,3250,33624,32439,49884,44437,51369,49911,62248,62430,72557,72984,53031,58589,36560,47381,11125,21144,29548,28705,46680,41063,48676,46938,59645,59475,70084,70361,51581,56904,35642,46057,10790,20417,556573,525621,76942,73000,105521,100868,27404,27,23
2021-08-23T23:59:59+02:00,3210,2988,33001,31827,49463,44049,51030,49611,61925,62139,72271,72758,52937,58500,36522,47318,11114,21135,29131,28316,46303,40770,48435,46729,59377,59272,69859,70214,51505,56834,35617,46014,10784,20411,553588,524205,76939,72998,105520,100863,25724,27,23
2021-08-22T23:59:59+02:00,3199,2980,32990,31820,49453,44040,51023,49605,61920,62132,72267,72756,52934,58497,36520,47316,11114,21134,29108,28300,46285,40762,48427,46718,59368,59265,69853,70211,51496,56830,35614,46012,10784,20411,553521,524111,76935,72994,105517,100851,25700,27,23
2021-08-21T23:59:59+02:00,3197,2980,32985,31817,49451,44038,51022,49603,61917,62131,72267,72756,52934,58497,36520,47316,11114,21134,29097,28287,46281,40759,48422,46714,59364,59265,69853,70210,51495,56830,35614,46012,10784,20411,553508,524073,76935,72991,105517,100851,25692,27,23
2021-08-20T23:59:59+02:00,3181,2969,32863,31724,49262,43910,50852,49494,61740,62005,72122,72676,52886,58456,36505,47298,11111,21130,28560,27786,45810,40408,48143,46505,59113,59083,69651,70087,51411,56772,35584,45984,10780,20404,553284,522387,76935,72817,105516,100624,24422,27,23
2021-08-19T23:59:59+02:00,3154,2946,32816,31686,49228,43873,50806,49451,61695,61970,72073,72637,52860,58436,36498,47283,11108,21123,27621,26936,45023,39810,47718,46142,58785,58810,69379,69868,51312,56683,35542,45937,10775,20398,552877,518037,76900,71843,105511,100532,24328,27,23
2021-08-18T23:59:59+02:00,3133,2927,32770,31644,49192,43838,50769,49415,61653,61933,72026,72612,52833,58419,36484,47270,11107,21118,26337,25630,44110,38935,47020,45410,58117,58233,68898,69420,51127,56463,35466,45847,10764,20381,552455,512521,76879,68691,105509,100479,24273,27,23
2021-08-17T23:59:59+02:00,3111,2904,32699,31589,49154,43775,50729,49382,61611,61893,71992,72573,52812,58395,36471,47259,11104,21113,25056,24245,43249,38247,46427,44934,57594,57793,68472,69100,50994,56280,35394,45770,10750,20367,551942,506967,76874,66619,105508,100442,24215,27,23
2021-08-16T23:59:59+02:00,3100,2885,32683,31568,49130,43753,50720,49365,61591,61877,71972,72558,52804,58387,36470,47248,11102,21109,23627,22848,42342,37400,46157,44645,57375,57535,68268,68940,50923,56197,35365,45725,10748,20354,551721,500630,76871,66589,105506,100429,24197,27,23
2021-08-15T23:59:59+02:00,3093,2874,32672,31552,49120,43748,50710,49356,61576,61862,71957,72546,52800,58380,36467,47248,11102,21109,21195,20380,41588,36862,45792,44281,57044,57241,67985,68684,50811,56094,35328,45669,10745,20345,551599,491896,76870,66411,105496,100413,24180,27,23
2021-08-14T23:59:59+02:00,3093,2873,32668,31550,49115,43747,50707,49354,61571,61859,71953,72540,52800,58380,36466,47248,11102,21109,21173,20354,41548,36832,45775,44266,57031,57231,67973,68673,50809,56092,35327,45668,10745,20344,551593,491716,76869,66408,105496,100413,24150,27,23
2021-08-13T23:59:59+02:00,3079,2856,32626,31523,49092,43733,50685,49337,61538,61828,71931,72520,52795,58372,36463,47243,11101,21106,21058,20267,41460,36733,45713,44214,56983,57193,67933,68641,50792,56081,35318,45660,10744,20342,551437,491132,76868,66406,105495,100392,24001,27,23
2021-08-12T23:59:59+02:00,3062,2830,32578,31474,49058,43693,50647,49309,61488,61801,71895,72485,52779,58354,36447,47234,11100,21103,20592,19956,40509,35924,45347,43883,56769,57018,67757,68476,50721,56000,35288,45615,10739,20335,551036,486913,76864,66405,105493,100347,23917,27,23
2021-08-11T23:59:59+02:00,3021,2799,32522,31431,49025,43662,50625,49285,61462,61774,71866,72458,52758,58330,36438,47225,11099,21099,19700,19072,39183,34739,44748,43308,56409,56689,67465,68203,50601,55863,35251,45556,10737,20322,550644,479513,76858,66401,105492,100325,23858,27,23
2021-08-10T23:59:59+02:00,3005,2780,32471,31388,48991,43635,50595,49253,61443,61735,71826,72414,52736,58314,36428,47202,11098,21094,18678,18109,37086,32883,43865,42432,55957,56294,67078,67860,50454,55710,35190,45461,10732,20303,550193,469311,76858,66399,105491,100306,23839,27,23
2021-08-09T23:59:59+02:00,2989,2773,32442,31365,48970,43618,50568,49237,61424,61719,71807,72394,52727,58305,36423,47192,11096,21093,17257,16695,34094,30450,43203,41802,55553,55933,66746,67535,50315,55563,35140,45413,10727,20285,549954,457129,76856,66395,105487,100293,23818,27,23
2021-08-08T23:59:59+02:00,2986,2773,32430,31355,48960,43613,50563,49232,61416,61712,71804,72393,52726,58303,36423,47189,11096,21092,17230,16666,34072,30437,43167,41770,55540,55920,66737,67530,50310,55558,35139,45410,10726,20284,549902,456945,76856,66390,105476,100274,23805,27,23
2021-08-07T23:59:59+02:00,2985,2768,32423,31345,48957,43605,50558,49232,61413,61709,71797,72391,52725,58301,36422,47189,11096,21092,17204,16636,34044,30418,43134,41740,55519,55903,66726,67523,50304,55556,35137,45410,10726,20283,549853,456718,76856,66387,105476,100273,23796,27,23
2021-08-06T23:59:59+02:00,2898,2676,32081,31122,48703,43412,50306,49007,61129,61506,71523,72225,52593,58197,36369,47137,11093,21083,16999,16501,33337,29945,42666,41373,55180,55678,66416,67347,50174,55462,35088,45374,10723,20276,549784,455054,75761,66101,105474,100271,22014,27,23
2021-08-05T23:59:59+02:00,2852,2637,31927,31005,48609,43323,50225,48954,61076,61461,71472,72184,52568,58178,36360,47120,11091,21081,16770,16247,31487,28521,41631,40435,54908,55332,66205,67176,50109,55386,35065,45335,10716,20267,548915,448297,75758,66028,105465,100149,21958,27,23
2021-08-04T23:59:59+02:00,2777,2561,31683,30813,48423,43189,50074,48844,60997,61385,71411,72131,52539,58138,36347,47105,11088,21076,16510,16004,31135,28300,40441,39363,54519,55002,66034,67026,50046,55303,35035,45308,10713,20260,547635,444004,75757,66009,105464,100075,21705,20,22
2021-08-03T23:59:59+02:00,2590,2381,31175,30351,48173,42943,49901,48653,60838,61213,71265,71985,52485,58067,36325,47076,11078,21062,16072,15560,30549,27774,38714,37747,53830,54356,65699,66717,49950,55175,34987,45257,10708,20251,544705,436353,75757,66003,105462,100056,21617,20,22
2021-08-02T23:59:59+02:00,2479,2286,30862,30066,47976,42763,49750,48524,60732,61110,71178,71903,52452,58035,36303,47057,11077,21059,15768,15291,30213,27422,36572,35924,53274,53845,65494,66542,49878,55090,34965,45229,10706,20247,542779,429524,75754,66000,105458,99946,21601,20,21
2021-08-01T23:59:59+02:00,2476,2283,30850,30061,47958,42754,49738,48516,60721,61100,71170,71897,52447,58027,36299,47057,11077,21059,15645,15168,30076,27310,34269,34069,52977,53596,65402,66474,49839,55050,34958,45211,10705,20245,542727,424083,75752,65996,105412,99925,21579,20,21
2021-07-31T23:59:59+02:00,2476,2283,30846,30057,47956,42752,49736,48516,60720,61100,71170,71895,52444,58025,36299,47057,11077,21058,15630,15157,30044,27291,34256,34062,52959,53588,65389,66469,49835,55045,34958,45210,10704,20244,542709,423938,75752,65995,105412,99922,21574,20,21
2021-07-30T23:59:59+02:00,2462,2278,30800,30012,47924,42731,49712,48491,60686,61071,71135,71877,52435,58014,36299,47057,11077,21056,15475,14858,29786,26977,34076,33812,52759,53296,65225,66266,49788,54999,34947,45198,10704,20243,542535,423587,75747,65986,105409,98014,21406,20,21
2021-07-29T23:59:59+02:00,2430,2258,30639,29920,47841,42670,49661,48426,60625,61030,71089,71831,52416,57995,36291,47041,11074,21051,15164,14583,29473,26766,32798,32871,51981,52686,64871,66002,49690,54908,34905,45141,10699,20235,541871,420912,75741,63270,105397,97870,21259,20,21
2021-07-28T23:59:59+02:00,2386,2221,30489,29810,47760,42601,49589,48355,60554,60953,71024,71774,52392,57957,36273,47022,11073,21046,14761,14212,29034,26450,32428,32543,51267,52076,64482,65676,49596,54807,34871,45084,10683,20217,540937,416785,75737,63217,105391,97481,21194,20,21
2021-07-27T23:59:59+02:00,2307,2148,30249,29541,47608,42428,49445,48219,60446,60830,70924,71689,52336,57897,36246,46983,11065,21039,14119,13557,28270,25824,31682,31893,50016,50984,63757,65112,49409,54603,34804,44969,10676,20199,539121,408475,75727,63191,105385,97384,21147,20,21
2021-07-26T23:59:59+02:00,2246,2093,30050,29308,47490,42300,49371,48137,60383,60766,70874,71644,52312,57865,36235,46970,11063,21030,13754,13183,27920,25536,31065,31485,48463,49620,62782,64285,49204,54399,34737,44888,10666,20187,537902,400784,75724,63186,105381,97354,21110,20,21
2021-07-25T23:59:59+02:00,1999,1891,29227,28636,47099,41988,49086,47852,60148,60543,70693,71487,52256,57790,36208,46928,11062,21023,13662,13123,27824,25474,30980,31419,48343,49558,62695,64237,49183,54383,34731,44880,10666,20186,533732,400160,75724,63179,105374,97194,21066,20,21
2021-07-24T23:59:59+02:00,1919,1823,28973,28406,46948,41883,48969,47753,59993,60424,70564,71407,52208,57760,36191,46907,11060,21023,13527,13013,27621,25339,30821,31291,48133,49389,62532,64142,49140,54353,34716,44862,10664,20184,533043,399554,75722,63176,105373,97192,20053,20,21
2021-07-23T23:59:59+02:00,1807,1702,28643,28082,46704,41733,48716,47541,59744,60235,70362,71280,52133,57689,36172,46870,11056,21014,13276,12791,27188,25026,30444,30987,47535,48899,62204,63907,49057,54287,34694,44818,10659,20175,532051,397160,75346,63123,105362,97190,18704,20,21
2021-07-22T23:59:59+02:00,1795,1695,28565,28005,46567,41594,48505,47330,59568,60095,70246,71151,52090,57652,36156,46853,11056,21014,13049,12541,26853,24694,30094,30670,45614,47341,61401,63207,48961,54185,34656,44775,10656,20165,531753,390480,74195,62974,105322,96969,18647,20,21
2021-07-21T23:59:59+02:00,1762,1656,28301,27799,46186,41261,47915,46775,58987,59615,69793,70764,51921,57491,36099,46797,11047,21001,12623,12104,26279,24152,29523,30103,41895,44110,59920,61946,48794,54006,34593,44693,10646,20138,531210,378872,70929,62468,105169,96527,17842,20,21
2021-07-20T23:59:59+02:00,1739,1641,28181,27664,46123,41203,47869,46737,58933,59566,69740,70719,51886,57464,36083,46771,11043,20994,12126,11571,25541,23461,28874,29354,38443,41118,58375,60484,48591,53786,34511,44601,10628,20118,530529,368495,70909,59078,105152,96405,17746,20,21
2021-07-19T23:59:59+02:00,1734,1640,28153,27629,46102,41190,47858,46724,58920,59550,69728,70717,51884,57460,36083,46767,11041,20994,12081,11544,25478,23427,28844,29322,38399,41086,58334,60457,48587,53778,34510,44598,10625,20117,530386,368184,70909,59065,105137,96355,17722,20,21
2021-07-18T23:59:59+02:00,1730,1633,28128,27603,46078,41181,47844,46711,58914,59540,69721,70708,51882,57459,36082,46766,11041,20993,12019,11519,25394,23388,28784,29289,38339,41059,58274,60416,48585,53774,34507,44597,10625,20117,530255,367852,70907,59034,105129,96235,17703,20,21
2021-07-17T23:59:59+02:00,1730,1631,28109,27590,46063,41172,47834,46707,58907,59535,69714,70704,51877,57456,36081,46766,11041,20993,11992,11508,25361,23352,28751,29269,38317,41042,58239,60392,48575,53765,34505,44597,10625,20117,530179,367603,70906,59030,105129,96232,17676,20,21
2021-07-16T23:59:59+02:00,1715,1611,27843,27401,45780,41008,47610,46534,58609,59333,69482,70563,51771,57383,36037,46730,11036,20991,11739,11314,25032,23113,28453,29039,37922,40767,57731,59970,48439,53652,34453,44547,10619,20113,529863,366404,70905,59027,105004,95958,15645,20,21
2021-07-15T23:59:59+02:00,1617,1498,27380,27014,45523,40771,47464,46421,58470,59221,69380,70478,51732,57341,36022,46708,11035,20985,11446,11087,24552,22768,28090,28767,37529,40488,55688,57927,48269,53452,34396,44463,10611,20102,527551,359471,70902,58942,104996,95747,15591,20,21
2021-07-14T23:59:59+02:00,1450,1366,26815,26477,45217,40482,47262,46237,58287,59023,69220,70332,51671,57282,35996,46678,11029,20980,11259,10900,24143,22416,27738,28448,37005,40086,54471,56748,48132,53301,34345,44399,10603,20080,524382,355763,70896,57283,104977,95601,15529,20,21
2021-07-13T23:59:59+02:00,1165,1062,25863,25581,44725,40070,46905,45920,57962,58738,68945,70085,51558,57156,35953,46623,11025,20965,10914,10562,23610,21871,27119,27865,35627,38895,50342,52851,47770,52914,34217,44251,10586,20052,518997,346527,70890,52081,104974,95494,15420,20,21
2021-07-12T23:59:59+02:00,701,665,24482,24322,44165,39590,46706,45704,57749,58543,68763,69915,51496,57065,35935,46598,11023,20957,10681,10454,23403,21733,26867,27730,35383,38727,49901,52433,47696,52829,34187,44216,10586,20046,513106,345074,70890,52055,104970,94414,15394,19,21
2021-07-11T23:59:59+02:00,698,660,24461,24302,44136,39569,46688,45693,57736,58531,68749,69913,51495,57062,35932,46594,11022,20957,10585,10369,23186,21610,26603,27631,35075,38645,49188,51946,46212,51244,34097,44110,10586,20044,513020,344570,70887,52010,104958,89300,15314,19,21
2021-07-10T23:59:59+02:00,696,655,24454,24296,44131,39561,46685,45690,57729,58530,68749,69912,51495,57062,35932,46594,11022,20957,10573,10360,23162,21591,26589,27622,35052,38640,49175,51941,46198,51228,34095,44109,10586,20044,512986,344466,70884,52009,104956,89244,15305,19,21
2021-07-09T23:59:59+02:00,689,645,24006,23835,43856,39324,46616,45629,57669,58489,68699,69887,51479,57050,35928,46586,11021,20957,10493,10189,23068,21403,26528,27413,34985,38424,49111,51837,46176,51204,34091,44106,10586,20044,511231,343238,70881,51996,104952,89201,15282,19,21
2021-07-08T23:59:59+02:00,623,578,22926,22827,43051,38720,46364,45427,57461,58345,68502,69748,51401,56984,35900,46563,11019,20949,10237,9998,22690,21151,26135,27151,34508,38113,48504,51319,45840,50838,34021,44028,10579,20022,506536,339668,70857,51848,104894,88585,15082,19,21
2021-07-07T23:59:59+02:00,572,532,21602,21430,42312,38031,46145,45207,57223,58155,68336,69588,51316,56901,35863,46510,11012,20935,9863,9693,21812,20561,25033,26357,32672,36747,47587,50434,45340,50301,33917,43889,10572,20004,501152,334738,70685,47468,104871,87671,14943,19,21
2021-07-06T23:59:59+02:00,514,469,20371,20145,41462,37383,45668,44856,56829,57850,68011,69331,51216,56776,35819,46459,11004,20926,9472,9312,20950,19966,24071,25703,31183,35552,46397,49237,44562,49522,33783,43713,10559,19984,496663,327428,68759,45364,104849,86400,14799,19,21
2021-07-05T23:59:59+02:00,478,441,18964,18760,40597,36579,45450,44631,56648,57647,67850,69203,51161,56721,35798,46430,11002,20919,9184,9057,20389,19585,23404,25284,30545,35125,45639,48624,43806,48732,33653,43525,10550,19972,490936,321653,68756,45342,104844,85371,14727,16,21
2021-07-04T23:59:59+02:00,471,435,17175,16720,40253,36349,45362,44558,56564,57578,67771,69134,51128,56695,35788,46410,11000,20917,9124,9005,20251,19520,23230,25206,30289,35046,44845,48497,42443,47384,33575,43451,10548,19966,486078,321194,68729,45297,104828,81251,14657,16,21
2021-07-03T23:59:59+02:00,471,434,17154,16700,40203,36301,45346,44543,56557,57574,67765,69127,51126,56692,35788,46410,11000,20916,9081,8964,20185,19452,23171,25142,30205,34967,44625,48321,42375,47310,33530,43392,10545,19966,485895,320238,68727,45296,104827,81073,14642,16,21
2021-07-02T23:59:59+02:00,450,411,17040,16595,39734,35926,45233,44446,56504,57532,67717,69096,51115,56687,35782,46398,11000,20915,8922,8797,19857,19174,22786,24764,29786,34555,43999,47676,42173,47081,33432,43256,10540,19962,484399,317246,68711,44261,104825,80639,14630,16,21
2021-07-01T23:59:59+02:00,399,371,16734,16315,37997,34592,44660,43946,56244,57325,67545,68927,51035,56597,35754,46359,10996,20907,8549,8404,18995,18469,21822,23913,28401,33367,40974,44714,41177,46002,32819,42529,10523,19933,478917,309777,68637,39381,104802,77108,14331,16,21
2021-06-30T23:59:59+02:00,351,326,16444,16069,35807,32766,44036,43314,56022,57129,67342,68736,50953,56505,35725,46305,10992,20891,8190,8068,18326,17843,20939,23085,27126,32110,36345,39852,40099,44860,32157,41742,10502,19908,472059,299315,68593,33360,104783,74219,14262,16,21
2021-06-29T23:59:59+02:00,312,289,16225,15869,34805,31684,43588,42869,55841,56970,67172,68588,50877,56432,35688,46260,10984,20884,7609,7460,17195,16910,19687,21867,25430,30436,33601,36732,37250,41818,31418,40856,10479,19870,467869,283138,68585,33313,104770,68071,14097,16,19
2021-06-28T23:59:59+02:00,302,267,16082,15713,33084,30259,43268,42574,55677,56830,67055,68483,50831,56379,35670,46239,10981,20872,7307,7199,16645,16535,19295,21552,24922,30052,33009,36233,35872,40332,30630,39921,10475,19859,463439,280090,68563,33263,104748,62683,13800,16,19
2021-06-27T23:59:59+02:00,302,267,16060,15690,32929,30171,43206,42545,55640,56821,67029,68475,50826,56375,35667,46238,10981,20871,7263,7171,16507,16468,19131,21490,24720,29979,32781,36094,34617,39063,29005,37999,10474,19858,463116,279919,68560,33224,104741,55814,13660,16,19
2021-06-26T23:59:59+02:00,300,265,16039,15670,32905,30154,43161,42505,55617,56807,67023,68472,50824,56374,35665,46237,10981,20871,7259,7159,16487,16456,19115,21482,24687,29957,32760,36073,34604,39051,29003,37996,10474,19858,462896,279726,68558,33224,104741,55809,13659,16,19
2021-06-25T23:59:59+02:00,294,264,15985,15625,32791,30054,42969,42346,55562,56762,66983,68448,50814,56363,35661,46236,10981,20871,7071,6883,16206,15947,18848,20827,24321,29021,32372,35354,34442,38835,28980,37966,10474,19858,462074,277053,68557,33215,104724,53496,13638,16,19
2021-06-24T23:59:59+02:00,273,251,15714,15425,32341,29767,41500,41101,55098,56405,66751,68289,50761,56308,35645,46209,10976,20861,6755,6658,15512,15503,17397,19811,22246,27466,31274,34459,34040,38414,28857,37786,10462,19844,457510,267373,68556,33163,104720,53071,12873,16,19
2021-06-23T23:59:59+02:00,258,234,15433,15132,31842,29366,39395,39277,54551,55862,66500,68068,50672,56199,35605,46163,10971,20848,6548,6495,15149,15224,16871,19362,21363,26667,29581,33102,33284,37567,28666,37546,10455,19829,450432,259571,68510,33073,104717,52357,12701,16,19
2021-06-22T23:59:59+02:00,236,199,15050,14740,31173,28733,35950,36224,53639,55062,66198,67763,50566,56077,35567,46107,10967,20834,6372,6284,14746,14898,16070,18646,19946,25354,27980,31450,32486,36593,28127,36940,10437,19798,439484,249488,68478,32990,104713,51244,12394,16,19
2021-06-21T23:59:59+02:00,221,193,14810,14566,30484,28270,33780,34258,53176,54637,66019,67646,50485,56003,35541,46085,10962,20829,6276,6201,14586,14781,15900,18511,19826,25243,27872,31365,32331,36454,26920,35712,10437,19795,432653,248817,68456,32944,104682,48280,12158,16,19
2021-06-20T23:59:59+02:00,214,192,14687,14477,28581,26937,33168,33813,53088,54541,65950,67609,50464,55977,35533,46082,10961,20827,5829,5906,13642,14148,15080,17926,19275,24887,27562,31169,32167,36278,26894,35681,10435,19791,428285,243870,68452,32909,104678,48210,11670,16,19
2021-06-19T23:59:59+02:00,208,187,14662,14444,28467,26855,33137,33786,53066,54525,65934,67598,50458,55968,35531,46077,10960,20825,5614,5744,13080,13736,14473,17449,18948,24686,27369,30998,32088,36178,26877,35667,10435,19791,427879,240343,68450,32907,104678,48207,11665,16,19
2021-06-18T23:59:59+02:00,206,179,14573,14358,28367,26790,31890,32878,52700,54218,65801,67506,50427,55934,35513,46051,10956,20821,5549,5670,12982,13652,14309,17326,18712,24457,26549,30332,31884,35942,26811,35592,10431,19784,427391,237403,65478,32800,104669,48154,11614,16,19
2021-06-17T23:59:59+02:00,192,163,14202,14095,27773,26544,31401,32618,51912,53652,65374,67239,50347,55835,35480,46010,10950,20809,5173,5411,12198,13180,13523,16715,17622,23531,24395,28367,31244,35207,26615,35315,10414,19770,424202,228408,65473,32522,104645,47476,10263,13,19
2021-06-16T23:59:59+02:00,163,135,13775,13696,27310,26190,30963,32262,51100,52948,64922,66853,50230,55715,35451,45953,10939,20797,4809,4970,11476,12504,12735,16022,16521,22410,21430,25504,30179,34004,26319,34912,10399,19729,419356,214376,65431,32494,104639,47079,9963,13,19
2021-06-15T23:59:59+02:00,102,82,13147,13077,26558,25612,30180,31669,49848,51884,64211,66329,50051,55520,35383,45841,10930,20778,4313,4339,10506,11568,11582,14643,14790,20706,18005,22203,28809,32568,25934,34393,10373,19685,411650,195765,65415,32379,104633,46771,9491,13,19
2021-06-14T23:59:59+02:00,72,61,12743,12705,26151,25287,29519,31206,48054,50417,63160,65496,49836,55295,35306,45765,10922,20766,4213,4286,10331,11439,11442,14511,14612,20586,17813,22045,28739,32488,25915,34366,10370,19684,403789,195335,65406,32108,104631,46464,8922,13,19
2021-06-13T23:59:59+02:00,71,60,12702,12661,26077,25255,29456,31179,48000,50392,63125,65472,49829,55292,35304,45762,10921,20763,4059,4209,10004,11311,11119,14400,14318,20475,17413,21702,27229,30848,25775,34171,10366,19673,403587,194599,65332,27441,104624,46256,8765,13,19
2021-06-12T23:59:59+02:00,71,59,12685,12645,26063,25245,29445,31167,47941,50322,63083,65436,49828,55289,35304,45762,10921,20763,4057,4199,9988,11297,11111,14386,14299,20458,17393,21693,27188,30803,25770,34165,10366,19673,403296,194416,65332,27439,104623,46215,8765,13,19
2021-06-11T23:59:59+02:00,69,56,12586,12515,25938,25131,29324,31043,47706,50097,62951,65317,49804,55263,35293,45751,10919,20761,3963,3929,9463,10105,10680,13478,14009,19901,17120,21215,26780,30382,25680,34083,10363,19671,402032,193375,65323,27435,104581,41426,8575,13,19
2021-06-10T23:59:59+02:00,61,49,12342,12303,25620,24850,28979,30776,46636,49082,62216,64748,49719,55169,35259,45699,10909,20748,3695,3565,8694,8855,9779,11833,12707,17152,15336,17619,25075,28467,25384,33782,10357,19647,397164,187884,65271,26996,104381,28719,8336,13,19
2021-06-09T23:59:59+02:00,48,37,12051,11980,25213,24444,28586,30380,44631,47260,61126,63810,49615,55049,35213,45645,10904,20730,3451,3445,8279,8602,9271,11513,12196,16762,14628,17023,21250,24161,25158,33481,10345,19621,389186,176345,65150,26653,104380,28183,7993,13,19
2021-06-08T23:59:59+02:00,42,26,11621,11447,24553,23822,27930,29718,41464,44414,59353,62177,49447,54859,35140,45555,10894,20708,3242,3309,7882,8344,8655,11141,11531,16340,13972,16377,15877,18217,24767,32955,10327,19593,376538,161165,65089,26320,104370,27881,7160,13,10
2021-06-07T23:59:59+02:00,37,19,11460,11258,24203,23548,27654,29511,38837,42486,58924,61815,49413,54828,35128,45534,10892,20702,3146,3241,7575,8168,8338,10965,10958,15890,13471,15900,15801,18139,24738,32905,10325,19586,370899,160851,64662,24496,104361,27481,6315,12,10
2021-06-06T23:59:59+02:00,34,18,11324,11152,23883,23320,27445,29338,37237,41300,58800,61737,49389,54800,35120,45520,10892,20700,3042,3191,7304,8080,8069,10799,10222,15209,12876,15282,15650,18028,24724,32882,10323,19586,370492,160738,61283,21340,104351,27315,5871,12,10
2021-06-05T23:59:59+02:00,34,17,11306,11135,23840,23285,27410,29312,37210,41286,58702,61652,49378,54794,35118,45518,10892,20697,3030,3180,7281,8048,8040,10783,10192,15195,12836,15258,15529,17864,24719,32874,10322,19585,370162,160314,61281,21339,104351,27300,5780,12,10
2021-06-04T23:59:59+02:00,34,15,11121,10876,23477,22821,27137,28915,36784,40836,58084,61112,49344,54753,35108,45500,10891,20691,3006,3163,7252,8032,8019,10765,10163,15170,12802,15224,15318,17658,24708,32853,10320,19584,368363,159731,59012,21326,104338,27203,5774,12,10
2021-06-03T23:59:59+02:00,32,14,10901,10660,23021,22429,26713,28580,35689,40009,55326,58762,49215,54595,35065,45436,10886,20676,2917,3082,7044,7877,7563,10468,9137,14541,11562,14526,14138,16191,24531,32636,10308,19565,364428,156382,54090,17613,104288,26896,5192,11,10
2021-06-02T23:59:59+02:00,32,14,10866,10627,22985,22395,26682,28555,35658,39968,55199,58604,49201,54572,35059,45429,10886,20675,2877,3053,6989,7859,7504,10435,8982,14502,11339,14463,12790,14717,24412,32463,10303,19558,363844,152581,54084,17602,104288,26880,5180,11,10
2021-06-01T23:59:59+02:00,19,7,10453,10285,22329,21888,25998,27972,34936,39392,52201,55459,48811,54164,34941,45267,10870,20649,2418,2694,5636,7173,6235,9860,7592,13832,10205,13499,8483,9160,23938,31783,10280,19500,353095,134395,53914,17234,104269,26304,4352,11,10
2021-05-31T23:59:59+02:00,18,6,10179,10057,21756,21491,25590,27721,34615,39189,50753,54063,48712,54039,34908,45226,10863,20641,2308,2570,5350,6928,5975,9640,7227,13591,9949,13340,8432,9098,23912,31736,10272,19487,348368,133625,53875,17114,104245,25745,3328,11,10
2021-05-30T23:59:59+02:00,17,6,10125,10009,21667,21453,25525,27688,34503,39118,50388,53722,48688,54014,34902,45220,10861,20638,2273,2540,5245,6850,5873,9572,7038,13503,9724,13244,8388,9051,23896,31729,10271,19482,347184,133031,53856,16941,104231,25442,3262,11,10
2021-05-29T23:59:59+02:00,16,6,10110,9997,21633,21435,25508,27676,34482,39105,50375,53704,48684,54010,34899,45219,10861,20638,2254,2486,5201,6725,5813,9440,6922,13306,9586,13023,8315,8961,23829,31662,10270,19481,347028,132754,53856,16889,104210,24375,3253,11,10
2021-05-28T23:59:59+02:00,16,6,10052,9929,21558,21327,25430,27557,34405,39005,50297,53605,48663,53992,34891,45209,10861,20634,2170,2219,4583,6184,5192,8718,6551,12343,9090,12027,8139,8764,23461,31182,10269,19478,346183,131261,53845,16791,104152,19069,3246,11,10
2021-05-27T23:59:59+02:00,15,6,9788,9681,21030,20948,24886,27199,33881,38627,49683,52997,48495,53799,34821,45134,10857,20615,1929,1951,4001,5663,4514,8115,6042,11576,8147,10704,7635,8106,21905,29032,10254,19456,341903,125613,53436,15656,104043,14687,3069,11,10
2021-05-26T23:59:59+02:00,15,6,9514,9435,20306,20380,24016,26527,32620,37599,48919,52294,48241,53510,34747,45020,10846,20591,1874,1879,3907,5536,4380,7952,5836,11315,7822,10320,7073,7381,19480,25609,10236,19413,337194,117149,50461,15402,103990,14526,2930,11,10
2021-05-25T23:59:59+02:00,14,6,9249,9201,19893,20023,23578,26136,32112,37084,48025,51318,47943,53195,34664,44880,10834,20561,1808,1831,3787,5437,4243,7807,5628,11092,7510,10001,6450,6542,15369,20248,10216,19355,331622,104993,50381,15358,103917,14182,2785,11,10
2021-05-24T23:59:59+02:00,13,6,9030,9045,19324,19734,22807,25749,30598,36066,47801,51145,47850,53094,34635,44850,10832,20560,1783,1815,3741,5403,4180,7765,5563,11033,7435,9945,6424,6518,15355,20239,10216,19355,330041,104876,46577,15345,103858,13891,2652,11,10
2021-05-23T23:59:59+02:00,13,6,8822,8838,18965,19442,22385,25401,30173,35745,47209,50634,47416,52639,34533,44704,10824,20551,1781,1814,3732,5398,4176,7761,5553,11024,7426,9935,6419,6507,15355,20237,10216,19355,325207,104818,46575,15343,103857,13872,2650,11,10
2021-05-22T23:59:59+02:00,13,6,8791,8801,18915,19399,22338,25369,30120,35715,47100,50564,47397,52617,34530,44695,10821,20551,1780,1811,3719,5385,4172,7755,5549,11018,7419,9931,6417,6505,15353,20237,10216,19355,324664,104786,46575,15343,103856,13851,2636,11,10
2021-05-21T23:59:59+02:00,12,6,8517,8447,18476,18883,21977,24727,29693,34906,46611,49899,47309,52495,34492,44652,10818,20546,1717,1769,3640,5346,4130,7721,5517,10973,7378,9882,6389,6479,15276,20140,10215,19354,319464,104475,46545,15342,103832,13489,2614,11,10
2021-05-20T23:59:59+02:00,12,6,7943,7896,17527,18088,20975,23809,28375,33708,44863,48078,46870,52035,34384,44498,10801,20527,1415,1607,3327,5057,3863,7333,5221,10493,6999,9429,6155,6225,13970,18604,10192,19315,307862,100736,46459,14861,103605,11144,2458,11,10
2021-05-19T23:59:59+02:00,12,6,7677,7581,16922,17483,20077,22936,27148,32451,43070,45990,46339,51480,34233,44278,10780,20497,1351,1524,3124,4843,3656,7082,4996,10140,6702,9098,5872,5891,11774,15765,10175,19256,296732,94525,46419,14390,103558,10089,2240,11,9
2021-05-18T23:59:59+02:00,11,6,7151,7037,15767,16458,18811,21687,25637,30824,40380,42757,45510,50535,33995,43974,10755,20455,1330,1498,3064,4772,3580,6963,4861,10007,6520,8887,5606,5615,10076,13599,10150,19201,280937,89399,45215,14340,103456,9852,2133,9,9
2021-05-17T23:59:59+02:00,11,6,7071,6976,15584,16348,18596,21518,25239,30497,38627,41120,45400,50456,33948,43908,10746,20432,1297,1475,3008,4727,3516,6904,4793,9904,6425,8786,5565,5575,10062,13582,10147,19193,280722,89332,40446,14058,103412,9670,1894,9,9
2021-05-16T23:59:59+02:00,10,5,6956,6924,15464,16260,18467,21412,25057,30383,35645,38350,45364,50421,33926,43884,10743,20427,1273,1457,2964,4685,3468,6847,4707,9836,6329,8706,5535,5538,10050,13566,10145,19190,280443,89284,34298,13790,103291,9560,1657,9,9
2021-05-15T23:59:59+02:00,10,5,6932,6893,15403,16202,18421,21372,24990,30340,35609,38309,45341,50394,33919,43879,10743,20427,1261,1431,2932,4612,3449,6778,4688,9755,6307,8656,5529,5533,10045,13565,10145,19190,279961,89229,34298,13786,103277,9212,1644,9,9
2021-05-14T23:59:59+02:00,10,5,6755,6525,15058,15703,18109,20955,24656,29878,35363,37957,45312,50363,33909,43874,10743,20425,1204,1370,2854,4508,3402,6676,4624,9604,6225,8527,5499,5489,10032,13556,10145,19189,278905,89144,34150,13767,100957,8409,1579,9,9
2021-05-13T23:59:59+02:00,10,5,6405,6209,14302,15119,17403,20326,23799,29136,34595,37287,45024,50020,33830,43749,10739,20414,1027,1286,2658,4399,3283,6555,4483,9435,6103,8384,5456,5451,10017,13540,10141,19184,272504,88996,33826,13686,100742,7424,1291,9,9
2021-05-12T23:59:59+02:00,10,5,6004,5936,13322,14442,16383,19524,23133,28700,34289,37006,44841,49825,33799,43718,10736,20411,1024,1284,2651,4393,3264,6551,4478,9425,6095,8379,5450,5445,10015,13535,10140,19183,266242,88935,33817,13676,100738,7419,1278,9,8
2021-05-11T23:59:59+02:00,10,5,5629,5712,12734,13995,14579,18082,20179,26173,31974,34678,43787,48565,33475,43246,10707,20362,962,1210,2534,4221,3158,6319,4359,9138,5979,8153,5379,5367,9973,13475,10132,19167,248945,88463,33540,13460,100300,6500,1098,9,8
2021-05-10T23:59:59+02:00,10,5,5480,5615,12462,13869,14229,17859,19377,25602,30596,33658,43255,47953,33418,43158,10699,20342,919,1151,2435,4059,3064,6117,4234,8874,5857,7957,5342,5336,9961,13459,10128,19158,243467,88355,33329,13399,99996,5506,786,9,8
2021-05-09T23:59:59+02:00,10,5,5074,5374,11267,13336,13228,17496,18355,25272,30053,33367,43199,47881,33393,43143,10696,20335,895,1121,2336,3954,2974,5978,4102,8699,5763,7852,5334,5322,9954,13455,10123,19155,238133,88310,33257,13357,99657,4918,428,9,7
2021-05-08T23:59:59+02:00,10,5,5063,5365,11245,13317,13203,17477,18325,25239,30013,33324,43191,47870,33392,43139,10696,20335,891,1115,2323,3946,2968,5978,4098,8693,5760,7849,5331,5319,9951,13450,10123,19155,237865,88282,33256,13357,99656,4884,423,9,7
2021-05-07T23:59:59+02:00,10,5,4962,5282,11017,13149,12911,17260,17717,24638,29065,32430,43000,47630,33336,43067,10692,20329,864,1084,2287,3891,2922,5932,4043,8639,5677,7796,5284,5272,9939,13441,10123,19154,235372,88147,31363,13354,99548,4635,208,9,7
2021-05-06T23:59:59+02:00,10,5,4547,5002,10349,12731,12152,16595,16112,23193,26517,30037,42297,46881,33170,42831,10676,20306,808,1029,2150,3641,2754,5623,3849,8166,5481,7474,5233,5219,9916,13413,10121,19146,226608,87965,28015,13040,98731,2966,48,9,7
2021-05-05T23:59:59+02:00,10,5,4234,4775,9754,12285,11433,16014,15011,22166,23668,27278,41320,45776,32888,42444,10658,20265,794,1007,2088,3516,2697,5468,3755,7955,5385,7338,5184,5164,9879,13374,10119,19143,213596,87703,27832,12902,98507,2217,40,9,7
2021-05-04T23:59:59+02:00,10,5,3884,4317,9083,11587,10662,15174,13707,20911,20064,23871,39972,44316,32516,41924,10635,20227,776,977,2021,3399,2627,5333,3663,7804,5290,7215,5146,5119,9849,13345,10117,19140,196526,87487,27814,12604,98482,1692,34,9,7
2021-05-03T23:59:59+02:00,10,4,3642,3894,8672,11092,10184,14549,13172,20256,19342,23224,39707,44065,32437,41821,10632,20212,762,948,1954,3294,2570,5226,3603,7690,5240,7128,5132,5108,9834,13328,10114,19135,190663,87348,27802,12596,98419,1096,22,9,7
2021-05-02T23:59:59+02:00,10,4,3639,3892,8654,11085,10175,14541,13151,20244,19324,23215,39706,44064,32436,41820,10631,20212,758,931,1924,3213,2524,5130,3556,7565,5220,7062,5128,5105,9833,13324,10114,19133,190575,87330,27789,12565,98412,603,18,9,7
2021-05-01T23:59:59+02:00,10,4,3637,3885,8642,11072,10167,14532,13144,20242,19313,23206,39706,44062,32436,41820,10631,20212,757,931,1923,3213,2524,5130,3556,7565,5220,7062,5128,5105,9833,13324,10113,19133,190495,87329,27788,12564,98412,603,17,9,7
2021-04-30T23:59:59+02:00,10,3,3614,3862,8596,11036,10124,14493,13083,20203,19210,23055,39438,43739,32415,41800,10630,20212,754,927,1910,3204,2523,5121,3553,7558,5218,7055,5125,5102,9829,13323,10113,19133,189571,87303,27519,12561,98407,563,17,9,7
2021-04-29T23:59:59+02:00,10,3,3348,3689,8163,10762,9575,14208,12591,19840,18472,22328,36380,40289,32155,41432,10618,20174,741,913,1862,3143,2474,5055,3487,7416,5126,6956,5087,5068,9807,13280,10111,19127,184029,87099,21682,12405,98301,129,16,9,7
2021-04-28T23:59:59+02:00,10,3,3187,3622,7899,10652,9178,14034,12216,19603,17986,21893,32589,35972,31938,41131,10605,20152,724,898,1836,3104,2429,5006,3450,7358,5060,6895,5026,5008,9755,13222,10108,19118,172866,86892,21529,11971,98255,119,11,9,7
2021-04-27T23:59:59+02:00,9,3,3106,3556,7639,10520,8825,13861,11731,19378,17508,21404,27026,29780,31561,40624,10584,20120,714,884,1804,3067,2394,4960,3396,7299,5005,6819,4975,4939,9720,13171,10105,19109,157521,86684,21507,11547,98187,116,11,9,6
2021-04-26T23:59:59+02:00,9,3,3053,3522,7497,10455,8659,13802,11500,19310,16983,21017,26992,29746,31547,40609,10584,20120,691,853,1736,3007,2328,4904,3330,7210,4909,6715,4877,4864,9639,13087,10103,19106,156944,86552,21289,10677,97155,116,11,9,6
2021-04-25T23:59:59+02:00,9,3,3015,3505,7335,10403,8421,13752,11168,19266,16154,20545,25436,28088,31492,40546,10584,20117,691,851,1730,3002,2321,4901,3325,7202,4905,6706,4874,4859,9631,13076,10103,19106,156459,86529,21279,10640,92081,100,11,9,6
2021-04-24T23:59:59+02:00,9,3,3011,3499,7319,10390,8410,13744,11154,19257,16137,20527,25393,28025,31489,40540,10583,20116,691,851,1730,3001,2321,4901,3324,7202,4905,6706,4874,4858,9629,13075,10103,19106,156257,86523,21275,10640,92054,100,11,9,6
2021-04-23T23:59:59+02:00,9,3,2993,3481,7277,10347,8365,13699,11088,19197,16077,20463,24970,27521,31456,40484,10580,20113,683,843,1712,2992,2305,4872,3272,7164,4806,6611,4737,4735,9462,12877,10097,19091,155068,86233,21135,9912,91900,100,11,9,6
2021-04-22T23:59:59+02:00,8,3,2914,3399,7085,10163,7823,13291,9878,18404,14525,19421,22956,25089,31245,40215,10561,20085,618,792,1597,2880,2180,4708,3110,6993,4622,6410,4582,4561,8952,12223,10061,19012,150269,84321,15838,8885,90938,81,11,9,6
2021-04-21T23:59:59+02:00,8,3,2861,3351,6961,10074,7612,13136,9512,18162,14055,18975,20450,21952,30948,39829,10544,20059,569,768,1517,2801,2094,4617,2984,6850,4460,6246,4396,4381,8383,11466,10018,18923,143269,82533,15075,7853,90129,73,11,8,6
2021-04-20T23:59:59+02:00,8,3,2821,3312,6854,9985,7474,13027,9260,17944,13564,18582,17061,17888,30635,39354,10527,20023,539,734,1444,2737,2007,4538,2884,6731,4326,6085,4210,4187,7522,10257,9950,18771,134414,79621,14830,7220,89059,68,11,8,5
2021-04-19T23:59:59+02:00,8,3,2807,3304,6807,9944,7422,12992,9184,17870,13427,18467,16728,17507,30603,39319,10526,20019,479,694,1325,2642,1908,4440,2751,6573,4129,5893,3957,3884,5695,7840,9735,18376,134102,73808,14635,6435,88181,65,11,8,5
2021-04-18T23:59:59+02:00,8,3,2791,3290,6731,9918,7317,12943,8987,17803,12591,18339,15319,16101,30535,39258,10523,20012,473,688,1315,2634,1893,4429,2718,6544,4068,5844,3881,3813,5285,7217,9690,18293,133889,72322,14492,6389,84069,61,11,8,5
2021-04-17T23:59:59+02:00,8,3,2781,3286,6714,9896,7287,12922,8955,17764,12559,18319,15266,16051,30481,39186,10522,20012,473,686,1315,2633,1892,4425,2714,6539,4065,5840,3880,3811,5280,7216,9689,18292,133535,72287,14491,6389,83967,61,11,8,5
2021-04-16T23:59:59+02:00,8,3,2768,3272,6680,9881,7236,12883,8880,17712,12451,18217,15021,15774,29963,38539,10519,20005,473,684,1309,2628,1883,4423,2709,6533,4057,5832,3875,3805,5263,7186,9689,18290,132014,72190,14484,6378,83295,58,11,8,5
2021-04-15T23:59:59+02:00,8,3,2717,3215,6547,9780,7047,12705,8537,17439,11977,17752,13965,14558,27849,35732,10503,19982,464,678,1304,2602,1868,4400,2686,6505,4014,5779,3820,3729,5232,7135,9681,18278,126099,71874,14208,6242,79991,47,10,8,5
2021-04-14T23:59:59+02:00,7,1,2661,3165,6453,9685,6903,12545,8265,17172,11547,17289,12785,13175,23141,29655,10485,19928,460,672,1290,2592,1856,4383,2664,6480,3971,5742,3773,3678,5172,7081,9653,18242,113725,71582,14175,6090,76945,25,10,7,5
2021-04-13T23:59:59+02:00,7,1,2609,3131,6325,9599,6752,12412,7986,16923,11123,16868,10122,10253,20069,25492,10463,19886,444,647,1242,2549,1803,4320,2555,6378,3792,5580,3560,3493,5026,6943,9644,18220,105316,71237,13981,4926,70707,21,10,7,5
2021-04-12T23:59:59+02:00,7,1,2588,3117,6265,9571,6646,12325,7794,16795,10876,16661,8759,8762,19249,24521,10462,19877,438,638,1222,2534,1787,4297,2521,6336,3739,5528,3499,3444,4991,6902,9639,18198,105198,71096,13927,4589,65134,16,10,7,5
2021-04-11T23:59:59+02:00,7,1,2560,3109,6169,9544,6531,12288,7629,16745,10677,16556,7488,7483,17523,22544,10460,19874,438,638,1221,2532,1787,4296,2521,6336,3737,5523,3495,3443,4985,6900,9639,18198,105129,71086,13921,4579,58121,12,10,7,5
2021-04-10T23:59:59+02:00,7,1,2559,3107,6159,9539,6522,12283,7624,16740,10670,16547,7480,7471,17514,22538,10460,19874,437,635,1219,2529,1786,4294,2519,6331,3734,5522,3486,3429,4977,6886,9639,18198,105047,71026,13920,4572,58112,12,9,7,5
2021-04-09T23:59:59+02:00,7,1,2497,3009,6024,9329,6365,12021,7365,16332,10358,16048,7323,7266,17398,22358,10459,19872,432,630,1201,2517,1759,4279,2488,6282,3655,5443,3373,3319,4839,6797,9634,18195,104578,70944,13891,3878,55547,10,9,7,5
2021-04-08T23:59:59+02:00,7,1,2418,2937,5928,9210,6262,11893,7194,16146,10102,15860,7129,7007,16139,20898,10448,19842,425,625,1189,2485,1734,4243,2461,6209,3603,5377,3299,3272,4760,6692,9612,18150,100929,70502,13537,3614,54939,9,9,7,5
2021-04-07T23:59:59+02:00,7,1,2391,2901,5855,9139,6174,11818,7061,16047,9860,15709,6832,6680,13825,17950,10427,19795,420,624,1179,2472,1721,4220,2447,6169,3536,5318,3228,3220,4705,6633,9605,18122,94776,70229,13376,3371,54304,8,9,7,5
2021-04-06T23:59:59+02:00,7,1,2374,2868,5759,9073,6083,11739,6908,15934,9620,15526,6475,6318,11726,15350,10400,19736,417,617,1172,2445,1709,4197,2421,6131,3472,5253,3144,3170,4660,6579,9600,18106,89749,69986,13076,3090,53058,8,7,7,5
2021-04-05T23:59:59+02:00,7,1,2366,2859,5741,9056,6071,11720,6895,15915,9600,15501,6351,6220,10446,14061,10400,19735,413,609,1168,2430,1703,4181,2405,6101,3439,5212,3114,3133,4639,6533,9594,18090,89669,69796,13040,2953,50223,7,6,7,5
2021-04-04T23:59:59+02:00,7,1,2366,2859,5738,9053,6069,11720,6893,15915,9598,15500,6346,6216,10446,14059,10400,19735,413,608,1168,2429,1703,4181,2404,6101,3439,5212,3114,3133,4637,6533,9594,18090,89660,69792,13038,2952,50210,7,6,7,5
2021-04-03T23:59:59+02:00,7,1,2364,2851,5730,9046,6064,11716,6890,15911,9595,15498,6343,6211,10439,14056,10400,19735,413,608,1168,2429,1703,4181,2404,6101,3439,5211,3114,3133,4637,6533,9594,18090,89603,69791,13037,2952,50204,7,6,7,5
2021-04-02T23:59:59+02:00,7,1,2363,2849,5724,9039,6062,11713,6886,15910,9591,15496,6339,6205,10425,14027,10399,19734,411,606,1167,2429,1702,4180,2403,6101,3438,5204,3088,3116,4627,6524,9594,18090,89520,69714,13034,2951,50203,7,6,7,5
2021-04-01T23:59:59+02:00,7,1,2342,2846,5693,9010,6019,11671,6843,15855,9536,15440,6246,6108,10130,13680,10376,19686,409,590,1164,2423,1695,4169,2387,6084,3412,5183,3026,3068,4568,6452,9519,17977,88533,69164,13013,2948,49931,7,5,7,5
2021-03-31T23:59:59+02:00,7,1,2308,2819,5617,8944,5951,11578,6740,15743,9402,15306,6101,5965,9580,12942,10334,19596,404,584,1158,2412,1688,4153,2381,6071,3392,5149,2994,3035,4521,6393,9463,17876,86559,68716,12800,2946,49564,7,4,7,4
2021-03-30T23:59:59+02:00,7,1,2288,2803,5570,8886,5888,11503,6669,15645,9304,15162,5915,5751,8676,11605,10259,19414,402,582,1155,2408,1675,4136,2363,6049,3358,5105,2937,2967,4434,6294,9332,17637,83490,68015,12419,2808,49428,7,4,5,3
2021-03-29T23:59:59+02:00,6,1,2221,2749,5467,8775,5780,11353,6500,15414,9073,14907,5556,5376,6737,9071,10039,18994,395,578,1144,2397,1662,4124,2338,6022,3328,5048,2867,2902,4316,6190,9129,17305,77401,67062,11609,2672,49000,7,4,5,3
2021-03-28T23:59:59+02:00,6,1,2199,2736,5423,8716,5704,11275,6413,15328,8955,14788,5432,5224,6096,8142,9973,18878,386,572,1129,2381,1637,4097,2291,5960,3272,4956,2782,2823,4200,6045,9057,17168,75107,66602,11351,2146,48822,4,4,5,3
2021-03-27T23:59:59+01:00,6,1,2199,2730,5412,8710,5700,11260,6398,15306,8944,14775,5404,5197,6086,8139,9973,18877,386,572,1127,2380,1636,4092,2287,5957,3263,4949,2777,2820,4184,6020,8977,17021,75000,66295,11351,2145,48757,4,4,5,3
2021-03-26T23:59:59+01:00,6,1,2183,2710,5375,8672,5661,11211,6319,15236,8795,14626,5242,5048,5917,7959,9971,18869,382,564,1121,2367,1620,4063,2259,5921,3229,4895,2716,2757,4000,5764,8272,15846,74655,63661,10520,2107,48617,4,4,5,3
2021-03-25T23:59:59+01:00,6,0,2066,2629,5199,8457,5459,10935,6111,14936,8555,14338,5082,4894,5821,7840,9968,18861,373,550,1100,2341,1596,4035,2213,5863,3156,4817,2618,2655,3627,5270,7142,14113,74200,59575,9572,1887,47377,4,3,5,3
2021-03-24T23:59:59+01:00,6,0,1979,2581,5051,8297,5298,10742,5947,14698,8350,14106,4943,4735,5707,7724,9962,18852,369,539,1087,2313,1563,3979,2154,5798,3068,4716,2484,2540,3202,4653,5744,11892,73825,54553,8410,1541,46735,4,3,5,3
2021-03-23T23:59:59+01:00,6,0,1902,2528,4940,8174,5199,10600,5826,14505,8235,13938,4861,4649,5641,7665,9954,18834,358,514,1068,2278,1530,3921,2110,5709,2986,4626,2395,2445,2752,4021,3851,8683,73431,47848,7663,1393,46355,3,3,5,3
2021-03-22T23:59:59+01:00,6,0,1837,2469,4805,8038,5066,10425,5666,14272,8043,13725,4757,4536,5572,7556,9940,18791,331,497,1039,2240,1485,3848,2044,5599,2884,4475,2282,2293,2234,3340,1339,4564,72936,39329,6625,1160,45935,1,3,5,3
2021-03-21T23:59:59+01:00,6,0,1835,2463,4793,8023,5051,10415,5650,14255,8013,13701,4734,4521,5556,7544,9936,18791,330,497,1033,2226,1476,3819,2026,5561,2858,4425,2241,2245,2192,3299,1322,4519,72913,39189,6575,876,45792,1,2,5,3
2021-03-20T23:59:59+01:00,6,0,1835,2463,4792,8022,5050,10413,5649,14254,8006,13695,4733,4520,5548,7536,9936,18791,330,497,1033,2226,1476,3819,2026,5561,2857,4424,2240,2242,2192,3299,1322,4519,72902,39187,6575,872,45765,1,2,5,3
2021-03-19T23:59:59+01:00,6,0,1782,2215,4276,6727,4641,9431,5379,13697,7782,13293,4607,4423,5478,7470,9936,18791,329,497,1033,2226,1476,3818,2026,5560,2856,4424,2238,2241,2187,3293,1321,4517,72844,39172,6565,866,40518,1,2,5,3
2021-03-18T23:59:59+01:00,6,0,1727,1962,3858,5662,4111,8050,4561,11159,6425,9959,4241,4124,5276,7250,9915,18751,328,494,1026,2213,1469,3793,2000,5521,2831,4400,2217,2226,2162,3264,1316,4508,72414,38980,6503,784,28113,1,2,5,3
2021-03-17T23:59:59+01:00,6,0,1721,1953,3848,5636,4094,8020,4537,11095,6375,9887,4204,4077,5237,7206,9909,18728,325,493,1022,2205,1463,3784,1993,5506,2821,4374,2190,2199,2142,3249,1309,4494,72158,38829,6443,735,27925,1,2,5,3
2021-03-16T23:59:59+01:00,6,0,1699,1919,3789,5555,4023,7913,4408,10933,6170,9687,3981,3888,5097,7047,9903,18707,323,489,1021,2186,1458,3771,1984,5492,2812,4355,2182,2185,2130,3221,1301,4465,71846,38664,5168,706,27704,1,2,5,3
2021-03-15T23:59:59+01:00,6,0,1689,1899,3764,5521,3998,7876,4357,10864,6091,9602,3899,3821,5044,6987,9897,18682,320,485,1012,2169,1450,3765,1968,5456,2794,4327,2167,2153,2105,3159,1293,4427,71622,38445,4810,602,27560,1,0,5,3
2021-03-14T23:59:59+01:00,6,0,1683,1889,3756,5511,3993,7860,4348,10833,6083,9580,3892,3812,5039,6979,9896,18680,320,485,1010,2169,1446,3762,1965,5454,2776,4321,2161,2151,2094,3149,1289,4425,71590,38437,4794,537,27451,1,0,5,3
2021-03-13T23:59:59+01:00,6,0,1680,1884,3743,5488,3986,7851,4328,10822,6069,9565,3889,3809,5036,6976,9896,18680,320,485,1010,2169,1446,3762,1965,5453,2776,4320,2160,2150,2094,3147,1281,4420,71566,38418,4789,537,27348,1,0,5,3
2021-03-12T23:59:59+01:00,5,0,1641,1827,3229,5341,3471,7737,4194,10696,5843,9276,3723,3663,4895,6868,9871,18633,315,463,1006,2139,1438,3738,1945,5382,2723,4235,1981,1995,2034,3097,1274,4414,71354,37648,4069,529,25485,0,0,5,3
2021-03-11T23:59:59+01:00,5,0,1533,1691,2843,5080,3034,7481,3914,10283,5215,8382,3499,3487,4789,6751,9833,18583,314,462,1003,2126,1435,3718,1938,5363,2714,4218,1974,1987,2020,3080,1269,4396,70791,37526,3807,489,21800,0,0,5,3
2021-03-10T23:59:59+01:00,5,0,1503,1659,2804,5035,2998,7422,3859,10196,5107,8265,3373,3383,4674,6637,9790,18516,312,461,1001,2123,1433,3707,1934,5350,2702,4198,1957,1980,1995,3048,1258,4382,70383,37445,3477,394,21361,0,0,5,3
2021-03-09T23:59:59+01:00,5,0,1494,1643,2772,5010,2977,7378,3821,10136,5029,8185,3276,3300,4594,6548,9684,18306,309,460,997,2117,1426,3695,1908,5328,2660,4168,1916,1955,1944,3020,1246,4373,69792,37416,3210,104,21151,0,0,5,3
2021-03-08T23:59:59+01:00,5,0,1479,1629,2742,4983,2951,7348,3798,10088,5005,8123,3235,3260,4520,6484,9510,18007,309,460,995,2113,1418,3679,1891,5295,2641,4140,1897,1936,1919,2997,1240,4354,69004,37268,3201,14,20957,0,0,5,3
2021-03-07T23:59:59+01:00,5,0,1466,1619,2712,4938,2917,7300,3765,10026,4962,8062,3200,3227,4455,6384,9434,17863,309,459,995,2112,1417,3674,1888,5285,2640,4135,1893,1933,1915,2993,1237,4346,68468,37217,3147,12,20715,0,0,5,3
2021-03-06T23:59:59+01:00,5,0,1465,1617,2706,4927,2914,7291,3757,10019,4944,8046,3190,3217,4432,6345,9346,17694,309,459,993,2109,1417,3672,1882,5276,2638,4133,1888,1925,1909,2991,1236,4343,68078,37167,3147,12,20685,0,0,5,2
2021-03-05T23:59:59+01:00,5,0,1392,1538,2608,4765,2857,7134,3672,9812,4843,7850,3140,3158,4216,6059,8642,16507,309,459,991,2107,1412,3667,1880,5275,2634,4126,1879,1921,1904,2988,1231,4340,65437,37110,3144,12,19612,0,0,5,2
2021-03-04T23:59:59+01:00,5,0,1219,1434,2438,4565,2686,6865,3504,9466,4585,7508,3024,3034,3855,5602,7480,14694,308,451,982,2083,1396,3627,1852,5222,2606,4079,1851,1896,1871,2933,1204,4294,61245,36642,3141,12,17573,0,0,5,2
2021-03-03T23:59:59+01:00,5,0,1186,1381,2359,4457,2626,6741,3417,9301,4488,7364,2938,2964,3482,5003,6097,12513,304,442,970,2060,1384,3599,1838,5172,2552,4025,1802,1861,1847,2904,1189,4266,56205,36202,3115,12,16998,0,0,4,2
2021-03-02T23:59:59+01:00,5,0,1152,1344,2299,4399,2575,6650,3335,9178,4351,7215,2824,2837,3000,4338,4102,9161,299,433,965,2034,1371,3555,1823,5117,2520,3999,1792,1847,1828,2878,1178,4239,49178,35865,2867,12,16717,0,0,3,2
2021-03-01T23:59:59+01:00,5,0,1093,1314,2237,4336,2502,6563,3241,9052,4209,7027,2693,2700,2432,3597,1394,4715,298,430,958,2022,1360,3536,1815,5101,2508,3983,1776,1837,1811,2859,1166,4211,40147,35658,2478,12,16482,0,0,3,2
2021-02-28T23:59:59+01:00,5,0,1059,1300,2195,4299,2472,6520,3193,8995,4147,6968,2626,2654,2384,3566,1386,4695,298,429,956,2017,1358,3523,1812,5087,2502,3975,1769,1826,1798,2848,1159,4196,40051,35540,2186,12,16224,0,0,3,2
2021-02-27T23:59:59+01:00,5,0,1017,1217,2130,4056,2414,6286,3129,8697,4056,6714,2571,2597,2364,3542,1383,4695,298,429,955,2017,1358,3523,1812,5086,2501,3975,1769,1825,1796,2848,1159,4196,39945,35534,2185,12,14740,0,0,3,2
2021-02-26T23:59:59+01:00,4,0,850,963,1928,3664,2252,5618,2912,7775,3745,5920,2522,2544,2346,3528,1380,4693,298,429,955,2014,1356,3521,1810,5085,2499,3974,1769,1822,1789,2847,1157,4189,39930,35501,2098,12,10613,0,0,3,2
2021-02-25T23:59:59+01:00,4,0,507,806,1648,3465,2069,5314,2716,7378,3519,5617,2441,2467,2306,3467,1376,4679,288,408,930,1964,1326,3452,1780,5004,2470,3910,1744,1795,1751,2803,1130,4149,39735,34892,1841,11,8200,0,0,3,2
2021-02-24T23:59:59+01:00,3,0,487,788,1613,3368,2007,5184,2656,7195,3453,5475,2375,2420,2271,3438,1367,4646,279,404,915,1930,1312,3398,1767,4943,2446,3865,1733,1777,1742,2784,1118,4122,39547,34531,1672,3,7524,0,0,3,2
2021-02-23T23:59:59+01:00,3,0,468,752,1552,3265,1952,5044,2578,7063,3367,5370,2315,2361,2236,3382,1352,4615,278,400,910,1915,1305,3368,1758,4912,2425,3833,1713,1757,1722,2749,1103,4069,39401,34213,1401,3,6870,0,0,3,2
2021-02-22T23:59:59+01:00,2,0,452,721,1497,3164,1913,4905,2519,6845,3306,5226,2307,2265,2221,3303,1348,4570,277,397,907,1904,1297,3341,1741,4876,2411,3803,1694,1738,1695,2721,1088,4024,39190,33912,1138,1,6233,0,0,3,2
2021-02-21T23:59:59+01:00,2,0,444,683,1439,3022,1866,4755,2466,6686,3223,5122,2271,2232,2194,3283,1338,4565,277,396,904,1896,1296,3332,1737,4866,2407,3794,1692,1735,1694,2719,1088,4023,39149,33854,905,1,5534,0,0,3,2
2021-02-20T23:59:59+01:00,2,0,440,678,1431,3018,1860,4755,2463,6683,3219,5118,2268,2231,2194,3282,1337,4565,277,396,904,1895,1296,3331,1737,4866,2406,3793,1691,1734,1691,2719,1087,4021,39145,33842,901,1,5495,0,0,3,2
2021-02-19T23:59:59+01:00,1,0,419,641,1402,2956,1833,4701,2422,6583,3132,5000,2088,2069,2131,3233,1332,4559,275,395,902,1893,1295,3330,1737,4861,2403,3792,1689,1732,1689,2718,1087,4020,38393,33817,882,1,5224,0,0,3,1
2021-02-18T23:59:59+01:00,1,0,394,585,1297,2713,1729,4457,2284,6321,3030,4818,2059,2053,2115,3216,1327,4551,275,389,894,1860,1286,3291,1719,4813,2384,3756,1677,1721,1672,2706,1075,4002,38319,33519,809,1,3819,0,0,3,1
2021-02-17T23:59:59+01:00,1,0,378,554,1258,2583,1673,4282,2214,6078,2971,4669,2040,2034,2092,3196,1312,4542,266,372,859,1775,1243,3162,1658,4654,2310,3620,1600,1652,1598,2596,1026,3885,38163,32275,758,1,2953,0,0,3,1
2021-02-16T23:59:59+01:00,1,0,360,524,1203,2463,1623,4146,2135,5893,2890,4533,2031,2030,2084,3189,1307,4531,258,355,838,1694,1188,3026,1597,4450,2238,3443,1550,1598,1537,2496,999,3757,38103,31023,728,1,2109,0,0,3,1
2021-02-15T23:59:59+01:00,1,0,350,502,1130,2319,1578,4073,2103,5840,2862,4492,2012,2014,2063,3159,1300,4511,251,336,815,1649,1156,2950,1541,4315,2168,3323,1475,1534,1483,2389,957,3580,37998,29921,618,1,1690,0,0,3,1
2021-02-14T23:59:59+01:00,1,0,342,497,1107,2263,1515,3909,2061,5748,2831,4453,2006,2012,2052,3150,1298,4504,244,331,797,1622,1140,2911,1499,4263,2130,3293,1459,1513,1459,2353,942,3538,37980,29493,553,1,1213,0,0,3,1
2021-02-13T23:59:59+01:00,1,0,342,497,1106,2263,1515,3908,2059,5747,2831,4453,2005,2010,2051,3150,1297,4501,244,331,797,1622,1140,2911,1498,4261,2130,3293,1457,1510,1458,2352,942,3537,37969,29482,553,1,1212,0,0,2,1
2021-02-12T23:59:59+01:00,1,0,338,494,1089,2254,1510,3894,2054,5738,2828,4447,1991,2000,2045,3137,1292,4498,243,330,791,1617,1134,2902,1481,4242,2111,3280,1444,1494,1443,2321,935,3504,37902,29271,545,1,1161,0,0,2,1
2021-02-11T23:59:59+01:00,1,0,318,470,1025,2156,1456,3767,1960,5474,2743,4328,1961,1967,2005,3072,1267,4442,223,304,742,1512,1054,2676,1357,3885,1927,2973,1257,1287,1275,2046,829,3154,37513,26500,508,1,389,0,0,2,1
2021-02-10T23:59:59+01:00,1,0,312,461,1003,2116,1418,3688,1906,5312,2648,4147,1892,1917,1963,3034,1249,4416,199,259,649,1323,927,2293,1169,3282,1688,2558,1098,1113,1129,1802,722,2814,37107,23024,373,1,1,0,0,2,1
2021-02-09T23:59:59+01:00,1,0,306,451,995,2084,1402,3636,1862,5245,2581,4091,1836,1881,1895,2981,1228,4395,165,199,551,1063,779,1849,964,2673,1425,2146,952,953,941,1523,606,2401,36807,19190,60,0,1,0,0,2,1
2021-02-08T23:59:59+01:00,1,0,305,449,992,2077,1392,3620,1854,5222,2562,4075,1822,1869,1877,2963,1221,4370,114,164,451,850,616,1433,765,2024,1149,1661,766,777,749,1205,483,1952,36652,15159,16,0,1,0,0,2,1
2021-02-07T23:59:59+01:00,1,0,305,449,991,2075,1391,3615,1851,5219,2555,4072,1816,1860,1861,2956,1217,4364,105,145,401,704,542,1258,686,1809,1053,1514,693,697,673,1084,418,1736,36583,13518,13,0,0,0,0,2,1
2021-02-06T23:59:59+01:00,1,0,305,449,990,2074,1391,3612,1851,5217,2555,4069,1816,1859,1856,2954,1214,4362,105,144,396,701,537,1234,670,1790,1042,1492,690,693,668,1080,417,1732,36560,13392,13,0,0,0,0,2,0
2021-02-05T23:59:59+01:00,1,0,305,448,988,2071,1387,3603,1847,5203,2549,4063,1815,1858,1848,2946,1205,4349,101,137,381,683,520,1205,638,1738,994,1429,653,643,623,1006,391,1644,36471,12787,13,0,0,0,0,2,0
2021-02-04T23:59:59+01:00,1,0,298,431,977,2039,1368,3550,1828,5126,2534,4015,1799,1838,1823,2911,1188,4318,76,106,282,461,359,812,454,1175,682,970,505,469,482,795,305,1312,36029,9246,13,0,0,0,0,2,0
2021-02-03T23:59:59+01:00,1,0,294,422,959,2012,1352,3512,1815,5077,2500,3972,1779,1815,1807,2887,1175,4304,60,82,236,395,289,633,347,919,522,724,339,325,346,568,218,959,35668,6963,13,0,0,0,0,2,0
2021-02-02T23:59:59+01:00,1,0,290,415,953,1984,1344,3480,1804,5031,2477,3937,1761,1799,1781,2846,1154,4257,39,63,181,312,242,485,265,736,377,556,235,208,221,377,150,627,35299,5074,13,0,0,0,0,2,0
2021-02-01T23:59:59+01:00,1,0,289,413,948,1977,1341,3464,1796,5011,2469,3918,1754,1788,1766,2831,1148,4244,19,39,134,227,167,310,169,490,236,321,119,105,96,184,69,277,35143,2962,13,0,0,0,0,2,0
2021-01-31T23:59:59+01:00,1,0,288,412,946,1970,1338,3455,1793,4992,2465,3903,1750,1780,1762,2824,1146,4235,18,34,116,199,150,268,152,410,200,277,100,91,88,157,61,243,35045,2564,13,0,0,0,0,2,0
2021-01-30T23:59:59+01:00,1,0,288,412,946,1970,1338,3455,1793,4992,2465,3903,1749,1780,1762,2823,1146,4234,18,34,115,199,150,266,149,407,199,276,99,90,88,157,61,243,35042,2551,13,0,0,0,0,2,0
2021-01-29T23:59:59+01:00,1,0,286,409,944,1968,1337,3447,1787,4983,2462,3900,1743,1773,1753,2813,1139,4213,16,33,114,190,141,258,137,379,168,249,72,66,79,136,56,211,34944,2305,13,0,0,0,0,1,0
2021-01-28T23:59:59+01:00,1,0,281,401,924,1913,1313,3383,1762,4921,2434,3838,1721,1753,1722,2782,1121,4178,0,0,9,19,8,18,11,46,7,22,7,3,7,9,2,13,34435,181,12,0,0,0,0,1,0
2021-01-27T23:59:59+01:00,1,0,276,383,891,1833,1279,3269,1700,4798,2374,3738,1665,1705,1678,2716,1085,4096,0,0,4,6,5,11,7,20,3,12,6,3,7,9,2,12,33478,107,8,0,0,0,0,1,0
2021-01-26T23:59:59+01:00,1,0,270,374,881,1820,1265,3231,1683,4741,2344,3672,1634,1673,1641,2646,1068,4014,0,0,4,6,5,11,7,20,3,12,6,3,7,9,2,12,32951,107,6,0,0,0,0,1,0
2021-01-25T23:59:59+01:00,1,0,259,350,839,1701,1195,3067,1593,4470,2241,3463,1576,1620,1589,2562,1022,3846,0,0,1,3,1,3,4,3,3,5,6,3,6,8,2,12,31391,60,2,0,0,0,0,1,0
2021-01-24T23:59:59+01:00,1,0,256,347,828,1682,1185,3045,1562,4437,2215,3442,1565,1612,1579,2551,1017,3839,0,0,1,2,1,3,4,3,3,5,6,3,6,8,2,12,31160,59,2,0,0,0,0,1,0
2021-01-23T23:59:59+01:00,1,0,256,347,828,1682,1184,3044,1562,4433,2214,3441,1564,1612,1578,2550,1016,3834,0,0,1,2,1,3,4,3,3,5,6,3,6,8,2,12,31143,59,2,0,0,0,0,1,0
2021-01-22T23:59:59+01:00,1,0,255,345,822,1679,1180,3039,1559,4426,2202,3436,1552,1601,1572,2531,1011,3815,0,0,1,2,1,3,4,3,3,5,6,3,6,8,2,12,31023,59,2,0,0,0,0,1,0
2021-01-21T23:59:59+01:00,1,0,244,335,795,1613,1155,2912,1503,4265,2122,3301,1454,1499,1440,2368,932,3634,0,0,1,2,1,3,4,2,3,5,4,2,5,8,1,12,29570,53,2,0,0,0,0,1,0
2021-01-20T23:59:59+01:00,1,0,221,291,723,1456,1065,2598,1367,3805,1949,2947,1333,1353,1320,2173,861,3414,0,0,1,2,1,3,4,2,3,5,4,2,5,8,1,12,26874,53,2,0,0,0,0,1,0
2021-01-19T23:59:59+01:00,1,0,190,235,625,1208,919,2152,1147,3190,1668,2517,1153,1155,1094,1837,716,2901,0,0,1,1,1,2,4,1,2,5,4,2,5,8,1,12,22705,49,2,0,0,0,0,1,0
2021-01-18T23:59:59+01:00,1,0,132,185,491,947,710,1637,879,2321,1298,1905,903,924,875,1456,560,2312,0,0,0,0,0,0,0,0,1,2,2,1,0,0,0,0,17534,6,1,0,0,0,0,1,0
2021-01-17T23:59:59+01:00,1,0,119,159,431,776,625,1415,778,2068,1186,1716,839,845,795,1320,501,2106,0,0,0,0,0,0,0,0,0,1,0,0,0,0,0,0,15679,1,0,0,0,0,0,1,0
2021-01-16T23:59:59+01:00,1,0,119,158,427,775,623,1407,768,2064,1178,1709,837,840,790,1309,493,2091,0,0,0,0,0,0,0,0,0,0,0,0,0,0,0,0,15589,0,0,0,0,0,0,0,0
2021-01-15T23:59:59+01:00,1,0,109,152,415,754,597,1369,736,1986,1117,1628,793,788,747,1224,463,1977,0,0,0,0,0,0,0,0,0,0,0,0,0,0,0,0,14856,0,0,0,0,0,0,0,0
2021-01-14T23:59:59+01:00,1,0,75,112,298,487,395,884,508,1278,762,1067,579,546,543,903,353,1501,0,0,0,0,0,0,0,0,0,0,0,0,0,0,0,0,10292,0,0,0,0,0,0,0,0
2021-01-13T23:59:59+01:00,1,0,58,85,246,410,319,667,378,978,556,760,365,344,362,614,246,1037,0,0,0,0,0,0,0,0,0,0,0,0,0,0,0,0,7426,0,0,0,0,0,0,0,0
2021-01-12T23:59:59+01:00,0,0,47,69,200,352,257,542,278,804,405,595,245,217,227,406,166,691,0,0,0,0,0,0,0,0,0,0,0,0,0,0,0,0,5501,0,0,0,0,0,0,0,0
2021-01-11T23:59:59+01:00,0,0,32,50,174,303,210,441,218,647,297,420,150,126,129,248,88,397,0,0,0,0,0,0,0,0,0,0,0,0,0,0,0,0,3930,0,0,0,0,0,0,0,0
2021-01-10T23:59:59+01:00,0,0,24,41,152,254,180,363,179,536,248,359,129,106,114,204,77,320,0,0,0,0,0,0,0,0,0,0,0,0,0,0,0,0,3286,0,0,0,0,0,0,0,0
2021-01-09T23:59:59+01:00,0,0,24,41,151,252,179,361,177,530,247,358,128,105,114,204,77,320,0,0,0,0,0,0,0,0,0,0,0,0,0,0,0,0,3268,0,0,0,0,0,0,0,0
2021-01-08T23:59:59+01:00,0,0,22,40,149,243,171,351,164,499,218,332,104,89,109,189,71,298,0,0,0,0,0,0,0,0,0,0,0,0,0,0,0,0,3049,0,0,0,0,0,0,0,0
2021-01-07T23:59:59+01:00,0,0,1,0,4,9,8,13,10,6,16,11,10,9,14,21,2,32,0,0,0,0,0,0,0,0,0,0,0,0,0,0,0,0,166,0,0,0,0,0,0,0,0
2021-01-06T23:59:59+01:00,0,0,0,0,1,3,1,5,5,2,3,6,6,2,7,10,1,14,0,0,0,0,0,0,0,0,0,0,0,0,0,0,0,0,66,0,0,0,0,0,0,0,0
2021-01-05T23:59:59+01:00,0,0,0,0,1,3,1,5,5,2,3,5,6,2,6,9,1,13,0,0,0,0,0,0,0,0,0,0,0,0,0,0,0,0,62,0,0,0,0,0,0,0,0
2021-01-04T23:59:59+01:00,0,0,0,0,1,3,1,4,4,2,3,5,6,2,5,8,1,13,0,0,0,0,0,0,0,0,0,0,0,0,0,0,0,0,58,0,0,0,0,0,0,0,0
2021-01-03T23:59:59+01:00,0,0,0,0,1,2,1,4,4,2,3,5,5,2,5,8,1,13,0,0,0,0,0,0,0,0,0,0,0,0,0,0,0,0,56,0,0,0,0,0,0,0,0
2021-01-02T23:59:59+01:00,0,0,0,0,1,2,1,4,4,2,3,5,5,2,5,8,1,13,0,0,0,0,0,0,0,0,0,0,0,0,0,0,0,0,56,0,0,0,0,0,0,0,0
2021-01-01T23:59:59+01:00,0,0,0,0,1,2,1,3,4,2,3,5,5,2,5,8,1,13,0,0,0,0,0,0,0,0,0,0,0,0,0,0,0,0,55,0,0,0,0,0,0,0,0
2020-12-31T23:59:59+01:00,0,0,0,0,1,2,1,3,4,2,3,5,5,2,5,8,1,13,0,0,0,0,0,0,0,0,0,0,0,0,0,0,0,0,55,0,0,0,0,0,0,0,0
2020-12-30T23:59:59+01:00,0,0,0,0,1,2,1,3,4,2,3,5,5,2,5,8,1,13,0,0,0,0,0,0,0,0,0,0,0,0,0,0,0,0,55,0,0,0,0,0,0,0,0
2020-12-29T23:59:59+01:00,0,0,0,0,1,1,1,2,4,1,2,5,5,2,5,8,1,13,0,0,0,0,0,0,0,0,0,0,0,0,0,0,0,0,51,0,0,0,0,0,0,0,0
2020-12-28T23:59:59+01:00,0,0,0,0,1,1,1,1,2,0,1,5,4,1,1,0,0,2,0,0,0,0,0,0,0,0,0,0,0,0,0,0,0,0,20,0,0,0,0,0,0,0,0
2020-12-27T23:59:59+01:00,0,0,0,0,1,1,1,1,2,0,0,3,2,0,1,0,0,2,0,0,0,0,0,0,0,0,0,0,0,0,0,0,0,0,14,0,0,0,0,0,0,0,0
