Datum,<15_1_m,<15_1_w,15-24_1_m,15-24_1_w,25-34_1_m,25-34_1_w,35-44_1_m,35-44_1_w,45-54_1_m,45-54_1_w,55-64_1_m,55-64_1_w,65-74_1_m,65-74_1_w,75-84_1_m,75-84_1_w,>84_1_m,>84_1_w,<15_2_m,<15_2_w,15-24_2_m,15-24_2_w,25-34_2_m,25-34_2_w,35-44_2_m,35-44_2_w,45-54_2_m,45-54_2_w,55-64_2_m,55-64_2_w,65-74_2_m,65-74_2_w,75-84_2_m,75-84_2_w,>84_2_m,>84_2_w,bp_1,bp_2,mo_1,mo_2,az_1,az_2,ja,unb_1,unb_2
2021-12-10T23:59:59+01:00,11390,10673,47845,44816,62930,56478,62008,59631,71512,70598,79422,78884,55778,61572,38117,49472,11902,22776,6922,6482,42750,40483,58134,51546,57986,55539,67842,66789,76503,75858,54338,59888,37248,48219,11506,21892,669570,620495,80536,77695,105791,101815,39864,54,56
2021-12-09T23:59:59+01:00,11126,10432,47714,44679,62821,56327,61921,59512,71444,70518,79357,78790,55739,61519,38093,49437,11890,22750,6742,6318,42392,40150,57802,51209,57700,55279,67598,66556,76337,75695,54273,59817,37228,48174,11502,21878,667924,617288,80451,77634,105791,101812,39860,54,56
2021-12-08T23:59:59+01:00,10928,10211,47655,44617,62736,56238,61854,59434,71391,70439,79311,78737,55713,61492,38077,49416,11883,22735,6647,6230,42178,39995,57616,51020,57528,55129,67439,66405,76190,75565,54216,59760,37213,48133,11493,21859,666810,615364,80365,77526,105791,101812,39858,54,56
2021-12-07T23:59:59+01:00,10800,10082,47602,44561,62695,56196,61818,59404,71366,70401,79277,78713,55709,61478,38063,49400,11883,22731,6590,6195,41993,39828,57430,50873,57390,55023,67348,66318,76116,75512,54197,59726,37206,48121,11493,21856,666161,613969,80327,77521,105791,101812,39857,54,56
2021-12-06T23:59:59+01:00,10550,9822,47508,44464,62635,56118,61772,59326,71326,70330,79221,78647,55680,61435,38044,49376,11877,22716,6463,6077,41655,39529,57134,50594,57160,54796,67159,66136,75940,75348,54133,59664,37175,48086,11486,21850,664901,611189,80268,77487,105790,101809,39844,54,56
2021-12-05T23:59:59+01:00,10432,9704,47457,44388,62574,56033,61728,59280,71284,70294,79174,78601,55655,61410,38038,49355,11876,22709,6372,6004,41333,39283,56785,50330,56935,54615,66989,65993,75819,75248,54101,59627,37164,48064,11482,21843,664100,608820,80217,77461,105790,101809,39841,54,56
2021-12-04T23:59:59+01:00,10232,9520,47441,44377,62556,56021,61719,59272,71279,70286,79165,78592,55649,61407,38038,49355,11874,22707,6359,5994,41294,39251,56730,50296,56903,54592,66972,65978,75807,75239,54100,59626,37161,48060,11481,21842,663608,608523,80207,77456,105790,101809,39841,54,56
2021-12-03T23:59:59+01:00,9780,9149,47393,44339,62507,55985,61686,59238,71251,70257,79143,78566,55636,61392,38034,49343,11873,22704,6335,5972,41210,39160,56621,50222,56840,54538,66916,65942,75756,75213,54088,59617,37158,48056,11481,21840,662435,607808,80166,77451,105790,101809,39841,54,56
2021-12-02T23:59:59+01:00,9502,8882,47302,44267,62412,55865,61593,59150,71185,70178,79084,78493,55613,61355,38011,49313,11865,22681,6219,5857,40895,38918,56301,49959,56558,54317,66683,65754,75606,75069,54045,59564,37132,48017,11471,21831,660983,605119,80096,77375,105790,101809,39838,54,55
2021-12-01T23:59:59+01:00,9315,8672,47224,44196,62347,55794,61518,59073,71125,70112,79023,78415,55577,61309,37996,49281,11858,22662,6151,5804,40727,38805,56144,49784,56404,54191,66538,65632,75515,74958,54008,59515,37114,47992,11468,21819,659782,603522,80044,77345,105790,101809,39838,53,55
2021-11-30T23:59:59+01:00,9060,8407,47164,44149,62266,55708,61439,58995,71071,70049,78960,78338,55543,61260,37975,49259,11848,22640,6066,5741,40569,38677,55967,49605,56274,54035,66392,65495,75411,74843,53960,59456,37087,47952,11462,21804,658448,601778,80014,77318,105789,101808,39837,53,55
2021-11-29T23:59:59+01:00,8810,8191,47091,44078,62181,55619,61380,58914,71029,70000,78908,78275,55512,61225,37962,49236,11845,22628,6028,5695,40403,38480,55729,49437,56109,53887,66251,65384,75300,74741,53912,59420,37071,47918,11461,21796,657274,600044,79945,77283,105789,101807,39833,53,55
2021-11-28T23:59:59+01:00,8712,8087,47034,44017,62107,55545,61329,58855,70986,69942,78863,78236,55489,61204,37946,49209,11842,22616,6002,5672,40331,38394,55609,49350,56020,53818,66186,65323,75255,74704,53892,59402,37057,47910,11459,21792,656420,599218,79939,77268,105789,101807,39828,53,55
2021-11-27T23:59:59+01:00,8680,8061,47012,43999,62086,55518,61306,58832,70963,69928,78848,78221,55480,61201,37946,49208,11842,22615,5995,5664,40305,38373,55590,49342,56003,53808,66176,65317,75245,74698,53890,59399,37056,47910,11459,21792,656148,599064,79938,77268,105789,101807,39828,53,55
2021-11-26T23:59:59+01:00,8540,7964,46929,43939,62035,55456,61260,58783,70910,69884,78817,78193,55472,61179,37944,49199,11839,22611,5978,5655,40255,38340,55538,49300,55958,53768,66140,65288,75217,74676,53887,59393,37053,47908,11459,21792,655362,598653,79935,77264,105788,101807,39826,53,55
2021-11-25T23:59:59+01:00,8280,7732,46769,43821,61883,55270,61126,58664,70784,69755,78727,78096,55423,61123,37913,49169,11835,22599,5879,5530,39895,37997,55190,48976,55687,53524,65888,65093,75082,74572,53852,59354,37040,47883,11457,21779,653391,595776,79921,77214,105788,101807,39826,53,55
2021-11-24T23:59:59+01:00,8142,7607,46635,43723,61755,55133,61020,58535,70690,69651,78616,77992,55379,61059,37888,49122,11822,22565,5838,5486,39809,37910,55088,48858,55593,53413,65806,64995,75012,74513,53836,59312,37028,47857,11453,21770,651778,594710,79909,77189,105788,101807,39816,53,55
2021-11-23T23:59:59+01:00,7987,7467,46510,43605,61630,54960,60916,58393,70571,69532,78501,77883,55315,60981,37859,49070,11813,22544,5796,5440,39689,37817,54929,48728,55477,53329,65700,64896,74934,74435,53792,59264,37015,47831,11447,21759,649994,593431,79899,77173,105788,101806,39813,53,55
2021-11-22T23:59:59+01:00,7880,7363,46338,43492,61485,54802,60758,58284,70473,69418,78423,77789,55279,60919,37838,49032,11809,22525,5747,5390,39414,37617,54619,48521,55266,53159,65510,64751,74838,74363,53760,59225,37004,47814,11441,21752,648388,591378,79887,77151,105788,101806,39801,53,55
2021-11-21T23:59:59+01:00,7797,7292,46235,43399,61367,54695,60635,58209,70384,69338,78350,77719,55245,60875,37826,49019,11806,22515,5718,5361,39305,37535,54501,48437,55174,53092,65439,64685,74799,74317,53742,59210,36999,47798,11439,21747,647201,590492,79875,77146,105788,101806,39799,53,55
2021-11-20T23:59:59+01:00,7775,7266,46173,43331,61283,54623,60563,58162,70337,69301,78311,77691,55228,60859,37821,49012,11805,22514,5714,5359,39282,37522,54475,48423,55152,53072,65424,64678,74789,74313,53741,59206,36994,47797,11438,21747,646560,590328,79873,77146,105788,101806,39791,53,55
2021-11-19T23:59:59+01:00,7679,7171,45979,43156,61108,54439,60411,58004,70197,69208,78225,77616,55203,60833,37815,48996,11803,22508,5700,5343,39221,37471,54434,48390,55106,53034,65397,64653,74763,74299,53739,59194,36991,47794,11437,21744,644890,589945,79862,77137,105785,101804,39769,53,55
2021-11-18T23:59:59+01:00,7477,6965,45580,42829,60781,54070,60101,57738,69907,68974,78061,77447,55141,60758,37789,48943,11798,22487,5630,5276,38948,37220,54189,48187,54892,52857,65203,64497,74635,74234,53700,59151,36975,47763,11428,21735,641444,587812,79833,77111,105784,101802,39740,53,55
2021-11-17T23:59:59+01:00,7333,6843,45245,42590,60487,53803,59877,57518,69712,68782,77902,77287,55080,60701,37772,48892,11787,22470,5593,5247,38852,37151,54077,48097,54818,52790,65129,64437,74581,74177,53672,59124,36959,47741,11421,21729,638766,586955,79776,77075,105784,101801,39709,53,55
2021-11-16T23:59:59+01:00,7195,6729,44990,42387,60220,53542,59663,57315,69531,68602,77768,77143,55010,60627,37742,48840,11772,22442,5531,5195,38683,37001,53948,47963,54708,52682,65028,64347,74496,74104,53637,59076,36928,47709,11417,21716,636236,585554,79753,77060,105784,101801,39699,53,55
2021-11-15T23:59:59+01:00,7050,6603,44460,41989,59773,53178,59360,57042,69259,68376,77575,76967,54945,60551,37697,48794,11769,22432,5487,5147,38492,36827,53747,47803,54530,52552,64892,64228,74417,74034,53610,59042,36920,47689,11414,21707,632627,584006,79732,77045,105784,101801,39631,53,55
2021-11-14T23:59:59+01:00,6972,6534,44219,41815,59565,52997,59167,56889,69111,68245,77462,76897,54922,60517,37686,48776,11766,22425,5441,5102,38321,36694,53565,47650,54394,52448,64769,64132,74359,73963,53578,59019,36912,47670,11413,21702,630803,582617,79711,77038,105784,101801,39621,53,55
2021-11-13T23:59:59+01:00,6968,6528,44204,41804,59549,52984,59157,56879,69105,68239,77451,76893,54920,60516,37685,48774,11765,22425,5441,5100,38319,36694,53563,47650,54390,52444,64764,64128,74353,73960,53573,59015,36910,47662,11411,21701,630688,582563,79710,77038,105781,101801,39621,53,55
2021-11-12T23:59:59+01:00,6911,6487,44068,41667,59401,52888,59036,56773,69015,68171,77383,76855,54907,60501,37678,48762,11760,22420,5438,5092,38293,36675,53536,47634,54366,52432,64741,64114,74337,73949,53567,59009,36908,47659,11409,21699,629568,582373,79696,77037,105781,101801,39592,53,55
2021-11-11T23:59:59+01:00,6733,6298,43393,41152,58783,52379,58568,56394,68639,67837,77108,76666,54845,60432,37651,48722,11751,22409,5384,5030,38110,36542,53385,47499,54244,52321,64626,64013,74260,73902,53535,58980,36896,47641,11408,21688,624834,581149,79655,77012,105778,101801,39447,53,55
2021-11-10T23:59:59+01:00,6630,6207,42976,40856,58374,52031,58269,56149,68381,67586,76931,76498,54776,60368,37629,48683,11743,22398,5364,5004,38015,36480,53310,47424,54177,52246,64572,63957,74201,73862,53504,58946,36880,47619,11403,21681,621682,580452,79640,77000,105778,101799,39339,53,55
2021-11-09T23:59:59+01:00,6559,6156,42872,40764,58248,51889,58153,56012,68250,67467,76846,76401,54734,60324,37615,48658,11736,22382,5338,4976,37942,36436,53265,47363,54124,52157,64516,63879,74123,73784,53473,58909,36862,47593,11396,21662,620307,579809,79606,76805,105776,101798,39331,53,55
2021-11-08T23:59:59+01:00,6424,6042,42137,40103,57507,51283,57601,55571,67835,67083,76562,76130,54616,60233,37587,48618,11728,22368,5309,4954,37837,36332,53107,47241,54034,52075,64446,63788,74042,73726,53444,58875,36851,47577,11393,21657,614973,578992,79583,76792,105775,101798,39051,53,55
2021-11-07T23:59:59+01:00,6368,6003,41974,39967,57312,51123,57456,55462,67736,67009,76510,76080,54598,60213,37579,48612,11726,22363,5291,4939,37762,36260,53034,47159,53978,52032,64415,63735,74017,73703,53432,58863,36841,47570,11392,21650,613700,578415,79529,76765,105775,101797,39041,53,55
2021-11-06T23:59:59+01:00,6363,5994,41956,39949,57292,51108,57441,55452,67726,67000,76504,76077,54596,60213,37577,48612,11726,22362,5289,4939,37761,36258,53032,47155,53976,52030,64410,63734,74015,73701,53430,58861,36841,47569,11392,21650,613561,578389,79528,76764,105775,101797,39038,53,55
2021-11-05T23:59:59+01:00,6347,5974,41914,39920,57255,51058,57393,55422,67702,66983,76477,76064,54592,60207,37574,48610,11726,22360,5281,4934,37737,36250,53023,47144,53968,52023,64398,63722,74008,73692,53426,58859,36839,47565,11392,21650,613215,578281,79525,76761,105775,101797,39017,53,55
2021-11-04T23:59:59+01:00,6223,5828,41377,39428,56668,50591,56944,55054,67277,66656,76260,75922,54554,60157,37561,48580,11720,22352,5221,4870,37531,36111,52819,46996,53795,51890,64239,63603,73906,73622,53394,58834,36825,47542,11381,21642,609362,577120,79455,76735,105774,101796,38515,53,55
2021-11-03T23:59:59+01:00,6187,5783,41286,39361,56553,50494,56846,54969,67204,66589,76214,75878,54544,60138,37552,48563,11715,22347,5177,4836,37461,36048,52771,46947,53752,51834,64193,63560,73863,73586,53378,58809,36812,47522,11377,21634,608479,576492,79435,76730,105773,101793,38490,53,55
2021-11-02T23:59:59+01:00,6139,5733,41151,39250,56387,50374,56728,54864,67078,66510,76145,75819,54519,60116,37541,48551,11714,22336,5106,4764,37327,35894,52621,46790,53633,51712,64105,63458,73778,73500,53330,58763,36792,47489,11374,21624,607263,575061,79414,76693,105773,101793,38458,53,55
2021-11-01T23:59:59+01:00,6054,5655,40660,38880,55858,50025,56361,54609,66798,66307,76003,75729,54485,60089,37534,48544,11711,22327,5073,4723,37185,35780,52490,46697,53517,51627,64007,63396,73715,73455,53317,58750,36782,47474,11371,21617,604256,574316,79389,76651,105773,101791,38163,53,55
2021-10-31T23:59:59+01:00,6052,5655,40653,38874,55854,50022,56357,54605,66793,66303,76000,75727,54485,60089,37534,48544,11711,22327,5073,4722,37182,35777,52490,46696,53515,51626,64003,63394,73715,73455,53317,58750,36782,47474,11371,21617,604219,574303,79386,76651,105773,101791,38159,53,55
2021-10-30T23:59:59+02:00,6048,5653,40650,38874,55847,50019,56356,54603,66791,66302,75999,75725,54485,60089,37534,48544,11711,22327,5073,4722,37182,35777,52490,46695,53514,51625,64002,63393,73714,73455,53316,58750,36782,47474,11371,21617,604192,574297,79386,76651,105773,101791,38158,53,55
2021-10-29T23:59:59+02:00,6045,5647,40632,38856,55833,50001,56339,54592,66773,66295,75982,75720,54483,60086,37533,48543,11709,22327,5071,4719,37171,35762,52488,46689,53510,51620,63998,63386,73706,73447,53311,58749,36781,47471,11370,21616,604037,574218,79383,76648,105773,101789,38155,53,55
2021-10-28T23:59:59+02:00,5946,5547,40104,38499,55364,49667,55932,54293,66432,66066,75809,75614,54446,60057,37528,48524,11707,22317,5009,4672,36991,35646,52326,46572,53369,51511,63852,63305,73622,73400,53285,58723,36767,47453,11368,21609,600921,573241,79344,76628,105768,101787,37769,53,55
2021-10-27T23:59:59+02:00,5921,5526,40051,38440,55292,49611,55875,54241,66368,66037,75786,75594,54430,60045,37522,48512,11706,22311,4985,4646,36940,35605,52275,46535,53337,51475,63808,63255,73587,73374,53262,58703,36761,47442,11365,21597,600357,572739,79332,76616,105768,101781,37761,53,55
2021-10-26T23:59:59+02:00,5873,5491,39943,38345,55189,49507,55802,54175,66301,65970,75733,75554,54416,60029,37512,48498,11703,22306,4933,4603,36835,35463,52178,46448,53268,51393,63755,63194,73527,73320,53229,58682,36747,47418,11359,21583,599459,571753,79330,76607,105768,101780,37740,53,55
2021-10-25T23:59:59+02:00,5811,5423,39710,38109,54908,49303,55549,54013,66081,65827,75631,75475,54394,59999,37505,48488,11703,22303,4920,4594,36778,35401,52092,46393,53200,51352,63706,63154,73483,73288,53220,58666,36741,47413,11357,21580,597623,571439,79330,76605,105768,101778,37461,53,55
2021-10-24T23:59:59+02:00,5781,5394,39627,38024,54831,49225,55491,53974,66036,65800,75612,75456,54389,59990,37500,48485,11701,22299,4887,4578,36716,35339,52046,46346,53164,51311,63669,63125,73461,73256,53212,58652,36730,47405,11355,21578,597020,570952,79328,76598,105768,101776,37449,53,55
2021-10-23T23:59:59+02:00,5781,5394,39626,38023,54829,49225,55489,53971,66036,65800,75612,75456,54389,59989,37500,48485,11701,22299,4887,4578,36716,35338,52046,46346,53164,51309,63669,63125,73460,73256,53212,58652,36730,47405,11355,21578,597011,570949,79328,76598,105768,101776,37448,53,55
2021-10-22T23:59:59+02:00,5778,5389,39599,38005,54809,49210,55478,53964,66022,65788,75603,75449,54385,59986,37500,48483,11700,22299,4882,4569,36701,35324,52035,46326,53155,51298,63652,63116,73446,73246,53202,58645,36729,47402,11354,21576,596876,570797,79317,76597,105768,101773,37436,53,55
2021-10-21T23:59:59+02:00,5702,5309,39346,37808,54535,49022,55265,53812,65839,65665,75506,75393,54368,59969,37493,48473,11697,22294,4796,4497,36475,35114,51850,46166,52985,51167,63521,62994,73362,73187,53178,58609,36717,47384,11350,21570,595175,569314,79283,76561,105768,101772,37220,53,55
2021-10-20T23:59:59+02:00,5678,5295,39310,37781,54515,48999,55248,53783,65813,65640,75481,75375,54360,59958,37484,48458,11696,22287,4777,4477,36456,35084,51828,46135,52961,51136,63498,62972,73337,73160,53160,58587,36711,47371,11347,21563,594853,568968,79276,76551,105768,101772,37214,53,55
2021-10-19T23:59:59+02:00,5644,5265,39255,37743,54478,48959,55208,53749,65777,65607,75454,75348,54344,59937,37476,48444,11692,22284,4754,4455,36403,35036,51785,46081,52927,51098,63461,62938,73298,73120,53148,58563,36689,47356,11342,21553,594367,568430,79271,76547,105768,101767,37208,53,55
2021-10-18T23:59:59+02:00,5609,5237,39115,37609,54354,48860,55126,53666,65709,65565,75397,75312,54334,59921,37469,48430,11690,22283,4687,4394,36256,34891,51661,45958,52845,51006,63414,62875,73238,73071,53123,58528,36679,47339,11337,21547,593490,567388,79258,76519,105768,101767,37120,53,55
2021-10-17T23:59:59+02:00,5603,5229,39105,37598,54339,48844,55123,53656,65703,65553,75390,75307,54331,59917,37466,48427,11689,22278,4677,4383,36236,34861,51640,45934,52828,50984,63400,62858,73221,73057,53112,58516,36674,47332,11336,21538,593367,567137,79258,76513,105767,101766,37116,53,55
2021-10-16T23:59:59+02:00,5603,5229,39104,37598,54337,48843,55120,53654,65703,65553,75390,75307,54331,59917,37466,48427,11689,22278,4674,4380,36231,34857,51636,45931,52824,50980,63398,62854,73219,73056,53111,58515,36673,47331,11336,21536,593361,567095,79258,76513,105767,101766,37113,53,55
2021-10-15T23:59:59+02:00,5598,5226,39086,37584,54319,48830,55114,53649,65686,65547,75383,75295,54323,59915,37462,48420,11688,22278,4666,4378,36218,34855,51630,45923,52819,50974,63393,62847,73214,73050,53107,58511,36670,47330,11336,21535,593227,567030,79258,76511,105767,101759,37101,53,55
2021-10-14T23:59:59+02:00,5540,5167,38946,37464,54184,48728,55022,53568,65617,65463,75321,75241,54292,59894,37454,48404,11681,22263,4548,4262,35933,34525,51410,45698,52667,50801,63248,62700,73118,72972,53050,58464,36646,47299,11331,21526,592195,564931,79241,76472,105767,101745,36996,53,54
2021-10-13T23:59:59+02:00,5500,5133,38911,37421,54151,48692,54995,53534,65591,65438,75300,75215,54280,59882,37448,48396,11677,22259,4517,4235,35893,34484,51384,45657,52631,50765,63214,62664,73085,72942,53026,58448,36637,47276,11330,21515,591790,564496,79227,76435,105767,101729,36989,53,54
2021-10-12T23:59:59+02:00,5465,5110,38837,37376,54092,48623,54954,53486,65557,65403,75265,75178,54264,59865,37438,48380,11671,22249,4497,4209,35836,34431,51337,45602,52596,50729,63177,62622,73045,72895,53001,58419,36614,47252,11323,21502,591198,563901,79221,76429,105767,101726,36977,53,54
2021-10-11T23:59:59+02:00,5411,5058,38674,37243,53958,48508,54849,53400,65483,65341,75217,75149,54252,59846,37427,48369,11669,22245,4405,4128,35608,34213,51151,45411,52461,50595,63081,62508,72960,72831,52962,58381,36602,47232,11320,21494,590241,562320,79219,76426,105767,101721,36822,53,54
2021-10-10T23:59:59+02:00,5392,5048,38627,37203,53915,48467,54829,53369,65464,65321,75201,75129,54249,59841,37423,48366,11668,22239,4387,4121,35575,34193,51129,45384,52443,50578,63071,62496,72947,72817,52958,58372,36597,47222,11317,21490,589914,562101,79215,76418,105765,101717,36807,53,54
2021-10-09T23:59:59+02:00,5392,5047,38627,37203,53915,48467,54829,53369,65464,65321,75201,75129,54249,59841,37423,48366,11668,22239,4387,4121,35574,34193,51128,45384,52443,50578,63069,62496,72947,72817,52958,58372,36597,47222,11317,21490,589913,562100,79215,76416,105765,101716,36807,53,54
2021-10-08T23:59:59+02:00,5384,5034,38608,37183,53901,48451,54821,53364,65453,65312,75189,75120,54247,59838,37421,48361,11667,22238,4380,4112,35560,34173,51116,45369,52436,50567,63060,62489,72941,72811,52956,58370,36595,47218,11317,21488,589768,561981,79215,76414,105765,101715,36794,53,54
2021-10-07T23:59:59+02:00,5315,4947,38432,37028,53775,48324,54709,53259,65352,65220,75120,75071,54229,59801,37397,48337,11660,22225,4229,3943,35186,33822,50867,45058,52237,50300,62863,62294,72772,72653,52889,58300,36570,47171,11307,21472,588444,559763,79182,75647,105764,101708,36761,53,54
2021-10-06T23:59:59+02:00,5279,4919,38386,36987,53742,48287,54664,53221,65302,65185,75094,75049,54210,59788,37390,48321,11654,22216,4209,3926,35145,33786,50843,45030,52216,50276,62833,62279,72747,72636,52867,58270,36551,47151,11300,21460,587965,559380,79176,75645,105762,101705,36741,53,54
2021-10-05T23:59:59+02:00,5247,4894,38305,36910,53677,48224,54613,53156,65239,65128,75049,75001,54172,59760,37370,48289,11645,22184,4178,3897,35078,33714,50796,44967,52181,50232,62780,62241,72707,72596,52835,58232,36521,47098,11293,21437,587209,558697,79157,75644,105762,101703,36685,53,54
2021-10-04T23:59:59+02:00,5184,4836,38091,36741,53506,48106,54500,53048,65169,65058,74983,74953,54142,59726,37355,48271,11636,22169,4066,3760,34771,33365,50549,44723,51994,50054,62620,62089,72590,72498,52778,58171,36467,47043,11281,21418,586117,556435,79145,75643,105760,101703,36402,53,54
2021-10-03T23:59:59+02:00,5173,4822,38067,36717,53473,48069,54475,53034,65152,65040,74971,74940,54135,59713,37350,48258,11636,22164,4051,3755,34719,33329,50499,44679,51956,50006,62578,62052,72549,72466,52761,58147,36455,47027,11279,21410,585864,555954,79143,75643,105757,101692,36375,53,54
2021-10-02T23:59:59+02:00,5171,4813,38063,36710,53465,48065,54472,53031,65149,65039,74967,74937,54135,59711,37350,48258,11636,22164,4050,3755,34717,33327,50491,44677,51952,50005,62576,62052,72548,72465,52761,58146,36455,47027,11279,21410,585826,555945,79143,75642,105757,101692,36360,53,54
2021-10-01T23:59:59+02:00,5163,4796,38018,36682,53432,48035,54449,53006,65118,65023,74940,74920,54125,59706,37347,48255,11633,22162,4046,3752,34697,33315,50474,44669,51938,49991,62563,62044,72531,72453,52752,58140,36452,47025,11277,21408,585579,555861,79141,75640,105754,101686,36286,53,54
2021-09-30T23:59:59+02:00,5072,4733,37808,36476,53263,47871,54304,52876,65013,64904,74870,74862,54110,59676,37336,48237,11630,22155,3969,3677,34554,33161,50381,44543,51861,49876,62478,61952,72464,72394,52740,58110,36443,47000,11274,21398,584043,555278,79122,75031,105751,101681,36231,52,54
2021-09-29T23:59:59+02:00,5049,4712,37773,36435,53214,47823,54266,52829,64981,64866,74841,74834,54093,59653,37324,48226,11626,22143,3953,3660,34526,33125,50351,44517,51839,49855,62457,61922,72443,72374,52731,58101,36438,46990,11272,21390,583580,554989,79110,75027,105751,101676,36198,52,54
2021-09-28T23:59:59+02:00,5026,4688,37713,36378,53173,47770,54231,52785,64938,64822,74796,74799,54055,59617,37305,48203,11618,22132,3939,3643,34470,33086,50318,44487,51813,49832,62431,61901,72406,72344,52702,58063,36416,46963,11269,21378,583021,554595,79108,75020,105751,101672,36120,52,54
2021-09-27T23:59:59+02:00,4950,4628,37515,36199,52988,47603,54109,52674,64835,64715,74697,74721,54027,59589,37293,48185,11617,22121,3806,3485,34047,32699,50011,44163,51583,49583,62233,61714,72274,72218,52661,58003,36395,46932,11267,21368,581963,552086,79089,75019,105751,101669,35614,52,54
2021-09-26T23:59:59+02:00,4947,4622,37493,36168,52958,47584,54095,52658,64819,64705,74685,74711,54020,59578,37292,48182,11617,22116,3797,3478,34032,32692,49998,44146,51575,49573,62219,61708,72266,72211,52657,57995,36394,46927,11265,21364,581786,551969,79069,75011,105749,101667,35597,52,53
2021-09-25T23:59:59+02:00,4944,4619,37487,36164,52955,47580,54091,52655,64817,64701,74681,74709,54019,59575,37291,48181,11617,22115,3797,3477,34029,32692,49998,44146,51575,49572,62219,61707,72264,72211,52657,57994,36394,46927,11265,21364,581743,551964,79067,75011,105749,101667,35593,52,53
2021-09-24T23:59:59+02:00,4941,4616,37468,36149,52934,47566,54069,52643,64798,64690,74667,74699,54012,59572,37288,48177,11617,22111,3793,3471,34019,32677,49983,44136,51555,49557,62206,61701,72246,72202,52650,57987,36388,46920,11265,21362,581622,551857,79067,75009,105746,101666,35533,52,53
2021-09-23T23:59:59+02:00,4811,4496,37062,35729,52577,47232,53776,52366,64556,64473,74481,74569,53950,59516,37259,48133,11608,22091,3760,3428,33835,32508,49759,43983,51386,49451,62055,61595,72130,72126,52612,57962,36364,46899,11263,21354,579276,551179,79024,74985,105746,101663,34590,52,53
2021-09-22T23:59:59+02:00,4782,4473,37019,35672,52509,47154,53709,52308,64489,64420,74422,74516,53921,59493,37251,48116,11606,22086,3743,3416,33798,32466,49715,43925,51327,49400,62000,61555,72083,72092,52594,57944,36358,46888,11261,21353,578838,550921,79017,74982,105743,101662,34300,51,53
2021-09-21T23:59:59+02:00,4766,4450,36961,35623,52442,47089,53663,52259,64422,64369,74364,74462,53878,59461,37237,48091,11601,22077,3722,3402,33765,32414,49681,43877,51287,49355,61952,61517,72044,72051,52565,57920,36347,46870,11260,21346,578286,550554,79008,74980,105741,101656,34132,51,53
2021-09-20T23:59:59+02:00,4662,4386,36622,35316,52118,46779,53425,52032,64209,64178,74205,74349,53813,59406,37216,48056,11594,22071,3517,3214,33252,31979,49304,43537,50999,49048,61697,61305,71877,71899,52509,57855,36324,46825,11253,21336,576431,547838,79003,74975,105740,101650,33215,51,52
2021-09-19T23:59:59+02:00,4650,4381,36609,35305,52106,46770,53410,52020,64197,64173,74195,74338,53810,59400,37213,48053,11593,22071,3507,3206,33231,31961,49300,43526,50991,49036,61683,61294,71865,71889,52503,57851,36323,46823,11253,21333,576323,547713,78996,74971,105737,101649,33190,51,52
2021-09-18T23:59:59+02:00,4650,4381,36606,35304,52104,46769,53410,52019,64197,64173,74194,74338,53810,59400,37213,48053,11593,22071,3506,3206,33228,31961,49296,43524,50991,49036,61683,61294,71864,71889,52502,57851,36323,46823,11253,21333,576320,547707,78996,74971,105737,101649,33184,51,52
2021-09-17T23:59:59+02:00,4643,4368,36590,35279,52082,46749,53399,52000,64180,64164,74179,74319,53801,59393,37210,48048,11592,22070,3505,3202,33218,31944,49284,43513,50987,49027,61679,61290,71856,71877,52495,57849,36323,46822,11253,21331,576154,547654,78996,74971,105737,101647,33131,51,52
2021-09-16T23:59:59+02:00,4492,4216,36221,34915,51826,46449,53186,51735,63996,63980,74021,74169,53746,59333,37193,48013,11589,22058,3437,3161,33088,31838,49202,43405,50908,48944,61618,61235,71805,71844,52479,57835,36314,46810,11252,21327,573713,546815,78539,74891,105736,101642,33102,51,52
2021-09-15T23:59:59+02:00,4449,4178,36153,34841,51781,46394,53120,51680,63945,63931,73981,74126,53728,59312,37183,48003,11588,22052,3394,3129,33035,31788,49152,43352,50850,48894,61571,61191,71775,71813,52471,57814,36304,46801,11252,21321,573339,546479,78451,74876,105736,101629,32871,51,52
2021-09-14T23:59:59+02:00,4408,4138,36090,34787,51731,46324,53078,51629,63899,63886,73936,74084,53703,59293,37168,47984,11586,22048,3348,3101,32968,31716,49106,43303,50816,48848,61517,61153,71739,71770,52448,57790,36295,46787,11251,21318,572796,545921,78383,74869,105735,101622,32810,51,52
2021-09-13T23:59:59+02:00,4258,3960,35720,34353,51456,46005,52860,51395,63689,63676,73800,73958,53648,59223,37130,47950,11585,22040,3058,2848,32501,31245,48872,43053,50635,48646,61370,60970,71598,71659,52395,57731,36279,46751,11245,21308,570190,542929,77956,74790,105734,101616,32777,51,52
2021-09-12T23:59:59+02:00,4249,3950,35696,34337,51440,45982,52842,51378,63675,63659,73791,73948,53645,59217,37125,47949,11585,22039,3041,2840,32475,31228,48855,43035,50625,48638,61358,60955,71582,71646,52388,57723,36273,46749,11242,21308,570039,542771,77940,74782,105723,101601,32756,51,51
2021-09-11T23:59:59+02:00,4246,3947,35692,34333,51439,45980,52836,51371,63673,63654,73789,73942,53641,59212,37125,47947,11585,22039,3038,2839,32466,31224,48852,43032,50621,48634,61355,60951,71579,71642,52386,57721,36273,46747,11242,21308,570012,542749,77940,74782,105723,101601,32727,51,51
2021-09-10T23:59:59+02:00,4245,3946,35576,34233,51243,45827,52647,51229,63497,63540,73654,73852,53603,59173,37105,47929,11583,22034,3028,2829,32337,31113,48652,42867,50427,48496,61165,60829,71444,71548,52344,57678,36251,46726,11239,21303,569952,542595,77938,74779,105722,101597,31255,51,50
2021-09-09T23:59:59+02:00,4217,3907,35496,34163,51187,45757,52586,51140,63439,63482,73614,73814,53579,59145,37091,47910,11581,22030,2995,2798,32244,31045,48610,42817,50375,48455,61123,60795,71403,71516,52325,57664,36243,46711,11238,21299,569339,542113,77902,74772,105702,101575,31146,51,50
2021-09-08T23:59:59+02:00,4192,3887,35463,34120,51162,45726,52568,51113,63405,63450,73593,73791,53572,59130,37084,47899,11581,22027,2977,2782,32187,31015,48571,42791,50347,48423,61087,60767,71387,71496,52312,57652,36233,46700,11236,21292,568990,541751,77902,74771,105702,101563,31120,51,50
2021-09-07T23:59:59+02:00,4179,3873,35423,34076,51129,45695,52544,51087,63379,63425,73557,73761,53560,59114,37067,47885,11579,22021,2955,2764,32140,30964,48535,42755,50308,48386,61063,60737,71353,71467,52299,57636,36224,46687,11233,21288,568612,541330,77901,74769,105702,101555,31090,51,50
2021-09-06T23:59:59+02:00,4003,3689,34945,33606,50753,45303,52277,50786,63151,63184,73397,73611,53496,59033,37048,47845,11576,22012,2914,2709,31932,30780,48329,42597,50165,48245,60949,60618,71257,71380,52252,57590,36208,46668,11228,21275,565804,540469,77901,74767,105702,101551,30259,51,50
2021-09-05T23:59:59+02:00,3995,3677,34926,33591,50749,45295,52265,50778,63139,63174,73382,73606,53491,59025,37042,47838,11574,22008,2906,2699,31912,30761,48310,42583,50152,48237,60938,60608,71247,71375,52246,57578,36205,46663,11227,21273,565667,540331,77900,74765,105702,101537,30237,51,50
2021-09-04T23:59:59+02:00,3995,3677,34925,33591,50749,45295,52264,50777,63139,63174,73382,73606,53491,59025,37042,47838,11574,22008,2906,2699,31911,30759,48310,42583,50150,48235,60938,60608,71246,71375,52246,57578,36205,46663,11227,21273,565666,540327,77900,74763,105702,101537,30235,51,50
2021-09-03T23:59:59+02:00,3947,3630,34761,33455,50595,45170,52153,50662,62990,63051,73257,73506,53451,58977,37021,47817,11570,22005,2829,2610,31636,30568,48107,42414,49977,48069,60732,60436,71101,71229,52192,57521,36180,46640,11225,21269,565525,540193,77302,73517,105691,101524,29451,51,50
2021-09-02T23:59:59+02:00,3921,3600,34701,33407,50560,45129,52120,50629,62949,63011,73218,73479,53430,58965,37012,47799,11570,21999,2812,2585,31566,30506,48056,42365,49936,48025,60677,60384,71060,71202,52174,57506,36171,46632,11224,21264,565109,539798,77280,73513,105691,101414,29370,51,50
2021-09-01T23:59:59+02:00,3905,3586,34672,33374,50537,45101,52102,50607,62929,62978,73191,73461,53421,58956,37009,47791,11570,21998,2784,2566,31514,30466,48023,42337,49905,48000,60645,60360,71037,71171,52155,57488,36161,46625,11224,21261,564844,539448,77276,73507,105689,101387,29330,51,50
2021-08-31T23:59:59+02:00,3878,3572,34632,33325,50510,45065,52074,50575,62901,62946,73161,73429,53400,58934,37001,47779,11567,21997,2775,2554,31454,30432,47997,42312,49882,47982,60617,60344,71022,71144,52141,57478,36158,46618,11221,21254,564449,539170,77276,73503,105688,101378,29284,51,50
2021-08-30T23:59:59+02:00,3652,3362,34041,32805,50087,44682,51724,50229,62609,62684,72955,73252,53317,58848,36970,47732,11564,21989,2717,2494,31165,30168,47699,42077,49655,47812,60431,60212,70868,71041,52073,57433,36139,46587,11218,21247,561444,538071,77276,73500,105687,101368,28047,50,50
2021-08-29T23:59:59+02:00,3646,3354,34019,32785,50069,44672,51708,50209,62599,62670,72945,73236,53309,58843,36968,47725,11564,21987,2711,2493,31145,30147,47675,42050,49634,47795,60414,60195,70856,71030,52070,57424,36136,46586,11218,21245,561299,537951,77274,73498,105686,101324,28001,50,50
2021-08-28T23:59:59+02:00,3646,3354,34016,32785,50062,44671,51707,50207,62599,62667,72943,73235,53307,58841,36968,47725,11564,21987,2711,2490,31136,30138,47669,42048,49631,47792,60412,60191,70853,71028,52069,57420,36136,46586,11218,21245,561289,537915,77274,73497,105686,101324,27987,50,50
2021-08-27T23:59:59+02:00,3642,3348,34007,32766,50058,44664,51695,50200,62591,62662,72926,73229,53303,58838,36967,47724,11563,21986,2703,2487,31118,30120,47660,42035,49621,47783,60404,60183,70841,71027,52067,57419,36135,46585,11217,21245,561213,537836,77274,73495,105686,101321,27948,50,50
2021-08-26T23:59:59+02:00,3617,3320,33966,32713,50031,44628,51654,50151,62545,62638,72895,73198,53293,58828,36960,47722,11562,21982,2629,2393,30820,29850,47439,41823,49445,47627,60287,60082,70758,70955,52032,57385,36118,46561,11215,21241,560863,536005,77247,73489,105685,101256,27860,50,50
2021-08-25T23:59:59+02:00,3576,3296,33915,32668,50005,44580,51617,50120,62506,62603,72859,73174,53283,58810,36955,47707,11561,21981,2366,2172,30065,29148,46995,41411,49120,47335,60064,59857,70582,70804,51965,57309,36096,46526,11206,21233,560425,531675,77247,73486,105685,101233,27811,50,49
2021-08-24T23:59:59+02:00,3536,3274,33856,32611,49974,44538,51588,50073,62460,62554,72815,73127,53262,58785,36942,47694,11559,21973,2289,2108,29831,28924,46863,41279,49009,47228,59971,59763,70497,70706,51919,57263,36076,46514,11202,21230,559935,530233,77244,73480,105683,101199,27711,50,49
2021-08-23T23:59:59+02:00,3231,3005,33220,31990,49546,44139,51246,49768,62134,62258,72522,72895,53165,58697,36903,47631,11548,21964,2229,2055,29408,28532,46475,40982,48766,47017,59701,59554,70272,70558,51843,57193,36052,46471,11196,21224,556861,528777,77240,73477,105681,101194,26032,50,48
2021-08-22T23:59:59+02:00,3220,2997,33209,31984,49536,44129,51238,49762,62129,62251,72517,72893,53161,58694,36901,47629,11548,21963,2225,2052,29382,28514,46455,40973,48756,47005,59690,59546,70265,70554,51834,57189,36049,46468,11196,21224,556796,528675,77236,73468,105676,101180,26006,49,48
2021-08-21T23:59:59+02:00,3218,2997,33204,31982,49534,44128,51237,49759,62126,62250,72516,72892,53161,58694,36901,47629,11548,21963,2224,2050,29368,28502,46449,40970,48750,47001,59686,59546,70265,70553,51833,57189,36049,46468,11196,21224,556781,528635,77236,73461,105676,101180,25999,49,48
2021-08-20T23:59:59+02:00,3202,2986,33080,31887,49341,43992,51064,49649,61945,62121,72368,72810,53112,58652,36886,47611,11545,21959,2197,2036,28826,28004,45970,40602,48469,46790,59429,59360,70058,70428,51747,57131,36019,46440,11192,21217,556554,526935,77235,73285,105676,100948,24699,48,48
2021-08-19T23:59:59+02:00,3175,2963,33028,31847,49307,43955,51016,49609,61900,62083,72319,72771,53086,58632,36879,47596,11541,21952,2109,1954,27882,27151,45186,40001,48042,46431,59094,59084,69781,70206,51647,57041,35977,46392,11187,21212,556137,522555,77200,72312,105671,100857,24605,48,48
2021-08-18T23:59:59+02:00,3154,2944,32976,31802,49270,43919,50977,49572,61855,62046,72274,72745,53057,58615,36865,47582,11540,21947,2010,1854,26587,25852,44259,39130,47336,45691,58412,58500,69294,69750,51459,56822,35901,46299,11175,21195,555699,517023,77179,69104,105668,100803,24548,48,48
2021-08-17T23:59:59+02:00,3130,2921,32907,31738,49223,43851,50934,49537,61808,62001,72237,72705,53034,58591,36852,47570,11537,21942,1881,1744,25301,24462,43388,38438,46734,45209,57878,58058,68861,69424,51323,56638,35825,46219,11160,21181,555149,511407,77174,67020,105667,100767,24482,48,48
2021-08-16T23:59:59+02:00,3118,2900,32890,31718,49199,43827,50924,49519,61788,61983,72215,72691,53024,58583,36850,47559,11535,21938,1789,1659,23862,23073,42487,37597,46453,44916,57652,57797,68654,69265,51250,56552,35794,46175,11158,21167,554918,505049,77171,66987,105663,100753,24463,48,48
2021-08-15T23:59:59+02:00,3110,2888,32875,31701,49185,43820,50914,49508,61771,61966,72200,72679,53020,58574,36847,47559,11535,21938,1505,1402,21436,20622,41730,37055,46085,44541,57320,57496,68367,69008,51136,56448,35757,46119,11155,21157,554778,496304,77170,66807,105653,100737,24443,48,48
2021-08-14T23:59:59+02:00,3110,2887,32870,31698,49179,43819,50911,49506,61766,61963,72196,72671,53020,58574,36846,47559,11535,21938,1503,1394,21409,20595,41691,37023,46068,44526,57305,57484,68354,68997,51134,56445,35756,46118,11155,21156,554767,496109,77169,66806,105653,100737,24413,48,48
2021-08-13T23:59:59+02:00,3096,2870,32827,31669,49155,43806,50889,49489,61733,61932,72174,72651,53014,58567,36843,47554,11534,21935,1478,1369,21289,20508,41602,36924,46004,44473,57256,57444,68313,68964,51117,56433,35747,46109,11154,21154,554610,495509,77168,66803,105652,100716,24262,48,48
2021-08-12T23:59:59+02:00,3078,2840,32780,31620,49123,43764,50851,49459,61678,61905,72138,72616,52999,58549,36826,47545,11533,21932,1394,1309,20816,20195,40648,36108,45635,44143,57036,57264,68137,68800,51044,56350,35717,46065,11150,21147,554203,491266,77164,66799,105649,100671,24174,48,48
2021-08-11T23:59:59+02:00,3036,2809,32724,31575,49090,43732,50826,49435,61650,61874,72110,72588,52977,58524,36814,47536,11532,21925,1170,1129,19921,19309,39320,34920,45031,43564,56673,56936,67843,68526,50922,56214,35679,46006,11148,21134,553792,483843,77158,66794,105649,100648,24112,48,48
2021-08-10T23:59:59+02:00,3020,2790,32671,31528,49059,43699,50794,49402,61630,61833,72072,72543,52955,58509,36803,47513,11531,21920,924,885,18892,18344,37222,33055,44144,42688,56218,56537,67454,68180,50772,56061,35618,45910,11143,21114,553327,473600,77157,66791,105648,100628,24094,48,48
2021-08-09T23:59:59+02:00,3005,2783,32641,31504,49031,43679,50766,49383,61610,61816,72052,72522,52945,58500,36798,47503,11529,21919,494,474,17469,16932,34244,30637,43476,42055,55809,56174,67120,67852,50630,55912,35568,45861,11138,21096,553074,461423,77155,66786,105643,100616,24068,48,48
2021-08-08T23:59:59+02:00,3002,2783,32628,31490,49019,43672,50761,49377,61599,61808,72048,72521,52944,58497,36798,47500,11529,21918,491,471,17442,16902,34221,30622,43439,42025,55795,56161,67111,67847,50625,55907,35567,45858,11137,21095,553010,461238,77155,66780,105630,100597,24053,48,48
2021-08-07T23:59:59+02:00,3001,2778,32620,31479,49017,43664,50755,49375,61596,61805,72041,72519,52943,58495,36797,47500,11529,21918,488,467,17410,16867,34197,30603,43403,41994,55773,56143,67100,67840,50620,55905,35565,45858,11137,21094,552960,461001,77155,66777,105629,100596,24042,48,48
2021-08-06T23:59:59+02:00,2912,2686,32270,31251,48754,43470,50496,49145,61308,61601,71766,72352,52811,58392,36743,47447,11526,21909,480,465,17199,16723,33483,30119,42931,41625,55429,55915,66791,67662,50490,55811,35516,45821,11134,21087,552885,459317,76045,66485,105625,100593,22238,48,48
2021-08-05T23:59:59+02:00,2866,2647,32110,31131,48662,43381,50418,49089,61254,61556,71714,72311,52785,58373,36734,47429,11524,21907,452,432,16966,16471,31624,28686,41886,40671,55154,55569,66578,67489,50426,55734,35493,45782,11127,21078,552003,452506,76042,66410,105615,100469,22185,48,48
2021-08-04T23:59:59+02:00,2791,2571,31850,30939,48480,43244,50274,48982,61175,61479,71650,72253,52755,58333,36721,47414,11521,21902,426,409,16687,16224,31280,28461,40702,39597,54766,55237,66400,67337,50364,55652,35463,45754,11124,21071,550703,448185,76040,66390,105613,100396,21936,44,47
2021-08-03T23:59:59+02:00,2604,2390,31337,30473,48228,42998,50098,48790,61015,61308,71503,72106,52701,58261,36699,47385,11511,21888,376,345,16247,15778,30690,27932,38969,37976,54077,54591,66065,67024,50269,55523,35416,45702,11119,21061,547757,440506,76038,66382,105610,100377,21848,44,47
2021-08-02T23:59:59+02:00,2493,2295,31020,30186,48026,42816,49945,48662,60908,61202,71415,72023,52668,58229,36677,47366,11510,21885,334,312,15943,15506,30352,27576,36831,36152,53518,54076,65858,66849,50196,55437,35394,45674,11117,21057,545816,433661,76035,66377,105604,100269,21830,43,45
2021-08-01T23:59:59+02:00,2489,2291,31008,30177,48008,42803,49931,48653,60896,61192,71404,72017,52663,58220,36673,47366,11510,21885,321,302,15817,15381,30214,27460,34528,34299,53221,53822,65765,66780,50155,55396,35388,45655,11116,21055,545751,428210,76031,66372,105557,100243,21806,43,44
2021-07-31T23:59:59+02:00,2489,2291,31003,30173,48005,42801,49929,48652,60895,61192,71404,72015,52660,58218,36673,47366,11510,21884,320,302,15802,15368,30179,27432,34515,34290,53203,53814,65752,66775,50151,55392,35388,45654,11115,21054,545731,428051,76031,66371,105556,100239,21801,43,44
2021-07-30T23:59:59+02:00,2475,2286,30955,30126,47973,42780,49905,48628,60861,61162,71368,71997,52651,58207,36673,47366,11510,21882,318,297,15640,15064,29913,27119,34332,34043,53002,53520,65587,66572,50105,55346,35378,45642,11115,21052,545555,427680,76025,66360,105553,98330,21631,43,44
2021-07-29T23:59:59+02:00,2443,2266,30797,30030,47888,42719,49853,48563,60799,61120,71321,71951,52631,58188,36665,47350,11507,21877,294,275,15322,14781,29600,26896,33043,33095,52216,52907,65231,66305,50006,55253,35335,45585,11110,21044,544880,424963,76018,63618,105542,98186,21487,43,44
2021-07-28T23:59:59+02:00,2396,2227,30644,29920,47803,42651,49778,48488,60725,61041,71254,71895,52608,58151,36646,47332,11506,21872,263,255,14916,14403,29158,26580,32672,32763,51506,52292,64837,65978,49911,55150,35300,45528,11094,21025,543926,420799,76014,63563,105534,97803,21422,43,44
2021-07-27T23:59:59+02:00,2318,2154,30404,29653,47652,42474,49635,48351,60613,60917,71154,71807,52549,58090,36618,47293,11499,21864,187,165,14272,13748,28390,25952,31924,32111,50253,51196,64104,65411,49723,54942,35232,45414,11087,21006,542098,412460,76004,63536,105529,97704,21373,43,44
2021-07-26T23:59:59+02:00,2257,2099,30201,29421,47534,42345,49560,48267,60548,60853,71102,71761,52523,58058,36606,47280,11497,21855,150,138,13909,13373,28030,25662,31308,31698,48693,49822,63126,64583,49518,54737,35165,45333,11077,20993,540863,404734,76001,63529,105525,97671,21337,43,44
2021-07-25T23:59:59+02:00,2011,1897,29382,28746,47140,42028,49272,47981,60314,60627,70918,71603,52466,57983,36579,47238,11496,21847,147,136,13813,13312,27932,25596,31224,31629,48572,49758,63038,64531,49495,54718,35158,45324,11077,20992,536675,404087,76001,63521,105518,97507,21293,43,44
2021-07-24T23:59:59+02:00,1930,1829,29126,28516,46991,41921,49153,47880,60156,60509,70789,71523,52417,57953,36561,47217,11494,21847,146,130,13679,13194,27732,25460,31062,31499,48358,49589,62874,64437,49451,54687,35143,45306,11075,20990,535977,403465,75998,63519,105517,97505,20279,43,44
2021-07-23T23:59:59+02:00,1815,1709,28796,28192,46747,41764,48898,47667,59904,60321,70586,71395,52341,57882,36542,47181,11490,21838,136,122,13426,12961,27302,25142,30678,31189,47753,49098,62544,64197,49366,54621,35121,45263,11070,20981,534975,401035,75622,63465,105506,97502,18924,43,44
2021-07-22T23:59:59+02:00,1803,1702,28714,28112,46607,41623,48682,47453,59726,60177,70466,71266,52298,57845,36526,47164,11490,21838,118,117,13196,12695,26961,24808,30323,30868,45824,47535,61737,63496,49270,54519,35083,45220,11067,20971,534655,394317,74473,63313,105463,97274,18860,43,44
2021-07-21T23:59:59+02:00,1769,1660,28450,27904,46219,41285,48090,46897,59142,59697,70009,70876,52127,57686,36469,47106,11481,21825,103,107,12770,12241,26375,24265,29747,30300,42085,44288,60249,62222,49101,54338,35019,45137,11057,20944,534096,382645,71204,62789,105309,96828,18042,43,44
2021-07-20T23:59:59+02:00,1746,1645,28330,27767,46154,41226,48041,46858,59086,59649,69955,70830,52093,57659,36452,47081,11476,21818,87,80,12271,11706,25637,23573,29091,29548,38629,41295,58702,60755,48897,54116,34938,45045,11039,20924,533405,372227,71182,59409,105291,96706,17947,43,44
2021-07-19T23:59:59+02:00,1741,1644,28302,27727,46131,41214,48026,46846,59073,59633,69943,70828,52091,57655,36452,47077,11474,21818,86,78,12222,11674,25570,23538,29055,29512,38583,41262,58661,60728,48893,54108,34937,45042,11036,20923,533258,371900,71181,59392,105274,96651,17921,43,44
2021-07-18T23:59:59+02:00,1737,1637,28277,27702,46106,41204,48014,46836,59066,59624,69936,70820,52089,57654,36451,47076,11474,21817,86,77,12159,11648,25485,23495,28995,29478,38522,41235,58600,60686,48891,54101,34934,45041,11036,20923,533135,371556,71179,59361,105265,96531,17900,43,44
2021-07-17T23:59:59+02:00,1737,1635,28255,27688,46093,41193,48001,46831,59058,59619,69928,70816,52085,57650,36450,47076,11474,21817,84,75,12131,11634,25450,23460,28959,29458,38499,41218,58563,60662,48881,54093,34932,45041,11036,20923,533055,371303,71178,59355,105262,96527,17870,43,44
2021-07-16T23:59:59+02:00,1722,1614,27989,27495,45803,41026,47769,46661,58757,59416,69695,70675,51978,57579,36406,47039,11469,21815,84,72,11880,11439,25114,23217,28651,29228,38098,40943,58053,60239,48744,53979,34879,44991,11030,20919,532738,370091,71177,59352,105129,96250,15823,43,44
2021-07-15T23:59:59+02:00,1624,1500,27525,27110,45541,40791,47620,46547,58616,59303,69591,70588,51937,57536,36391,47016,11468,21808,76,65,11578,11209,24630,22875,28282,28958,37704,40663,56001,58191,48573,53777,34820,44907,11022,20908,530407,363133,71175,59257,105121,96037,15768,43,44
2021-07-14T23:59:59+02:00,1457,1368,26958,26572,45235,40500,47415,46361,58432,59106,69431,70442,51875,57478,36366,46986,11462,21803,70,57,11384,11015,24221,22519,27928,28639,37180,40260,54780,57008,48434,53625,34770,44843,11014,20886,527233,359411,71169,57586,105102,95890,15702,43,44
2021-07-13T23:59:59+02:00,1170,1063,26007,25678,44743,40089,47057,46041,58109,58821,69158,70196,51764,57352,36323,46931,11458,21788,58,42,11040,10672,23690,21966,27304,28049,35797,39070,50641,53097,48069,53238,34639,44692,10997,20857,521851,350117,71162,52376,105099,95786,15595,43,44
2021-07-12T23:59:59+02:00,707,666,24631,24427,44184,39604,46857,45826,57896,58628,68975,70027,51702,57261,36306,46905,11456,21780,50,39,10803,10561,23484,21826,27051,27913,35546,38899,50197,52673,47994,53152,34608,44656,10997,20851,515974,348641,71161,52345,105093,94700,15570,42,44
2021-07-11T23:59:59+02:00,704,661,24611,24406,44153,39582,46839,45813,57882,58615,68961,70024,51700,57258,36303,46901,11455,21780,48,39,10706,10470,23263,21698,26782,27811,35235,38818,49481,52186,46507,51563,34518,44547,10997,20849,515885,348119,71157,52296,105077,89570,15489,42,44
2021-07-10T23:59:59+02:00,702,656,24604,24397,44148,39573,46836,45809,57876,58613,68961,70023,51700,57258,36303,46901,11455,21780,45,38,10693,10458,23241,21677,26768,27799,35213,38813,49467,52181,46492,51547,34516,44546,10997,20849,515845,348008,71155,52295,105076,89514,15479,42,44
2021-07-09T23:59:59+02:00,695,646,24153,23941,43872,39335,46769,45749,57815,58571,68910,69998,51683,57245,36300,46893,11454,21779,45,38,10611,10285,23145,21487,26706,27590,35144,38596,49401,52077,46470,51522,34512,44543,10997,20848,514092,346768,71150,52281,105069,89467,15457,42,44
2021-07-08T23:59:59+02:00,629,580,23069,22941,43077,38737,46519,45548,57608,58428,68713,69859,51605,57179,36272,46870,11452,21771,40,33,10354,10092,22768,21227,26308,27324,34664,38281,48792,51554,46132,51155,34442,44465,10990,20826,509429,343171,71123,52129,105011,88849,15254,42,44
2021-07-07T23:59:59+02:00,576,534,21747,21554,42337,38052,46294,45325,57368,58236,68547,69698,51521,57096,36234,46816,11444,21757,34,29,9981,9782,21896,20633,25195,26531,32826,36912,47871,50665,45632,50617,34335,44325,10982,20808,504050,338226,70950,47753,104990,87926,15106,42,43
2021-07-06T23:59:59+02:00,519,471,20515,20278,41487,37409,45815,44972,56972,57930,68219,69441,51422,56970,36190,46764,11436,21749,26,24,9587,9402,21028,20037,24229,25873,31340,35715,46668,49461,44850,49832,34199,44148,10969,20788,499578,330874,69016,45652,104970,86652,14955,42,43
2021-07-05T23:59:59+02:00,483,443,19101,18905,40620,36610,45596,44745,56788,57727,68058,69314,51366,56914,36169,46735,11434,21742,24,20,9293,9145,20470,19648,23559,25450,30700,35283,45908,48843,44094,49041,34069,43959,10960,20776,493858,325075,69012,45629,104962,85616,14879,41,43
2021-07-04T23:59:59+02:00,476,437,17310,16904,40281,36384,45508,44670,56702,57658,67977,69245,51333,56887,36159,46714,11432,21740,24,20,9231,9090,20329,19585,23386,25372,30437,35205,45111,48713,42727,47688,33990,43885,10958,20770,489035,324607,68986,45584,104946,81477,14810,41,43
2021-07-03T23:59:59+02:00,476,435,17288,16871,40231,36337,45489,44653,56697,57653,67969,69238,51331,56884,36159,46714,11432,21739,23,20,9186,9046,20260,19515,23323,25306,30354,35125,44890,48537,42658,47612,33945,43826,10955,20770,488836,323639,68984,45583,104945,81295,14791,41,43
2021-07-02T23:59:59+02:00,456,412,17171,16760,39766,35953,45373,44554,56643,57612,67920,69207,51319,56879,36153,46702,11432,21738,23,18,9023,8872,19935,19232,22931,24928,29936,34709,44262,47891,42454,47380,33846,43690,10949,20766,487324,320623,68966,44548,104943,80855,14777,41,42
2021-07-01T23:59:59+02:00,404,372,16863,16478,38034,34620,44799,44053,56380,57403,67745,69038,51240,56788,36125,46664,11429,21730,18,13,8646,8475,19071,18520,21961,24071,28548,33513,41227,44915,41456,46292,33231,42962,10932,20737,481843,313103,68890,39666,104921,77306,14471,41,42
2021-06-30T23:59:59+02:00,356,327,16575,16231,35851,32798,44177,43423,56153,57208,67542,68846,51159,56696,36096,46610,11425,21714,17,12,8283,8140,18395,17892,21071,23239,27265,32245,36577,40039,40377,45144,32570,42173,10911,20710,475009,302587,68844,33632,104901,74406,14393,41,42
2021-06-29T23:59:59+02:00,316,290,16349,16028,34858,31717,43723,42978,55972,57045,67371,68697,51082,56623,36057,46566,11417,21707,15,9,7699,7531,17264,16964,19814,22022,25563,30563,33828,36907,37526,42090,31825,41279,10887,20671,470804,286356,68836,33584,104887,68247,14229,41,41
2021-06-28T23:59:59+02:00,307,268,16200,15867,33147,30312,43402,42684,55805,56904,67254,68590,51036,56571,36039,46545,11414,21695,14,7,7394,7270,16705,16588,19421,21705,25053,30175,33237,36404,36148,40597,31037,40345,10883,20660,466395,283304,68811,33532,104866,62838,13928,41,41
2021-06-27T23:59:59+02:00,307,268,16179,15841,32993,30223,43336,42657,55767,56894,67226,68582,51032,56567,36036,46544,11414,21694,13,7,7350,7240,16564,16519,19255,21642,24851,30101,33007,36263,34889,39322,29406,38421,10882,20659,466074,283130,68807,33492,104860,55949,13779,41,41
2021-06-26T23:59:59+02:00,305,266,16155,15812,32969,30207,43290,42613,55742,56877,67220,68579,51031,56566,36034,46543,11414,21694,12,7,7345,7227,16544,16507,19238,21631,24819,30078,32987,36241,34875,39308,29404,38418,10882,20659,465835,282927,68804,33492,104860,55944,13778,41,41
2021-06-25T23:59:59+02:00,298,264,16094,15760,32849,30104,43095,42451,55685,56831,67178,68555,51021,56555,36030,46542,11414,21694,12,7,7156,6949,16258,15998,18967,20973,24449,29145,32598,35517,34713,39090,29381,38387,10882,20659,464982,280231,68799,33481,104843,53632,13756,41,41
2021-06-24T23:59:59+02:00,277,251,15820,15553,32386,29813,41623,41210,55219,56475,66944,68395,50966,56499,36014,46514,11409,21683,11,7,6834,6714,15552,15549,17513,19951,22363,27584,31492,34619,34306,38661,29257,38205,10870,20643,460409,270497,68794,33429,104839,53196,12969,41,40
2021-06-23T23:59:59+02:00,262,234,15536,15254,31881,29410,39524,39386,54676,55932,66694,68175,50877,56390,35974,46468,11404,21670,10,5,6626,6548,15192,15272,16986,19502,21475,26782,29788,33251,33547,37803,29066,37964,10863,20628,453340,262659,68741,33337,104834,52480,12792,41,40
2021-06-22T23:59:59+02:00,240,199,15155,14860,31217,28776,36091,36339,53765,55128,66391,67869,50771,56268,35935,46411,11400,21656,7,4,6444,6334,14790,14942,16183,18779,20056,25468,28181,31592,32743,36823,28525,37355,10845,20596,442412,252530,68707,33250,104827,51362,12485,41,40
2021-06-21T23:59:59+02:00,225,193,14912,14682,30534,28313,33931,34373,53300,54701,66212,67751,50690,56194,35910,46389,11395,21651,7,4,6347,6250,14629,14821,16010,18641,19933,25354,28067,31502,32587,36683,27314,36116,10845,20593,435583,251832,68685,33201,104801,48383,12247,41,40
2021-06-20T23:59:59+02:00,218,192,14786,14591,28633,26975,33320,33924,53211,54605,66143,67714,50667,56166,35902,46385,11394,21649,7,4,5891,5950,13685,14181,15175,18047,19376,24997,27749,31299,32420,36498,27287,36085,10843,20589,431200,246809,68680,33166,104798,48310,11758,40,40
2021-06-19T23:59:59+02:00,212,187,14761,14557,28515,26889,33290,33897,53189,54589,66127,67703,50661,56157,35900,46380,11393,21647,7,4,5678,5791,13123,13776,14569,17566,19046,24794,27554,31128,32341,36398,27270,36071,10843,20589,430786,243287,68678,33161,104798,48307,11753,40,40
2021-06-18T23:59:59+02:00,210,179,14671,14472,28406,26818,32038,32994,52822,54282,65993,67609,50630,56123,35882,46354,11389,21643,7,4,5611,5713,13022,13690,14403,17439,18809,24564,26733,30461,32134,36161,27204,35995,10839,20582,430276,240333,65712,33046,104787,48251,11701,40,40
2021-06-17T23:59:59+02:00,196,163,14291,14206,27817,26564,31548,32733,52034,53716,65568,67343,50549,56022,35848,46313,11383,21630,6,4,5229,5455,12238,13213,13611,16827,17720,23635,24574,28496,31489,35424,27005,35718,10822,20567,427066,231305,65704,32768,104763,47567,10353,39,40
2021-06-16T23:59:59+02:00,167,135,13860,13797,27355,26205,31104,32377,51223,53013,65112,66953,50430,55902,35819,46256,11372,21618,6,4,4864,5016,11522,12543,12817,16130,16616,22509,21600,25627,30418,34215,26708,35315,10807,20527,422196,217246,65658,32736,104755,47171,10051,39,40
2021-06-15T23:59:59+02:00,105,82,13226,13172,26608,25629,30325,31783,49970,51947,64401,66428,50252,55704,35752,46145,11363,21599,6,4,4366,4388,10556,11604,11661,14750,14885,20807,18168,22318,29043,32775,26320,34793,10782,20483,414490,198610,65636,32619,104749,46862,9578,39,40
2021-06-14T23:59:59+02:00,75,61,12820,12796,26197,25305,29660,31316,48176,50477,63350,65595,50036,55478,35675,46069,11355,21587,6,4,4265,4332,10379,11472,11517,14617,14706,20684,17971,22157,28969,32694,26302,34765,10778,20480,406613,198161,65626,32348,104749,46547,9002,39,40
2021-06-13T23:59:59+02:00,74,60,12775,12751,26124,25268,29597,31290,48120,50451,63315,65571,50031,55475,35673,46065,11354,21584,6,4,4109,4253,10052,11340,11193,14506,14405,20570,17569,21812,27453,31049,26161,34570,10774,20469,406404,197404,65550,27669,104742,46338,8844,39,40
2021-06-12T23:59:59+02:00,74,59,12757,12734,26109,25257,29585,31277,48060,50380,63272,65536,50030,55472,35673,46065,11354,21584,6,4,4106,4245,10037,11323,11184,14491,14386,20553,17547,21803,27412,31004,26156,34565,10774,20469,406107,197217,65549,27667,104740,46297,8844,39,40
2021-06-11T23:59:59+02:00,72,56,12657,12607,25982,25142,29460,31150,47821,50154,63140,65417,50006,55446,35662,46054,11352,21582,6,4,4013,3974,9519,10132,10756,13581,14097,19994,17275,21325,27003,30578,26064,34483,10771,20467,404830,196166,65539,27661,104699,41521,8654,39,40
2021-06-10T23:59:59+02:00,64,49,12415,12386,25657,24856,29111,30881,46746,49138,62405,64847,49921,55350,35628,46002,11342,21569,6,3,3743,3604,8749,8888,9863,11937,12790,17227,15482,17714,25277,28654,25766,34176,10765,20443,399935,190625,65482,27222,104497,28786,8415,39,39
2021-06-09T23:59:59+02:00,50,37,12118,12064,25246,24452,28714,30487,44732,47314,61316,63907,49817,55227,35581,45948,11337,21551,6,3,3492,3479,8322,8633,9351,11616,12273,16833,14769,17112,21437,24329,25538,33874,10753,20417,391951,179018,65353,26873,104495,28247,8061,39,38
2021-06-08T23:59:59+02:00,44,26,11686,11523,24575,23827,28055,29821,41560,44469,59538,62270,49646,55036,35507,45857,11327,21529,6,3,3283,3343,7921,8379,8730,11242,11611,16412,14109,16466,16049,18366,25146,33349,10735,20387,379260,163800,65290,26538,104485,27942,7223,39,34
2021-06-07T23:59:59+02:00,39,19,11521,11327,24223,23550,27770,29611,38933,42538,59108,61907,49612,55005,35495,45836,11325,21523,6,3,3187,3272,7617,8210,8410,11065,11038,15959,13605,15987,15971,18286,25115,33298,10733,20380,373585,163481,64863,24715,104475,27531,6381,39,34
2021-06-06T23:59:59+02:00,36,18,11385,11222,23904,23317,27560,29438,37338,41355,58983,61829,49588,54976,35488,45822,11325,21521,6,3,3087,3220,7342,8119,8143,10895,10295,15274,13004,15366,15818,18174,25101,33275,10731,20380,373180,163359,61488,21546,104464,27361,5935,39,32
2021-06-05T23:59:59+02:00,34,17,11366,11202,23859,23276,27523,29411,37308,41341,58882,61745,49578,54969,35486,45820,11325,21518,6,3,3074,3208,7316,8083,8111,10876,10262,15258,12957,15343,15696,18009,25096,33267,10730,20379,372834,162913,61485,21545,104464,27345,5839,39,32
2021-06-04T23:59:59+02:00,34,15,11184,10943,23498,22807,27244,29015,36878,40892,58261,61205,49544,54928,35477,45802,11323,21512,6,2,3049,3193,7288,8063,8087,10856,10231,15234,12923,15310,15483,17800,25085,33246,10728,20378,371027,162322,59216,21532,104450,27247,5831,39,30
2021-06-03T23:59:59+02:00,32,14,10964,10724,23032,22415,26816,28680,35777,40063,55498,58856,49414,54767,35434,45738,11318,21497,5,2,2957,3114,7079,7908,7630,10557,9198,14598,11670,14603,14297,16327,24905,33029,10716,20359,367066,158952,54293,17793,104399,26935,5245,37,29
2021-06-02T23:59:59+02:00,32,14,10925,10686,22995,22380,26782,28652,35740,40022,55369,58698,49401,54740,35427,45731,11318,21496,5,2,2914,3083,7022,7885,7567,10519,9037,14556,11442,14538,12936,14837,24787,32856,10712,20352,366466,155109,54287,17782,104398,26909,5221,37,29
2021-06-01T23:59:59+02:00,19,7,10506,10338,22337,21870,26096,28073,35017,39440,52366,55550,49012,54332,35308,45568,11302,21470,5,2,2458,2726,5669,7201,6294,9944,7636,13884,10304,13575,8616,9265,24307,32173,10689,20298,355701,136885,54104,17412,104379,26329,4391,37,29
2021-05-31T23:59:59+02:00,18,6,10226,10109,21761,21473,25688,27823,34694,39237,50913,54149,48913,54208,35274,45527,11295,21462,5,2,2349,2608,5379,6955,6030,9721,7270,13645,10046,13414,8564,9203,24281,32124,10681,20285,350957,136105,54057,17292,104353,25763,3373,37,29
2021-05-30T23:59:59+02:00,17,6,10169,10059,21666,21432,25623,27788,34582,39167,50547,53808,48888,54183,35268,45521,11293,21459,5,2,2311,2578,5272,6875,5930,9652,7082,13557,9820,13317,8517,9152,24265,32117,10680,20280,349767,135506,54035,17117,104336,25458,3302,37,29
2021-05-29T23:59:59+02:00,16,6,10155,10047,21632,21412,25606,27775,34561,39154,50534,53790,48884,54179,35265,45520,11293,21459,5,2,2290,2528,5229,6747,5869,9519,6965,13359,9681,13095,8446,9060,24198,32050,10679,20279,349609,135223,54035,17064,104315,24392,3293,37,29
2021-05-28T23:59:59+02:00,16,6,10094,9977,21556,21300,25524,27654,34483,39054,50455,53691,48861,54161,35256,45512,11293,21455,5,2,2208,2260,4616,6212,5243,8799,6598,12396,9185,12100,8267,8861,23826,31568,10678,20276,348749,133712,54022,16967,104256,19107,3286,36,28
2021-05-27T23:59:59+02:00,15,6,9824,9729,21028,20923,24979,27292,33958,38675,49841,53080,48689,53970,35186,45438,11289,21435,3,2,1965,1992,4042,5694,4566,8195,6086,11624,8236,10772,7760,8200,22259,29413,10662,20254,344457,128034,53609,15835,104152,14724,3104,36,28
2021-05-26T23:59:59+02:00,15,6,9545,9481,20310,20358,24106,26621,32695,37648,49076,52376,48435,53681,35110,45327,11277,21411,3,1,1907,1919,3943,5567,4432,8029,5879,11362,7909,10388,7195,7471,19816,25978,10642,20210,339739,119520,50643,15583,104099,14559,2962,36,27
2021-05-25T23:59:59+02:00,14,6,9280,9245,19895,20001,23667,26227,32182,37130,48182,51398,48137,53363,35023,45186,11265,21382,3,1,1842,1869,3823,5467,4292,7879,5670,11136,7593,10065,6568,6628,15673,20577,10621,20152,334146,107266,50560,15540,104025,14209,2817,36,27
2021-05-24T23:59:59+02:00,14,6,9065,9084,19326,19708,22892,25839,30673,36117,47957,51227,48045,53263,34994,45156,11263,21381,3,1,1816,1851,3775,5436,4226,7836,5603,11076,7516,10008,6541,6602,15659,20568,10621,20152,332556,107140,46771,15526,103964,13914,2684,36,26
2021-05-23T23:59:59+02:00,14,6,8857,8877,18971,19415,22469,25492,30252,35796,47366,50715,47611,52808,34891,45010,11255,21372,3,1,1814,1850,3766,5431,4221,7830,5592,11068,7505,9998,6535,6590,15659,20566,10621,20152,327729,107075,46769,15524,103962,13895,2682,36,26
2021-05-22T23:59:59+02:00,14,6,8825,8839,18920,19371,22422,25461,30199,35765,47258,50644,47592,52785,34888,45001,11252,21372,3,1,1812,1846,3752,5418,4217,7824,5587,11061,7498,9994,6532,6587,15656,20565,10621,20152,327180,107035,46769,15524,103962,13873,2668,36,26
2021-05-21T23:59:59+02:00,13,6,8548,8484,18478,18856,22058,24816,29772,34956,46769,49975,47503,52660,34850,44958,11249,21367,3,1,1747,1806,3675,5380,4172,7788,5554,11014,7455,9944,6502,6561,15577,20468,10620,20151,321963,106715,46738,15523,103938,13510,2644,36,26
2021-05-20T23:59:59+02:00,12,6,7976,7939,17533,18061,21050,23901,28451,33752,45020,48148,47062,52198,34742,44803,11231,21348,3,1,1447,1642,3364,5088,3906,7400,5254,10536,7072,9489,6267,6302,14259,18919,10597,20112,310351,102942,46650,15036,103710,11168,2487,36,25
2021-05-19T23:59:59+02:00,12,6,7710,7626,16929,17458,20147,23023,27218,32490,43223,46058,46531,51641,34591,44582,11210,21316,3,1,1381,1559,3164,4874,3694,7147,5027,10184,6775,9159,5981,5966,12040,16055,10579,20051,299197,96675,46606,14557,103663,10114,2270,36,24
2021-05-18T23:59:59+02:00,11,6,7182,7086,15779,16437,18877,21775,25711,30859,40532,42822,45701,50694,34355,44278,11185,21274,3,1,1358,1534,3103,4801,3618,7026,4892,10052,6594,8947,5715,5689,10330,13872,10555,19997,283410,91519,45403,14504,103553,9876,2164,35,24
2021-05-17T23:59:59+02:00,11,6,7103,7022,15594,16324,18659,21607,25309,30530,38779,41184,45590,50613,34307,44213,11175,21250,3,1,1324,1511,3046,4754,3553,6966,4822,9948,6497,8846,5673,5649,10316,13854,10551,19989,283181,91446,40636,14223,103506,9690,1920,34,24
2021-05-16T23:59:59+02:00,10,5,6988,6969,15471,16235,18528,21499,25127,30415,35794,38416,45554,50578,34285,44189,11172,21245,3,1,1301,1492,3002,4714,3503,6907,4737,9878,6403,8766,5642,5612,10303,13838,10549,19986,282896,91395,34486,13957,103385,9580,1681,33,24
2021-05-15T23:59:59+02:00,10,5,6963,6938,15410,16178,18482,21456,25059,30370,35758,38375,45531,50551,34278,44184,11172,21245,3,1,1288,1465,2970,4643,3484,6838,4718,9797,6380,8715,5636,5608,10298,13837,10549,19986,282409,91337,34485,13952,103371,9235,1668,33,24
2021-05-14T23:59:59+02:00,10,4,6790,6566,15060,15682,18168,21037,24721,29909,35511,38025,45502,50519,34268,44179,11172,21243,3,1,1228,1404,2889,4540,3431,6736,4653,9645,6297,8585,5607,5563,10285,13827,10549,19985,281336,91246,34334,13931,101063,8427,1601,33,23
2021-05-13T23:59:59+02:00,10,4,6434,6239,14304,15099,17456,20402,23860,29168,34741,37353,45215,50175,34189,44056,11168,21232,3,1,1057,1318,2693,4426,3314,6613,4511,9472,6172,8436,5564,5524,10267,13809,10545,19980,274917,91081,34002,13850,100846,7443,1310,31,21
2021-05-12T23:59:59+02:00,10,4,6037,5968,13332,14431,16439,19597,23192,28730,34434,37069,45034,49979,34158,44025,11165,21229,3,1,1053,1316,2686,4418,3296,6608,4506,9462,6163,8431,5556,5517,10264,13804,10543,19979,268677,91016,33990,13838,100842,7438,1294,31,20
2021-05-11T23:59:59+02:00,10,4,5659,5743,12741,13978,14641,18156,20235,26205,32118,34740,43978,48719,33832,43553,11136,21179,3,0,991,1241,2568,4243,3186,6368,4388,9173,6046,8204,5483,5436,10222,13742,10535,19961,251380,90537,33710,13616,100395,6506,1112,31,19
2021-05-10T23:59:59+02:00,10,4,5510,5643,12470,13851,14286,17931,19429,25635,30741,33717,43448,48104,33774,43464,11128,21160,3,0,948,1182,2469,4080,3092,6168,4262,8909,5922,8005,5444,5403,10210,13725,10531,19952,245894,90423,33497,13555,100085,5510,798,31,19
2021-05-09T23:59:59+02:00,10,4,5107,5405,11287,13321,13285,17569,18398,25302,30196,33427,43392,48031,33748,43450,11125,21152,3,0,923,1150,2370,3973,3002,6030,4130,8732,5828,7901,5435,5389,10203,13720,10526,19948,240574,90375,33422,13513,99743,4918,439,31,18
2021-05-08T23:59:59+02:00,10,4,5095,5397,11265,13301,13260,17549,18368,25268,30155,33383,43384,48019,33747,43446,11125,21152,3,0,919,1143,2357,3966,2997,6030,4126,8726,5825,7898,5432,5386,10200,13715,10526,19948,240303,90349,33420,13513,99740,4883,434,31,18
2021-05-07T23:59:59+02:00,10,4,4994,5312,11037,13133,12971,17327,17761,24667,29205,32490,43190,47778,33691,43374,11121,21146,3,0,889,1112,2323,3911,2952,5980,4073,8672,5741,7845,5384,5338,10187,13706,10526,19947,237793,90212,31533,13509,99632,4627,223,30,18
2021-05-06T23:59:59+02:00,10,4,4579,5027,10368,12715,12211,16660,16163,23221,26658,30095,42489,47030,33524,43137,11105,21125,3,0,830,1055,2189,3663,2784,5670,3878,8198,5543,7523,5332,5284,10164,13678,10524,19941,229021,90027,28189,13195,98815,2953,66,30,18
2021-05-05T23:59:59+02:00,10,4,4271,4796,9765,12268,11490,16074,15062,22192,23805,27334,41507,45923,33241,42751,11087,21083,3,0,814,1031,2126,3539,2726,5514,3785,7987,5447,7387,5281,5229,10126,13637,10522,19938,215982,89756,28003,13057,98592,2205,56,30,18
2021-05-04T23:59:59+02:00,10,4,3923,4344,9100,11576,10716,15234,13758,20941,20202,23926,40158,44460,32867,42228,11064,21044,3,0,796,1000,2057,3422,2655,5378,3692,7834,5350,7263,5242,5183,10095,13608,10520,19935,198928,89528,27985,12758,98564,1680,49,29,18
2021-05-03T23:59:59+02:00,10,4,3680,3925,8692,11082,10234,14609,13221,20286,19477,23276,39890,44207,32788,42124,11061,21029,3,0,782,970,1989,3319,2596,5270,3631,7719,5298,7176,5226,5170,10079,13590,10517,19929,193062,89379,27973,12747,98499,1088,32,29,18
2021-05-02T23:59:59+02:00,10,4,3678,3923,8671,11073,10224,14599,13199,20274,19459,23264,39886,44204,32787,42123,11060,21029,3,0,778,952,1958,3238,2549,5174,3584,7594,5278,7111,5222,5166,10078,13586,10517,19927,192962,89359,27960,12715,98490,598,26,29,17
2021-05-01T23:59:59+02:00,10,4,3675,3916,8658,11059,10215,14588,13191,20271,19445,23256,39886,44201,32786,42123,11060,21029,3,0,776,952,1956,3238,2548,5174,3584,7594,5278,7111,5222,5166,10078,13586,10516,19927,192871,89357,27958,12712,98490,598,25,29,17
2021-04-30T23:59:59+02:00,10,3,3652,3891,8614,11024,10171,14548,13129,20231,19343,23103,39617,43877,32765,42102,11059,21029,3,0,771,946,1940,3230,2547,5166,3580,7587,5276,7104,5219,5163,10074,13585,10516,19927,191943,89329,27688,12709,98484,556,24,29,16
2021-04-29T23:59:59+02:00,10,3,3384,3716,8178,10754,9622,14262,12629,19866,18605,22372,36552,40425,32502,41736,11048,20993,3,0,758,932,1890,3169,2497,5100,3514,7446,5185,7004,5178,5128,10051,13542,10514,19921,186376,89120,21856,12553,98376,123,21,28,15
2021-04-28T23:59:59+02:00,10,3,3217,3650,7910,10644,9226,14088,12248,19631,18120,21937,32765,36108,32284,41435,11035,20971,3,0,741,915,1863,3129,2452,5051,3476,7389,5119,6940,5112,5066,9999,13483,10511,19911,175205,88904,21703,12111,98330,115,16,28,14
2021-04-27T23:59:59+02:00,9,3,3137,3584,7647,10515,8873,13914,11762,19406,17638,21445,27193,29914,31908,40929,11014,20938,3,0,731,901,1831,3093,2415,5005,3422,7330,5064,6864,5062,4996,9963,13430,10507,19902,159840,88690,21681,11688,98264,112,16,28,13
2021-04-26T23:59:59+02:00,9,3,3080,3547,7503,10450,8705,13853,11532,19340,17112,21057,27156,29880,31894,40914,11014,20938,3,0,708,869,1760,3034,2347,4949,3354,7237,4966,6758,4962,4921,9884,13346,10505,19899,159250,88554,21463,10809,97231,111,16,27,12
2021-04-25T23:59:59+02:00,9,3,3043,3530,7343,10399,8468,13803,11199,19296,16279,20588,25602,28215,31840,40850,11014,20935,3,0,708,868,1754,3029,2339,4946,3348,7229,4962,6748,4958,4916,9876,13335,10505,19899,158763,88530,21454,10771,92156,95,16,27,11
2021-04-24T23:59:59+02:00,9,3,3039,3523,7328,10384,8456,13794,11184,19286,16256,20570,25556,28152,31837,40844,11013,20934,3,0,708,868,1754,3028,2339,4946,3346,7229,4962,6748,4958,4914,9874,13334,10505,19899,158547,88522,21450,10771,92128,95,16,27,11
2021-04-23T23:59:59+02:00,9,3,3021,3505,7287,10340,8409,13753,11116,19226,16194,20505,25133,27648,31804,40788,11010,20931,3,0,698,860,1736,3019,2323,4916,3294,7190,4862,6650,4818,4791,9702,13135,10499,19884,157353,88227,21313,10033,91973,94,16,27,10
2021-04-22T23:59:59+02:00,8,3,2940,3426,7094,10154,7870,13346,9903,18428,14638,19454,23114,25215,31591,40520,10991,20901,3,0,633,810,1623,2905,2196,4749,3134,7017,4677,6449,4661,4617,9189,12477,10462,19805,152533,86305,16013,9001,91010,75,16,24,10
2021-04-21T23:59:59+02:00,8,3,2888,3378,6969,10066,7658,13190,9534,18187,14166,19006,20596,22074,31289,40131,10972,20875,3,0,583,785,1544,2826,2109,4657,3007,6874,4514,6284,4476,4437,8617,11709,10416,19712,145513,84498,15238,7962,90199,67,16,24,10
2021-04-20T23:59:59+02:00,8,3,2848,3339,6862,9976,7519,13077,9282,17967,13673,18613,17202,18008,30974,39655,10955,20840,3,0,553,749,1471,2762,2022,4577,2904,6752,4379,6122,4287,4241,7747,10489,10346,19561,136646,81554,14992,7325,89123,62,16,24,8
2021-04-19T23:59:59+02:00,8,3,2833,3330,6814,9935,7466,13040,9206,17894,13534,18495,16864,17625,30940,39619,10953,20835,3,0,494,709,1348,2666,1922,4479,2769,6594,4181,5931,4032,3940,5886,8040,10127,19155,136316,75658,14796,6537,88242,58,16,24,7
2021-04-18T23:59:59+02:00,8,3,2817,3316,6737,9909,7361,12988,9008,17828,12694,18365,15449,16215,30872,39556,10949,20828,3,0,488,703,1337,2658,1907,4468,2736,6565,4120,5880,3956,3869,5470,7405,10079,19071,136092,74150,14653,6488,84118,54,16,24,7
2021-04-17T23:59:59+02:00,8,3,2806,3311,6718,9886,7330,12967,8976,17789,12661,18345,15397,16165,30819,39486,10948,20828,3,0,488,700,1337,2656,1906,4464,2732,6560,4117,5876,3954,3866,5465,7404,10078,19070,135736,74113,14649,6486,84018,54,16,24,7
2021-04-16T23:59:59+02:00,8,3,2793,3297,6685,9871,7276,12925,8901,17737,12552,18241,15148,15883,30300,38837,10945,20820,3,0,487,697,1332,2652,1897,4460,2726,6554,4109,5867,3948,3860,5448,7375,10076,19068,134201,74011,14641,6473,83341,52,16,23,7
2021-04-15T23:59:59+02:00,8,3,2740,3242,6553,9774,7086,12747,8557,17464,12077,17774,14088,14657,28177,36025,10926,20797,3,0,478,691,1328,2625,1883,4436,2703,6524,4067,5815,3890,3785,5415,7321,10068,19055,128269,73688,14366,6335,80022,42,15,23,7
2021-04-14T23:59:59+02:00,7,1,2684,3190,6458,9679,6939,12587,8284,17196,11643,17314,12906,13271,23457,29943,10905,20741,3,0,474,684,1314,2615,1870,4417,2681,6499,4025,5777,3842,3732,5352,7265,10037,19017,115863,73382,14331,6179,76974,22,15,22,6
2021-04-13T23:59:59+02:00,7,1,2633,3154,6330,9593,6786,12452,8006,16945,11216,16889,10240,10342,20368,25766,10881,20697,3,0,457,660,1267,2571,1818,4354,2574,6399,3843,5614,3630,3547,5200,7126,10028,18994,107407,73032,14136,5014,70726,18,15,22,6
2021-04-12T23:59:59+02:00,7,1,2612,3140,6270,9564,6679,12366,7813,16816,10967,16678,8876,8848,19546,24792,10879,20688,3,0,451,652,1248,2553,1801,4329,2540,6360,3793,5562,3566,3499,5165,7085,10023,18972,107276,72892,14081,4673,65148,16,15,22,6
2021-04-11T23:59:59+02:00,7,1,2584,3129,6172,9538,6563,12329,7648,16765,10764,16573,7601,7571,17814,22813,10877,20684,3,0,450,652,1247,2551,1801,4328,2540,6360,3789,5557,3561,3498,5159,7083,10023,18972,107199,72879,14074,4661,58124,14,14,22,6
2021-04-10T23:59:59+02:00,7,1,2582,3127,6162,9533,6554,12324,7642,16760,10757,16565,7592,7559,17804,22806,10877,20684,3,0,450,648,1244,2547,1800,4325,2538,6356,3785,5556,3552,3484,5151,7068,10023,18972,107112,72815,14074,4654,58115,14,13,22,6
2021-04-09T23:59:59+02:00,7,1,2520,3028,6025,9324,6399,12062,7387,16354,10444,16069,7433,7351,17685,22626,10876,20682,3,0,445,643,1226,2534,1774,4307,2506,6305,3706,5474,3433,3374,5008,6969,10018,18970,106629,72724,14044,3941,55566,12,12,22,6
2021-04-08T23:59:59+02:00,7,1,2441,2957,5929,9204,6295,11932,7215,16169,10188,15881,7235,7090,16419,21165,10866,20651,3,0,437,637,1210,2500,1748,4270,2477,6233,3651,5408,3355,3327,4927,6864,9996,18924,102967,72269,13690,3670,54955,11,11,22,6
2021-04-07T23:59:59+02:00,7,1,2413,2921,5856,9132,6202,11858,7082,16067,9945,15729,6937,6763,14091,18211,10845,20604,3,0,431,635,1199,2487,1735,4246,2463,6193,3583,5349,3282,3273,4868,6802,9987,18894,96790,71981,13529,3422,54314,10,11,20,6
2021-04-06T23:59:59+02:00,7,1,2396,2891,5756,9065,6111,11778,6928,15954,9702,15547,6581,6400,11978,15588,10818,20545,3,0,427,628,1190,2459,1724,4223,2437,6155,3518,5285,3196,3224,4822,6750,9981,18876,91728,71734,13229,3140,53060,10,9,20,5
2021-04-05T23:59:59+02:00,7,1,2388,2880,5736,9048,6100,11759,6911,15934,9682,15519,6455,6300,10700,14290,10817,20544,3,0,423,620,1186,2444,1718,4207,2421,6123,3485,5244,3167,3185,4801,6705,9974,18858,91643,71539,13190,3003,50211,9,8,19,5
2021-04-04T23:59:59+02:00,7,1,2388,2879,5733,9044,6098,11759,6909,15934,9680,15517,6450,6295,10700,14288,10817,20544,3,0,423,619,1186,2443,1718,4207,2420,6123,3485,5244,3166,3185,4798,6705,9973,18856,91633,71530,13187,3002,50198,9,8,17,5
2021-04-03T23:59:59+02:00,7,1,2384,2872,5726,9036,6092,11754,6904,15930,9677,15514,6447,6290,10693,14285,10817,20544,3,0,423,619,1186,2443,1718,4207,2420,6123,3485,5243,3166,3185,4798,6705,9973,18856,91573,71529,13184,3002,50191,9,8,17,5
2021-04-02T23:59:59+02:00,7,1,2382,2870,5721,9029,6089,11751,6899,15929,9672,15511,6443,6283,10678,14256,10816,20543,3,0,420,617,1185,2443,1717,4206,2418,6123,3484,5236,3141,3168,4788,6696,9973,18856,91485,71451,13181,3001,50190,9,8,16,5
2021-04-01T23:59:59+02:00,7,1,2361,2867,5691,8999,6046,11708,6858,15874,9616,15455,6349,6186,10380,13907,10793,20494,3,0,418,601,1182,2437,1710,4195,2402,6106,3457,5215,3073,3117,4725,6619,9895,18738,90493,70874,13158,2998,49918,9,7,16,5
2021-03-31T23:59:59+02:00,7,1,2327,2840,5616,8930,5977,11613,6756,15762,9482,15322,6206,6043,9828,13157,10746,20400,3,0,412,595,1176,2425,1703,4179,2395,6093,3437,5181,3041,3084,4675,6561,9837,18636,88500,70420,12942,2996,49551,9,4,16,4
2021-03-30T23:59:59+02:00,7,1,2307,2822,5569,8871,5914,11537,6682,15663,9385,15177,6017,5827,8913,11809,10668,20217,3,0,410,590,1172,2421,1690,4162,2377,6071,3403,5137,2983,3015,4583,6463,9705,18394,85398,69710,12560,2854,49411,9,3,14,3
2021-03-29T23:59:59+02:00,6,1,2240,2767,5466,8758,5804,11388,6514,15433,9149,14922,5656,5452,6959,9273,10442,19787,3,0,402,587,1161,2410,1676,4150,2351,6044,3373,5081,2913,2947,4460,6357,9497,18054,79271,68737,11752,2714,48978,9,3,13,3
2021-03-28T23:59:59+02:00,6,1,2218,2754,5422,8697,5729,11310,6426,15347,9031,14802,5530,5299,6310,8333,10375,19669,3,0,392,579,1145,2394,1649,4123,2304,5983,3317,4990,2829,2867,4344,6211,9421,17913,76954,68267,11493,2188,48796,5,3,13,1
2021-03-27T23:59:59+01:00,6,1,2217,2747,5413,8691,5725,11295,6411,15325,9020,14789,5502,5272,6299,8330,10375,19667,3,0,392,579,1143,2393,1648,4118,2300,5980,3308,4983,2823,2864,4328,6186,9339,17764,76845,67955,11493,2187,48731,5,3,13,1
2021-03-26T23:59:59+01:00,6,1,2200,2726,5376,8653,5686,11244,6333,15254,8870,14639,5335,5122,6128,8148,10372,19658,3,0,388,571,1135,2380,1632,4089,2272,5944,3274,4929,2762,2800,4139,5926,8619,16565,76497,65270,10653,2149,48587,5,3,11,1
2021-03-25T23:59:59+01:00,6,0,2083,2646,5198,8436,5484,10966,6126,14951,8628,14350,5171,4969,6031,8026,10369,19650,3,0,379,556,1115,2354,1609,4059,2226,5886,3199,4850,2663,2693,3761,5430,7454,14792,76036,61093,9696,1929,47345,4,2,11,1
2021-03-24T23:59:59+01:00,6,0,1999,2598,5047,8275,5322,10772,5960,14712,8421,14119,5030,4810,5916,7908,10363,19639,3,0,375,544,1102,2326,1576,4004,2167,5820,3110,4749,2526,2579,3327,4808,6027,12527,75652,55985,8532,1578,46700,4,2,11,1
2021-03-23T23:59:59+01:00,6,0,1923,2546,4934,8152,5221,10629,5838,14520,8302,13949,4947,4724,5848,7848,10356,19620,3,0,364,518,1082,2291,1543,3946,2123,5730,3028,4657,2437,2485,2874,4163,4071,9238,75256,49118,7778,1429,46316,3,2,11,1
2021-03-22T23:59:59+01:00,6,0,1861,2482,4796,8017,5085,10452,5677,14288,8110,13736,4839,4609,5778,7740,10339,19580,2,0,337,501,1054,2253,1498,3872,2057,5619,2926,4505,2320,2332,2340,3462,1467,4967,74752,40320,6740,1188,45891,1,2,10,1
2021-03-21T23:59:59+01:00,6,0,1859,2476,4785,8004,5070,10441,5661,14270,8080,13711,4817,4594,5761,7727,10334,19579,2,0,336,501,1049,2239,1489,3843,2039,5581,2900,4455,2279,2283,2298,3421,1450,4921,74727,40178,6687,904,45749,1,2,10,1
2021-03-20T23:59:59+01:00,6,0,1859,2476,4783,8003,5069,10439,5660,14269,8072,13705,4815,4591,5753,7718,10334,19579,2,0,336,500,1049,2239,1489,3843,2039,5581,2898,4454,2278,2280,2298,3421,1449,4921,74712,40174,6685,899,45722,1,2,10,1
2021-03-19T23:59:59+01:00,6,0,1805,2232,4275,6722,4662,9456,5390,13709,7850,13302,4688,4491,5682,7651,10333,19579,2,0,335,500,1049,2239,1489,3842,2038,5580,2897,4454,2276,2279,2292,3414,1447,4918,74648,40155,6671,892,40502,1,2,10,1
2021-03-18T23:59:59+01:00,6,0,1749,1978,3859,5664,4133,8079,4574,11168,6489,9966,4318,4189,5475,7427,10312,19540,2,0,334,497,1042,2226,1480,3817,2011,5542,2872,4430,2255,2263,2267,3385,1442,4909,74208,39962,6606,808,28101,1,2,9,1
2021-03-17T23:59:59+01:00,6,0,1743,1969,3847,5637,4116,8049,4550,11102,6438,9891,4278,4142,5431,7381,10304,19512,1,0,331,496,1038,2218,1474,3808,2004,5527,2862,4403,2228,2234,2245,3370,1435,4893,73937,39804,6540,759,27908,1,2,9,1
2021-03-16T23:59:59+01:00,6,0,1718,1936,3787,5554,4045,7943,4423,10940,6230,9693,4053,3952,5288,7222,10297,19488,1,0,328,492,1037,2199,1469,3795,1995,5511,2853,4383,2218,2219,2232,3340,1426,4862,73622,39627,5261,729,27681,1,2,9,1
2021-03-15T23:59:59+01:00,6,0,1708,1915,3763,5517,4019,7905,4372,10871,6150,9607,3966,3885,5231,7160,10288,19461,1,0,325,488,1028,2183,1461,3789,1979,5475,2835,4355,2203,2187,2207,3275,1415,4823,73387,39406,4893,621,27535,1,0,9,1
2021-03-14T23:59:59+01:00,6,0,1702,1905,3755,5507,4014,7888,4363,10840,6141,9584,3958,3874,5225,7152,10287,19459,1,0,325,488,1026,2183,1456,3786,1976,5473,2817,4349,2197,2184,2196,3264,1410,4821,73351,39398,4876,552,27424,1,0,9,1
2021-03-13T23:59:59+01:00,6,0,1698,1899,3740,5483,4007,7877,4343,10829,6126,9568,3955,3871,5222,7149,10287,19459,1,0,325,488,1026,2183,1456,3786,1976,5472,2817,4348,2196,2183,2196,3262,1401,4814,73324,39376,4871,552,27315,1,0,9,1
2021-03-12T23:59:59+01:00,5,0,1660,1841,3232,5337,3491,7760,4209,10704,5900,9276,3785,3724,5078,7035,10261,19410,1,0,320,466,1022,2153,1448,3761,1956,5401,2764,4263,2016,2028,2136,3212,1394,4808,73100,38604,4135,544,25464,0,0,9,1
2021-03-11T23:59:59+01:00,5,0,1554,1702,2850,5076,3051,7502,3928,10290,5267,8383,3555,3549,4969,6913,10221,19354,1,0,318,465,1019,2140,1445,3741,1949,5382,2755,4246,2009,2020,2121,3195,1388,4787,72513,38476,3868,504,21781,0,0,7,1
2021-03-10T23:59:59+01:00,5,0,1522,1668,2810,5031,3012,7443,3872,10202,5157,8266,3429,3443,4851,6798,10173,19287,1,0,316,464,1018,2136,1441,3730,1945,5368,2743,4225,1990,2012,2094,3162,1378,4772,72094,38387,3535,407,21333,0,0,7,1
2021-03-09T23:59:59+01:00,5,0,1512,1652,2773,5002,2990,7399,3833,10142,5075,8187,3328,3355,4767,6709,10064,19075,1,0,313,463,1014,2127,1434,3717,1919,5346,2701,4195,1947,1987,2040,3133,1366,4762,71484,38354,3264,110,21114,0,0,6,1
2021-03-08T23:59:59+01:00,5,0,1496,1637,2744,4973,2961,7368,3809,10094,5051,8125,3286,3315,4690,6647,9883,18771,1,0,312,463,1012,2123,1426,3701,1902,5313,2682,4167,1928,1968,2013,3110,1359,4743,70678,38204,3256,18,20915,0,0,6,1
2021-03-07T23:59:59+01:00,5,0,1483,1626,2714,4930,2926,7320,3773,10033,5009,8066,3252,3281,4624,6545,9805,18625,1,0,312,462,1011,2122,1425,3695,1899,5303,2681,4162,1924,1965,2009,3106,1355,4734,70137,38149,3202,16,20673,0,0,5,1
2021-03-06T23:59:59+01:00,5,0,1482,1625,2709,4918,2923,7311,3765,10026,4991,8050,3242,3271,4601,6506,9714,18453,1,0,312,462,1009,2119,1425,3693,1893,5294,2679,4160,1919,1957,2003,3104,1354,4731,69741,38099,3202,16,20644,0,0,5,0
2021-03-05T23:59:59+01:00,5,0,1409,1549,2610,4757,2866,7153,3680,9819,4891,7854,3192,3211,4381,6216,8992,17243,1,0,312,462,1007,2117,1421,3688,1891,5293,2676,4154,1911,1953,1998,3101,1349,4727,67047,38045,3199,16,19577,0,0,5,0
2021-03-04T23:59:59+01:00,5,0,1235,1442,2444,4557,2697,6882,3512,9475,4633,7512,3075,3085,4016,5757,7797,15399,1,0,310,454,998,2093,1405,3648,1863,5240,2648,4106,1883,1928,1965,3046,1321,4681,62781,37574,3196,16,17541,0,0,5,0
2021-03-03T23:59:59+01:00,5,0,1201,1389,2368,4449,2636,6759,3426,9308,4535,7368,2988,3015,3633,5151,6375,13167,1,0,306,445,987,2070,1393,3620,1849,5190,2593,4051,1833,1892,1937,3013,1305,4650,57632,37119,3168,16,16969,0,0,4,0
2021-03-02T23:59:59+01:00,5,0,1168,1350,2307,4390,2587,6666,3344,9184,4398,7219,2873,2890,3145,4480,4325,9757,1,0,301,435,982,2043,1380,3578,1834,5135,2561,4024,1823,1876,1917,2985,1291,4622,50484,36772,2917,16,16684,0,0,3,0
2021-03-01T23:59:59+01:00,5,0,1108,1321,2245,4329,2513,6578,3249,9055,4256,7031,2739,2754,2569,3731,1546,5207,1,0,300,432,975,2031,1369,3560,1826,5120,2548,4008,1805,1865,1901,2965,1280,4593,41258,36563,2526,16,16449,0,0,3,0
2021-02-28T23:59:59+01:00,5,0,1072,1306,2204,4293,2483,6533,3201,8998,4194,6973,2674,2706,2520,3700,1538,5187,1,0,300,431,972,2024,1367,3547,1823,5106,2542,3998,1798,1854,1888,2953,1272,4578,41162,36438,2232,16,16190,0,0,3,0
2021-02-27T23:59:59+01:00,5,0,1031,1224,2136,4052,2425,6299,3138,8700,4104,6720,2619,2649,2500,3676,1535,5187,1,0,300,431,971,2024,1367,3547,1823,5105,2541,3998,1798,1853,1886,2952,1272,4578,41054,36431,2231,16,14712,0,0,3,0
2021-02-26T23:59:59+01:00,4,0,865,974,1938,3663,2264,5638,2923,7782,3794,5928,2571,2595,2481,3660,1531,5184,1,0,300,431,971,2020,1365,3545,1821,5104,2539,3997,1798,1850,1879,2951,1270,4571,41035,36397,2142,16,10615,0,0,3,0
2021-02-25T23:59:59+01:00,4,0,532,817,1661,3463,2084,5333,2726,7385,3566,5627,2489,2515,2440,3599,1527,5169,1,0,291,410,946,1967,1334,3474,1789,5023,2510,3933,1773,1822,1839,2905,1241,4531,40839,35776,1880,13,8216,0,0,2,0
2021-02-24T23:59:59+01:00,3,0,511,798,1626,3365,2020,5201,2666,7203,3499,5486,2421,2468,2403,3570,1517,5133,1,0,282,405,930,1936,1320,3420,1776,4962,2486,3888,1762,1804,1830,2886,1229,4500,40644,35413,1709,4,7535,0,0,2,0
2021-02-23T23:59:59+01:00,3,0,490,760,1566,3261,1965,5060,2588,7072,3414,5381,2360,2410,2364,3511,1502,5098,1,0,280,401,925,1920,1313,3390,1767,4930,2465,3855,1742,1784,1810,2850,1213,4444,40487,35087,1435,3,6881,0,0,2,0
2021-02-22T23:59:59+01:00,2,0,474,729,1512,3161,1925,4920,2529,6853,3353,5236,2349,2311,2348,3431,1496,5053,1,0,279,398,922,1908,1305,3363,1749,4894,2450,3824,1722,1765,1782,2819,1198,4395,40270,34773,1169,1,6241,0,0,2,0
2021-02-21T23:59:59+01:00,2,0,465,690,1453,3017,1877,4770,2477,6693,3270,5133,2313,2278,2320,3411,1486,5047,1,0,279,397,919,1900,1304,3354,1744,4883,2446,3815,1720,1763,1781,2817,1198,4394,40226,34714,936,1,5538,0,0,2,0
2021-02-20T23:59:59+01:00,2,0,459,684,1444,3013,1872,4770,2474,6690,3265,5129,2310,2277,2320,3410,1484,5046,1,0,279,397,919,1899,1304,3353,1744,4883,2444,3814,1719,1762,1778,2817,1197,4392,40220,34701,931,1,5496,0,0,2,0
2021-02-19T23:59:59+01:00,1,0,436,647,1415,2951,1844,4713,2433,6590,3178,5011,2129,2114,2256,3361,1479,5040,1,0,277,396,918,1897,1303,3352,1744,4878,2441,3813,1718,1761,1776,2816,1197,4391,39466,34678,911,1,5219,0,0,2,0
2021-02-18T23:59:59+01:00,1,0,408,590,1310,2710,1740,4470,2296,6328,3074,4830,2100,2098,2240,3344,1474,5029,1,0,277,390,911,1864,1294,3312,1726,4830,2422,3775,1707,1749,1759,2804,1185,4371,39387,34376,837,1,3816,0,0,2,0
2021-02-17T23:59:59+01:00,1,0,391,558,1272,2578,1683,4295,2226,6087,3014,4681,2081,2079,2216,3324,1460,5019,1,0,266,373,875,1777,1250,3183,1666,4671,2347,3640,1628,1679,1682,2690,1131,4250,39231,33109,786,0,2946,0,0,2,0
2021-02-16T23:59:59+01:00,1,0,373,528,1219,2458,1633,4161,2147,5902,2933,4545,2072,2074,2208,3317,1454,5006,1,0,258,356,854,1695,1195,3045,1603,4468,2274,3461,1577,1624,1618,2587,1099,4113,39167,31828,755,0,2107,0,0,2,0
2021-02-15T23:59:59+01:00,1,0,363,506,1148,2318,1588,4086,2115,5849,2905,4504,2053,2058,2183,3286,1446,4985,1,0,252,337,830,1650,1163,2969,1547,4329,2201,3341,1500,1558,1560,2474,1052,3923,39060,30687,640,0,1692,0,0,2,0
2021-02-14T23:59:59+01:00,1,0,354,500,1124,2263,1525,3925,2074,5756,2874,4465,2047,2055,2171,3276,1443,4978,1,0,246,332,812,1621,1147,2929,1505,4277,2163,3311,1484,1537,1535,2437,1035,3877,39041,30249,571,0,1217,0,0,2,0
2021-02-13T23:59:59+01:00,1,0,354,500,1123,2263,1525,3924,2072,5755,2874,4465,2046,2053,2170,3276,1442,4975,1,0,246,332,811,1621,1147,2929,1504,4275,2163,3311,1482,1534,1534,2436,1035,3876,39030,30237,571,0,1216,0,0,1,0
2021-02-12T23:59:59+01:00,1,0,346,496,1105,2255,1520,3911,2067,5747,2871,4459,2032,2043,2164,3263,1437,4972,1,0,244,331,805,1616,1141,2920,1488,4257,2145,3298,1469,1518,1519,2404,1028,3839,38964,30023,563,0,1161,0,0,1,0
2021-02-11T23:59:59+01:00,1,0,323,472,1041,2159,1467,3784,1973,5483,2786,4340,2001,2010,2124,3195,1407,4914,1,0,223,303,754,1511,1061,2696,1362,3900,1956,2992,1280,1305,1345,2124,913,3467,38565,27193,526,0,388,0,0,1,0
2021-02-10T23:59:59+01:00,1,0,317,463,1020,2120,1428,3706,1919,5321,2692,4160,1930,1960,2076,3153,1385,4888,1,0,198,260,661,1323,932,2307,1175,3297,1713,2572,1117,1126,1193,1873,793,3093,38150,23634,386,0,2,0,0,1,0
2021-02-09T23:59:59+01:00,1,0,311,451,1012,2089,1413,3654,1875,5255,2626,4105,1872,1920,2004,3098,1364,4866,1,0,165,200,560,1062,782,1860,968,2684,1443,2158,965,965,994,1582,669,2641,37848,19699,65,0,2,0,0,1,0
2021-02-08T23:59:59+01:00,1,0,309,449,1009,2082,1402,3638,1867,5232,2606,4088,1858,1909,1985,3081,1358,4841,1,0,116,165,459,847,618,1441,769,2035,1164,1670,773,789,792,1246,532,2158,37692,15575,20,0,2,0,0,1,0
2021-02-07T23:59:59+01:00,1,0,309,449,1007,2081,1401,3633,1864,5229,2599,4085,1852,1900,1969,3073,1354,4833,1,0,106,146,410,703,544,1266,689,1819,1067,1522,696,708,709,1122,455,1914,37621,13877,17,0,0,0,0,1,0
2021-02-06T23:59:59+01:00,1,0,309,449,1006,2080,1401,3630,1864,5227,2599,4082,1852,1899,1964,3071,1351,4831,1,0,105,145,405,700,539,1242,673,1800,1056,1501,693,704,704,1118,454,1910,37598,13750,17,0,0,0,0,1,0
2021-02-05T23:59:59+01:00,1,0,309,448,1004,2076,1397,3621,1860,5213,2593,4076,1851,1898,1956,3062,1341,4817,1,0,101,137,389,682,522,1212,641,1748,1006,1438,656,653,655,1044,427,1816,37505,13128,17,0,0,0,0,1,0
2021-02-04T23:59:59+01:00,1,0,301,431,993,2044,1378,3567,1840,5136,2578,4028,1835,1877,1929,3027,1321,4784,1,0,77,106,288,461,363,819,457,1186,694,979,510,478,507,825,339,1454,37052,9544,17,0,0,0,0,1,0
2021-02-03T23:59:59+01:00,1,0,297,422,974,2018,1362,3529,1826,5087,2544,3985,1815,1854,1914,3003,1307,4768,1,0,60,82,243,393,293,641,348,925,534,729,341,333,369,585,247,1067,36688,7191,17,0,0,0,0,1,0
2021-02-02T23:59:59+01:00,1,0,292,415,968,1989,1354,3496,1815,5040,2521,3950,1797,1838,1886,2961,1285,4717,0,0,40,63,186,310,245,488,266,741,386,560,237,216,235,390,167,703,36307,5233,17,0,0,0,0,1,0
2021-02-01T23:59:59+01:00,1,0,291,413,963,1981,1351,3481,1807,5019,2512,3931,1789,1827,1872,2946,1281,4702,0,0,20,39,137,224,169,313,170,492,242,323,119,109,102,189,78,314,36149,3040,17,0,0,0,0,1,0
2021-01-31T23:59:59+01:00,1,0,290,412,961,1973,1348,3472,1804,5000,2508,3917,1785,1819,1868,2938,1278,4692,0,0,19,34,119,196,151,271,153,411,204,278,100,95,94,161,70,274,36048,2630,17,0,0,0,0,1,0
2021-01-30T23:59:59+01:00,1,0,290,412,961,1973,1348,3472,1804,5000,2508,3917,1784,1819,1868,2937,1278,4691,0,0,19,34,118,196,151,268,150,408,203,278,99,94,94,161,70,274,36045,2617,17,0,0,0,0,1,0
2021-01-29T23:59:59+01:00,1,0,288,409,960,1971,1347,3464,1798,4991,2505,3914,1778,1812,1859,2925,1271,4669,0,0,17,33,116,186,142,260,138,380,171,251,72,70,84,139,63,238,35944,2360,17,0,0,0,0,1,0
2021-01-28T23:59:59+01:00,1,0,285,400,941,1916,1323,3400,1773,4929,2477,3850,1756,1790,1827,2894,1252,4633,0,0,1,0,11,20,8,20,11,45,9,22,6,4,7,10,3,15,35431,192,15,0,0,0,0,1,0
2021-01-27T23:59:59+01:00,1,0,279,382,908,1835,1287,3286,1712,4806,2417,3750,1699,1741,1782,2825,1212,4545,0,0,1,0,6,6,5,12,7,19,5,12,4,4,7,10,3,14,34455,115,11,0,0,0,0,1,0
2021-01-26T23:59:59+01:00,1,0,274,372,898,1820,1273,3246,1694,4750,2386,3683,1666,1708,1743,2752,1194,4453,0,0,1,0,6,6,5,12,7,19,5,12,4,4,7,10,3,14,33905,115,7,0,0,0,0,1,0
2021-01-25T23:59:59+01:00,1,0,263,348,857,1701,1203,3082,1603,4479,2280,3475,1605,1655,1686,2664,1144,4266,0,0,1,0,2,3,1,4,4,2,5,5,4,4,6,9,2,14,32308,66,3,0,0,0,0,1,0
2021-01-24T23:59:59+01:00,1,0,259,345,846,1681,1193,3059,1572,4446,2254,3454,1594,1646,1674,2652,1138,4258,0,0,1,0,2,2,1,4,4,2,5,5,4,4,6,9,2,14,32068,65,3,0,0,0,0,1,0
2021-01-23T23:59:59+01:00,1,0,259,345,845,1681,1192,3058,1572,4442,2253,3453,1593,1646,1673,2651,1137,4253,0,0,1,0,2,2,1,4,4,2,5,5,4,4,6,9,2,14,32050,65,3,0,0,0,0,1,0
2021-01-22T23:59:59+01:00,1,0,258,343,838,1678,1188,3053,1569,4435,2240,3448,1581,1634,1667,2632,1131,4231,0,0,1,0,2,2,1,4,4,2,5,5,4,4,6,9,2,14,31924,65,3,0,0,0,0,0,0
2021-01-21T23:59:59+01:00,1,0,246,332,811,1610,1163,2926,1513,4273,2160,3313,1482,1530,1530,2464,1046,4040,0,0,1,0,1,2,1,4,4,2,4,5,4,3,5,9,1,14,30437,60,3,0,0,0,0,0,0
2021-01-20T23:59:59+01:00,1,0,224,291,737,1455,1071,2608,1378,3814,1987,2958,1359,1382,1406,2266,968,3799,0,0,1,0,1,2,1,4,4,2,3,5,4,3,5,9,1,14,27702,59,2,0,0,0,0,0,0
2021-01-19T23:59:59+01:00,1,0,193,234,635,1207,926,2163,1155,3197,1698,2527,1174,1178,1170,1922,806,3227,0,0,1,0,1,1,1,2,4,1,2,5,4,3,5,9,1,14,23411,54,2,0,0,0,0,0,0
2021-01-18T23:59:59+01:00,1,0,137,185,502,947,714,1647,887,2327,1321,1915,912,946,935,1516,630,2576,0,0,0,0,0,0,0,0,0,0,1,2,2,1,0,0,0,0,18097,6,1,0,0,0,0,0,0
2021-01-17T23:59:59+01:00,1,0,123,160,443,776,629,1424,785,2074,1206,1724,845,867,851,1378,556,2356,0,0,0,0,0,0,0,0,0,0,0,1,0,0,0,0,0,0,16198,1,0,0,0,0,0,0,0
2021-01-16T23:59:59+01:00,1,0,122,159,439,775,627,1416,775,2070,1197,1718,843,862,846,1367,548,2340,0,0,0,0,0,0,0,0,0,0,0,0,0,0,0,0,0,0,16105,0,0,0,0,0,0,0,0
2021-01-15T23:59:59+01:00,1,0,111,152,426,754,600,1377,743,1992,1135,1636,799,808,799,1278,517,2215,0,0,0,0,0,0,0,0,0,0,0,0,0,0,0,0,0,0,15343,0,0,0,0,0,0,0,0
2021-01-14T23:59:59+01:00,1,0,78,113,305,488,399,891,513,1285,777,1074,584,560,580,943,399,1686,0,0,0,0,0,0,0,0,0,0,0,0,0,0,0,0,0,0,10676,0,0,0,0,0,0,0,0
2021-01-13T23:59:59+01:00,1,0,60,86,255,410,323,675,380,982,570,764,368,357,394,638,284,1176,0,0,0,0,0,0,0,0,0,0,0,0,0,0,0,0,0,0,7723,0,0,0,0,0,0,0,0
2021-01-12T23:59:59+01:00,0,0,49,70,207,350,259,548,280,809,415,599,248,228,245,426,191,788,0,0,0,0,0,0,0,0,0,0,0,0,0,0,0,0,0,0,5712,0,0,0,0,0,0,0,0
2021-01-11T23:59:59+01:00,0,0,33,51,179,300,212,445,221,649,305,422,151,131,140,259,106,452,0,0,0,0,0,0,0,0,0,0,0,0,0,0,0,0,0,0,4056,0,0,0,0,0,0,0,0
2021-01-10T23:59:59+01:00,0,0,25,42,157,251,183,367,180,537,255,361,130,110,125,214,94,362,0,0,0,0,0,0,0,0,0,0,0,0,0,0,0,0,0,0,3393,0,0,0,0,0,0,0,0
2021-01-09T23:59:59+01:00,0,0,25,42,156,249,182,364,178,531,254,360,129,109,125,214,94,362,0,0,0,0,0,0,0,0,0,0,0,0,0,0,0,0,0,0,3374,0,0,0,0,0,0,0,0
2021-01-08T23:59:59+01:00,0,0,23,40,153,239,174,354,165,500,224,334,105,93,119,198,87,335,0,0,0,0,0,0,0,0,0,0,0,0,0,0,0,0,0,0,3143,0,0,0,0,0,0,0,0
2021-01-07T23:59:59+01:00,0,0,2,0,6,10,8,15,10,7,19,11,10,11,14,21,3,35,0,0,0,0,0,0,0,0,0,0,0,0,0,0,0,0,0,0,182,0,0,0,0,0,0,0,0
2021-01-06T23:59:59+01:00,0,0,1,0,3,4,1,7,5,2,5,6,6,4,7,10,1,16,0,0,0,0,0,0,0,0,0,0,0,0,0,0,0,0,0,0,78,0,0,0,0,0,0,0,0
2021-01-05T23:59:59+01:00,0,0,1,0,3,3,1,6,5,2,5,5,6,4,6,10,1,15,0,0,0,0,0,0,0,0,0,0,0,0,0,0,0,0,0,0,73,0,0,0,0,0,0,0,0
2021-01-04T23:59:59+01:00,0,0,1,0,2,3,1,5,4,2,5,5,6,4,5,9,1,15,0,0,0,0,0,0,0,0,0,0,0,0,0,0,0,0,0,0,68,0,0,0,0,0,0,0,0
2021-01-03T23:59:59+01:00,0,0,1,0,2,2,1,5,4,2,5,5,5,4,5,9,1,15,0,0,0,0,0,0,0,0,0,0,0,0,0,0,0,0,0,0,66,0,0,0,0,0,0,0,0
2021-01-02T23:59:59+01:00,0,0,1,0,2,2,1,5,4,2,5,5,5,4,5,9,1,15,0,0,0,0,0,0,0,0,0,0,0,0,0,0,0,0,0,0,66,0,0,0,0,0,0,0,0
2021-01-01T23:59:59+01:00,0,0,1,0,2,2,1,4,4,2,5,5,5,4,5,9,1,15,0,0,0,0,0,0,0,0,0,0,0,0,0,0,0,0,0,0,65,0,0,0,0,0,0,0,0
2020-12-31T23:59:59+01:00,0,0,1,0,2,2,1,4,4,2,4,5,5,4,5,9,1,15,0,0,0,0,0,0,0,0,0,0,0,0,0,0,0,0,0,0,64,0,0,0,0,0,0,0,0
2020-12-30T23:59:59+01:00,0,0,1,0,2,2,1,4,4,2,3,5,5,4,5,9,1,15,0,0,0,0,0,0,0,0,0,0,0,0,0,0,0,0,0,0,63,0,0,0,0,0,0,0,0
2020-12-29T23:59:59+01:00,0,0,0,0,1,1,1,2,4,1,2,5,5,4,5,9,1,15,0,0,0,0,0,0,0,0,0,0,0,0,0,0,0,0,0,0,56,0,0,0,0,0,0,0,0
2020-12-28T23:59:59+01:00,0,0,0,0,1,1,1,1,2,0,1,5,4,1,1,0,0,2,0,0,0,0,0,0,0,0,0,0,0,0,0,0,0,0,0,0,20,0,0,0,0,0,0,0,0
2020-12-27T23:59:59+01:00,0,0,0,0,1,1,1,1,2,0,0,3,2,0,1,0,0,2,0,0,0,0,0,0,0,0,0,0,0,0,0,0,0,0,0,0,14,0,0,0,0,0,0,0,0
