Datum,<15_1_m,<15_1_w,15-24_1_m,15-24_1_w,25-34_1_m,25-34_1_w,35-44_1_m,35-44_1_w,45-54_1_m,45-54_1_w,55-64_1_m,55-64_1_w,65-74_1_m,65-74_1_w,75-84_1_m,75-84_1_w,>84_1_m,>84_1_w,<15_2_m,<15_2_w,15-24_2_m,15-24_2_w,25-34_2_m,25-34_2_w,35-44_2_m,35-44_2_w,45-54_2_m,45-54_2_w,55-64_2_m,55-64_2_w,65-74_2_m,65-74_2_w,75-84_2_m,75-84_2_w,>84_2_m,>84_2_w,bp_1,bp_2,mo_1,mo_2,az_1,az_2,ja,unb_1,unb_2
2021-11-21T23:59:59+01:00,7757,7249,46073,43248,61204,54547,60488,58088,70251,69247,78250,77646,55201,60828,37813,48992,11804,22487,5708,5344,39226,37446,54423,48330,55080,52993,65328,64614,74714,74246,53676,59149,36967,47753,11425,21712,646068,589702,79803,77058,105670,101731,39596,45,47
2021-11-20T23:59:59+01:00,7735,7223,46014,43185,61121,54476,60421,58044,70207,69212,78212,77620,55184,60813,37808,48985,11803,22486,5704,5343,39206,37434,54400,48317,55057,52974,65313,64607,74706,74242,53675,59145,36962,47753,11424,21712,645454,589550,79801,77058,105670,101731,39588,45,47
2021-11-19T23:59:59+01:00,7648,7132,45841,43027,60962,54302,60278,57895,70082,69130,78138,77554,55161,60790,37802,48973,11801,22482,5694,5329,39149,37390,54363,48287,55017,52942,65287,64582,74681,74230,53673,59135,36959,47750,11423,21709,643936,589208,79790,77049,105667,101729,39567,45,47
2021-11-18T23:59:59+01:00,7454,6937,45449,42702,60641,53936,59975,57635,69800,68900,77978,77389,55100,60717,37776,48921,11796,22463,5627,5262,38879,37145,54120,48089,54808,52766,65102,64429,74556,74166,53634,59092,36944,47722,11414,21702,640565,587119,79761,77024,105666,101728,39539,45,47
2021-11-17T23:59:59+01:00,7319,6820,45142,42483,60356,53685,59760,57427,69609,68708,77821,77230,55039,60661,37759,48871,11786,22449,5590,5233,38787,37078,54010,47999,54733,52704,65034,64370,74504,74111,53606,59067,36931,47700,11407,21697,637995,586280,79711,76993,105666,101727,39514,45,47
2021-11-16T23:59:59+01:00,7184,6710,44902,42288,60108,53429,59550,57225,69433,68532,77688,77089,54971,60588,37730,48822,11772,22424,5528,5184,38631,36935,53887,47869,54628,52601,64935,64281,74421,74041,53574,59020,36901,47671,11404,21685,635548,584938,79688,76980,105666,101727,39504,45,47
2021-11-15T23:59:59+01:00,7040,6587,44380,41895,59668,53066,59252,56955,69164,68312,77496,76913,54907,60513,37685,48776,11769,22414,5484,5136,38440,36765,53684,47710,54449,52473,64798,64162,74342,73971,53547,58986,36893,47651,11402,21676,631989,583397,79667,76967,105666,101727,39431,45,47
2021-11-14T23:59:59+01:00,6963,6518,44138,41722,59461,52887,59064,56804,69016,68183,77387,76843,54884,60480,37674,48760,11766,22407,5440,5092,38271,36633,53505,47560,54316,52370,64675,64067,74285,73901,53515,58963,36885,47632,11401,21671,630184,582025,79646,76961,105666,101727,39422,45,47
2021-11-13T23:59:59+01:00,6959,6512,44123,41711,59446,52874,59054,56794,69010,68177,77376,76839,54882,60479,37673,48758,11765,22407,5440,5090,38270,36633,53503,47560,54312,52366,64671,64063,74279,73898,53510,58959,36883,47623,11399,21670,630070,581972,79645,76961,105663,101727,39422,45,47
2021-11-12T23:59:59+01:00,6903,6472,43988,41575,59307,52778,58936,56687,68920,68111,77309,76801,54869,60464,37666,48746,11760,22402,5437,5082,38244,36614,53479,47546,54288,52353,64649,64049,74262,73887,53504,58953,36881,47620,11397,21668,628966,581786,79632,76959,105663,101727,39394,45,47
2021-11-11T23:59:59+01:00,6730,6284,43320,41061,58697,52269,58471,56311,68546,67779,77031,76613,54807,60395,37639,48707,11751,22391,5383,5020,38062,36482,53331,47412,54167,52241,64535,63950,74185,73839,53472,58924,36869,47601,11396,21657,624261,580564,79590,76936,105660,101727,39252,45,47
2021-11-10T23:59:59+01:00,6629,6193,42910,40767,58296,51922,58172,56068,68291,67529,76854,76447,54738,60330,37616,48669,11743,22380,5363,4994,37968,36422,53257,47338,54101,52167,64481,63894,74125,73799,53441,58890,36851,47579,11391,21650,621133,579868,79575,76924,105660,101725,39147,45,47
2021-11-09T23:59:59+01:00,6559,6142,42806,40678,58171,51781,58057,55932,68161,67415,76772,76351,54696,60287,37602,48644,11736,22364,5337,4968,37894,36378,53211,47278,54049,52080,64425,63816,74047,73722,53410,58853,36833,47553,11384,21631,619775,579230,79542,76729,105659,101724,39139,45,47
2021-11-08T23:59:59+01:00,6422,6030,42079,40027,57434,51182,57508,55493,67750,67034,76491,76079,54577,60196,37574,48604,11728,22350,5308,4946,37790,36278,53053,47159,53961,51998,64356,63729,73966,73665,53381,58819,36822,47537,11381,21626,614479,578426,79520,76716,105658,101724,38862,45,47
2021-11-07T23:59:59+01:00,6367,5993,41917,39891,57246,51025,57368,55384,67651,66961,76440,76029,54559,60176,37565,48599,11726,22346,5290,4931,37715,36206,52981,47078,53905,51955,64327,63678,73941,73642,53368,58807,36812,47530,11380,21619,613226,577853,79468,76690,105658,101723,38852,45,47
2021-11-06T23:59:59+01:00,6362,5984,41900,39873,57226,51012,57353,55374,67642,66952,76434,76026,54557,60176,37563,48599,11726,22345,5288,4931,37714,36204,52979,47075,53903,51953,64322,63677,73939,73640,53366,58805,36812,47529,11380,21619,613091,577828,79467,76689,105658,101723,38849,45,47
2021-11-05T23:59:59+01:00,6346,5964,41860,39844,57189,50962,57306,55344,67618,66934,76406,76013,54553,60170,37560,48597,11726,22343,5280,4926,37690,36196,52970,47064,53895,51946,64310,63665,73932,73631,53362,58803,36810,47525,11380,21619,612747,577721,79464,76686,105658,101723,38827,45,47
2021-11-04T23:59:59+01:00,6223,5821,41327,39361,56605,50500,56862,54981,67197,66611,76192,75874,54515,60122,37547,48566,11720,22335,5220,4863,37485,36058,52768,46917,53722,51816,64150,63546,73831,73561,53330,58778,36796,47505,11369,21613,608937,576569,79396,76660,105657,101722,38330,45,47
2021-11-03T23:59:59+01:00,6188,5776,41233,39294,56491,50404,56769,54899,67125,66545,76146,75831,54505,60103,37539,48550,11715,22330,5176,4829,37413,35995,52719,46869,53679,51760,64104,63503,73787,73525,53314,58753,36784,47486,11365,21605,608069,575942,79376,76655,105656,101719,38303,45,47
2021-11-02T23:59:59+01:00,6140,5727,41101,39183,56326,50285,56653,54792,66999,66467,76077,75772,54480,60079,37527,48538,11714,22320,5105,4757,37280,35843,52568,46713,53563,51640,64017,63401,73702,73439,53267,58709,36765,47453,11362,21595,606857,574523,79356,76619,105656,101719,38271,45,47
2021-11-01T23:59:59+01:00,6056,5649,40610,38815,55803,49937,56291,54538,66720,66265,75937,75681,54445,60051,37520,48531,11711,22312,5072,4716,37140,35728,52438,46620,53448,51556,63920,63339,73640,73394,53254,58696,36755,47438,11359,21588,603864,573781,79333,76578,105656,101717,37978,45,47
2021-10-31T23:59:59+01:00,6054,5649,40605,38809,55800,49934,56286,54534,66717,66262,75935,75679,54445,60051,37520,48531,11711,22312,5072,4716,37138,35725,52438,46619,53446,51555,63919,63339,73640,73394,53254,58696,36755,47438,11359,21588,603832,573774,79330,76578,105656,101717,37975,45,47
2021-10-30T23:59:59+02:00,6050,5647,40602,38809,55793,49931,56285,54532,66715,66261,75935,75677,54445,60051,37520,48531,11711,22312,5072,4716,37138,35725,52438,46618,53445,51554,63918,63338,73640,73394,53253,58696,36755,47438,11359,21588,603806,573769,79330,76578,105656,101717,37974,45,47
2021-10-29T23:59:59+02:00,6047,5641,40584,38793,55779,49913,56269,54523,66697,66254,75918,75672,54443,60048,37519,48530,11709,22312,5070,4713,37128,35712,52437,46613,53441,51549,63915,63331,73632,73386,53248,58695,36754,47435,11358,21587,603657,573696,79326,76575,105656,101715,37971,45,47
2021-10-28T23:59:59+02:00,5948,5541,40064,38437,55313,49582,55866,54223,66356,66026,75744,75565,54406,60019,37514,48510,11707,22302,5009,4666,36953,35594,52277,46498,53302,51442,63768,63250,73548,73339,53223,58669,36740,47417,11356,21580,600556,572730,79287,76554,105651,101714,37586,45,47
2021-10-27T23:59:59+02:00,5923,5520,40011,38378,55242,49527,55809,54172,66291,65997,75718,75545,54390,60007,37508,48498,11706,22296,4985,4640,36902,35554,52226,46462,53270,51406,63724,63199,73513,73313,53200,58649,36734,47406,11353,21568,599990,572230,79276,76541,105651,101708,37578,45,47
2021-10-26T23:59:59+02:00,5875,5485,39903,38283,55141,49422,55736,54105,66224,65930,75666,75505,54375,59991,37496,48484,11703,22292,4933,4597,36798,35412,52130,46377,53202,51324,63671,63138,73453,73259,53167,58628,36720,47380,11347,21554,599089,571245,79275,76533,105651,101707,37558,45,47
2021-10-25T23:59:59+02:00,5813,5417,39673,38050,54860,49220,55484,53944,66006,65787,75562,75427,54353,59961,37489,48474,11703,22289,4920,4588,36742,35351,52044,46323,53134,51284,63623,63098,73408,73228,53158,58612,36714,47375,11345,21551,597263,570933,79275,76531,105651,101707,37280,45,47
2021-10-24T23:59:59+02:00,5783,5388,39589,37966,54782,49143,55425,53906,65961,65760,75542,75408,54348,59952,37484,48471,11701,22285,4887,4572,36680,35289,51999,46278,53099,51243,63586,63069,73386,73196,53150,58598,36703,47367,11343,21549,596659,570450,79273,76524,105651,101705,37268,45,47
2021-10-23T23:59:59+02:00,5783,5388,39588,37966,54780,49143,55423,53903,65961,65760,75542,75408,54348,59951,37484,48471,11701,22285,4887,4572,36680,35288,51999,46278,53099,51241,63586,63069,73386,73196,53150,58598,36703,47367,11343,21549,596651,570448,79273,76524,105651,101705,37267,45,47
2021-10-22T23:59:59+02:00,5780,5383,39562,37948,54760,49130,55412,53896,65947,65747,75533,75401,54344,59948,37484,48469,11700,22285,4882,4563,36664,35274,51987,46258,53090,51230,63570,63062,73372,73187,53140,58591,36702,47364,11342,21547,596519,570297,79262,76523,105650,101703,37255,45,47
2021-10-21T23:59:59+02:00,5704,5303,39310,37753,54490,48942,55202,53744,65765,65626,75435,75346,54327,59931,37478,48459,11697,22279,4796,4491,36438,35067,51803,46099,52921,51099,63439,62941,73288,73128,53115,58555,36690,47346,11338,21541,594829,568819,79228,76486,105650,101702,37041,45,47
2021-10-20T23:59:59+02:00,5681,5289,39274,37727,54470,48920,55187,53715,65739,65601,75410,75328,54319,59920,37469,48444,11696,22272,4777,4471,36419,35037,51781,46067,52897,51069,63416,62919,73263,73101,53097,58532,36684,47333,11335,21534,594512,568472,79221,76476,105650,101702,37035,45,47
2021-10-19T23:59:59+02:00,5647,5259,39219,37689,54433,48880,55147,53682,65704,65568,75383,75302,54303,59899,37461,48429,11692,22269,4754,4449,36364,34990,51739,46013,52863,51030,63378,62885,73224,73061,53085,58508,36663,47318,11330,21524,594029,567933,79215,76472,105650,101697,37029,45,47
2021-10-18T23:59:59+02:00,5613,5231,39078,37557,54309,48783,55066,53600,65638,65529,75327,75268,54293,59883,37454,48415,11690,22268,4687,4388,36216,34846,51615,45890,52781,50939,63331,62822,73165,73013,53060,58473,36653,47301,11325,21518,593164,566895,79203,76442,105650,101697,36942,45,47
2021-10-17T23:59:59+02:00,5607,5224,39067,37546,54295,48767,55062,53590,65633,65518,75320,75264,54290,59879,37451,48413,11690,22263,4677,4377,36196,34817,51594,45866,52764,50917,63317,62805,73147,72999,53049,58461,36647,47294,11324,21509,593045,566643,79203,76436,105650,101696,36938,45,47
2021-10-16T23:59:59+02:00,5607,5224,39066,37546,54293,48766,55059,53588,65633,65518,75320,75264,54290,59879,37451,48413,11690,22263,4674,4374,36191,34813,51590,45863,52760,50913,63315,62801,73145,72998,53048,58460,36646,47293,11324,21507,593039,566601,79203,76436,105650,101696,36935,45,47
2021-10-15T23:59:59+02:00,5602,5221,39048,37533,54277,48754,55053,53583,65616,65512,75313,75252,54282,59877,37447,48406,11689,22263,4666,4372,36178,34811,51584,45855,52755,50907,63310,62794,73141,72992,53044,58456,36643,47292,11324,21506,592909,566537,79203,76434,105650,101689,36923,45,47
2021-10-14T23:59:59+02:00,5544,5163,38913,37414,54141,48653,54961,53502,65547,65428,75250,75197,54251,59856,37439,48389,11682,22248,4549,4256,35895,34482,51364,45630,52604,50734,63165,62647,73045,72914,52987,58409,36619,47261,11319,21497,591880,564442,79186,76395,105650,101675,36819,45,46
2021-10-13T23:59:59+02:00,5504,5129,38878,37371,54107,48617,54934,53467,65522,65403,75229,75171,54239,59844,37432,48381,11678,22244,4518,4229,35855,34441,51338,45589,52568,50698,63131,62611,73012,72884,52963,58393,36610,47238,11318,21486,591472,564007,79173,76358,105650,101659,36812,45,46
2021-10-12T23:59:59+02:00,5470,5106,38804,37326,54048,48548,54893,53419,65489,65369,75193,75133,54224,59827,37422,48365,11672,22234,4498,4204,35799,34388,51291,45534,52532,50662,63094,62569,72972,72837,52938,58364,36587,47214,11312,21473,590878,563413,79171,76353,105650,101656,36800,45,46
2021-10-11T23:59:59+02:00,5416,5054,38641,37193,53913,48433,54786,53335,65414,65307,75145,75104,54212,59808,37411,48354,11670,22230,4406,4123,35572,34172,51103,45346,52398,50529,62997,62455,72887,72773,52899,58326,36573,47186,11307,21460,589921,561821,79169,76351,105650,101651,36643,45,46
2021-10-10T23:59:59+02:00,5397,5044,38594,37154,53872,48392,54766,53304,65397,65288,75129,75084,54209,59803,37407,48351,11669,22224,4387,4116,35538,34151,51082,45319,52380,50512,62987,62443,72874,72759,52895,58317,36568,47176,11304,21456,589596,561599,79166,76343,105650,101647,36629,45,46
2021-10-09T23:59:59+02:00,5397,5043,38594,37154,53872,48392,54766,53304,65397,65288,75129,75084,54209,59803,37407,48351,11669,22224,4387,4116,35537,34151,51081,45319,52380,50512,62985,62443,72874,72759,52895,58317,36568,47176,11304,21456,589595,561598,79166,76341,105650,101646,36629,45,46
2021-10-08T23:59:59+02:00,5389,5030,38575,37134,53858,48377,54759,53300,65386,65279,75117,75075,54207,59800,37405,48346,11668,22223,4380,4107,35523,34132,51069,45304,52374,50501,62976,62436,72868,72753,52893,58315,36566,47172,11304,21454,589452,561480,79166,76339,105650,101645,36617,45,46
2021-10-07T23:59:59+02:00,5320,4944,38399,36981,53732,48252,54646,53198,65287,65189,75048,75026,54188,59763,37381,48322,11661,22209,4229,3938,35147,33783,50820,44993,52175,50233,62779,62240,72699,72595,52826,58245,36539,47122,11291,21429,588133,559244,79137,75571,105649,101638,36584,45,46
2021-10-06T23:59:59+02:00,5284,4916,38354,36940,53699,48215,54601,53160,65237,65154,75021,75004,54169,59749,37374,48306,11655,22200,4209,3921,35106,33747,50796,44964,52154,50210,62750,62225,72674,72578,52804,58215,36520,47102,11284,21417,587654,558862,79131,75570,105647,101635,36563,45,46
2021-10-05T23:59:59+02:00,5252,4891,38273,36866,53634,48152,54550,53095,65173,65097,74977,74957,54131,59721,37354,48275,11645,22167,4178,3892,35039,33677,50749,44901,52119,50166,62697,62187,72634,72538,52772,58177,36490,47049,11276,21394,586900,558179,79112,75569,105647,101633,36508,45,46
2021-10-04T23:59:59+02:00,5189,4833,38057,36696,53462,48034,54435,52991,65103,65028,74911,74909,54101,59687,37339,48257,11636,22152,4066,3755,34732,33328,50503,44656,51931,49989,62537,62035,72517,72439,52715,58116,36435,46993,11264,21375,585806,555914,79100,75568,105646,101633,36225,45,46
2021-10-03T23:59:59+02:00,5178,4819,38034,36672,53429,47999,54410,52977,65086,65010,74900,74896,54094,59674,37334,48244,11636,22147,4050,3751,34681,33292,50453,44612,51893,49941,62495,61997,72477,72407,52698,58092,36423,46977,11262,21367,585556,555433,79098,75568,105643,101622,36199,45,46
2021-10-02T23:59:59+02:00,5176,4810,38030,36665,53421,47995,54407,52974,65083,65009,74896,74893,54094,59672,37334,48244,11636,22147,4049,3751,34679,33290,50445,44610,51889,49940,62493,61997,72476,72406,52698,58091,36423,46977,11262,21367,585518,555424,79098,75567,105643,101622,36184,45,46
2021-10-01T23:59:59+02:00,5168,4793,37984,36637,53388,47967,54384,52949,65052,64994,74869,74876,54084,59667,37331,48241,11633,22145,4045,3748,34660,33278,50427,44602,51875,49926,62480,61989,72459,72394,52689,58085,36420,46975,11260,21365,585272,555340,79096,75565,105641,101616,36110,45,46
2021-09-30T23:59:59+02:00,5077,4730,37776,36433,53220,47805,54241,52821,64947,64875,74799,74818,54069,59637,37320,48224,11630,22138,3968,3673,34517,33127,50334,44475,51799,49812,62395,61896,72392,72335,52677,58055,36412,46950,11257,21355,583745,554759,79078,74956,105638,101611,36057,44,46
2021-09-29T23:59:59+02:00,5054,4709,37741,36392,53172,47757,54203,52774,64915,64837,74769,74790,54052,59614,37309,48213,11626,22126,3952,3656,34489,33091,50306,44449,51777,49791,62374,61866,72370,72315,52668,58046,36407,46940,11255,21347,583283,554471,79066,74952,105638,101606,36024,44,46
2021-09-28T23:59:59+02:00,5031,4685,37680,36335,53131,47705,54168,52732,64871,64794,74724,74755,54014,59578,37290,48191,11618,22115,3938,3640,34433,33053,50273,44420,51751,49769,62348,61846,72333,72285,52639,58008,36385,46913,11252,21335,582724,554079,79064,74946,105638,101601,35949,44,46
2021-09-27T23:59:59+02:00,4955,4625,37482,36157,52946,47539,54046,52622,64768,64687,74627,74676,53985,59550,37278,48173,11616,22104,3805,3481,34007,32665,49965,44096,51522,49520,62150,61660,72203,72159,52598,57948,36364,46882,11250,21325,581667,551563,79043,74945,105638,101600,35446,44,46
2021-09-26T23:59:59+02:00,4952,4619,37460,36127,52917,47521,54032,52606,64752,64677,74615,74666,53978,59539,37277,48170,11616,22099,3796,3474,33992,32658,49953,44081,51516,49511,62136,61654,72195,72152,52594,57940,36363,46877,11248,21321,581493,551451,79023,74937,105636,101598,35429,44,46
2021-09-25T23:59:59+02:00,4949,4616,37454,36123,52914,47517,54028,52603,64750,64673,74611,74664,53977,59536,37276,48169,11616,22098,3796,3473,33989,32658,49952,44081,51516,49510,62136,61653,72193,72152,52594,57939,36363,46877,11248,21321,581450,551445,79021,74937,105636,101598,35425,44,46
2021-09-24T23:59:59+02:00,4946,4613,37435,36109,52893,47503,54006,52591,64731,64662,74598,74654,53970,59533,37273,48165,11616,22094,3792,3467,33979,32643,49937,44072,51496,49495,62123,61647,72175,72143,52587,57932,36357,46870,11248,21319,581331,551339,79021,74935,105633,101597,35365,44,46
2021-09-23T23:59:59+02:00,4817,4493,37030,35688,52541,47170,53714,52318,64488,64445,74412,74524,53908,59477,37244,48121,11607,22074,3759,3425,33794,32473,49718,43919,51327,49391,61972,61542,72059,72067,52551,57907,36333,46849,11246,21311,578996,550668,78978,74913,105633,101594,34422,44,46
2021-09-22T23:59:59+02:00,4788,4470,36988,35632,52473,47093,53646,52258,64421,64392,74353,74472,53879,59454,37236,48104,11605,22069,3742,3413,33758,32430,49675,43862,51267,49340,61917,61502,72012,72034,52533,57889,36327,46838,11244,21310,578558,550410,78970,74910,105630,101593,34134,43,46
2021-09-21T23:59:59+02:00,4772,4447,36930,35583,52406,47028,53601,52208,64355,64341,74295,74418,53836,59422,37222,48078,11600,22060,3721,3399,33725,32378,49641,43815,51228,49295,61871,61464,71973,71993,52504,57865,36316,46820,11243,21303,578004,550044,78961,74908,105628,101588,33968,43,46
2021-09-20T23:59:59+02:00,4668,4383,36591,35279,52082,46720,53365,51983,64142,64151,74136,74305,53771,59367,37201,48043,11593,22054,3516,3211,33214,31945,49263,43478,50943,48989,61616,61253,71806,71841,52448,57800,36293,46775,11236,21293,576153,547333,78956,74903,105627,101582,33057,43,45
2021-09-19T23:59:59+02:00,4655,4378,36578,35268,52071,46712,53351,51971,64130,64146,74126,74294,53768,59361,37198,48040,11592,22054,3506,3203,33193,31928,49259,43468,50935,48977,61602,61242,71794,71831,52442,57796,36292,46773,11236,21290,576047,547210,78949,74899,105624,101581,33032,43,45
2021-09-18T23:59:59+02:00,4655,4378,36576,35267,52069,46711,53351,51970,64130,64146,74125,74294,53768,59361,37198,48040,11592,22054,3505,3203,33190,31928,49255,43466,50935,48977,61602,61242,71793,71831,52441,57796,36292,46773,11236,21290,576045,547204,78949,74899,105624,101581,33026,43,45
2021-09-17T23:59:59+02:00,4648,4365,36560,35243,52047,46693,53340,51951,64113,64137,74110,74275,53759,59354,37195,48035,11591,22053,3504,3199,33180,31911,49243,43456,50931,48968,61598,61238,71785,71819,52434,57794,36292,46772,11236,21288,575881,547151,78949,74899,105624,101579,32974,43,45
2021-09-16T23:59:59+02:00,4497,4214,36190,34880,51791,46393,53128,51686,63929,63952,73952,74125,53704,59294,37178,48000,11588,22041,3436,3158,33052,31805,49161,43349,50852,48886,61537,61183,71734,71786,52419,57780,36283,46760,11235,21284,573439,546315,78492,74819,105623,101574,32947,43,45
2021-09-15T23:59:59+02:00,4454,4176,36122,34806,51746,46340,53062,51630,63879,63903,73912,74082,53686,59273,37168,47990,11587,22035,3393,3126,32998,31755,49111,43297,50795,48836,61491,61139,71704,71755,52411,57759,36273,46751,11235,21278,573064,545979,78405,74804,105623,101561,32718,43,45
2021-09-14T23:59:59+02:00,4413,4136,36059,34752,51696,46269,53020,51579,63833,63857,73867,74040,53661,59254,37153,47971,11585,22031,3347,3098,32932,31684,49066,43248,50761,48790,61437,61101,71668,71714,52388,57735,36264,46737,11234,21275,572520,545424,78335,74798,105622,101554,32658,43,45
2021-09-13T23:59:59+02:00,4263,3957,35687,34318,51422,45951,52801,51345,63623,63647,73731,73914,53606,59184,37115,47937,11584,22023,3057,2846,32464,31212,48832,42998,50579,48589,61290,60918,71527,71603,52335,57676,36248,46701,11228,21265,569913,542431,77907,74719,105621,101548,32625,43,45
2021-09-12T23:59:59+02:00,4254,3947,35664,34302,51406,45928,52783,51328,63609,63630,73722,73904,53603,59178,37110,47936,11584,22022,3040,2838,32438,31194,48816,42980,50569,48581,61279,60903,71511,71591,52328,57668,36242,46699,11225,21265,569763,542275,77891,74711,105610,101533,32604,43,44
2021-09-11T23:59:59+02:00,4251,3944,35660,34298,51405,45926,52777,51321,63607,63625,73720,73898,53599,59173,37110,47934,11584,22022,3037,2837,32429,31190,48813,42977,50565,48577,61276,60899,71508,71588,52326,57666,36242,46697,11225,21265,569736,542254,77891,74711,105610,101533,32575,43,44
2021-09-10T23:59:59+02:00,4250,3943,35546,34197,51209,45774,52584,51179,63431,63510,73586,73808,53561,59134,37090,47916,11582,22017,3027,2827,32302,31078,48613,42813,50367,48440,61086,60776,71374,71494,52284,57623,36220,46676,11222,21260,569676,542100,77889,74708,105609,101530,31101,43,43
2021-09-09T23:59:59+02:00,4222,3904,35465,34129,51153,45703,52523,51091,63373,63452,73546,73770,53538,59106,37076,47897,11580,22013,2994,2796,32208,31010,48569,42764,50315,48399,61045,60742,71333,71461,52265,57609,36212,46661,11221,21256,569064,541617,77854,74701,105590,101508,30991,43,43
2021-09-08T23:59:59+02:00,4197,3884,35431,34087,51128,45672,52505,51064,63339,63419,73525,73747,53531,59091,37069,47886,11580,22010,2976,2780,32149,30980,48530,42738,50287,48367,61009,60714,71317,71441,52252,57596,36202,46650,11218,21238,568715,541241,77854,74700,105590,101496,30964,43,43
2021-09-07T23:59:59+02:00,4184,3870,35391,34043,51095,45641,52481,51038,63314,63395,73489,73717,53519,59075,37053,47872,11578,22004,2954,2762,32102,30931,48495,42702,50247,48330,60985,60684,71284,71412,52239,57580,36193,46637,11215,21234,568340,540823,77853,74698,105590,101488,30934,43,43
2021-09-06T23:59:59+02:00,4008,3686,34911,33572,50717,45250,52215,50736,63086,63154,73330,73567,53456,58994,37034,47832,11575,21995,2913,2707,31895,30748,48291,42545,50104,48189,60871,60565,71189,71324,52193,57534,36177,46618,11210,21221,565526,539964,77853,74696,105590,101484,30107,43,43
2021-09-05T23:59:59+02:00,4000,3674,34892,33557,50713,45242,52203,50728,63074,63144,73315,73562,53451,58986,37028,47825,11573,21991,2905,2697,31875,30729,48272,42530,50091,48181,60860,60555,71179,71319,52187,57522,36174,46613,11209,21219,565389,539825,77852,74694,105590,101470,30085,43,43
2021-09-04T23:59:59+02:00,4000,3674,34891,33557,50712,45242,52202,50727,63074,63144,73315,73562,53451,58986,37028,47825,11573,21991,2905,2697,31874,30727,48272,42530,50089,48179,60860,60555,71178,71319,52187,57522,36174,46613,11209,21219,565387,539821,77852,74692,105590,101470,30083,43,43
2021-09-03T23:59:59+02:00,3952,3627,34727,33423,50558,45117,52091,50609,62925,63021,73190,73462,53411,58938,37007,47804,11569,21988,2828,2608,31599,30535,48068,42361,49917,48012,60654,60383,71033,71173,52133,57465,36149,46590,11207,21215,565247,539687,77253,73445,105579,101457,29298,43,43
2021-09-02T23:59:59+02:00,3926,3597,34667,33375,50523,45076,52059,50576,62885,62981,73151,73435,53391,58926,36998,47786,11569,21982,2812,2583,31529,30473,48018,42313,49876,47968,60599,60331,70992,71146,52115,57450,36140,46582,11206,21210,564834,539294,77231,73441,105579,101348,29217,43,43
2021-09-01T23:59:59+02:00,3910,3583,34639,33342,50500,45049,52041,50554,62865,62948,73124,73417,53382,58917,36995,47778,11569,21981,2784,2564,31479,30434,47985,42285,49845,47943,60567,60307,70969,71115,52096,57431,36130,46575,11206,21207,564570,538946,77227,73435,105578,101321,29177,43,43
2021-08-31T23:59:59+02:00,3883,3570,34599,33294,50474,45013,52013,50522,62837,62916,73094,73385,53361,58895,36987,47765,11566,21981,2775,2552,31419,30401,47958,42260,49822,47925,60539,60291,70954,71088,52082,57421,36127,46568,11203,21201,564178,538669,77227,73431,105577,101312,29131,43,43
2021-08-30T23:59:59+02:00,3657,3360,34011,32776,50050,44632,51663,50176,62545,62655,72888,73207,53278,58809,36956,47718,11563,21973,2717,2492,31135,30137,47659,42026,49596,47755,60354,60160,70800,70984,52014,57375,36108,46537,11200,21194,561174,537571,77227,73428,105576,101302,27899,42,43
2021-08-29T23:59:59+02:00,3651,3352,33989,32756,50033,44623,51647,50157,62535,62641,72878,73191,53270,58804,36954,47711,11563,21971,2711,2491,31114,30116,47636,41999,49575,47738,60337,60143,70788,70973,52011,57366,36105,46536,11200,21192,561031,537450,77225,73426,105575,101258,27854,42,43
2021-08-28T23:59:59+02:00,3651,3352,33986,32756,50028,44622,51646,50155,62534,62638,72876,73190,53268,58802,36954,47711,11563,21971,2711,2488,31105,30107,47631,41997,49572,47735,60334,60139,70785,70971,52010,57362,36105,46536,11200,21192,561022,537414,77225,73425,105575,101258,27840,42,43
2021-08-27T23:59:59+02:00,3647,3346,33977,32737,50025,44618,51635,50148,62527,62633,72859,73184,53264,58799,36953,47710,11562,21970,2703,2485,31087,30089,47623,41987,49563,47726,60327,60131,70773,70970,52008,57361,36104,46535,11199,21192,560947,537336,77225,73423,105575,101255,27806,42,43
2021-08-26T23:59:59+02:00,3622,3318,33937,32685,49998,44582,51594,50099,62481,62609,72827,73154,53254,58789,36946,47708,11561,21966,2629,2391,30789,29820,47403,41775,49387,47570,60211,60030,70689,70899,51974,57328,36087,46511,11197,21188,560598,535509,77198,73417,105574,101190,27719,42,43
2021-08-25T23:59:59+02:00,3581,3294,33886,32640,49971,44536,51558,50070,62442,62574,72791,73130,53245,58771,36941,47693,11560,21965,2366,2170,30032,29118,46958,41361,49060,47278,59987,59805,70513,70748,51907,57252,36065,46476,11188,21180,560165,531171,77198,73414,105574,101167,27670,42,42
2021-08-24T23:59:59+02:00,3541,3271,33827,32581,49940,44494,51530,50022,62397,62525,72747,73083,53224,58746,36928,47680,11558,21957,2289,2106,29798,28895,46826,41229,48952,47171,59895,59711,70428,70649,51861,57205,36045,46464,11184,21177,559673,529732,77195,73408,105572,101133,27570,42,42
2021-08-23T23:59:59+02:00,3236,3003,33188,31958,49514,44095,51188,49716,62072,62228,72454,72851,53127,58657,36889,47617,11547,21948,2229,2053,29377,28500,46440,40931,48710,46959,59626,59501,70204,70502,51785,57134,36021,46421,11178,21171,556599,528280,77191,73405,105570,101128,25887,42,42
2021-08-22T23:59:59+02:00,3225,2995,33177,31952,49504,44085,51180,49710,62067,62221,72449,72849,53123,58654,36887,47615,11547,21947,2225,2050,29352,28482,46420,40922,48700,46948,59615,59493,70197,70498,51776,57130,36018,46418,11178,21171,556533,528179,77187,73396,105565,101114,25862,41,42
2021-08-21T23:59:59+02:00,3223,2995,33172,31950,49502,44084,51179,49707,62064,62220,72448,72848,53123,58654,36887,47615,11547,21947,2224,2048,29338,28470,46415,40918,48694,46944,59611,59493,70197,70497,51775,57130,36018,46418,11178,21171,556518,528139,77187,73389,105565,101114,25855,41,42
2021-08-20T23:59:59+02:00,3207,2984,33048,31855,49310,43947,51006,49598,61883,62091,72301,72766,53075,58612,36872,47597,11544,21943,2197,2034,28796,27970,45936,40548,48413,46734,59354,59308,69991,70372,51690,57072,35988,46390,11174,21164,556291,526436,77187,73214,105565,100882,24557,40,42
2021-08-19T23:59:59+02:00,3180,2961,32996,31815,49276,43911,50958,49558,61838,62053,72252,72727,53049,58592,36865,47582,11540,21936,2109,1952,27854,27116,45151,39946,47987,46373,59019,59033,69715,70150,51590,56983,35946,46342,11169,21159,555875,522059,77152,72240,105560,100790,24463,40,42
2021-08-18T23:59:59+02:00,3159,2942,32946,31771,49241,43876,50919,49522,61794,62016,72207,72700,53020,58575,36851,47568,11539,21931,2010,1854,26561,25817,44224,39073,47281,45633,58338,58449,69230,69694,51402,56763,35869,46249,11157,21142,555442,516530,77131,69032,105557,100734,24408,40,42
2021-08-17T23:59:59+02:00,3135,2919,32877,31707,49195,43808,50876,49487,61747,61970,72171,72659,52997,58551,36838,47556,11536,21926,1881,1744,25274,24426,43347,38382,46679,45151,57804,58007,68797,69368,51267,56579,35793,46170,11141,21128,554892,510909,77126,66947,105556,100698,24342,40,42
2021-08-16T23:59:59+02:00,3123,2898,32860,31688,49171,43785,50867,49469,61727,61952,72149,72644,52987,58543,36836,47545,11534,21922,1789,1659,23837,23036,42445,37539,46399,44857,57578,57746,68589,69209,51194,56493,35762,46126,11139,21114,554661,504548,77123,66914,105554,100684,24323,40,42
2021-08-15T23:59:59+02:00,3115,2886,32846,31670,49160,43779,50857,49458,61711,61936,72134,72632,52983,58534,36833,47545,11534,21922,1505,1402,21408,20583,41690,36997,46032,44482,57247,57447,68303,68952,51082,56391,35725,46070,11136,21104,554524,495806,77122,66734,105544,100668,24306,40,42
2021-08-14T23:59:59+02:00,3115,2885,32841,31667,49154,43777,50854,49456,61706,61933,72130,72625,52983,58534,36832,47545,11534,21922,1503,1394,21382,20556,41652,36965,46015,44467,57232,57435,68290,68941,51080,56388,35724,46069,11136,21103,554514,495613,77120,66733,105544,100668,24276,40,42
2021-08-13T23:59:59+02:00,3101,2868,32798,31638,49130,43764,50832,49439,61673,61902,72108,72605,52977,58527,36829,47540,11533,21919,1478,1369,21262,20469,41563,36867,45953,44415,57184,57395,68249,68908,51063,56376,35715,46061,11135,21101,554357,495019,77119,66730,105543,100647,24125,40,42
2021-08-12T23:59:59+02:00,3083,2838,32751,31589,49098,43722,50795,49410,61619,61875,72072,72570,52962,58508,36812,47531,11532,21916,1393,1309,20790,20157,40611,36055,45584,44085,56965,57216,68072,68744,50990,56293,35685,46017,11130,21094,553949,490780,77115,66726,105540,100602,24040,40,42
2021-08-11T23:59:59+02:00,3041,2807,32695,31544,49065,43688,50770,49386,61592,61844,72044,72542,52940,58482,36800,47522,11531,21909,1169,1129,19894,19273,39282,34865,44979,43506,56604,56888,67779,68470,50868,56156,35647,45958,11128,21081,553534,483354,77109,66721,105540,100579,23980,40,42
2021-08-10T23:59:59+02:00,3025,2788,32642,31499,49034,43656,50741,49353,61572,61803,72006,72497,52918,58466,36789,47499,11530,21904,923,885,18864,18307,37183,32997,44092,42629,56149,56488,67388,68123,50718,56003,35586,45862,11123,21061,553074,473098,77108,66719,105539,100560,23962,40,42
2021-08-09T23:59:59+02:00,3010,2781,32613,31475,49006,43636,50713,49334,61552,61786,71986,72476,52908,58457,36784,47489,11528,21903,493,474,17439,16895,34197,30577,43426,41997,55741,56125,67055,67796,50575,55854,35535,45812,11118,21043,552822,460911,77106,66715,105534,100548,23936,40,42
2021-08-08T23:59:59+02:00,3007,2781,32599,31462,48994,43629,50708,49328,61541,61778,71982,72475,52907,58454,36784,47486,11528,21902,490,471,17411,16865,34176,30562,43389,41967,55727,56112,67046,67791,50570,55849,35534,45809,11117,21042,552758,460727,77106,66709,105521,100529,23921,40,42
2021-08-07T23:59:59+02:00,3006,2776,32591,31451,48992,43621,50702,49327,61538,61775,71975,72473,52906,58452,36783,47486,11528,21902,487,467,17379,16832,34150,30542,43353,41936,55705,56094,67035,67784,50565,55847,35532,45809,11117,21041,552708,460489,77106,66706,105521,100528,23910,40,42
2021-08-06T23:59:59+02:00,2917,2684,32243,31223,48732,43427,50443,49097,61250,61570,71701,72306,52774,58349,36729,47434,11525,21893,479,465,17170,16688,33438,30059,42881,41567,55362,55867,66726,67606,50435,55753,35483,45773,11114,21034,552636,458807,75994,66415,105517,100525,22111,40,42
2021-08-05T23:59:59+02:00,2871,2645,32083,31104,48640,43339,50363,49042,61197,61525,71649,72265,52748,58330,36720,47417,11523,21891,451,432,16937,16436,31577,28624,41837,40611,55088,55521,66513,67433,50371,55676,35460,45734,11107,21025,551755,451990,75991,66340,105507,100401,22060,40,42
2021-08-04T23:59:59+02:00,2796,2569,31818,30912,48452,43201,50213,48932,61119,61448,71585,72209,52718,58290,36707,47402,11520,21886,425,409,16652,16188,31231,28400,40646,39535,54699,55189,66334,67281,50308,55594,35430,45706,11104,21018,550456,447668,75990,66321,105505,100328,21791,36,41
2021-08-03T23:59:59+02:00,2609,2388,31303,30446,48201,42954,50037,48740,60958,61277,71439,72062,52664,58218,36685,47373,11510,21872,375,345,16214,15740,30642,27871,38910,37914,54008,54543,66000,66969,50212,55465,35383,45654,11099,21008,547505,439983,75988,66313,105502,100309,21706,36,41
2021-08-02T23:59:59+02:00,2498,2293,30989,30161,48000,42771,49884,48612,60851,61171,71351,71980,52631,58186,36663,47354,11509,21869,333,312,15909,15469,30305,27517,36767,36089,53449,54028,65793,66794,50140,55380,35361,45626,11097,21004,545565,433134,75985,66308,105497,100199,21691,36,41
2021-08-01T23:59:59+02:00,2494,2289,30977,30152,47981,42758,49871,48603,60838,61161,71341,71974,52626,58177,36659,47354,11509,21869,320,302,15784,15344,30168,27400,34465,34235,53152,53775,65700,66725,50099,55340,35354,45607,11096,21002,545502,427685,75981,66303,105450,100174,21665,36,41
2021-07-31T23:59:59+02:00,2494,2289,30972,30148,47979,42756,49869,48603,60837,61161,71341,71972,52623,58174,36659,47354,11509,21868,319,302,15770,15332,30132,27373,34453,34228,53134,53767,65688,66720,50095,55335,35354,45606,11095,21001,545483,427531,75981,66302,105449,100170,21660,36,41
2021-07-30T23:59:59+02:00,2480,2284,30925,30102,47947,42735,49845,48579,60803,61131,71305,71954,52614,58163,36659,47354,11509,21866,317,297,15608,15028,29865,27058,34271,33980,52933,53473,65522,66517,50049,55289,35344,45594,11095,20999,545309,427157,75975,66292,105446,98259,21490,36,41
2021-07-29T23:59:59+02:00,2448,2264,30768,30008,47861,42674,49793,48512,60741,61089,71258,71908,52594,58144,36651,47338,11506,21861,294,275,15290,14746,29549,26837,32984,33032,52148,52859,65166,66249,49950,55196,35301,45537,11090,20991,544635,424443,75968,63551,105435,98114,21345,36,41
2021-07-28T23:59:59+02:00,2401,2227,30615,29898,47777,42606,49719,48438,60668,61010,71191,71851,52570,58106,36632,47319,11505,21856,263,255,14885,14369,29109,26522,32613,32701,51438,52244,64774,65923,49855,55093,35267,45480,11074,20972,543683,420291,75964,63496,105427,97729,21280,36,41
2021-07-27T23:59:59+02:00,2323,2154,30375,29630,47626,42427,49574,48300,60556,60886,71091,71763,52512,58046,36604,47280,11497,21848,187,165,14240,13714,28344,25891,31862,32047,50185,51148,64039,65356,49667,54886,35199,45365,11067,20952,541852,411942,75954,63470,105421,97631,21230,36,41
2021-07-26T23:59:59+02:00,2262,2099,30172,29399,47508,42298,49499,48216,60491,60822,71039,71717,52486,58014,36592,47267,11495,21839,150,138,13877,13339,27984,25599,31246,31633,48627,49773,63062,64528,49462,54681,35131,45284,11057,20939,540617,404212,75951,63463,105417,97599,21195,36,41
2021-07-25T23:59:59+02:00,2016,1897,29351,28724,47114,41981,49212,47929,60257,60597,70855,71559,52430,57939,36565,47225,11494,21831,147,136,13784,13278,27887,25534,31162,31565,48507,49709,62974,64476,49439,54663,35124,45275,11057,20938,536429,403570,75951,63455,105410,97438,21151,36,41
2021-07-24T23:59:59+02:00,1935,1829,29094,28493,46964,41875,49095,47828,60099,60479,70726,71479,52381,57909,36547,47205,11492,21831,146,130,13650,13161,27687,25398,31000,31435,48293,49540,62810,64382,49395,54633,35109,45258,11055,20936,535733,402952,75948,63452,105409,97437,20136,36,41
2021-07-23T23:59:59+02:00,1820,1709,28764,28167,46720,41719,48841,47615,59847,60293,70523,71352,52306,57838,36528,47169,11488,21822,136,122,13397,12927,27255,25079,30617,31127,47689,49053,62481,64143,49311,54567,35087,45215,11050,20927,534730,400525,75573,63398,105398,97434,18785,36,41
2021-07-22T23:59:59+02:00,1808,1702,28683,28087,46580,41579,48625,47403,59669,60149,70404,71223,52263,57801,36512,47152,11488,21822,118,117,13168,12664,26917,24746,30263,30807,45760,47490,61675,63442,49215,54465,35049,45171,11047,20917,534413,393812,74424,63247,105354,97207,18724,36,41
2021-07-21T23:59:59+02:00,1774,1660,28421,27880,46192,41241,48032,46847,59084,59670,69948,70834,52092,57641,36454,47094,11479,21809,103,107,12744,12214,26334,24203,29687,30239,42024,44243,60188,62169,49046,54284,34985,45088,11037,20890,533855,382147,71153,62729,105200,96759,17909,36,41
2021-07-20T23:59:59+02:00,1751,1645,28301,27744,46128,41183,47984,46808,59028,59622,69894,70788,52058,57613,36437,47069,11474,21802,87,80,12244,11679,25597,23512,29032,29488,38569,41249,58641,60704,48842,54061,34903,44995,11019,20870,533167,371731,71131,59349,105182,96637,17814,36,41
2021-07-19T23:59:59+02:00,1746,1644,28274,27704,46106,41171,47970,46796,59015,59606,69882,70786,52056,57609,36437,47065,11472,21802,86,78,12196,11646,25530,23477,28997,29454,38524,41216,58600,60677,48838,54053,34902,44992,11016,20869,533022,371404,71130,59333,105165,96584,17789,36,41
2021-07-18T23:59:59+02:00,1742,1637,28249,27679,46082,41161,47958,46787,59009,59597,69875,70778,52054,57608,36436,47064,11472,21801,86,77,12133,11620,25445,23435,28937,29421,38463,41189,58540,60635,48836,54048,34899,44991,11016,20869,532901,371064,71128,59302,105157,96465,17768,36,41
2021-07-17T23:59:59+02:00,1742,1635,28226,27665,46068,41149,47947,46782,59001,59591,69868,70774,52050,57604,36435,47064,11472,21801,84,75,12105,11606,25411,23399,28904,29402,38440,41171,58504,60611,48826,54040,34897,44991,11016,20869,532818,370813,71127,59298,105156,96461,17738,36,41
2021-07-16T23:59:59+02:00,1727,1614,27961,27472,45779,40984,47715,46613,58700,59389,69636,70633,51944,57533,36391,47028,11467,21799,84,72,11855,11411,25076,23159,28598,29173,38039,40896,57996,60188,48689,53927,34845,44941,11010,20865,532503,369606,71126,59294,105023,96185,15698,36,41
2021-07-15T23:59:59+02:00,1629,1501,27497,27087,45518,40749,47568,46500,58560,59276,69534,70547,51903,57491,36376,47005,11466,21792,76,65,11555,11180,24594,22820,28231,28903,37646,40615,55945,58140,48518,53725,34786,44857,11002,20854,530181,362653,71124,59201,105015,95973,15644,36,41
2021-07-14T23:59:59+02:00,1462,1369,26931,26548,45213,40458,47363,46315,58376,59079,69373,70401,51841,57432,36351,46975,11460,21787,70,57,11362,10985,24185,22463,27878,28583,37123,40213,54724,56959,48380,53574,34735,44793,10994,20832,527005,358932,71118,57530,104996,95827,15580,36,41
2021-07-13T23:59:59+02:00,1175,1064,25979,25653,44720,40046,47004,45994,58053,58794,69100,70155,51730,57306,36308,46920,11456,21772,58,42,11018,10643,23654,21910,27255,27994,35742,39023,50584,53050,48016,53186,34604,44643,10977,20803,521616,349642,71111,52322,104993,95723,15474,36,41
2021-07-12T23:59:59+02:00,711,667,24602,24400,44160,39561,46804,45779,57840,58600,68917,69985,51668,57215,36291,46894,11454,21764,50,39,10780,10534,23451,21771,27001,27858,35491,38853,50141,52629,47941,53100,34573,44607,10977,20797,515732,348170,71110,52294,104987,94639,15449,35,41
2021-07-11T23:59:59+02:00,708,662,24583,24379,44128,39540,46786,45766,57826,58587,68903,69982,51666,57212,36288,46890,11453,21764,48,39,10685,10445,23229,21644,26735,27759,35180,38771,49424,52142,46454,51510,34483,44499,10977,20795,515644,347656,71106,52246,104971,89508,15368,35,41
2021-07-10T23:59:59+02:00,706,657,24575,24373,44123,39531,46783,45763,57820,58586,68903,69981,51666,57212,36288,46890,11453,21764,45,38,10672,10434,23207,21623,26721,27748,35158,38766,49410,52137,46440,51494,34481,44498,10977,20795,515609,347547,71104,52245,104969,89453,15358,35,41
2021-07-09T23:59:59+02:00,699,647,24124,23913,43844,39291,46716,45703,57760,58545,68851,69956,51649,57199,36285,46882,11452,21763,45,38,10590,10263,23111,21434,26660,27538,35090,38549,49344,52033,46418,51469,34477,44495,10977,20794,513847,346309,71100,52232,104962,89407,15336,35,41
2021-07-08T23:59:59+02:00,633,581,23037,22911,43047,38693,46466,45501,57553,58402,68654,69817,51571,57133,36257,46859,11450,21755,40,33,10331,10073,22734,21179,26263,27272,34610,38235,48734,51509,46080,51102,34407,44417,10970,20772,509177,342721,71073,52079,104904,88788,15132,35,41
2021-07-07T23:59:59+02:00,580,535,21716,21523,42308,38007,46241,45279,57313,58210,68488,69656,51487,57050,36220,46805,11442,21741,33,29,9958,9764,21859,20586,25151,26479,32773,36865,47814,50621,45580,50564,34300,44277,10961,20754,503797,337777,70900,47696,104883,87868,14987,35,40
2021-07-06T23:59:59+02:00,523,472,20482,20243,41453,37363,45764,44927,56917,57904,68160,69399,51388,56924,36176,46754,11434,21732,25,24,9565,9384,20990,19990,24185,25820,31287,35670,46612,49417,44798,49779,34164,44101,10948,20734,499316,330428,68965,45595,104863,86593,14837,35,40
2021-07-05T23:59:59+02:00,486,444,19070,18869,40587,36560,45547,44700,56733,57701,67999,69272,51332,56868,36155,46725,11432,21725,23,20,9273,9128,20433,19604,23516,25397,30647,35242,45853,48799,44043,48988,34034,43912,10939,20722,493589,324637,68963,45573,104856,85559,14764,34,40
2021-07-04T23:59:59+02:00,479,438,17280,16867,40247,36332,45459,44625,56647,57632,67919,69203,51300,56842,36145,46704,11430,21723,23,20,9211,9075,20293,19541,23344,25319,30388,35164,45058,48669,42677,47635,33955,43838,10937,20716,488765,324176,68937,45528,104841,81424,14695,34,40
2021-07-03T23:59:59+02:00,479,436,17258,16836,40198,36285,45440,44608,56642,57627,67912,69196,51298,56839,36145,46704,11430,21722,22,20,9167,9031,20225,19472,23282,25253,30305,35084,44837,48493,42608,47559,33910,43779,10934,20716,488569,323210,68935,45527,104840,81243,14677,34,40
2021-07-02T23:59:59+02:00,459,413,17141,16725,39733,35902,45324,44508,56588,57586,67864,69165,51286,56834,36139,46692,11430,21721,22,18,9005,8858,19900,19189,22890,24874,29887,34668,44210,47846,42404,47330,33811,43643,10928,20712,487059,320196,68917,44492,104838,80806,14662,34,39
2021-07-01T23:59:59+02:00,407,373,16833,16441,37997,34570,44750,44008,56327,57376,67689,68996,51206,56743,36111,46654,11426,21713,17,13,8628,8459,19037,18476,21921,24019,28502,33474,41177,44871,41406,46245,33196,42916,10911,20683,481574,312686,68841,39610,104816,77261,14355,34,39
2021-06-30T23:59:59+02:00,359,328,16543,16194,35813,32748,44127,43379,56103,57181,67485,68804,51125,56651,36082,46600,11422,21697,16,12,8267,8125,18362,17848,21031,23186,27221,32208,36528,39997,40325,45097,32535,42127,10890,20656,474737,302173,68796,33579,104796,74362,14278,34,39
2021-06-29T23:59:59+02:00,319,291,16317,15993,34818,31666,43675,42934,55921,57017,67313,68655,51049,56578,36043,46556,11414,21690,14,9,7683,7518,17231,16918,19773,21969,25519,30527,33783,36867,37472,42048,31791,41235,10867,20618,470532,285952,68788,33530,104782,68209,14113,34,38
2021-06-28T23:59:59+02:00,310,269,16166,15833,33107,30258,43354,42640,55755,56876,67198,68548,51003,56526,36025,46535,11411,21678,13,7,7379,7260,16674,16541,19380,21654,25010,30139,33194,36365,36093,40556,31003,40300,10863,20607,466115,282903,68763,33478,104761,62800,13819,34,38
2021-06-27T23:59:59+02:00,310,269,16145,15807,32956,30171,43291,42613,55719,56867,67172,68540,50999,56522,36022,46534,11411,21677,12,7,7335,7231,16538,16474,19216,21591,24810,30065,32967,36225,34833,39281,29374,38376,10862,20606,465796,282732,68759,33439,104755,55913,13681,34,38
2021-06-26T23:59:59+02:00,308,267,16121,15779,32933,30153,43245,42569,55694,56851,67166,68537,50998,56521,36019,46533,11411,21677,11,7,7331,7218,16518,16463,19200,21580,24777,30042,32947,36205,34819,39267,29372,38373,10862,20606,465558,282533,68755,33439,104755,55908,13680,34,38
2021-06-25T23:59:59+02:00,301,265,16060,15728,32811,30052,43052,42409,55637,56805,67124,68513,50988,56510,36015,46532,11411,21677,11,7,7142,6940,16233,15955,18931,20924,24407,29109,32558,35481,34657,39049,29349,38342,10862,20606,464710,279842,68751,33428,104738,53598,13657,34,38
2021-06-24T23:59:59+02:00,280,252,15786,15522,32355,29761,41582,41164,55170,56449,66891,68352,50933,56454,35999,46504,11406,21667,10,7,6820,6706,15533,15508,17479,19902,22323,27548,31457,34584,34251,38621,29225,38160,10850,20591,460135,270116,68746,33375,104734,53168,12878,34,38
2021-06-23T23:59:59+02:00,265,235,15504,15228,31849,29360,39479,39340,54626,55905,66640,68132,50844,56345,35959,46458,11401,21654,9,5,6614,6540,15169,15232,16953,19453,21438,26746,29754,33217,33493,37765,29033,37919,10843,20576,453064,262284,68695,33283,104729,52452,12702,34,38
2021-06-22T23:59:59+02:00,243,200,15122,14835,31184,28727,36042,36293,53713,55101,66338,67827,50737,56223,35920,46401,11397,21640,6,4,6431,6326,14765,14902,16148,18733,20020,25430,28147,31560,32691,36788,28493,37313,10825,20544,442130,252158,68662,33198,104722,51337,12395,34,38
2021-06-21T23:59:59+02:00,228,194,14878,14657,30497,28263,33881,34328,53248,54675,66159,67709,50656,56149,35894,46379,11392,21635,6,4,6334,6242,14604,14782,15976,18595,19899,25317,28038,31472,32535,36648,27282,36076,10825,20541,435297,251469,68640,33149,104691,48360,12160,34,38
2021-06-20T23:59:59+02:00,221,193,14753,14567,28595,26922,33271,33879,53159,54580,66090,67672,50633,56121,35886,46375,11391,21633,6,4,5877,5942,13657,14141,15142,18002,19342,24960,27721,31269,32368,36465,27255,36045,10823,20537,430911,246443,68636,33114,104688,48288,11673,33,38
2021-06-19T23:59:59+02:00,215,188,14728,14534,28478,26837,33242,33852,53137,54564,66074,67661,50627,56112,35884,46370,11390,21631,6,4,5664,5782,13096,13732,14534,17522,19013,24758,27526,31098,32289,36365,27238,36031,10823,20537,430501,242918,68634,33109,104688,48285,11668,33,38
2021-06-18T23:59:59+02:00,213,179,14638,14450,28371,26767,31991,32949,52770,54257,65940,67567,50596,56078,35866,46344,11386,21627,6,4,5597,5704,12995,13647,14368,17395,18777,24529,26706,30430,32082,36128,27172,35955,10819,20530,429993,239964,65668,32995,104678,48230,11617,33,38
2021-06-17T23:59:59+02:00,199,163,14261,14185,27782,26514,31503,32688,51982,53691,65516,67301,50515,55977,35832,46303,11380,21614,5,4,5216,5446,12212,13172,13579,16783,17686,23600,24547,28467,31440,35391,26973,35678,10802,20515,426785,230941,65662,32717,104654,47547,10273,32,38
2021-06-16T23:59:59+02:00,170,135,13833,13778,27319,26157,31058,32332,51170,52989,65061,66911,50396,55857,35803,46246,11369,21602,5,4,4849,5008,11495,12502,12785,16088,16582,22477,21575,25600,30368,34182,26675,35274,10787,20474,421919,216882,65616,32688,104646,47150,9973,32,37
2021-06-15T23:59:59+02:00,107,82,13201,13152,26574,25579,30279,31737,49917,51924,64348,66386,50218,55659,35736,46134,11360,21583,5,4,4352,4380,10530,11565,11630,14708,14853,20774,18142,22293,28994,32744,26288,34752,10762,20430,414205,198256,65596,32570,104641,46841,9502,32,37
2021-06-14T23:59:59+02:00,77,61,12795,12778,26162,25254,29617,31270,48125,50454,63297,65553,50002,55433,35659,46058,11352,21571,5,4,4251,4324,10353,11432,11488,14576,14676,20651,17948,22133,28921,32663,26270,34724,10758,20427,406330,197810,65586,32298,104641,46530,8929,32,37
2021-06-13T23:59:59+02:00,76,60,12751,12734,26091,25218,29554,31244,48072,50429,63262,65529,49996,55430,35657,46054,11351,21568,5,4,4095,4245,10025,11301,11165,14465,14378,20538,17547,21789,27407,31019,26130,34529,10754,20416,406127,197059,65510,27622,104634,46321,8773,32,37
2021-06-12T23:59:59+02:00,76,59,12733,12717,26075,25208,29542,31232,48012,50358,63220,65494,49995,55427,35657,46054,11351,21568,5,4,4092,4236,10010,11284,11156,14450,14359,20521,17525,21780,27366,30974,26125,34524,10754,20416,405831,196871,65510,27620,104632,46280,8773,32,37
2021-06-11T23:59:59+02:00,74,56,12632,12590,25948,25093,29419,31106,47774,50131,63088,65375,49971,55401,35646,46043,11349,21566,5,4,3999,3964,9492,10094,10727,13540,14071,19965,17252,21303,26958,30550,26033,34442,10751,20414,404555,195826,65500,27615,104591,41502,8584,32,37
2021-06-10T23:59:59+02:00,66,49,12390,12370,25624,24808,29073,30837,46698,49114,62354,64805,49886,55305,35612,45991,11339,21553,5,3,3729,3598,8724,8849,9835,11899,12767,17200,15459,17693,25233,28626,25737,34135,10745,20390,399664,190293,65443,27176,104388,28775,8347,32,36
2021-06-09T23:59:59+02:00,52,37,12096,12046,25215,24402,28675,30444,44684,47290,61264,63867,49781,55182,35566,45937,11334,21535,5,3,3479,3473,8299,8597,9322,11579,12250,16807,14746,17093,21395,24302,25510,33833,10733,20364,391676,178696,65316,26827,104386,28236,7997,32,34
2021-06-08T23:59:59+02:00,46,26,11664,11505,24547,23779,28016,29779,41512,44445,59486,62231,49610,54990,35492,45846,11324,21513,5,3,3269,3337,7899,8342,8703,11206,11587,16388,14087,16447,16012,18340,25119,33308,10715,20334,378989,163486,65253,26494,104376,27930,7161,32,30
2021-06-07T23:59:59+02:00,41,19,11500,11308,24197,23502,27731,29571,38886,42517,59059,61869,49576,54959,35480,45825,11322,21507,5,3,3173,3266,7593,8170,8383,11029,11014,15937,13582,15968,15935,18260,25088,33257,10713,20327,373326,163166,64826,24669,104367,27520,6318,32,30
2021-06-06T23:59:59+02:00,38,18,11364,11203,23874,23271,27519,29399,37291,41333,58934,61791,49552,54930,35472,45811,11322,21505,5,3,3073,3214,7317,8081,8116,10860,10274,15255,12982,15346,15783,18148,25074,33234,10711,20327,372919,163049,61448,21503,104356,27350,5872,32,29
2021-06-05T23:59:59+02:00,36,17,11345,11183,23830,23231,27484,29372,37262,41319,58834,61707,49542,54923,35470,45809,11322,21502,5,3,3060,3202,7293,8047,8085,10842,10242,15240,12937,15323,15661,17983,25069,33226,10710,20326,372575,162609,61445,21502,104356,27334,5780,32,29
2021-06-04T23:59:59+02:00,36,15,11163,10924,23471,22766,27206,28976,36834,40871,58214,61167,49508,54882,35460,45791,11320,21496,5,2,3036,3187,7264,8029,8061,10824,10211,15216,12903,15289,15449,17776,25058,33205,10708,20325,370777,162022,59175,21489,104342,27236,5774,32,27
2021-06-03T23:59:59+02:00,34,14,10944,10707,23010,22376,26779,28642,35734,40045,55452,58818,49378,54722,35417,45727,11315,21481,5,2,2944,3109,7055,7874,7604,10527,9180,14583,11651,14582,14263,16302,24879,32987,10696,20306,366825,158654,54254,17754,104291,26922,5193,32,26
2021-06-02T23:59:59+02:00,34,14,10906,10670,22973,22343,26744,28616,35700,40004,55323,58660,49364,54697,35411,45720,11315,21480,5,2,2902,3079,6999,7853,7542,10492,9024,14542,11423,14518,12905,14814,24761,32814,10692,20299,366227,154819,54248,17743,104290,26900,5178,31,26
2021-06-01T23:59:59+02:00,21,7,10489,10321,22316,21832,26059,28035,34979,39424,52320,55512,48975,54289,35292,45556,11299,21454,5,2,2446,2721,5646,7172,6268,9916,7625,13870,10287,13555,8591,9242,24281,32132,10669,20246,355463,136606,54065,17373,104271,26319,4350,31,26
2021-05-31T23:59:59+02:00,20,6,10210,10091,21740,21438,25651,27786,34656,39221,50868,54114,48876,54165,35258,45516,11292,21446,5,2,2335,2602,5356,6930,6005,9695,7260,13630,10030,13394,8540,9180,24255,32083,10661,20233,350723,135831,54021,17252,104246,25754,3333,31,26
2021-05-30T23:59:59+02:00,19,6,10153,10042,21647,21398,25586,27752,34544,39151,50502,53772,48851,54140,35252,45510,11290,21443,5,2,2298,2572,5251,6852,5905,9627,7072,13542,9803,13297,8494,9130,24239,32076,10660,20228,349533,135236,54000,17078,104230,25449,3264,31,26
2021-05-29T23:59:59+02:00,18,6,10139,10030,21613,21378,25569,27739,34523,39138,50489,53754,48847,54136,35249,45509,11290,21443,5,2,2278,2520,5208,6725,5845,9497,6955,13344,9664,13075,8423,9038,24172,32009,10659,20227,349375,134954,54000,17026,104209,24385,3255,31,26
2021-05-28T23:59:59+02:00,18,6,10079,9960,21536,21266,25488,27618,34445,39038,50409,53656,48825,54118,35240,45501,11290,21439,5,2,2196,2254,4594,6190,5222,8778,6588,12381,9168,12080,8245,8839,23800,31528,10658,20224,348517,133451,53987,16929,104150,19099,3248,30,25
2021-05-27T23:59:59+02:00,17,6,9811,9713,21009,20890,24944,27257,33921,38660,49796,53046,48654,53927,35170,45427,11286,21419,3,2,1955,1988,4018,5672,4545,8177,6079,11611,8220,10754,7739,8178,22233,29374,10642,20202,344231,127778,53576,15796,104044,14721,3072,30,25
2021-05-26T23:59:59+02:00,17,6,9535,9465,20290,20325,24071,26586,32657,37634,49032,52341,48400,53638,35094,45316,11274,21395,3,1,1898,1915,3921,5545,4413,8013,5870,11350,7894,10370,7177,7452,19790,25940,10622,20158,339514,119274,50605,15543,103991,14555,2936,30,24
2021-05-25T23:59:59+02:00,16,6,9270,9229,19878,19969,23632,26194,32145,37116,48138,51362,48102,53319,35006,45174,11262,21366,3,1,1832,1865,3802,5446,4273,7864,5661,11125,7580,10047,6551,6610,15647,20544,10602,20100,333919,107031,50523,15500,103919,14205,2793,30,24
2021-05-24T23:59:59+02:00,15,6,9054,9070,19309,19678,22859,25806,30636,36102,47913,51191,48010,53219,34977,45144,11260,21365,3,1,1806,1847,3756,5415,4208,7822,5595,11065,7503,9990,6525,6585,15633,20535,10602,20100,332335,106910,46729,15486,103859,13911,2661,30,23
2021-05-23T23:59:59+02:00,15,6,8846,8863,18954,19387,22436,25458,30213,35781,47322,50678,47577,52764,34874,44998,11252,21356,3,1,1804,1846,3746,5410,4203,7816,5584,11057,7492,9981,6520,6574,15633,20533,10602,20100,327508,106848,46727,15484,103857,13892,2658,30,23
2021-05-22T23:59:59+02:00,15,6,8815,8826,18903,19344,22389,25426,30160,35750,47215,50608,47558,52741,34871,44989,11249,21356,3,1,1803,1842,3733,5398,4199,7810,5579,11050,7485,9977,6517,6572,15630,20532,10602,20100,326963,106811,46727,15484,103856,13870,2645,30,23
2021-05-21T23:59:59+02:00,14,6,8539,8471,18463,18830,22026,24780,29732,34941,46728,49941,47469,52616,34833,44946,11246,21351,3,1,1738,1801,3656,5359,4154,7774,5546,11003,7443,9928,6487,6546,15552,20435,10601,20099,321752,106492,46696,15483,103832,13506,2622,30,23
2021-05-20T23:59:59+02:00,13,6,7966,7927,17520,18038,21019,23865,28411,33737,44981,48116,47029,52154,34725,44790,11228,21332,3,1,1438,1637,3348,5071,3888,7387,5246,10524,7060,9474,6252,6288,14232,18887,10577,20060,310146,102719,46608,14998,103604,11164,2469,30,23
2021-05-19T23:59:59+02:00,13,6,7701,7613,16916,17436,20116,22987,27179,32475,43184,46026,46498,51598,34575,44567,11207,21300,3,1,1372,1551,3149,4857,3680,7133,5020,10172,6763,9144,5968,5954,12013,16026,10559,19999,298991,96458,46567,14522,103558,10111,2251,30,22
2021-05-18T23:59:59+02:00,12,6,7175,7075,15763,16413,18845,21739,25672,30844,40495,42793,45668,50651,34339,44263,11182,21258,3,1,1349,1525,3089,4786,3605,7012,4885,10040,6582,8932,5702,5676,10305,13846,10535,19945,283206,91307,45363,14471,103450,9873,2145,29,22
2021-05-17T23:59:59+02:00,12,6,7097,7012,15579,16302,18629,21571,25271,30516,38745,41155,45557,50571,34291,44198,11172,21234,3,1,1316,1502,3032,4739,3540,6953,4815,9936,6487,8831,5660,5636,10291,13828,10531,19937,282983,91234,40597,14190,103406,9689,1903,29,22
2021-05-16T23:59:59+02:00,11,5,6982,6959,15458,16214,18500,21464,25091,30401,35762,38386,45521,50536,34269,44174,11169,21229,3,1,1293,1483,2988,4699,3492,6895,4732,9866,6393,8752,5629,5599,10279,13812,10529,19934,282700,91186,34447,13924,103286,9578,1669,29,22
2021-05-15T23:59:59+02:00,11,5,6957,6929,15397,16156,18454,21422,25023,30356,35726,38345,45498,50509,34262,44169,11169,21229,3,1,1280,1458,2956,4628,3473,6826,4713,9785,6370,8701,5623,5595,10274,13811,10529,19934,282214,91129,34446,13920,103272,9233,1656,29,22
2021-05-14T23:59:59+02:00,11,4,6784,6558,15049,15661,18140,21002,24685,29895,35481,37995,45469,50478,34252,44164,11169,21227,3,1,1221,1398,2876,4525,3422,6723,4649,9634,6287,8571,5594,5550,10261,13801,10529,19933,281148,91042,34295,13899,100961,8425,1591,29,21
2021-05-13T23:59:59+02:00,11,4,6429,6230,14293,15080,17430,20368,23825,29152,34712,37323,45182,50134,34173,44041,11165,21216,3,1,1050,1312,2681,4412,3305,6601,4507,9462,6164,8425,5551,5512,10244,13784,10525,19928,274732,90884,33962,13818,100745,7444,1302,27,19
2021-05-12T23:59:59+02:00,11,4,6031,5958,13321,14409,16409,19565,23160,28715,34404,37039,45000,49938,34142,44010,11162,21213,3,1,1047,1310,2674,4405,3287,6597,4502,9452,6155,8420,5543,5505,10241,13779,10523,19927,268483,90819,33951,13806,100741,7439,1289,27,18
2021-05-11T23:59:59+02:00,11,4,5653,5733,12731,13958,14607,18123,20207,26190,32089,34711,43945,48679,33817,43538,11133,21163,3,0,985,1235,2556,4230,3177,6358,4384,9163,6038,8194,5471,5425,10199,13717,10515,19909,251191,90338,33672,13589,100295,6508,1107,27,17
2021-05-10T23:59:59+02:00,11,4,5503,5634,12459,13831,14253,17898,19404,25620,30714,33688,43414,48064,33759,43449,11125,21144,3,0,942,1176,2457,4065,3083,6157,4259,8900,5915,7995,5433,5392,10187,13700,10511,19900,245709,90225,33461,13529,99984,5511,793,27,17
2021-05-09T23:59:59+02:00,11,4,5100,5395,11273,13303,13252,17536,18376,25288,30169,33398,43358,47991,33733,43435,11122,21136,3,0,917,1144,2359,3958,2994,6019,4127,8724,5821,7891,5424,5378,10180,13695,10506,19896,240387,90177,33388,13487,99643,4921,435,27,16
2021-05-08T23:59:59+02:00,11,4,5088,5387,11251,13283,13226,17517,18346,25256,30128,33354,43350,47980,33732,43431,11122,21136,3,0,913,1137,2346,3951,2989,6019,4123,8718,5818,7888,5421,5375,10177,13690,10506,19896,240117,90151,33386,13487,99642,4886,430,27,16
2021-05-07T23:59:59+02:00,11,4,4987,5304,11022,13115,12939,17296,17739,24656,29178,32460,43156,47739,33676,43359,11118,21130,3,0,883,1106,2312,3896,2946,5969,4070,8664,5734,7835,5374,5327,10164,13681,10506,19895,237611,90015,31497,13483,99534,4630,221,26,16
2021-05-06T23:59:59+02:00,11,4,4574,5019,10352,12698,12180,16629,16142,23212,26631,30067,42455,46990,33509,43122,11102,21109,3,0,824,1050,2178,3649,2777,5659,3875,8190,5535,7512,5322,5273,10141,13653,10504,19889,228842,89830,28155,13169,98720,2956,63,26,16
2021-05-05T23:59:59+02:00,11,4,4265,4789,9751,12253,11460,16046,15041,22184,23778,27305,41473,45884,33226,42736,11084,21067,3,0,808,1026,2115,3524,2719,5503,3781,7979,5439,7376,5272,5218,10104,13613,10502,19886,215808,89563,27972,13031,98499,2205,53,25,16
2021-05-04T23:59:59+02:00,11,4,3916,4337,9085,11561,10688,15206,13737,20931,20173,23897,40125,44423,32852,42212,11061,21028,3,0,790,995,2046,3408,2648,5368,3688,7826,5342,7252,5233,5172,10073,13584,10500,19883,198752,89338,27954,12732,98471,1679,46,24,16
2021-05-03T23:59:59+02:00,11,4,3673,3918,8677,11068,10207,14581,13203,20276,19448,23248,39858,44171,32773,42108,11058,21013,3,0,776,965,1978,3307,2589,5260,3628,7711,5290,7165,5217,5159,10057,13566,10497,19878,192893,89193,27942,12721,98407,1087,29,24,16
2021-05-02T23:59:59+02:00,11,4,3671,3916,8656,11058,10197,14571,13182,20264,19430,23237,39855,44170,32772,42107,11057,21013,3,0,772,948,1947,3226,2542,5164,3581,7586,5270,7100,5213,5155,10056,13562,10497,19876,192796,89174,27928,12689,98400,597,23,24,15
2021-05-01T23:59:59+02:00,11,4,3668,3908,8643,11044,10188,14560,13174,20262,19417,23228,39855,44168,32771,42107,11057,21013,3,0,771,948,1946,3226,2541,5164,3581,7586,5270,7100,5213,5155,10056,13562,10496,19876,192706,89173,27926,12687,98400,597,22,24,15
2021-04-30T23:59:59+02:00,11,3,3645,3883,8598,11009,10144,14521,13112,20223,19315,23075,39586,43845,32750,42086,11056,21013,3,0,766,943,1931,3218,2540,5156,3578,7579,5268,7093,5210,5152,10052,13561,10496,19876,191779,89146,27657,12684,98394,556,21,24,15
2021-04-29T23:59:59+02:00,11,3,3375,3709,8161,10737,9596,14236,12612,19858,18577,22344,36522,40394,32488,41720,11045,20977,3,0,753,929,1882,3157,2490,5090,3512,7439,5177,6993,5170,5117,10029,13518,10494,19870,186218,88939,21820,12528,98286,123,18,23,15
2021-04-28T23:59:59+02:00,11,3,3208,3643,7894,10626,9200,14061,12232,19623,18092,21910,32735,36077,32270,41418,11032,20955,3,0,736,913,1856,3118,2445,5042,3474,7382,5112,6929,5104,5055,9977,13459,10491,19860,175047,88726,21666,12088,98241,115,13,23,14
2021-04-27T23:59:59+02:00,10,3,3127,3577,7633,10497,8848,13887,11748,19398,17612,21418,27167,29882,31894,40911,11011,20922,3,0,726,899,1824,3081,2409,4996,3420,7323,5057,6853,5054,4985,9942,13406,10487,19851,159688,88512,21644,11666,98177,112,13,23,13
2021-04-26T23:59:59+02:00,10,3,3070,3541,7489,10433,8680,13827,11517,19332,17087,21031,27131,29848,31880,40896,11011,20922,3,0,703,867,1756,3022,2340,4941,3351,7232,4959,6748,4954,4910,9864,13322,10485,19848,159102,88379,21426,10789,97145,111,13,22,13
2021-04-25T23:59:59+02:00,10,3,3033,3524,7329,10382,8444,13777,11185,19289,16253,20562,25578,28184,31826,40832,11011,20919,3,0,703,866,1750,3017,2332,4938,3345,7224,4955,6739,4950,4905,9856,13311,10485,19848,158617,88355,21417,10751,92072,95,13,22,13
2021-04-24T23:59:59+02:00,10,3,3029,3518,7314,10367,8432,13769,11171,19279,16231,20544,25532,28121,31823,40826,11010,20918,3,0,703,866,1750,3016,2332,4938,3344,7224,4955,6739,4950,4903,9854,13310,10485,19848,158405,88348,21413,10751,92044,95,13,22,13
2021-04-23T23:59:59+02:00,10,3,3011,3501,7274,10323,8385,13727,11104,19220,16170,20479,25111,27617,31790,40770,11007,20915,3,0,693,858,1732,3007,2316,4909,3293,7186,4855,6642,4810,4780,9682,13111,10479,19833,157216,88054,21276,10016,91890,94,13,22,12
2021-04-22T23:59:59+02:00,9,3,2930,3422,7080,10137,7846,13320,9894,18422,14613,19430,23093,25182,31577,40501,10988,20885,3,0,628,808,1618,2895,2189,4743,3133,7013,4671,6441,4653,4606,9170,12453,10442,19754,152399,86133,15976,8987,90925,75,13,19,12
2021-04-21T23:59:59+02:00,9,3,2878,3374,6957,10050,7636,13164,9526,18181,14141,18983,20577,22046,31276,40112,10969,20859,3,0,579,783,1538,2816,2102,4652,3006,6870,4508,6277,4469,4426,8598,11684,10396,19661,145390,84327,15203,7949,90116,67,13,19,12
2021-04-20T23:59:59+02:00,9,3,2838,3335,6850,9961,7498,13053,9274,17963,13648,18591,17185,17981,30962,39638,10952,20825,3,0,549,748,1466,2752,2016,4571,2903,6748,4373,6116,4280,4230,7728,10464,10326,19510,136530,81384,14959,7314,89045,62,13,19,10
2021-04-19T23:59:59+02:00,9,3,2823,3326,6803,9921,7445,13017,9198,17889,13510,18473,16851,17599,30928,39602,10950,20820,3,0,490,708,1345,2656,1916,4473,2768,6589,4175,5925,4025,3929,5872,8017,10107,19105,136207,75496,14762,6527,88166,58,13,19,9
2021-04-18T23:59:59+02:00,9,3,2807,3312,6725,9895,7340,12966,9000,17822,12670,18343,15439,16192,30860,39540,10946,20813,3,0,484,702,1334,2648,1901,4462,2735,6560,4114,5874,3949,3858,5458,7384,10059,19021,135985,73991,14619,6479,84046,54,13,19,9
2021-04-17T23:59:59+02:00,9,3,2797,3308,6707,9872,7310,12945,8968,17783,12637,18323,15387,16142,30806,39468,10945,20813,3,0,484,699,1334,2646,1900,4458,2731,6555,4111,5870,3948,3856,5453,7383,10058,19020,135630,73954,14618,6479,83943,54,13,19,9
2021-04-16T23:59:59+02:00,9,3,2784,3294,6673,9857,7257,12905,8893,17731,12529,18219,15139,15860,30287,38819,10942,20805,3,0,483,696,1329,2641,1891,4456,2725,6549,4103,5862,3942,3850,5436,7354,10056,19018,134098,73852,14610,6468,83267,52,13,18,9
2021-04-15T23:59:59+02:00,9,3,2730,3239,6541,9759,7067,12726,8550,17458,12052,17753,14079,14638,28162,36008,10923,20782,3,0,474,690,1325,2615,1877,4432,2702,6521,4060,5809,3885,3776,5403,7300,10048,19005,128162,73531,14334,6330,79953,43,12,18,9
2021-04-14T23:59:59+02:00,8,1,2674,3187,6447,9664,6921,12566,8276,17190,11619,17291,12896,13255,23442,29928,10902,20726,3,0,470,683,1311,2605,1864,4413,2680,6496,4018,5771,3837,3723,5340,7244,10017,18967,115763,73225,14299,6174,76902,23,12,17,8
2021-04-13T23:59:59+02:00,8,1,2623,3151,6319,9579,6768,12431,7998,16939,11193,16866,10232,10331,20352,25753,10879,20682,3,0,453,659,1264,2562,1813,4350,2572,6395,3836,5608,3625,3538,5190,7105,10008,18944,107312,72875,14104,5011,70660,19,12,17,8
2021-04-12T23:59:59+02:00,8,1,2602,3137,6259,9550,6661,12345,7805,16810,10944,16656,8869,8836,19530,24778,10877,20673,3,0,447,651,1245,2545,1796,4325,2538,6355,3786,5556,3561,3490,5155,7064,10003,18922,107182,72736,14049,4670,65081,16,12,17,8
2021-04-11T23:59:59+02:00,8,1,2575,3127,6162,9524,6545,12308,7640,16760,10746,16554,7591,7559,17799,22800,10875,20670,3,0,446,651,1244,2543,1796,4324,2537,6355,3782,5551,3556,3489,5149,7062,10003,18922,107109,72722,14042,4658,58065,14,11,17,8
2021-04-10T23:59:59+02:00,8,1,2574,3125,6153,9519,6536,12303,7634,16755,10739,16546,7582,7547,17789,22793,10875,20670,3,0,446,647,1241,2540,1795,4321,2535,6351,3779,5550,3547,3475,5141,7047,10003,18922,107024,72660,14042,4651,58056,14,10,17,8
2021-04-09T23:59:59+02:00,8,1,2512,3026,6017,9312,6382,12041,7376,16348,10426,16050,7424,7342,17672,22614,10874,20668,3,0,441,642,1223,2527,1769,4303,2502,6300,3700,5468,3429,3365,4999,6951,9998,18920,106546,72569,14012,3941,55508,12,10,17,8
2021-04-08T23:59:59+02:00,8,1,2433,2954,5922,9192,6279,11911,7205,16163,10170,15861,7226,7082,16403,21153,10863,20637,3,0,434,636,1207,2493,1743,4266,2474,6228,3646,5402,3351,3318,4918,6846,9976,18874,102881,72116,13658,3670,54897,11,10,17,8
2021-04-07T23:59:59+02:00,8,1,2406,2918,5849,9120,6186,11836,7072,16062,9927,15710,6927,6755,14075,18202,10842,20590,3,0,428,634,1196,2480,1730,4242,2460,6188,3578,5343,3278,3265,4859,6784,9967,18844,96707,71829,13497,3422,54258,10,10,14,8
2021-04-06T23:59:59+02:00,8,1,2389,2888,5752,9053,6096,11756,6918,15949,9687,15528,6570,6392,11963,15583,10815,20531,3,0,424,627,1188,2453,1719,4219,2434,6150,3513,5279,3192,3215,4813,6731,9961,18826,91647,71583,13197,3138,53013,10,8,14,8
2021-04-05T23:59:59+02:00,8,1,2381,2878,5733,9036,6085,11737,6903,15929,9667,15501,6444,6292,10685,14286,10814,20530,3,0,420,620,1184,2438,1713,4203,2418,6118,3480,5238,3163,3177,4792,6686,9954,18808,91563,71390,13160,3001,50166,9,7,14,8
2021-04-04T23:59:59+02:00,8,1,2381,2877,5730,9032,6083,11737,6901,15929,9665,15500,6439,6287,10685,14284,10814,20530,3,0,420,619,1184,2437,1713,4203,2417,6118,3480,5238,3162,3177,4789,6686,9953,18807,91553,71382,13157,3000,50153,9,7,13,8
2021-04-03T23:59:59+02:00,8,1,2378,2870,5723,9024,6077,11732,6897,15925,9662,15497,6436,6282,10678,14281,10814,20530,3,0,420,619,1184,2437,1713,4203,2417,6118,3480,5237,3162,3177,4789,6686,9953,18807,91494,71381,13155,3000,50146,9,7,13,8
2021-04-02T23:59:59+02:00,8,1,2376,2868,5718,9017,6075,11729,6893,15924,9658,15495,6432,6275,10663,14252,10813,20529,3,0,417,617,1183,2437,1712,4202,2415,6118,3479,5230,3137,3160,4779,6677,9953,18807,91409,71303,13152,2999,50145,9,7,13,8
2021-04-01T23:59:59+02:00,8,1,2355,2865,5687,8987,6032,11686,6852,15869,9603,15439,6338,6178,10367,13903,10790,20480,3,0,415,601,1180,2431,1705,4191,2399,6101,3452,5209,3071,3111,4716,6601,9875,18689,90418,70731,13129,2996,49874,9,6,13,8
2021-03-31T23:59:59+02:00,8,1,2322,2838,5612,8919,5963,11591,6750,15757,9469,15305,6195,6035,9815,13154,10743,20386,3,0,410,595,1174,2419,1699,4175,2392,6088,3432,5175,3039,3078,4666,6542,9817,18587,88426,70277,12913,2994,49507,9,4,13,7
2021-03-30T23:59:59+02:00,8,1,2302,2820,5565,8860,5900,11515,6676,15658,9372,15162,6007,5820,8902,11806,10665,20203,3,0,408,590,1170,2415,1686,4158,2373,6066,3398,5131,2981,3009,4575,6444,9685,18345,85327,69568,12533,2852,49368,9,3,11,5
2021-03-29T23:59:59+02:00,7,1,2235,2765,5463,8747,5790,11367,6508,15427,9136,14907,5647,5445,6950,9271,10438,19773,3,0,400,587,1159,2404,1672,4146,2348,6039,3368,5075,2911,2942,4452,6338,9477,18004,79204,68595,11725,2713,48935,9,3,10,5
2021-03-28T23:59:59+02:00,7,1,2213,2752,5419,8686,5715,11289,6420,15341,9018,14787,5521,5292,6302,8331,10371,19655,3,0,390,579,1143,2388,1645,4119,2301,5978,3312,4985,2827,2862,4338,6199,9401,17863,76888,68135,11466,2187,48753,5,3,10,3
2021-03-27T23:59:59+01:00,7,1,2212,2745,5410,8680,5711,11274,6405,15319,9007,14775,5493,5265,6291,8327,10371,19653,3,0,390,579,1141,2387,1644,4114,2297,5975,3303,4978,2821,2859,4322,6174,9319,17714,76779,67823,11466,2186,48688,5,3,10,3
2021-03-26T23:59:59+01:00,7,1,2195,2724,5373,8641,5672,11224,6328,15249,8857,14625,5328,5116,6120,8145,10368,19644,3,0,386,571,1133,2374,1628,4085,2269,5939,3269,4924,2760,2795,4133,5914,8602,16515,76431,65141,10629,2148,48544,5,3,10,3
2021-03-25T23:59:59+01:00,7,0,2078,2644,5196,8426,5470,10947,6120,14944,8616,14336,5164,4963,6023,8023,10365,19636,3,0,377,556,1113,2348,1605,4055,2223,5881,3194,4845,2661,2688,3755,5419,7439,14741,75971,60966,9674,1928,47301,4,2,10,3
2021-03-24T23:59:59+01:00,7,0,1993,2596,5045,8265,5309,10754,5954,14705,8409,14105,5024,4804,5909,7905,10359,19625,3,0,373,544,1100,2320,1572,4000,2164,5815,3105,4745,2524,2574,3323,4801,6019,12491,75590,55887,8511,1577,46655,4,2,10,3
2021-03-23T23:59:59+01:00,7,0,1916,2545,4934,8142,5208,10613,5833,14513,8290,13936,4941,4720,5842,7845,10352,19606,3,0,362,518,1081,2285,1539,3942,2120,5725,3023,4653,2435,2480,2869,4156,4066,9205,75194,49026,7764,1428,46273,3,2,10,3
2021-03-22T23:59:59+01:00,7,0,1854,2481,4796,8007,5073,10436,5673,14280,8098,13723,4834,4605,5772,7737,10335,19565,2,0,335,501,1053,2247,1494,3868,2054,5615,2921,4501,2318,2327,2336,3456,1463,4940,74690,40238,6726,1187,45849,1,2,9,3
2021-03-21T23:59:59+01:00,7,0,1852,2475,4785,7993,5059,10425,5657,14263,8068,13698,4812,4590,5755,7725,10330,19564,2,0,334,501,1048,2233,1485,3839,2036,5577,2896,4451,2277,2278,2294,3415,1446,4894,74665,40096,6674,904,45708,1,2,9,3
2021-03-20T23:59:59+01:00,7,0,1852,2475,4783,7992,5058,10423,5656,14262,8060,13692,4811,4588,5747,7716,10330,19564,2,0,334,500,1048,2233,1485,3839,2036,5577,2894,4450,2276,2275,2294,3415,1445,4894,74650,40092,6674,899,45681,1,2,9,3
2021-03-19T23:59:59+01:00,7,0,1800,2230,4275,6712,4650,9443,5387,13704,7840,13291,4684,4488,5677,7649,10329,19564,2,0,333,500,1048,2233,1485,3838,2035,5576,2893,4450,2274,2274,2288,3408,1443,4892,74586,40074,6663,892,40470,1,2,9,3
2021-03-18T23:59:59+01:00,7,0,1745,1978,3859,5656,4121,8068,4572,11163,6479,9956,4315,4186,5471,7425,10308,19526,2,0,332,497,1041,2220,1477,3813,2008,5537,2868,4426,2253,2258,2263,3379,1438,4883,74149,39881,6599,808,28077,1,2,8,3
2021-03-17T23:59:59+01:00,7,0,1739,1969,3847,5630,4104,8038,4548,11097,6428,9882,4276,4139,5428,7379,10300,19498,1,0,329,496,1037,2212,1471,3804,2001,5522,2858,4399,2226,2229,2241,3364,1431,4867,73878,39723,6535,759,27886,1,2,8,3
2021-03-16T23:59:59+01:00,7,0,1715,1936,3788,5548,4035,7932,4420,10935,6220,9684,4052,3949,5285,7220,10293,19474,1,0,326,492,1036,2193,1466,3791,1992,5506,2849,4379,2216,2214,2228,3334,1422,4836,73565,39546,5259,729,27659,1,2,8,3
2021-03-15T23:59:59+01:00,7,0,1705,1916,3764,5511,4009,7894,4369,10866,6141,9598,3965,3882,5228,7158,10284,19447,1,0,323,488,1027,2177,1458,3785,1976,5470,2831,4351,2201,2182,2203,3269,1411,4797,73332,39325,4891,621,27513,1,0,8,3
2021-03-14T23:59:59+01:00,7,0,1699,1906,3755,5501,4004,7878,4360,10835,6132,9575,3957,3871,5222,7150,10283,19445,1,0,323,488,1025,2177,1453,3782,1973,5468,2813,4345,2195,2179,2192,3258,1406,4795,73296,39317,4873,552,27403,1,0,8,3
2021-03-13T23:59:59+01:00,7,0,1695,1900,3740,5478,3997,7868,4340,10824,6118,9559,3954,3868,5219,7147,10283,19445,1,0,323,488,1025,2177,1453,3782,1973,5467,2813,4344,2194,2178,2192,3256,1397,4790,73271,39297,4868,552,27295,1,0,8,3
2021-03-12T23:59:59+01:00,6,0,1657,1842,3231,5332,3481,7751,4206,10699,5892,9268,3784,3721,5076,7034,10257,19397,1,0,318,466,1021,2147,1445,3757,1954,5396,2760,4260,2014,2024,2132,3207,1390,4784,73049,38529,4133,544,25444,0,0,8,3
2021-03-11T23:59:59+01:00,6,0,1550,1703,2849,5072,3043,7495,3925,10284,5259,8375,3556,3546,4967,6913,10217,19341,1,0,317,465,1018,2134,1442,3737,1947,5377,2751,4243,2007,2016,2117,3190,1385,4764,72464,38404,3867,504,21763,0,0,7,3
2021-03-10T23:59:59+01:00,6,0,1518,1669,2810,5027,3005,7436,3868,10196,5149,8258,3430,3440,4849,6799,10169,19274,1,0,315,464,1017,2131,1438,3726,1943,5363,2739,4223,1988,2008,2090,3157,1375,4749,72044,38317,3535,407,21317,0,0,7,3
2021-03-09T23:59:59+01:00,6,0,1508,1653,2773,4999,2983,7392,3829,10136,5067,8179,3329,3352,4765,6710,10060,19062,1,0,312,463,1013,2124,1431,3713,1917,5341,2697,4193,1945,1983,2036,3128,1363,4739,71435,38286,3263,110,21098,0,0,7,3
2021-03-08T23:59:59+01:00,6,0,1492,1638,2744,4970,2954,7361,3806,10088,5043,8117,3287,3312,4688,6646,9879,18758,1,0,311,463,1011,2120,1423,3697,1900,5307,2678,4165,1926,1964,2009,3105,1356,4720,70629,38135,3254,18,20899,0,0,7,3
2021-03-07T23:59:59+01:00,6,0,1479,1627,2714,4927,2919,7313,3770,10027,5001,8058,3252,3278,4622,6544,9801,18612,1,0,311,462,1010,2119,1422,3691,1897,5297,2677,4160,1922,1961,2005,3101,1352,4711,70087,38080,3200,16,20657,0,0,6,3
2021-03-06T23:59:59+01:00,6,0,1478,1626,2709,4915,2916,7304,3762,10020,4983,8042,3242,3268,4599,6505,9710,18440,1,0,311,462,1008,2116,1422,3689,1891,5288,2675,4158,1917,1953,1999,3099,1351,4708,69691,38030,3200,16,20628,0,0,6,2
2021-03-05T23:59:59+01:00,6,0,1405,1550,2610,4754,2859,7145,3677,9813,4883,7846,3192,3208,4379,6215,8990,17230,1,0,311,462,1006,2114,1418,3684,1889,5287,2672,4152,1909,1949,1994,3096,1346,4704,66999,37976,3197,16,19560,0,0,6,2
2021-03-04T23:59:59+01:00,6,0,1233,1444,2444,4554,2690,6874,3509,9469,4625,7504,3075,3082,4014,5756,7796,15386,1,0,309,454,997,2090,1402,3644,1861,5234,2644,4104,1881,1924,1961,3041,1318,4658,62734,37505,3194,16,17527,0,0,6,2
2021-03-03T23:59:59+01:00,6,0,1199,1390,2368,4446,2629,6751,3423,9302,4527,7361,2988,3012,3631,5150,6376,13152,1,0,305,445,986,2067,1390,3616,1847,5184,2589,4049,1831,1888,1933,3008,1302,4628,57586,37051,3166,16,16954,0,0,5,2
2021-03-02T23:59:59+01:00,6,0,1166,1351,2307,4387,2580,6659,3341,9178,4390,7212,2873,2887,3142,4479,4326,9742,1,0,300,436,981,2040,1377,3574,1832,5129,2557,4022,1821,1872,1913,2979,1288,4600,50438,36704,2915,16,16669,0,0,4,2
2021-03-01T23:59:59+01:00,6,0,1107,1322,2245,4325,2507,6573,3246,9050,4248,7025,2739,2751,2567,3729,1545,5195,1,0,299,433,974,2028,1366,3556,1824,5114,2544,4006,1803,1861,1897,2960,1277,4571,41214,36496,2524,16,16438,0,0,4,2
2021-02-28T23:59:59+01:00,6,0,1071,1307,2204,4290,2477,6528,3198,8993,4186,6967,2674,2703,2518,3698,1537,5175,1,0,299,432,971,2021,1364,3543,1821,5100,2538,3997,1796,1850,1884,2948,1269,4556,41117,36372,2231,16,16180,0,0,4,2
2021-02-27T23:59:59+01:00,6,0,1030,1225,2136,4049,2419,6294,3135,8695,4096,6714,2619,2646,2498,3674,1534,5175,1,0,299,432,970,2021,1364,3543,1821,5099,2537,3997,1796,1849,1882,2947,1269,4556,41009,36365,2230,16,14702,0,0,4,2
2021-02-26T23:59:59+01:00,5,0,864,973,1938,3660,2258,5634,2919,7778,3786,5924,2571,2592,2479,3658,1530,5173,1,0,299,432,970,2018,1362,3541,1819,5098,2535,3996,1796,1846,1875,2946,1267,4549,40991,36332,2141,16,10606,0,0,4,2
2021-02-25T23:59:59+01:00,5,0,530,816,1661,3460,2079,5329,2723,7381,3560,5623,2489,2512,2438,3597,1526,5158,1,0,290,411,945,1967,1331,3470,1787,5017,2506,3932,1771,1818,1835,2900,1238,4509,40795,35713,1879,13,8210,0,0,3,2
2021-02-24T23:59:59+01:00,4,0,509,797,1626,3362,2017,5198,2663,7199,3494,5482,2421,2465,2401,3568,1516,5122,1,0,281,406,929,1936,1317,3416,1774,4956,2482,3887,1760,1800,1826,2881,1226,4478,40601,35350,1708,4,7532,0,0,3,2
2021-02-23T23:59:59+01:00,4,0,488,759,1566,3259,1962,5057,2585,7068,3409,5377,2360,2407,2362,3509,1501,5087,1,0,279,402,924,1920,1310,3386,1765,4924,2461,3854,1740,1780,1806,2845,1210,4422,40445,35024,1434,3,6878,0,0,3,2
2021-02-22T23:59:59+01:00,3,0,472,728,1512,3159,1922,4918,2526,6849,3348,5233,2349,2308,2346,3429,1495,5042,1,0,278,399,921,1908,1302,3359,1747,4888,2446,3823,1720,1761,1778,2814,1195,4373,40228,34710,1168,1,6240,0,0,3,2
2021-02-21T23:59:59+01:00,3,0,463,689,1454,3014,1874,4768,2473,6689,3266,5130,2313,2275,2318,3409,1485,5036,1,0,278,398,918,1900,1301,3350,1742,4877,2442,3814,1718,1759,1777,2812,1195,4372,40184,34651,936,1,5536,0,0,3,2
2021-02-20T23:59:59+01:00,3,0,457,683,1445,3010,1869,4768,2470,6686,3261,5126,2310,2274,2318,3408,1483,5036,1,0,278,398,918,1899,1301,3349,1742,4877,2440,3813,1717,1758,1774,2812,1194,4370,40179,34638,931,1,5494,0,0,3,2
2021-02-19T23:59:59+01:00,2,0,434,646,1416,2948,1841,4711,2429,6586,3174,5008,2129,2112,2254,3359,1478,5030,1,0,276,397,917,1897,1300,3348,1742,4872,2437,3812,1716,1757,1772,2811,1194,4369,39426,34615,911,1,5217,0,0,3,2
2021-02-18T23:59:59+01:00,2,0,407,589,1311,2708,1737,4469,2291,6324,3070,4826,2100,2096,2238,3342,1473,5019,1,0,276,391,909,1863,1291,3308,1724,4824,2418,3774,1705,1746,1755,2799,1182,4349,39348,34312,837,1,3814,0,0,3,2
2021-02-17T23:59:59+01:00,2,0,390,557,1273,2577,1680,4294,2222,6083,3010,4677,2081,2077,2214,3322,1459,5009,1,0,266,374,873,1777,1248,3179,1664,4665,2343,3639,1626,1676,1679,2687,1129,4227,39193,33051,786,0,2945,0,0,3,2
2021-02-16T23:59:59+01:00,2,0,372,527,1220,2458,1630,4160,2143,5898,2930,4541,2072,2072,2206,3315,1454,4997,1,0,258,357,852,1695,1193,3042,1601,4462,2272,3460,1575,1622,1615,2585,1097,4091,39133,31776,755,0,2106,0,0,3,2
2021-02-15T23:59:59+01:00,2,0,362,505,1148,2318,1585,4085,2111,5844,2902,4500,2053,2056,2181,3284,1446,4976,1,0,252,338,829,1650,1161,2966,1545,4323,2199,3340,1499,1557,1557,2472,1050,3902,39025,30639,640,0,1690,0,0,3,2
2021-02-14T23:59:59+01:00,2,0,353,499,1124,2262,1522,3924,2070,5751,2871,4461,2047,2053,2169,3274,1443,4969,1,0,246,333,811,1622,1145,2926,1503,4271,2161,3310,1483,1536,1532,2435,1033,3856,39006,30202,571,0,1214,0,0,3,2
2021-02-13T23:59:59+01:00,2,0,353,499,1123,2262,1522,3923,2068,5750,2871,4461,2046,2051,2168,3274,1442,4966,1,0,246,333,811,1622,1145,2926,1502,4269,2160,3310,1481,1533,1531,2434,1033,3855,38995,30191,571,0,1213,0,0,2,1
2021-02-12T23:59:59+01:00,2,0,345,496,1105,2254,1517,3910,2063,5742,2868,4455,2032,2041,2162,3261,1437,4963,1,0,244,332,805,1617,1139,2917,1486,4251,2142,3297,1468,1517,1516,2402,1026,3818,38929,29977,563,0,1159,0,0,2,1
2021-02-11T23:59:59+01:00,2,0,322,472,1042,2158,1464,3783,1969,5479,2784,4336,2001,2008,2122,3193,1407,4905,1,0,224,304,756,1512,1059,2693,1360,3894,1953,2991,1279,1303,1342,2122,912,3447,38530,27151,526,0,389,0,0,2,1
2021-02-10T23:59:59+01:00,2,0,316,463,1020,2118,1425,3705,1915,5318,2690,4156,1930,1958,2074,3151,1385,4879,1,0,199,261,663,1323,931,2306,1174,3291,1709,2571,1116,1125,1190,1871,793,3084,38115,23607,386,0,2,0,0,2,1
2021-02-09T23:59:59+01:00,2,0,310,452,1012,2087,1410,3653,1871,5252,2624,4101,1872,1918,2002,3096,1364,4857,1,0,166,201,562,1062,781,1859,967,2680,1439,2157,964,964,991,1580,669,2634,37814,19676,65,0,2,0,0,2,1
2021-02-08T23:59:59+01:00,2,0,308,450,1009,2080,1399,3637,1863,5229,2604,4084,1858,1907,1983,3078,1358,4832,1,0,116,166,461,847,617,1440,768,2032,1160,1670,771,788,790,1246,532,2152,37657,15556,20,0,2,0,0,2,1
2021-02-07T23:59:59+01:00,2,0,308,450,1007,2079,1398,3632,1860,5226,2597,4081,1852,1898,1967,3070,1354,4824,1,0,106,147,412,703,543,1265,688,1816,1063,1522,695,707,707,1122,455,1909,37586,13860,17,0,0,0,0,2,1
2021-02-06T23:59:59+01:00,2,0,308,450,1006,2078,1398,3629,1860,5224,2597,4078,1852,1897,1962,3068,1351,4822,1,0,105,146,407,700,538,1241,672,1797,1052,1500,692,703,702,1118,454,1905,37563,13733,17,0,0,0,0,2,0
2021-02-05T23:59:59+01:00,2,0,308,449,1004,2075,1394,3620,1856,5210,2591,4072,1851,1896,1954,3059,1341,4808,1,0,101,138,391,682,521,1211,640,1745,1002,1437,655,652,653,1044,427,1811,37471,13111,17,0,0,0,0,2,0
2021-02-04T23:59:59+01:00,2,0,300,432,993,2045,1375,3566,1836,5133,2576,4024,1835,1875,1927,3024,1321,4775,1,0,76,107,290,461,362,819,457,1183,690,978,509,476,506,825,340,1451,37020,9531,17,0,0,0,0,2,0
2021-02-03T23:59:59+01:00,2,0,296,423,974,2019,1359,3528,1822,5084,2542,3981,1815,1852,1912,3000,1307,4759,1,0,60,83,244,393,292,640,348,925,532,729,341,331,368,586,248,1064,36656,7185,17,0,0,0,0,2,0
2021-02-02T23:59:59+01:00,2,0,291,416,968,1990,1351,3495,1811,5037,2519,3946,1797,1836,1884,2959,1285,4708,0,0,40,64,187,310,244,487,266,740,384,560,237,214,234,391,168,700,36276,5226,17,0,0,0,0,2,0
2021-02-01T23:59:59+01:00,2,0,290,414,963,1982,1348,3480,1803,5016,2510,3927,1789,1825,1869,2944,1280,4693,0,0,20,40,138,224,168,312,170,491,240,323,119,109,102,189,78,313,36116,3036,17,0,0,0,0,2,0
2021-01-31T23:59:59+01:00,2,0,289,413,961,1974,1345,3471,1800,4997,2506,3913,1785,1817,1865,2937,1277,4683,0,0,19,35,120,196,151,271,153,411,203,278,100,95,94,161,70,274,36016,2631,17,0,0,0,0,2,0
2021-01-30T23:59:59+01:00,2,0,289,413,961,1974,1345,3471,1800,4997,2506,3913,1784,1817,1865,2936,1277,4682,0,0,19,35,119,196,151,268,150,408,202,278,99,94,94,161,70,274,36013,2618,17,0,0,0,0,2,0
2021-01-29T23:59:59+01:00,2,0,287,410,960,1972,1344,3463,1794,4988,2503,3910,1778,1810,1856,2924,1270,4660,0,0,17,33,117,186,142,260,138,380,170,251,72,70,84,139,63,238,35912,2360,17,0,0,0,0,2,0
2021-01-28T23:59:59+01:00,2,0,284,401,941,1917,1320,3399,1769,4926,2475,3847,1756,1789,1824,2893,1251,4624,0,0,1,0,11,19,8,20,12,45,8,22,6,4,7,10,3,15,35401,191,15,0,0,0,0,2,0
2021-01-27T23:59:59+01:00,2,0,278,383,908,1836,1285,3285,1708,4803,2415,3747,1699,1740,1779,2825,1212,4535,0,0,1,0,5,6,5,12,8,19,4,12,4,4,7,10,3,14,34427,114,11,0,0,0,0,2,0
2021-01-26T23:59:59+01:00,2,0,273,373,898,1821,1271,3245,1690,4747,2385,3680,1666,1708,1740,2753,1194,4444,0,0,1,0,5,6,5,12,8,19,4,12,4,4,7,10,3,14,33881,114,7,0,0,0,0,2,0
2021-01-25T23:59:59+01:00,1,0,262,348,855,1702,1201,3081,1599,4474,2279,3472,1605,1655,1683,2665,1144,4258,0,0,1,0,1,3,1,4,4,2,4,5,4,4,6,9,2,14,32279,64,3,0,0,0,0,2,0
2021-01-24T23:59:59+01:00,1,0,259,345,844,1682,1191,3058,1568,4441,2253,3451,1594,1646,1671,2653,1138,4250,0,0,1,0,1,2,1,4,4,2,4,5,4,4,6,9,2,14,32040,63,3,0,0,0,0,2,0
2021-01-23T23:59:59+01:00,1,0,259,345,844,1682,1190,3057,1568,4437,2252,3450,1593,1646,1670,2652,1137,4245,0,0,1,0,1,2,1,4,4,2,4,5,4,4,6,9,2,14,32023,63,3,0,0,0,0,2,0
2021-01-22T23:59:59+01:00,1,0,258,343,838,1679,1186,3052,1565,4430,2239,3445,1581,1634,1664,2633,1131,4223,0,0,1,0,1,2,1,4,4,2,4,5,4,4,6,9,2,14,31898,63,3,0,0,0,0,1,0
2021-01-21T23:59:59+01:00,1,0,247,332,811,1612,1161,2925,1509,4268,2159,3310,1482,1530,1527,2465,1047,4033,0,0,1,0,1,2,1,4,4,2,4,5,4,3,5,9,1,14,30415,60,3,0,0,0,0,1,0
2021-01-20T23:59:59+01:00,1,0,225,291,737,1456,1069,2608,1376,3809,1985,2955,1359,1382,1403,2266,969,3793,0,0,1,0,1,2,1,4,4,2,3,5,4,3,5,9,1,14,27681,59,2,0,0,0,0,1,0
2021-01-19T23:59:59+01:00,1,0,194,234,636,1208,924,2163,1153,3192,1695,2524,1175,1177,1168,1921,807,3221,0,0,1,0,1,1,1,2,4,1,2,5,4,3,5,9,1,14,23391,54,2,0,0,0,0,0,0
2021-01-18T23:59:59+01:00,1,0,137,186,503,948,713,1647,885,2324,1319,1912,912,945,933,1515,631,2570,0,0,0,0,0,0,0,0,0,0,1,2,2,1,0,0,0,0,18080,6,1,0,0,0,0,0,0
2021-01-17T23:59:59+01:00,1,0,123,161,444,776,628,1424,783,2071,1204,1723,846,866,849,1377,557,2350,0,0,0,0,0,0,0,0,0,0,0,1,0,0,0,0,0,0,16183,1,0,0,0,0,0,0,0
2021-01-16T23:59:59+01:00,1,0,122,160,440,775,626,1416,773,2067,1195,1717,844,861,844,1366,549,2334,0,0,0,0,0,0,0,0,0,0,0,0,0,0,0,0,0,0,16090,0,0,0,0,0,0,0,0
2021-01-15T23:59:59+01:00,1,0,111,153,427,754,599,1377,741,1989,1133,1635,800,807,797,1277,518,2209,0,0,0,0,0,0,0,0,0,0,0,0,0,0,0,0,0,0,15328,0,0,0,0,0,0,0,0
2021-01-14T23:59:59+01:00,1,0,77,114,306,488,398,892,512,1283,776,1073,585,558,579,942,401,1682,0,0,0,0,0,0,0,0,0,0,0,0,0,0,0,0,0,0,10667,0,0,0,0,0,0,0,0
2021-01-13T23:59:59+01:00,1,0,60,87,255,410,322,675,379,982,569,764,369,355,393,638,286,1173,0,0,0,0,0,0,0,0,0,0,0,0,0,0,0,0,0,0,7718,0,0,0,0,0,0,0,0
2021-01-12T23:59:59+01:00,0,0,49,71,208,350,258,547,279,808,413,598,248,226,244,425,192,785,0,0,0,0,0,0,0,0,0,0,0,0,0,0,0,0,0,0,5701,0,0,0,0,0,0,0,0
2021-01-11T23:59:59+01:00,0,0,33,52,180,300,211,444,220,648,303,421,151,131,140,259,106,451,0,0,0,0,0,0,0,0,0,0,0,0,0,0,0,0,0,0,4050,0,0,0,0,0,0,0,0
2021-01-10T23:59:59+01:00,0,0,25,43,158,251,182,366,179,537,254,360,130,110,125,214,94,362,0,0,0,0,0,0,0,0,0,0,0,0,0,0,0,0,0,0,3390,0,0,0,0,0,0,0,0
2021-01-09T23:59:59+01:00,0,0,25,43,157,249,181,363,177,531,253,359,129,109,125,214,94,362,0,0,0,0,0,0,0,0,0,0,0,0,0,0,0,0,0,0,3371,0,0,0,0,0,0,0,0
2021-01-08T23:59:59+01:00,0,0,23,40,154,239,173,353,164,500,223,333,105,93,119,198,87,335,0,0,0,0,0,0,0,0,0,0,0,0,0,0,0,0,0,0,3139,0,0,0,0,0,0,0,0
2021-01-07T23:59:59+01:00,0,0,2,0,5,9,8,15,10,7,18,11,10,11,14,21,3,35,0,0,0,0,0,0,0,0,0,0,0,0,0,0,0,0,0,0,179,0,0,0,0,0,0,0,0
2021-01-06T23:59:59+01:00,0,0,1,0,2,3,1,7,5,2,4,6,6,4,7,10,1,16,0,0,0,0,0,0,0,0,0,0,0,0,0,0,0,0,0,0,75,0,0,0,0,0,0,0,0
2021-01-05T23:59:59+01:00,0,0,1,0,2,3,1,6,5,2,4,5,6,4,6,10,1,15,0,0,0,0,0,0,0,0,0,0,0,0,0,0,0,0,0,0,71,0,0,0,0,0,0,0,0
2021-01-04T23:59:59+01:00,0,0,1,0,1,3,1,5,4,2,4,5,6,4,5,9,1,15,0,0,0,0,0,0,0,0,0,0,0,0,0,0,0,0,0,0,66,0,0,0,0,0,0,0,0
2021-01-03T23:59:59+01:00,0,0,1,0,1,2,1,5,4,2,4,5,5,4,5,9,1,15,0,0,0,0,0,0,0,0,0,0,0,0,0,0,0,0,0,0,64,0,0,0,0,0,0,0,0
2021-01-02T23:59:59+01:00,0,0,1,0,1,2,1,5,4,2,4,5,5,4,5,9,1,15,0,0,0,0,0,0,0,0,0,0,0,0,0,0,0,0,0,0,64,0,0,0,0,0,0,0,0
2021-01-01T23:59:59+01:00,0,0,1,0,1,2,1,4,4,2,4,5,5,4,5,9,1,15,0,0,0,0,0,0,0,0,0,0,0,0,0,0,0,0,0,0,63,0,0,0,0,0,0,0,0
2020-12-31T23:59:59+01:00,0,0,1,0,1,2,1,4,4,2,4,5,5,4,5,9,1,15,0,0,0,0,0,0,0,0,0,0,0,0,0,0,0,0,0,0,63,0,0,0,0,0,0,0,0
2020-12-30T23:59:59+01:00,0,0,1,0,1,2,1,4,4,2,3,5,5,4,5,9,1,15,0,0,0,0,0,0,0,0,0,0,0,0,0,0,0,0,0,0,62,0,0,0,0,0,0,0,0
2020-12-29T23:59:59+01:00,0,0,0,0,1,1,1,2,4,1,2,5,5,4,5,9,1,15,0,0,0,0,0,0,0,0,0,0,0,0,0,0,0,0,0,0,56,0,0,0,0,0,0,0,0
2020-12-28T23:59:59+01:00,0,0,0,0,1,1,1,1,2,0,1,5,4,1,1,0,0,2,0,0,0,0,0,0,0,0,0,0,0,0,0,0,0,0,0,0,20,0,0,0,0,0,0,0,0
2020-12-27T23:59:59+01:00,0,0,0,0,1,1,1,1,2,0,0,3,2,0,1,0,0,2,0,0,0,0,0,0,0,0,0,0,0,0,0,0,0,0,0,0,14,0,0,0,0,0,0,0,0
