Datum,<24_1_m,<24_1_w,25-34_1_m,25-34_1_w,35-44_1_m,35-44_1_w,45-54_1_m,45-54_1_w,55-64_1_m,55-64_1_w,65-74_1_m,65-74_1_w,75-84_1_m,75-84_1_w,>84_1_m,>84_1_w,<24_2_m,<24_2_w,25-34_2_m,25-34_2_w,35-44_2_m,35-44_2_w,45-54_2_m,45-54_2_w,55-64_2_m,55-64_2_w,65-74_2_m,65-74_2_w,75-84_2_m,75-84_2_w,>84_2_m,>84_2_w,bp_1,bp_2,mo_1,mo_2,az_1,az_2,ja
2021-06-14T23:59:59+02:00,14816,14923,26331,25236,29915,32025,49952,52283,62274,64972,47355,53218,33191,43756,9069,17956,4934,5241,10331,11245,11144,14674,15043,20946,17783,21581,26952,30723,26418,35456,8578,16979,400138,192781,64641,31053,103653,45354,8840
2021-06-13T23:59:59+02:00,14768,14880,26277,25203,29855,32003,49911,52251,62246,64957,47350,53215,33189,43753,9068,17953,4767,5151,10031,11134,10864,14578,14761,20841,16955,20668,25997,29777,26323,35315,8575,16972,399978,192097,64573,26720,103646,45210,8682
2021-06-12T23:59:59+02:00,14751,14861,26264,25195,29843,31991,49844,52169,62213,64934,47349,53213,33189,43753,9068,17953,4764,5137,10016,11124,10856,14564,14741,20824,16936,20658,25957,29734,26318,35309,8575,16972,399689,191914,64573,26719,103646,45170,8682
2021-06-11T23:59:59+02:00,14649,14741,26155,25098,29736,31872,49600,51941,62111,64836,47326,53191,33183,43743,9066,17951,4668,4795,9503,10014,10465,13712,14466,20304,16650,20221,25573,29328,26251,35252,8573,16969,398530,190889,64565,26715,103611,40647,8493
2021-06-10T23:59:59+02:00,14382,14513,25853,24819,29410,31632,48402,50822,61600,64426,47250,53107,33154,43697,9058,17940,4357,4336,8746,8799,9582,12016,13144,17473,14930,16948,23998,27571,26020,35009,8569,16951,393882,185563,64514,26303,103411,28325,8258
2021-06-09T23:59:59+02:00,14042,14143,25459,24433,29040,31251,46154,48781,60805,63752,47168,53000,33118,43648,9053,17926,4081,4200,8348,8543,9099,11714,12622,17088,14207,16285,20348,23432,25826,34769,8561,16929,386054,174331,64394,25977,103409,27828,7916
2021-06-08T23:59:59+02:00,13567,13566,24810,23813,28387,30608,42622,45626,59533,62532,47022,52828,33059,43574,9044,17910,3842,4049,7939,8290,8511,11345,11961,16662,13514,15546,15195,17732,25528,34369,8545,16904,373675,159656,64332,25624,103400,27558,7094
2021-06-07T23:59:59+02:00,13370,13341,24472,23554,28122,30417,39926,43638,59228,62280,46994,52798,33047,43555,9042,17905,3728,3966,7635,8117,8197,11175,11351,16193,13116,15149,15133,17663,25503,34330,8543,16898,368127,159358,63917,23921,103391,27164,6254
2021-06-06T23:59:59+02:00,13231,13230,24172,23349,27927,30267,38418,42522,59124,62217,46980,52776,33040,43543,9042,17903,3618,3913,7355,8027,7950,11024,10548,15457,12591,14602,15056,17602,25491,34312,8542,16898,367753,159246,60788,20881,103382,27041,5818
2021-06-05T23:59:59+02:00,13211,13207,24130,23313,27891,30246,38395,42506,59027,62132,46971,52771,33038,43541,9042,17900,3603,3897,7335,7999,7920,11011,10517,15442,12552,14576,14940,17436,25486,34307,8541,16898,367426,158823,60786,20880,103380,27028,5729
2021-06-04T23:59:59+02:00,12986,12900,23780,22865,27635,29868,37843,41944,58562,61742,46942,52732,33030,43525,9042,17896,3576,3878,7307,7986,7899,10987,10488,15420,12508,14538,14743,17234,25477,34289,8539,16897,365633,158246,58570,20867,103366,26930,5723
2021-06-03T23:59:59+02:00,12725,12649,23342,22493,27225,29551,36217,40676,56510,59931,46830,52588,32995,43473,9039,17883,3461,3778,7126,7849,7434,10680,9434,14795,11487,13946,13587,15798,25339,34106,8528,16882,361787,154960,53877,17496,103316,26627,5147
2021-06-02T23:59:59+02:00,12688,12612,23304,22465,27196,29527,36186,40634,56386,59775,46818,52569,32992,43467,9039,17882,3419,3750,7071,7832,7376,10648,9267,14752,11274,13886,12239,14309,25253,33974,8524,16875,361214,151216,53873,17485,103316,26611,5137
2021-06-01T23:59:59+02:00,12212,12226,22670,21970,26503,28967,35462,40061,53436,56657,46479,52215,32892,43330,9026,17859,2867,3329,5722,7177,6121,10103,7869,14069,10216,12890,8000,8846,24870,33427,8505,16827,350619,133325,53734,17122,103297,26076,4315
2021-05-31T23:59:59+02:00,11877,11956,22114,21594,26128,28726,35128,39855,52004,55273,46397,52096,32864,43297,9019,17853,2729,3190,5447,6936,5855,9893,7499,13820,9996,12748,7952,8792,24849,33385,8497,16817,345913,132566,53698,17007,103275,25537,3295
2021-05-30T23:59:59+02:00,11813,11903,22029,21561,26066,28689,35014,39784,51645,54934,46377,52075,32859,43291,9017,17851,2690,3149,5337,6866,5752,9824,7304,13731,9772,12645,7924,8766,24837,33378,8496,16812,344733,131979,53680,16835,103266,25240,3229
2021-05-29T23:59:59+02:00,11790,11889,22002,21545,26051,28677,34993,39771,51633,54918,46372,52070,32858,43291,9017,17851,2666,3087,5293,6740,5689,9693,7185,13526,9638,12425,7858,8692,24776,33318,8495,16811,344583,131709,53680,16785,103245,24178,3220
2021-05-28T23:59:59+02:00,11728,11808,21923,21436,25978,28563,34922,39678,51555,54827,46354,52054,32850,43280,9017,17848,2552,2755,4603,6209,5149,8953,6826,12534,9139,11506,7722,8534,24415,32846,8495,16809,343742,130232,53669,16687,103197,18915,3213
2021-05-27T23:59:59+02:00,11412,11526,21405,21068,25452,28221,34382,39283,50978,54241,46201,51888,32797,43216,9015,17832,2268,2437,3990,5700,4521,8356,6289,11710,8166,10191,7322,7951,22880,30751,8481,16790,339532,124625,53260,15563,103087,14577,3038
2021-05-26T23:59:59+02:00,11085,11251,20629,20476,24430,27411,33342,38430,50245,53552,45980,51631,32734,43118,9007,17813,2198,2358,3902,5570,4389,8181,6076,11449,7800,9785,6788,7213,20513,27416,8467,16760,334903,116236,50292,15308,103036,14418,2903
2021-05-25T23:59:59+02:00,10778,10993,20233,20118,23991,27004,32816,37926,49370,52574,45729,51359,32668,42991,8997,17793,2125,2302,3787,5470,4250,8034,5860,11221,7448,9436,6186,6364,16483,22171,8449,16713,329406,104201,50212,15264,102963,14075,2759
2021-05-24T23:59:59+02:00,10526,10823,19653,19813,22814,26337,31782,37231,49161,52401,45642,51273,32646,42966,8996,17792,2096,2284,3744,5436,4183,7988,5794,11166,7373,9379,6164,6344,16474,22164,8449,16713,327865,104088,46455,15252,102909,13784,2627
2021-05-23T23:59:59+02:00,10290,10590,19290,19532,22399,25985,31339,36889,48549,51866,45266,50856,32568,42856,8988,17783,2091,2283,3739,5430,4179,7985,5783,11157,7367,9373,6160,6334,16474,22162,8449,16713,323059,104039,46454,15250,102908,13765,2625
2021-05-22T23:59:59+02:00,10258,10550,19236,19491,22354,25953,31290,36860,48440,51793,45250,50836,32565,42850,8985,17783,2089,2280,3729,5418,4175,7979,5779,11152,7359,9369,6158,6332,16473,22162,8449,16713,322521,104009,46454,15250,102907,13745,2612
2021-05-21T23:59:59+02:00,9952,10149,18805,18974,21999,25314,30856,36052,47975,51165,45178,50743,32531,42812,8983,17778,2008,2234,3664,5381,4136,7948,5745,11106,7320,9320,6130,6308,16399,22069,8448,16712,317368,103699,46425,15250,102883,13389,2590
2021-05-20T23:59:59+02:00,9312,9537,17849,18166,20978,24408,29532,34828,46291,49413,44815,50342,32441,42688,8968,17760,1674,2037,3366,5104,3873,7549,5439,10623,6948,8904,5921,6048,15117,20571,8428,16677,305892,99992,46343,14775,102657,11076,2436
2021-05-19T23:59:59+02:00,9010,9175,17214,17540,20062,23531,28309,33561,44541,47348,44366,49896,32319,42504,8950,17733,1595,1936,3155,4888,3674,7292,5215,10273,6659,8573,5647,5720,12956,17777,8412,16623,294925,93837,46304,14310,102612,10030,2218
2021-05-18T23:59:59+02:00,8422,8571,16030,16464,18788,22283,26767,31899,41863,44114,43695,49129,32111,42245,8931,17700,1571,1904,3094,4821,3592,7165,5076,10139,6477,8362,5393,5433,11289,15648,8392,16574,279267,88763,45100,14260,102530,9792,2115
2021-05-17T23:59:59+02:00,8323,8503,15846,16352,18571,22103,26375,31578,40125,42494,43590,49049,32072,42184,8922,17682,1530,1879,3042,4774,3534,7108,5000,10032,6386,8263,5359,5397,11276,15637,8389,16565,279058,88701,40346,13980,102488,9613,1877
2021-05-16T23:59:59+02:00,8195,8443,15729,16260,18447,22002,26185,31463,37171,39740,43560,49019,32052,42160,8919,17678,1503,1860,2999,4732,3486,7051,4910,9964,6292,8184,5332,5363,11269,15622,8387,16563,278783,88654,34230,13715,102369,9507,1641
2021-05-15T23:59:59+02:00,8169,8405,15665,16205,18404,21964,26114,31419,37142,39704,43536,48992,32047,42157,8919,17678,1492,1824,2963,4659,3468,6988,4889,9878,6274,8142,5327,5358,11266,15622,8387,16563,278306,88600,34230,13711,102355,9160,1629
2021-05-14T23:59:59+02:00,7952,7972,15337,15740,18102,21535,25771,30960,36921,39396,43514,48969,32038,42153,8919,17676,1417,1751,2900,4560,3421,6887,4822,9719,6197,8026,5296,5317,11257,15616,8387,16562,277262,88522,34085,13692,100044,8357,1564
2021-05-13T23:59:59+02:00,7516,7569,14610,15194,17393,20905,24928,30218,36192,38764,43269,48657,31978,42054,8915,17668,1214,1659,2718,4450,3306,6765,4689,9552,6073,7892,5260,5286,11245,15599,8384,16559,270952,88380,33763,13611,99832,7377,1283
2021-05-12T23:59:59+02:00,7031,7228,13616,14531,16387,20119,24335,29820,35904,38496,43105,48478,31956,42034,8912,17665,1209,1657,2711,4444,3294,6762,4684,9542,6066,7886,5255,5283,11243,15597,8383,16558,264765,88328,33754,13602,99828,7374,1270
2021-05-11T23:59:59+02:00,6613,6974,12941,14012,14549,18609,21343,27232,33701,36233,42201,47382,31689,41644,8893,17625,1137,1555,2599,4286,3194,6536,4560,9249,5958,7688,5187,5216,11204,15542,8376,16541,247678,87872,33479,13390,99391,6473,1093
2021-05-10T23:59:59+02:00,6448,6865,12654,13885,14208,18379,20348,26538,32523,35334,41703,46795,31641,41578,8888,17608,1092,1472,2494,4136,3104,6328,4424,8979,5851,7517,5159,5190,11192,15526,8373,16533,242253,87771,33270,13331,99090,5486,782
2021-05-09T23:59:59+02:00,5948,6562,11464,13375,13207,18018,19336,26203,32059,35078,41656,46732,31619,41565,8885,17602,1061,1435,2401,4029,3006,6182,4293,8808,5768,7432,5149,5176,11187,15524,8368,16531,236933,87739,33199,13289,98753,4898,424
2021-05-08T23:59:59+02:00,5934,6552,11447,13355,13185,18005,19307,26166,32023,35036,41649,46726,31618,41561,8885,17602,1056,1428,2389,4023,3000,6182,4289,8801,5764,7430,5147,5171,11184,15521,8368,16531,236682,87712,33198,13289,98752,4864,419
2021-05-07T23:59:59+02:00,5821,6459,11218,13181,12886,17784,18621,25509,31130,34151,41510,46545,31571,41503,8882,17598,1027,1392,2351,3972,2959,6134,4230,8742,5684,7383,5101,5126,11173,15512,8368,16530,234208,87581,31313,13285,98646,4616,202
2021-05-06T23:59:59+02:00,5348,6146,10538,12764,12109,17094,16888,23940,28607,31723,41015,46018,31438,41319,8871,17581,957,1316,2209,3729,2795,5800,4025,8269,5509,7102,5059,5079,11153,15487,8366,16521,225554,87404,27961,12972,97843,2959,41
2021-05-05T23:59:59+02:00,4997,5889,9917,12313,11407,16500,15752,22853,25598,28830,40346,45164,31218,41032,8856,17547,934,1280,2150,3602,2738,5646,3929,8044,5411,6990,5014,5026,11125,15455,8364,16519,212785,87148,27778,12834,97623,2212,33
2021-05-04T23:59:59+02:00,4584,5357,9253,11641,10613,15643,14381,21517,21762,25158,39372,44101,30916,40599,8839,17518,908,1242,2090,3484,2663,5517,3837,7884,5321,6873,4982,4989,11097,15429,8362,16516,195869,86939,27758,12540,97600,1688,27
2021-05-03T23:59:59+02:00,4316,4886,8828,11122,10144,15025,13816,20859,21079,24553,39139,43876,30847,40512,8836,17503,892,1203,2018,3381,2607,5409,3783,7767,5271,6796,4970,4979,11083,15413,8359,16511,190040,86801,27746,12532,97539,1093,16
2021-05-02T23:59:59+02:00,4312,4883,8811,11115,10135,15019,13792,20845,21066,24547,39138,43875,30846,40511,8835,17503,885,1180,1989,3300,2560,5310,3736,7643,5253,6739,4968,4977,11082,15409,8359,16509,189954,86784,27735,12503,97532,600,12
2021-05-01T23:59:59+02:00,4309,4870,8799,11107,10127,15010,13784,20842,21057,24539,39138,43873,30846,40511,8835,17503,885,1180,1988,3300,2560,5310,3736,7643,5253,6739,4968,4977,11082,15409,8358,16509,189872,86783,27735,12503,97532,600,11
2021-04-30T23:59:59+02:00,4278,4838,8759,11076,10084,14973,13718,20799,20946,24353,38884,43589,30829,40494,8834,17503,880,1176,1978,3293,2558,5301,3734,7636,5250,6733,4966,4974,11078,15408,8358,16509,188953,86761,27466,12500,97527,560,11
2021-04-29T23:59:59+02:00,3976,4639,8306,10810,9564,14690,13211,20421,19659,22936,36404,40850,30635,40195,8825,17473,865,1156,1922,3228,2515,5231,3664,7493,5158,6647,4938,4939,11059,15374,8356,16504,183472,86569,21688,12343,97424,127,10
2021-04-28T23:59:59+02:00,3795,4564,8039,10695,9160,14513,12831,20179,19100,22387,32711,36630,30449,39954,8815,17454,843,1137,1895,3182,2471,5186,3628,7437,5095,6583,4872,4882,11013,15325,8354,16495,172356,86363,21537,11917,97377,112,6
2021-04-27T23:59:59+02:00,3687,4490,7776,10557,8819,14344,12321,19936,18551,21785,27210,30508,30156,39551,8797,17427,826,1123,1865,3143,2432,5135,3576,7382,5035,6503,4824,4820,10980,15275,8352,16488,157081,86149,21514,11495,97314,109,6
2021-04-26T23:59:59+02:00,3620,4451,7636,10496,8655,14278,12086,19873,18036,21396,27187,30477,30146,39543,8797,17427,800,1087,1796,3081,2367,5081,3508,7295,4936,6393,4729,4748,10908,15201,8351,16485,156510,86026,21295,10625,96293,109,6
2021-04-25T23:59:59+02:00,3574,4427,7471,10447,8410,14228,11749,19832,16338,19871,26625,29912,30097,39487,8797,17424,799,1081,1783,3074,2358,5077,3497,7282,4925,6383,4727,4745,10900,15189,8351,16485,156027,85967,21285,10588,91371,95,6
2021-04-24T23:59:59+02:00,3566,4419,7458,10436,8400,14219,11735,19823,16316,19849,26587,29851,30094,39483,8796,17424,799,1081,1783,3073,2357,5077,3497,7282,4925,6383,4727,4744,10898,15188,8351,16485,155826,85961,21281,10588,91343,95,6
2021-04-23T23:59:59+02:00,3543,4399,7420,10395,8355,14170,11666,19767,16250,19773,26178,29354,30063,39439,8794,17421,789,1072,1766,3065,2339,5050,3441,7240,4823,6280,4587,4617,10743,15004,8345,16472,154648,85675,21142,9857,91191,95,6
2021-04-22T23:59:59+02:00,3449,4292,7220,10214,7781,13729,10340,18909,14810,18793,24210,26953,29889,39227,8779,17398,713,1005,1658,2948,2212,4897,3271,7063,4641,6079,4447,4448,10231,14352,8319,16408,149891,83775,15859,8835,90237,76,6
2021-04-21T23:59:59+02:00,3389,4237,7087,10124,7573,13573,9951,18656,14331,18311,21708,23811,29656,38929,8762,17378,656,975,1585,2867,2120,4802,3142,6923,4480,5908,4267,4281,9667,13585,8287,16338,142928,81998,15095,7810,89447,69,6
2021-04-20T23:59:59+02:00,3339,4192,6985,10037,7433,13459,9671,18422,13817,17846,18332,19783,29406,38537,8749,17346,619,941,1506,2796,2041,4722,3035,6799,4346,5756,4081,4077,8819,12377,8232,16215,134109,79114,14850,7178,88389,64,6
2021-04-19T23:59:59+02:00,3323,4182,6942,9998,7375,13422,9593,18347,13669,17717,18018,19418,29378,38507,8748,17342,542,896,1403,2702,1939,4625,2901,6631,4156,5574,3828,3783,7004,9944,8056,15879,133796,73373,14655,6425,87522,59,6
2021-04-18T23:59:59+02:00,3302,4167,6860,9971,7266,13372,9375,18281,12786,17560,16701,18047,29326,38459,8745,17335,537,891,1394,2693,1922,4615,2865,6602,4100,5523,3749,3710,6588,9312,8022,15813,133585,71894,14513,6380,83449,56,6
2021-04-17T23:59:59+02:00,3290,4163,6845,9948,7233,13346,9337,18245,12756,17536,16645,17997,29282,38395,8744,17335,537,889,1394,2691,1921,4612,2860,6597,4098,5518,3748,3708,6583,9312,8021,15812,133230,71859,14512,6380,83349,56,6
2021-04-16T23:59:59+02:00,3273,4147,6810,9931,7183,13309,9258,18185,12627,17411,16365,17680,28824,37811,8742,17329,537,887,1389,2686,1912,4610,2854,6590,4092,5510,3743,3702,6566,9284,8021,15810,131718,71764,14505,6369,82656,54,6
2021-04-15T23:59:59+02:00,3214,4079,6677,9824,6980,13126,8905,17909,12086,16845,15185,16249,26973,35387,8727,17311,527,876,1385,2665,1897,4585,2829,6562,4046,5452,3692,3630,6537,9236,8013,15800,125831,71451,14230,6232,79410,43,6
2021-04-14T23:59:59+02:00,3147,4024,6586,9721,6832,12958,8622,17638,11561,16312,13858,14614,22562,29687,8714,17270,522,869,1374,2658,1885,4566,2802,6539,4006,5410,3638,3581,6481,9178,7992,15773,113503,71166,14198,6081,76399,21,6
2021-04-13T23:59:59+02:00,3088,3984,6451,9631,6687,12823,8318,17380,11077,15831,11078,11450,19780,25904,8693,17238,501,840,1328,2611,1829,4508,2684,6430,3825,5242,3425,3401,6352,9053,7984,15757,105132,70829,14006,4918,70269,17,6
2021-04-12T23:59:59+02:00,3060,3967,6388,9597,6580,12731,8122,17247,10794,15603,9392,9587,19359,25386,8692,17231,493,829,1311,2594,1809,4489,2651,6387,3772,5189,3366,3358,6320,9011,7980,15738,105014,70696,13951,4580,64765,15,6
2021-04-11T23:59:59+02:00,3025,3955,6293,9573,6458,12694,7957,17194,10587,15495,7292,7384,18509,24362,8690,17229,493,829,1310,2592,1809,4489,2650,6387,3770,5186,3361,3357,6315,9009,7980,15738,104945,70686,13945,4570,57801,13,6
2021-04-10T23:59:59+02:00,3023,3953,6283,9568,6450,12689,7952,17189,10576,15484,7286,7373,18502,24358,8690,17229,492,826,1308,2589,1808,4487,2647,6384,3767,5185,3352,3343,6308,8995,7980,15738,104864,70628,13944,4563,57792,13,5
2021-04-09T23:59:59+02:00,2949,3831,6153,9368,6284,12417,7685,16763,10269,14994,7150,7200,18395,24193,8689,17227,487,818,1289,2580,1782,4469,2611,6336,3687,5099,3225,3233,6191,8914,7976,15735,104396,70548,13914,3868,55252,11,5
2021-04-08T23:59:59+02:00,2866,3751,6047,9241,6178,12288,7508,16582,10026,14803,6961,6926,17151,22762,8679,17201,479,812,1277,2548,1755,4428,2583,6270,3632,5042,3156,3184,6113,8809,7958,15697,100752,70120,13560,3608,54653,10,5
2021-04-07T23:59:59+02:00,2830,3710,5977,9169,6088,12218,7372,16475,9782,14649,6643,6572,14877,19851,8660,17158,473,810,1265,2534,1745,4405,2567,6233,3562,4982,3088,3132,6060,8753,7953,15671,94603,69851,13399,3368,54024,9,5
2021-04-06T23:59:59+02:00,2804,3674,5894,9102,5998,12141,7210,16353,9548,14456,6165,6084,12939,17402,8637,17104,471,801,1258,2511,1734,4380,2535,6190,3494,4919,3012,3085,6017,8700,7948,15656,89596,69610,13099,3088,52811,8,5
2021-04-05T23:59:59+02:00,2795,3662,5879,9084,5985,12121,7196,16337,9529,14431,5987,5918,11734,16191,8637,17103,465,792,1256,2495,1727,4365,2515,6158,3459,4879,2986,3045,5999,8659,7942,15641,89521,69421,13063,2951,50001,7,4
2021-04-04T23:59:59+02:00,2795,3662,5877,9081,5983,12121,7194,16337,9527,14431,5982,5914,11734,16189,8637,17103,465,792,1256,2494,1727,4365,2514,6158,3459,4879,2986,3045,5997,8659,7942,15641,89512,69418,13063,2950,49988,7,4
2021-04-03T23:59:59+02:00,2794,3653,5869,9074,5977,12118,7192,16334,9524,14428,5979,5910,11728,16186,8637,17103,465,792,1256,2494,1727,4365,2514,6158,3459,4878,2986,3045,5997,8659,7942,15641,89456,69417,13063,2950,49983,7,4
2021-04-02T23:59:59+02:00,2792,3650,5864,9070,5974,12116,7189,16333,9519,14426,5976,5904,11714,16157,8636,17102,463,790,1255,2494,1725,4364,2514,6156,3458,4872,2958,3029,5989,8650,7942,15641,89376,69340,13060,2949,49982,7,4
2021-04-01T23:59:59+02:00,2770,3644,5836,9039,5930,12070,7146,16280,9460,14369,5883,5807,11422,15809,8617,17063,461,776,1253,2486,1718,4354,2498,6141,3427,4849,2902,2984,5919,8563,7881,15547,88388,68802,13039,2946,49714,7,4
2021-03-31T23:59:59+02:00,2732,3610,5758,8969,5862,11976,7040,16171,9327,14228,5746,5669,10869,15063,8582,16989,454,768,1248,2475,1712,4339,2490,6124,3407,4817,2870,2951,5860,8488,7840,15466,86414,68355,12825,2944,49349,7,3
2021-03-30T23:59:59+02:00,2708,3590,5709,8911,5803,11896,6966,16072,9227,14080,5554,5454,9965,13708,8522,16840,451,766,1242,2468,1702,4324,2471,6102,3370,4770,2809,2879,5760,8373,7732,15253,83342,67657,12444,2805,49216,7,3
2021-03-29T23:59:59+02:00,2630,3528,5606,8796,5690,11743,6799,15840,8991,13824,5203,5082,8009,11153,8343,16484,443,760,1231,2461,1687,4310,2448,6073,3334,4712,2745,2818,5615,8239,7564,14958,77290,66718,11629,2670,48799,7,3
2021-03-28T23:59:59+02:00,2607,3514,5559,8729,5611,11668,6711,15749,8875,13702,5079,4928,7365,10222,8289,16387,434,752,1215,2443,1663,4282,2396,6009,3273,4616,2659,2743,5496,8085,7506,14836,75000,66257,11369,2144,48623,4,3
2021-03-27T23:59:59+01:00,2606,3509,5549,8722,5607,11654,6695,15727,8864,13689,5052,4901,7355,10219,8289,16386,434,752,1213,2442,1662,4276,2390,6006,3266,4610,2654,2739,5471,8036,7436,14713,74893,65950,11369,2143,48559,4,3
2021-03-26T23:59:59+01:00,2587,3485,5512,8684,5566,11606,6613,15649,8711,13535,4884,4750,7205,10058,8288,16378,429,744,1207,2426,1642,4247,2366,5972,3228,4553,2595,2676,5132,7577,6887,13746,74554,63315,10534,2105,48420,4,3
2021-03-25T23:59:59+01:00,2461,3387,5322,8461,5377,11327,6386,15355,8482,13255,4737,4600,7120,9954,8285,16371,420,728,1186,2402,1615,4215,2323,5916,3154,4471,2491,2575,4496,6717,6027,12387,74101,59230,9587,1887,47189,3,3
2021-03-24T23:59:59+01:00,2356,3326,5189,8297,5209,11133,6216,15108,8282,13037,4605,4450,7017,9843,8280,16365,415,715,1171,2372,1578,4163,2265,5844,3062,4372,2361,2458,3778,5664,4929,10617,73727,54215,8425,1543,46558,3,3
2021-03-23T23:59:59+01:00,2273,3266,5078,8171,5115,10985,6091,14915,8168,12877,4524,4369,6957,9790,8273,16348,402,686,1150,2336,1548,4102,2215,5756,2982,4284,2269,2363,3038,4576,3338,7862,73334,47506,7680,1395,46183,3,3
2021-03-22T23:59:59+01:00,2187,3194,4954,8035,4980,10809,5921,14665,7992,12685,4420,4262,6898,9685,8260,16310,370,666,1126,2294,1500,4032,2149,5643,2884,4123,2160,2224,2196,3439,1179,4234,72843,39052,6643,1162,45768,2,3
2021-03-21T23:59:59+01:00,2185,3188,4943,8020,4967,10797,5902,14649,7964,12662,4399,4246,6880,9675,8258,16310,369,666,1119,2280,1489,3998,2132,5607,2855,4071,2120,2177,2155,3397,1166,4194,72821,38912,6592,879,45630,2,2
2021-03-20T23:59:59+01:00,2185,3188,4942,8019,4966,10795,5901,14649,7957,12657,4397,4245,6873,9667,8258,16310,369,666,1119,2280,1489,3998,2132,5607,2854,4070,2119,2174,2155,3397,1166,4194,72811,38910,6592,875,45604,2,2
2021-03-19T23:59:59+01:00,2111,2838,4406,6756,4575,9816,5636,14109,7736,12297,4286,4157,6812,9609,8258,16310,368,666,1119,2280,1489,3997,2132,5606,2853,4070,2117,2172,2150,3391,1165,4193,72743,38895,6581,869,40386,2,2
2021-03-18T23:59:59+01:00,2034,2500,3971,5692,4033,8322,4754,11418,6424,9269,3985,3922,6629,9405,8238,16275,367,661,1111,2268,1482,3972,2103,5565,2829,4047,2099,2155,2125,3363,1161,4186,72312,38704,6517,786,28040,2,2
2021-03-17T23:59:59+01:00,2028,2488,3961,5667,4014,8294,4729,11349,6372,9195,3949,3874,6594,9365,8232,16253,363,659,1107,2261,1477,3963,2094,5548,2815,4021,2077,2127,2105,3350,1154,4171,72052,38551,6458,737,27852,2,2
2021-03-16T23:59:59+01:00,1997,2446,3908,5585,3939,8189,4589,11174,6165,8996,3727,3685,6470,9226,8227,16233,361,654,1106,2242,1472,3950,2084,5534,2805,4001,2069,2114,2093,3324,1147,4142,71743,38386,5180,708,27631,2,2
2021-03-15T23:59:59+01:00,1987,2421,3883,5550,3908,8151,4536,11106,6083,8908,3651,3623,6421,9169,8221,16210,358,648,1097,2227,1463,3945,2066,5493,2789,3976,2050,2078,2072,3267,1140,4106,71519,38169,4821,604,27488,2,0
2021-03-14T23:59:59+01:00,1981,2412,3875,5538,3902,8134,4527,11078,6077,8886,3643,3614,6417,9161,8220,16209,357,648,1094,2226,1460,3943,2063,5491,2770,3970,2046,2076,2060,3257,1137,4104,71488,38162,4805,539,27381,1,0
2021-03-13T23:59:59+01:00,1977,2403,3863,5520,3892,8127,4508,11066,6064,8873,3640,3611,6416,9159,8220,16209,357,648,1094,2226,1460,3943,2063,5490,2770,3969,2045,2074,2060,3256,1129,4099,71466,38143,4800,539,27282,1,0
2021-03-12T23:59:59+01:00,1924,2329,3277,5379,3449,8014,4374,10930,5836,8587,3468,3472,6293,9052,8198,16169,352,625,1089,2196,1451,3916,2045,5418,2707,3857,1873,1951,2004,3209,1125,4093,71254,37380,4076,531,25421,0,0
2021-03-11T23:59:59+01:00,1790,2167,2868,5124,3050,7762,4064,10475,5205,7713,3290,3340,6187,8932,8171,16132,351,625,1086,2182,1448,3897,2037,5396,2699,3842,1867,1944,1989,3190,1121,4077,70691,37259,3814,492,21765,0,0
2021-03-10T23:59:59+01:00,1757,2128,2829,5083,3016,7697,4005,10384,5087,7604,3162,3234,6073,8810,8142,16081,349,622,1084,2180,1446,3886,2032,5382,2686,3824,1852,1933,1963,3162,1111,4063,70284,37178,3483,397,21325,0,0
2021-03-09T23:59:59+01:00,1748,2111,2800,5056,2994,7652,3962,10323,5005,7521,3070,3153,5980,8707,8052,15890,346,620,1081,2174,1437,3873,2001,5358,2649,3795,1804,1907,1919,3137,1100,4054,69691,37150,3215,105,21118,0,0
2021-03-08T23:59:59+01:00,1731,2097,2770,5031,2967,7619,3942,10276,4975,7459,3034,3115,5882,8613,7904,15622,346,620,1078,2168,1430,3854,1983,5329,2630,3768,1787,1890,1894,3114,1095,4037,68905,37009,3206,14,20926,0,0
2021-03-07T23:59:59+01:00,1718,2084,2740,4989,2932,7567,3909,10214,4932,7401,2999,3083,5808,8496,7842,15497,346,619,1078,2167,1429,3846,1980,5322,2628,3763,1782,1887,1891,3109,1093,4031,68373,36959,3153,12,20685,0,0
2021-03-06T23:59:59+01:00,1716,2082,2735,4978,2928,7557,3899,10207,4917,7386,2988,3071,5773,8430,7768,15356,346,617,1076,2165,1429,3845,1974,5313,2626,3760,1776,1880,1886,3107,1093,4028,67983,36909,3153,12,20655,0,0
2021-03-05T23:59:59+01:00,1627,1990,2646,4816,2869,7394,3811,10000,4820,7201,2943,3018,5404,7940,7215,14369,346,617,1074,2162,1422,3841,1974,5311,2621,3754,1768,1877,1881,3104,1088,4025,65332,36853,3150,12,19581,0,0
2021-03-04T23:59:59+01:00,1434,1855,2484,4620,2695,7119,3640,9649,4555,6876,2844,2905,4755,7089,6342,12953,343,608,1061,2132,1408,3803,1946,5256,2596,3715,1739,1855,1846,3049,1065,3980,61127,36390,3147,12,17541,0,0
2021-03-03T23:59:59+01:00,1389,1794,2412,4512,2634,6995,3554,9485,4458,6745,2762,2836,4095,6055,5246,11207,340,598,1049,2106,1396,3776,1931,5205,2526,3660,1710,1824,1822,3020,1051,3955,56081,35957,3121,12,16977,0,0
2021-03-02T23:59:59+01:00,1344,1752,2358,4449,2585,6903,3465,9364,4318,6602,2653,2708,3308,4932,3561,8309,335,589,1042,2080,1386,3733,1914,5154,2498,3637,1701,1810,1800,2996,1043,3928,49040,35634,2872,12,16699,0,0
2021-03-01T23:59:59+01:00,1277,1712,2302,4385,2510,6819,3368,9226,4179,6412,2523,2584,2387,3690,1222,4377,333,585,1033,2069,1376,3714,1907,5135,2486,3623,1686,1800,1782,2977,1033,3901,40023,35428,2486,12,16464,0,0
2021-02-28T23:59:59+01:00,1239,1697,2258,4345,2484,6775,3316,9166,4112,6354,2458,2542,2345,3657,1216,4361,332,584,1032,2063,1374,3698,1903,5124,2480,3616,1679,1789,1769,2966,1026,3886,39925,35309,2194,12,16206,0,0
2021-02-27T23:59:59+01:00,1192,1582,2188,4114,2429,6544,3251,8854,4023,6121,2407,2489,2325,3638,1214,4361,332,584,1031,2063,1374,3698,1903,5123,2479,3616,1679,1788,1767,2966,1026,3886,39819,35303,2193,12,14720,0,0
2021-02-26T23:59:59+01:00,989,1288,1999,3702,2261,5860,3036,7915,3714,5398,2378,2461,2310,3626,1211,4360,332,584,1031,2060,1372,3696,1901,5122,2477,3615,1679,1785,1761,2963,1024,3881,39804,35271,2105,12,10599,0,0
2021-02-25T23:59:59+01:00,609,1108,1740,3501,2074,5555,2839,7507,3498,5121,2305,2396,2275,3572,1207,4346,322,559,1001,2010,1346,3629,1870,5036,2445,3556,1654,1757,1726,2917,998,3848,39609,34663,1850,11,8194,0,0
2021-02-24T23:59:59+01:00,586,1085,1703,3405,2015,5415,2769,7315,3433,4999,2248,2349,2240,3543,1200,4315,310,549,989,1981,1333,3576,1855,4974,2422,3513,1644,1739,1715,2898,988,3825,39420,34308,1681,3,7519,0,0
2021-02-23T23:59:59+01:00,560,1036,1640,3308,1965,5271,2689,7183,3340,4897,2197,2295,2203,3489,1190,4288,309,544,984,1964,1326,3548,1846,4940,2396,3487,1629,1715,1692,2864,977,3775,39274,33993,1409,3,6868,0,0
2021-02-22T23:59:59+01:00,537,993,1590,3214,1924,5126,2625,6959,3284,4763,2190,2198,2190,3417,1186,4246,308,540,979,1951,1319,3521,1829,4907,2380,3456,1610,1694,1666,2836,964,3731,39063,33690,1145,1,6234,0,0
2021-02-21T23:59:59+01:00,527,935,1531,3077,1876,4978,2569,6797,3206,4671,2154,2166,2165,3399,1178,4242,308,538,975,1943,1319,3512,1825,4896,2376,3449,1609,1691,1665,2834,964,3730,39024,33633,912,1,5535,0,0
2021-02-20T23:59:59+01:00,522,929,1523,3074,1870,4978,2567,6793,3202,4668,2151,2165,2165,3398,1177,4242,308,538,975,1942,1319,3511,1825,4895,2375,3449,1608,1690,1661,2834,964,3728,39020,33621,908,1,5496,0,0
2021-02-19T23:59:59+01:00,496,889,1494,3012,1845,4920,2524,6689,3108,4528,1977,2035,2107,3352,1174,4236,306,537,974,1939,1318,3511,1825,4890,2372,3447,1606,1689,1659,2833,964,3727,38272,33596,889,1,5225,0,0
2021-02-18T23:59:59+01:00,459,809,1390,2782,1745,4670,2383,6414,3009,4373,1952,2019,2093,3335,1170,4230,306,530,964,1901,1310,3474,1805,4844,2355,3412,1593,1679,1644,2820,953,3711,38198,33300,815,1,3820,0,0
2021-02-17T23:59:59+01:00,442,757,1350,2662,1683,4488,2317,6170,2950,4243,1938,2003,2071,3317,1156,4221,295,508,927,1816,1269,3334,1741,4684,2281,3286,1517,1610,1570,2704,909,3609,38042,32059,764,1,2962,0,0
2021-02-16T23:59:59+01:00,417,715,1296,2538,1630,4342,2244,5979,2872,4128,1929,1998,2065,3312,1151,4210,287,483,896,1738,1217,3190,1681,4472,2213,3131,1465,1556,1512,2600,884,3490,37983,30814,734,1,2109,0,0
2021-02-15T23:59:59+01:00,402,674,1223,2407,1589,4266,2212,5930,2842,4090,1908,1981,2047,3283,1146,4192,278,460,872,1693,1185,3109,1620,4337,2144,3022,1391,1495,1459,2485,846,3322,37878,29717,624,1,1690,0,0
2021-02-14T23:59:59+01:00,392,668,1195,2334,1532,4106,2168,5850,2812,4053,1904,1979,2035,3274,1145,4186,271,452,853,1668,1166,3066,1581,4286,2106,2996,1374,1473,1434,2446,832,3284,37861,29287,559,1,1213,0,0
2021-02-13T23:59:59+01:00,391,668,1195,2334,1532,4105,2166,5849,2812,4053,1903,1977,2034,3274,1145,4183,271,452,853,1668,1166,3066,1580,4285,2105,2996,1373,1470,1433,2445,832,3283,37850,29277,559,1,1212,0,0
2021-02-12T23:59:59+01:00,385,664,1180,2325,1526,4092,2162,5839,2807,4048,1891,1967,2027,3261,1141,4180,269,450,848,1664,1160,3055,1559,4268,2089,2980,1359,1455,1420,2412,825,3252,37783,29064,551,1,1161,0,0
2021-02-11T23:59:59+01:00,361,633,1109,2223,1476,3954,2060,5576,2732,3946,1865,1941,1985,3193,1121,4129,245,416,800,1547,1074,2821,1434,3915,1892,2677,1175,1264,1259,2125,731,2926,37401,26301,514,0,389,0,0
2021-02-10T23:59:59+01:00,353,624,1083,2176,1436,3876,2003,5394,2628,3781,1813,1896,1942,3158,1104,4104,219,360,699,1344,941,2413,1232,3310,1670,2311,1022,1097,1112,1880,637,2613,36993,22860,377,0,1,0,0
2021-02-09T23:59:59+01:00,347,612,1073,2143,1421,3823,1954,5324,2567,3727,1749,1858,1878,3110,1086,4083,183,277,589,1078,791,1961,1023,2696,1409,1949,887,943,936,1581,532,2245,36693,19080,61,0,1,0,0
2021-02-08T23:59:59+01:00,346,610,1067,2135,1411,3807,1949,5298,2549,3714,1733,1845,1860,3093,1080,4059,128,229,482,861,632,1519,811,2047,1149,1529,711,764,746,1269,426,1825,36538,15128,17,0,1,0,0
2021-02-07T23:59:59+01:00,345,610,1067,2134,1410,3799,1945,5296,2543,3711,1726,1835,1845,3086,1075,4054,119,201,426,715,556,1339,726,1835,1059,1385,640,686,669,1149,368,1620,36467,13493,14,0,0,0,0
2021-02-06T23:59:59+01:00,345,609,1066,2133,1410,3797,1945,5294,2543,3708,1726,1834,1839,3084,1073,4052,118,200,421,712,552,1313,710,1813,1047,1369,638,681,664,1145,367,1617,36444,13367,14,0,0,0,0
2021-02-05T23:59:59+01:00,345,608,1063,2130,1408,3786,1941,5281,2536,3704,1726,1829,1830,3077,1065,4042,113,191,403,694,534,1285,680,1758,997,1306,603,628,617,1069,345,1535,36357,12758,14,0,0,0,0
2021-02-04T23:59:59+01:00,336,589,1051,2093,1390,3737,1920,5202,2520,3660,1711,1808,1804,3041,1050,4014,83,147,296,461,381,860,470,1191,685,892,474,462,480,841,272,1232,35912,9227,14,0,0,0,0
2021-02-03T23:59:59+01:00,330,576,1032,2069,1377,3695,1904,5150,2488,3620,1692,1785,1786,3020,1040,4001,66,117,245,396,305,667,371,926,509,657,318,327,349,604,192,893,35551,6942,14,0,0,0,0
2021-02-02T23:59:59+01:00,325,564,1028,2044,1367,3664,1893,5097,2462,3593,1678,1764,1758,2981,1022,3957,43,93,189,312,255,513,276,735,373,505,219,206,219,411,131,574,35183,5054,14,0,0,0,0
2021-02-01T23:59:59+01:00,324,560,1023,2037,1364,3647,1885,5077,2453,3577,1671,1753,1743,2965,1017,3945,22,62,141,224,175,330,175,481,236,289,105,113,98,196,63,255,35027,2965,14,0,0,0,0
2021-01-31T23:59:59+01:00,323,558,1021,2029,1361,3638,1881,5056,2449,3564,1668,1746,1739,2957,1014,3937,20,55,123,196,156,281,158,403,198,250,90,99,89,170,56,222,34927,2566,14,0,0,0,0
2021-01-30T23:59:59+01:00,323,558,1021,2029,1361,3638,1881,5056,2448,3564,1668,1746,1739,2956,1014,3936,20,55,123,196,156,279,155,401,197,249,89,98,89,170,56,222,34924,2555,14,0,0,0,0
2021-01-29T23:59:59+01:00,321,555,1020,2026,1359,3630,1876,5048,2445,3561,1661,1736,1730,2946,1008,3917,18,53,121,186,147,272,141,374,167,222,64,72,80,146,49,195,34825,2307,14,0,0,0,0
2021-01-28T23:59:59+01:00,316,545,998,1964,1338,3568,1849,4986,2416,3503,1639,1718,1701,2911,992,3887,0,3,8,14,9,19,13,45,8,19,7,5,8,7,1,12,34318,178,13,0,0,0,0
2021-01-27T23:59:59+01:00,309,520,964,1884,1304,3451,1785,4862,2357,3411,1585,1671,1656,2838,960,3815,0,2,4,4,5,13,8,20,5,11,6,5,8,7,1,11,33363,110,9,0,0,0,0
2021-01-26T23:59:59+01:00,303,509,953,1871,1290,3412,1767,4800,2328,3354,1552,1639,1620,2765,946,3737,0,2,4,4,5,13,8,20,5,11,6,5,8,7,1,11,32839,110,7,0,0,0,0
2021-01-25T23:59:59+01:00,290,474,900,1755,1227,3233,1673,4526,2226,3167,1496,1587,1563,2675,907,3578,0,2,1,1,1,3,5,3,5,6,6,4,7,7,1,11,31275,63,2,0,0,0,0
2021-01-24T23:59:59+01:00,287,470,888,1735,1216,3211,1643,4491,2199,3150,1487,1578,1554,2665,901,3571,0,2,1,0,1,3,5,3,5,6,5,4,7,7,1,11,31044,61,2,0,0,0,0
2021-01-23T23:59:59+01:00,287,470,888,1735,1215,3210,1643,4487,2198,3149,1486,1578,1553,2664,900,3566,0,2,1,0,1,3,5,3,5,6,5,4,7,7,1,11,31027,61,2,0,0,0,0
2021-01-22T23:59:59+01:00,285,468,883,1732,1211,3203,1638,4482,2187,3142,1475,1567,1546,2644,896,3549,0,2,1,0,1,3,5,3,5,6,5,4,7,7,1,11,30906,61,2,0,0,0,0
2021-01-21T23:59:59+01:00,273,455,854,1660,1186,3076,1581,4317,2099,3009,1379,1472,1415,2464,825,3391,0,2,1,0,1,3,4,2,4,6,4,3,6,7,0,11,29454,54,2,0,0,0,0
2021-01-20T23:59:59+01:00,248,401,775,1490,1095,2739,1430,3846,1937,2703,1262,1327,1300,2282,764,3195,0,2,1,0,1,3,4,2,4,6,4,3,6,7,0,11,26792,54,2,0,0,0,0
2021-01-19T23:59:59+01:00,215,324,664,1233,948,2285,1207,3233,1658,2300,1081,1142,1090,1912,631,2732,0,1,1,0,1,2,4,1,3,6,3,3,6,7,0,11,22653,49,2,0,0,0,0
2021-01-18T23:59:59+01:00,150,260,522,962,734,1739,930,2352,1303,1768,845,911,870,1534,492,2176,0,0,0,0,0,0,0,0,2,2,1,1,0,0,0,0,17547,6,1,0,0,0,0
2021-01-17T23:59:59+01:00,136,221,454,792,647,1509,826,2100,1195,1590,789,831,786,1391,438,1986,0,0,0,0,0,0,0,0,0,1,0,0,0,0,0,0,15691,1,0,0,0,0,0
2021-01-16T23:59:59+01:00,135,220,451,791,645,1501,815,2096,1187,1584,788,826,780,1379,431,1972,0,0,0,0,0,0,0,0,0,0,0,0,0,0,0,0,15601,0,0,0,0,0,0
2021-01-15T23:59:59+01:00,125,211,436,773,619,1461,781,2017,1127,1500,745,772,735,1293,405,1863,0,0,0,0,0,0,0,0,0,0,0,0,0,0,0,0,14863,0,0,0,0,0,0
2021-01-14T23:59:59+01:00,84,154,312,491,419,930,530,1307,769,993,545,536,544,957,310,1416,0,0,0,0,0,0,0,0,0,0,0,0,0,0,0,0,10297,0,0,0,0,0,0
2021-01-13T23:59:59+01:00,66,121,255,415,336,700,405,990,547,696,335,344,374,656,212,976,0,0,0,0,0,0,0,0,0,0,0,0,0,0,0,0,7428,0,0,0,0,0,0
2021-01-12T23:59:59+01:00,53,102,208,352,270,567,292,808,399,541,224,219,229,441,146,643,0,0,0,0,0,0,0,0,0,0,0,0,0,0,0,0,5494,0,0,0,0,0,0
2021-01-11T23:59:59+01:00,37,78,181,302,222,462,223,638,293,379,135,135,126,266,81,368,0,0,0,0,0,0,0,0,0,0,0,0,0,0,0,0,3926,0,0,0,0,0,0
2021-01-10T23:59:59+01:00,27,69,160,246,189,381,182,529,248,323,116,113,111,222,70,296,0,0,0,0,0,0,0,0,0,0,0,0,0,0,0,0,3282,0,0,0,0,0,0
2021-01-09T23:59:59+01:00,27,69,160,244,188,380,181,524,247,322,115,112,111,222,70,296,0,0,0,0,0,0,0,0,0,0,0,0,0,0,0,0,3268,0,0,0,0,0,0
2021-01-08T23:59:59+01:00,25,67,157,234,180,371,166,495,219,296,93,94,105,206,64,277,0,0,0,0,0,0,0,0,0,0,0,0,0,0,0,0,3049,0,0,0,0,0,0
2021-01-07T23:59:59+01:00,1,3,4,7,8,12,11,6,17,12,9,11,16,20,1,31,0,0,0,0,0,0,0,0,0,0,0,0,0,0,0,0,169,0,0,0,0,0,0
2021-01-06T23:59:59+01:00,0,2,1,1,1,5,5,2,5,7,5,4,8,8,0,13,0,0,0,0,0,0,0,0,0,0,0,0,0,0,0,0,67,0,0,0,0,0,0
2021-01-05T23:59:59+01:00,0,2,1,1,1,5,5,2,5,6,5,4,7,7,0,12,0,0,0,0,0,0,0,0,0,0,0,0,0,0,0,0,63,0,0,0,0,0,0
2021-01-04T23:59:59+01:00,0,2,1,1,1,4,4,2,5,6,4,3,6,7,0,12,0,0,0,0,0,0,0,0,0,0,0,0,0,0,0,0,58,0,0,0,0,0,0
2021-01-03T23:59:59+01:00,0,2,1,0,1,4,4,2,5,6,3,3,6,7,0,12,0,0,0,0,0,0,0,0,0,0,0,0,0,0,0,0,56,0,0,0,0,0,0
2021-01-02T23:59:59+01:00,0,2,1,0,1,4,4,2,5,6,3,3,6,7,0,12,0,0,0,0,0,0,0,0,0,0,0,0,0,0,0,0,56,0,0,0,0,0,0
2021-01-01T23:59:59+01:00,0,2,1,0,1,3,4,2,5,6,3,3,6,7,0,12,0,0,0,0,0,0,0,0,0,0,0,0,0,0,0,0,55,0,0,0,0,0,0
2020-12-31T23:59:59+01:00,0,2,1,0,1,3,4,2,5,6,3,3,6,7,0,12,0,0,0,0,0,0,0,0,0,0,0,0,0,0,0,0,55,0,0,0,0,0,0
2020-12-30T23:59:59+01:00,0,2,1,0,1,3,4,2,5,6,3,3,6,7,0,12,0,0,0,0,0,0,0,0,0,0,0,0,0,0,0,0,55,0,0,0,0,0,0
2020-12-29T23:59:59+01:00,0,1,1,0,1,2,4,1,4,6,3,3,6,7,0,12,0,0,0,0,0,0,0,0,0,0,0,0,0,0,0,0,51,0,0,0,0,0,0
2020-12-28T23:59:59+01:00,0,1,1,0,1,1,2,0,3,5,2,1,1,0,0,2,0,0,0,0,0,0,0,0,0,0,0,0,0,0,0,0,20,0,0,0,0,0,0
2020-12-27T23:59:59+01:00,0,1,1,0,1,1,2,0,1,3,1,0,1,0,0,2,0,0,0,0,0,0,0,0,0,0,0,0,0,0,0,0,14,0,0,0,0,0,0
