Datum,<15_m,<15_w,15-24_1_m,15-24_1_w,25-34_1_m,25-34_1_w,35-44_1_m,35-44_1_w,45-54_1_m,45-54_1_w,55-64_1_m,55-64_1_w,65-74_1_m,65-74_1_w,75-84_1_m,75-84_1_w,>84_1_m,>84_1_w,<24_2_m,<24_2_w,25-34_2_m,25-34_2_w,35-44_2_m,35-44_2_w,45-54_2_m,45-54_2_w,55-64_2_m,55-64_2_w,65-74_2_m,65-74_2_w,75-84_2_m,75-84_2_w,>84_2_m,>84_2_w,bp_1,bp_2,mo_1,mo_2,az_1,az_2,ja,unb_1,unb_2
2021-09-10T23:59:59+02:00,4221,3910,35344,34048,51183,45761,52478,51128,63370,63487,73512,73810,53459,59053,36789,47677,11176,21237,32049,30895,48497,42682,50141,48280,60919,60623,71136,71318,52095,57396,35867,46337,10853,20522,567360,538715,77686,74395,105707,101420,30862,29,25
2021-09-09T23:59:59+02:00,4194,3873,35268,33988,51130,45695,52425,51044,63315,63434,73473,73772,53436,59025,36775,47661,11174,21233,31958,30827,48455,42634,50098,48238,60882,60590,71094,71285,52077,57383,35860,46322,10852,20519,566772,538239,77652,74388,105696,101399,30767,29,25
2021-09-08T23:59:59+02:00,4169,3852,35233,33950,51104,45664,52408,51019,63282,63401,73452,73749,53428,59010,36769,47650,11174,21231,31900,30802,48418,42608,50071,48210,60850,60564,71079,71265,52065,57371,35850,46311,10849,20501,566428,537884,77652,74387,105696,101387,30741,29,25
2021-09-07T23:59:59+02:00,4157,3837,35193,33908,51075,45634,52383,50990,63256,63379,73418,73720,53416,58994,36753,47636,11172,21225,31853,30757,48383,42576,50034,48180,60826,60532,71045,71236,52053,57355,35843,46298,10846,20497,566059,537482,77652,74385,105696,101381,30711,29,25
2021-09-06T23:59:59+02:00,3985,3657,34742,33449,50722,45262,52127,50698,63045,63147,73262,73576,53353,58916,36734,47595,11169,21217,31659,30585,48189,42427,49898,48045,60724,60421,70951,71153,52006,57311,35827,46279,10841,20484,563328,536633,77652,74384,105696,101380,29952,29,25
2021-09-05T23:59:59+02:00,3977,3645,34727,33434,50720,45254,52115,50690,63034,63137,73247,73571,53349,58908,36728,47588,11167,21214,31638,30565,48174,42413,49885,48036,60711,60410,70939,71147,52001,57298,35825,46274,10840,20482,563197,536486,77651,74382,105696,101368,29933,29,25
2021-09-04T23:59:59+02:00,3977,3645,34726,33434,50718,45254,52114,50689,63034,63137,73247,73571,53349,58908,36728,47588,11167,21214,31637,30563,48173,42413,49883,48034,60711,60410,70938,71147,52001,57298,35825,46274,10840,20482,563195,536482,77651,74380,105696,101368,29930,29,25
2021-09-03T23:59:59+02:00,3929,3603,34569,33311,50570,45133,52010,50573,62886,63016,73124,73475,53310,58860,36708,47568,11163,21211,31373,30380,47983,42249,49720,47873,60516,60243,70796,71007,51947,57244,35800,46251,10837,20478,563056,536348,77091,73208,105685,101356,29159,29,25
2021-09-02T23:59:59+02:00,3904,3574,34514,33266,50540,45092,51977,50542,62848,62976,73087,73450,53289,58849,36699,47552,11163,21207,31305,30319,47937,42204,49678,47829,60464,60190,70754,70980,51929,57228,35791,46242,10836,20474,562659,535960,77070,73203,105685,101246,29087,29,25
2021-09-01T23:59:59+02:00,3887,3560,34487,33235,50515,45065,51957,50520,62828,62943,73058,73432,53280,58840,36695,47544,11163,21206,31254,30280,47904,42174,49648,47805,60437,60165,70732,70949,51910,57209,35781,46235,10836,20471,562390,535618,77066,73196,105685,101219,29046,29,25
2021-08-31T23:59:59+02:00,3860,3547,34447,33186,50488,45027,51930,50487,62800,62910,73028,73401,53260,58818,36687,47531,11160,21205,31195,30250,47878,42148,49626,47788,60410,60149,70717,70922,51896,57199,35777,46228,10833,20465,561993,535343,77066,73193,105685,101213,29000,29,25
2021-08-30T23:59:59+02:00,3635,3343,33872,32686,50077,44659,51584,50149,62511,62653,72821,73226,53178,58732,36657,47485,11157,21197,30919,29989,47585,41924,49402,47622,60228,60023,70560,70820,51830,57154,35758,46196,10830,20458,559062,534277,77066,73190,105684,101203,27782,29,25
2021-08-29T23:59:59+02:00,3629,3335,33850,32664,50059,44651,51568,50132,62500,62639,72811,73210,53170,58727,36655,47478,11157,21195,30901,29970,47561,41898,49382,47606,60211,60006,70548,70808,51827,57146,35755,46195,10830,20456,558915,534160,77065,73189,105683,101159,27739,29,25
2021-08-28T23:59:59+02:00,3629,3335,33848,32664,50054,44650,51568,50131,62498,62636,72809,73209,53169,58725,36655,47478,11157,21195,30893,29962,47555,41896,49381,47605,60208,60002,70545,70806,51826,57142,35755,46195,10830,20456,558906,534126,77065,73188,105683,101159,27728,29,25
2021-08-27T23:59:59+02:00,3624,3329,33841,32643,50050,44648,51556,50125,62490,62631,72792,73203,53165,58723,36654,47477,11156,21194,30875,29943,47546,41889,49372,47596,60200,59994,70533,70805,51824,57141,35754,46194,10829,20456,558831,534049,77065,73186,105683,101156,27694,29,25
2021-08-26T23:59:59+02:00,3599,3302,33800,32594,50025,44609,51516,50077,62447,62608,72760,73174,53155,58713,36646,47475,11155,21190,30584,29684,47335,41683,49204,47442,60087,59899,70451,70737,51792,57110,35738,46171,10827,20452,558481,532277,77039,73179,105682,101093,27615,29,25
2021-08-25T23:59:59+02:00,3558,3278,33751,32552,49999,44565,51485,50050,62409,62575,72724,73152,53147,58695,36640,47461,11154,21189,29839,28983,46907,41272,48880,47150,59864,59676,70277,70587,51725,57034,35716,46136,10818,20444,558063,527974,77039,73177,105682,101070,27572,29,25
2021-08-24T23:59:59+02:00,3518,3256,33693,32493,49970,44523,51456,50002,62365,62528,72679,73105,53125,58671,36627,47448,11152,21181,29611,28764,46779,41142,48772,47044,59772,59582,70192,70487,51678,56986,35695,46124,10815,20441,557573,526544,77035,73173,105680,101035,27476,29,25
2021-08-23T23:59:59+02:00,3217,2992,33062,31877,49548,44130,51115,49702,62040,62235,72386,72875,53030,58582,36589,47385,11141,21172,29192,28372,46396,40845,48531,46832,59503,59376,69966,70339,51601,56916,35670,46081,10809,20434,554546,525101,77032,73171,105679,101030,25793,29,25
2021-08-22T23:59:59+02:00,3206,2984,33051,31870,49538,44120,51107,49696,62035,62228,72382,72873,53027,58579,36587,47383,11141,21171,29169,28356,46378,40837,48523,46821,59492,59369,69960,70336,51591,56912,35667,46078,10809,20434,554477,525004,77028,73167,105676,101017,25769,29,25
2021-08-21T23:59:59+02:00,3204,2984,33045,31867,49536,44118,51106,49693,62032,62227,72381,72872,53027,58579,36587,47383,11141,21171,29157,28343,46373,40833,48518,46816,59487,59369,69960,70335,51590,56912,35667,46078,10809,20434,554460,524962,77028,73163,105676,101017,25761,29,25
2021-08-20T23:59:59+02:00,3188,2973,32923,31774,49347,43990,50936,49584,61853,62101,72235,72792,52979,58537,36572,47365,11138,21167,28620,27841,45900,40481,48239,46607,59234,59186,69757,70212,51506,56854,35637,46050,10805,20427,554235,523271,77028,72989,105675,100790,24488,29,25
2021-08-19T23:59:59+02:00,3161,2950,32872,31735,49313,43952,50889,49541,61808,62063,72186,72753,52953,58517,36565,47350,11134,21160,27679,26989,45112,39879,47812,46244,58904,58913,69485,69988,51406,56765,35595,46003,10800,20421,553818,518903,76993,72014,105670,100698,24393,29,25
2021-08-18T23:59:59+02:00,3140,2931,32826,31692,49277,43917,50852,49505,61763,62026,72139,72727,52924,58500,36551,47336,11133,21155,26390,25682,44187,39001,47110,45503,58229,58330,69000,69534,51219,56543,35519,45909,10788,20404,553388,513363,76972,68818,105668,100645,24338,29,25
2021-08-17T23:59:59+02:00,3118,2908,32754,31634,49235,43850,50811,49471,61720,61984,72104,72687,52902,58476,36538,47325,11130,21150,25101,24294,43320,38307,46509,45024,57701,57888,68569,69209,51083,56359,35444,45829,10772,20390,552858,507749,76967,66742,105667,100608,24277,29,25
2021-08-16T23:59:59+02:00,3107,2889,32737,31613,49211,43828,50802,49454,61700,61967,72083,72671,52891,58468,36537,47314,11128,21146,23668,22894,42411,37456,46237,44732,57479,57628,68363,69049,51010,56275,35414,45784,10770,20376,552632,501386,76964,66710,105665,100595,24257,29,25
2021-08-15T23:59:59+02:00,3100,2878,32726,31597,49200,43823,50792,49444,61685,61951,72068,72659,52887,58461,36534,47314,11128,21146,21233,20425,41657,36918,45872,44365,57146,57332,68079,68793,50898,56172,35377,45728,10767,20367,552509,492643,76963,66531,105655,100579,24238,29,25
2021-08-14T23:59:59+02:00,3100,2877,32722,31595,49195,43822,50789,49442,61680,61948,72064,72653,52887,58461,36533,47314,11128,21146,21210,20399,41617,36888,45855,44350,57133,57322,68067,68782,50896,56170,35376,45727,10767,20366,552503,492462,76962,66528,105655,100579,24208,29,25
2021-08-13T23:59:59+02:00,3086,2860,32680,31568,49172,43807,50767,49424,61647,61917,72042,72633,52882,58454,36530,47309,11127,21143,21093,20312,41529,36789,45793,44297,57085,57284,68027,68748,50879,56158,35367,45718,10766,20364,552346,491871,76961,66525,105654,100558,24059,29,25
2021-08-12T23:59:59+02:00,3069,2831,32632,31518,49137,43767,50729,49396,61596,61889,72006,72597,52866,58435,36513,47300,11126,21140,20627,20000,40575,35980,45426,43966,56868,57108,67850,68583,50807,56075,35336,45673,10761,20356,551935,487638,76957,66523,105652,100513,23975,29,25
2021-08-11T23:59:59+02:00,3028,2800,32575,31475,49103,43731,50704,49372,61569,61859,71978,72569,52844,58409,36501,47291,11125,21136,19735,19114,39248,34794,44824,43387,56508,56778,67557,68310,50686,55937,35299,45614,10759,20343,551523,480223,76951,66519,105651,100491,23916,29,25
2021-08-10T23:59:59+02:00,3013,2781,32524,31430,49065,43702,50674,49340,61550,61819,71938,72524,52822,58393,36490,47268,11124,21131,18712,18147,37147,32934,43939,42510,56056,56382,67168,67962,50534,55783,35238,45517,10754,20323,551062,469988,76951,66517,105650,100472,23897,29,25
2021-08-09T23:59:59+02:00,2997,2774,32495,31407,49041,43684,50646,49322,61531,61802,71918,72504,52813,58384,36485,47258,11122,21130,17289,16731,34152,30499,43275,41877,55652,56020,66836,67637,50393,55635,35187,45468,10749,20305,550815,457785,76949,66513,105646,100459,23875,29,25
2021-08-08T23:59:59+02:00,2994,2774,32483,31397,49031,43677,50641,49316,61523,61795,71915,72503,52812,58382,36485,47255,11122,21129,17262,16701,34130,30485,43238,41845,55639,56007,66827,67632,50388,55629,35186,45465,10748,20304,550760,457597,76949,66508,105635,100440,23862,29,25
2021-08-07T23:59:59+02:00,2993,2769,32476,31387,49028,43669,50636,49316,61520,61792,71908,72501,52811,58380,36484,47255,11122,21129,17236,16671,34102,30466,43205,41815,55618,55990,66816,67625,50382,55627,35184,45465,10748,20303,550711,457370,76949,66505,105635,100439,23853,29,25
2021-08-06T23:59:59+02:00,2905,2677,32133,31163,48774,43473,50383,49090,61232,61587,71633,72334,52679,58276,36430,47203,11119,21120,17031,16535,33393,29990,42737,41447,55274,55764,66506,67449,50252,55533,35135,45429,10745,20296,550642,455700,75844,66218,105632,100437,22065,29,25
2021-08-05T23:59:59+02:00,2858,2638,31978,31046,48680,43383,50303,49037,61179,61542,71581,72293,52652,58257,36421,47186,11117,21118,16801,16281,31534,28558,41698,40503,55000,55415,66294,67277,50187,55456,35112,45390,10738,20287,549768,448908,75841,66145,105623,100314,22009,29,25
2021-08-04T23:59:59+02:00,2783,2561,31732,30853,48493,43248,50150,48925,61098,61466,71519,72237,52623,58217,36408,47171,11114,21113,16536,16038,31180,28337,40506,39429,54609,55084,66121,67125,50122,55372,35082,45362,10735,20280,548479,444598,75840,66126,105621,100240,21751,21,24
2021-08-03T23:59:59+02:00,2595,2381,31223,30391,48243,42999,49976,48734,60935,61292,71373,72090,52568,58146,36386,47142,11104,21099,16097,15593,30594,27809,38775,37812,53918,54436,65785,66815,50025,55244,35034,45311,10730,20270,545535,436929,75840,66120,105618,100221,21664,21,24
2021-08-02T23:59:59+02:00,2484,2286,30909,30107,48045,42819,49823,48605,60827,61188,71284,72008,52535,58114,36364,47123,11103,21096,15793,15324,30256,27457,36629,35987,53360,53924,65576,66639,49953,55159,35012,45283,10728,20266,543602,430085,75837,66116,105613,100110,21648,21,23
2021-08-01T23:59:59+02:00,2481,2283,30897,30100,48027,42810,49811,48597,60815,61178,71276,72002,52530,58106,36360,47123,11103,21096,15669,15199,30119,27344,34323,34132,53062,53674,65484,66570,49914,55119,35005,45265,10727,20264,543549,424638,75835,66112,105567,100087,21624,21,23
2021-07-31T23:59:59+02:00,2481,2283,30893,30096,48025,42808,49809,48597,60814,61178,71276,72000,52527,58104,36360,47123,11103,21095,15654,15188,30086,27325,34310,34125,53044,53666,65471,66565,49910,55114,35005,45264,10726,20263,543531,424492,75835,66111,105567,100084,21619,21,23
2021-07-30T23:59:59+02:00,2467,2278,30846,30051,47993,42787,49785,48572,60780,61149,71241,71982,52518,58093,36360,47123,11103,21093,15499,14887,29828,27010,34130,33875,52844,53374,65307,66362,49863,55068,34994,45252,10726,20262,543356,424140,75830,66102,105564,98174,21451,21,23
2021-07-29T23:59:59+02:00,2435,2258,30686,29959,47910,42726,49732,48507,60719,61108,71195,71936,52499,58074,36352,47107,11100,21088,15187,14611,29515,26798,32844,32926,52063,52763,64953,66094,49764,54976,34952,45195,10721,20254,542693,421447,75823,63376,105552,98030,21303,21,23
2021-07-28T23:59:59+02:00,2389,2221,30533,29849,47827,42657,49659,48435,60646,61031,71129,71879,52475,58036,36334,47089,11099,21083,14784,14240,29076,26481,32474,32596,51349,52148,64562,65767,49669,54874,34918,45138,10705,20235,541748,417306,75819,63323,105546,97640,21238,21,23
2021-07-27T23:59:59+02:00,2310,2148,30292,29580,47674,42481,49515,48298,60538,60908,71029,71791,52417,57975,36306,47050,11091,21076,14142,13585,28310,25854,31725,31944,50096,51054,63837,65199,49482,54670,34851,45023,10698,20217,539919,408982,75809,63297,105540,97543,21191,21,23
2021-07-26T23:59:59+02:00,2249,2093,30092,29346,47556,42352,49440,48215,60475,60843,70978,71746,52391,57943,36295,47037,11089,21067,13777,13210,27959,25566,31107,31536,48540,49686,62860,64372,49277,54466,34783,44941,10688,20205,538691,401277,75806,63292,105536,97513,21154,21,23
2021-07-25T23:59:59+02:00,2002,1891,29269,28673,47165,42039,49155,47930,60239,60620,70797,71588,52335,57868,36268,46994,11088,21060,13684,13150,27863,25504,31022,31470,48420,49624,62773,64324,49256,54449,34776,44933,10688,20204,534516,400650,75806,63285,105529,97353,21110,21,23
2021-07-24T23:59:59+02:00,1922,1823,29015,28443,47014,41934,49038,47831,60084,60501,70668,71508,52287,57838,36251,46973,11086,21060,13549,13040,27659,25370,30863,31342,48209,49454,62610,64229,49212,54419,34761,44915,10686,20202,533827,400041,75804,63282,105528,97351,20097,21,23
2021-07-23T23:59:59+02:00,1810,1702,28685,28117,46769,41783,48783,47618,59835,60312,70464,71381,52212,57767,36232,46936,11082,21051,13298,12816,27226,25056,30484,31035,47611,48964,62281,63994,49129,54353,34739,44871,10681,20193,532833,397645,75427,63228,105517,97349,18742,21,23
2021-07-22T23:59:59+02:00,1798,1695,28606,28039,46631,41642,48572,47407,59657,60171,70347,71252,52169,57730,36216,46919,11082,21051,13072,12564,26891,24723,30134,30717,45689,47403,61477,63294,49033,54251,34701,44827,10678,20183,532529,390958,74275,63079,105476,97126,18684,21,23
2021-07-21T23:59:59+02:00,1765,1656,28341,27834,46247,41308,47981,46851,59074,59688,69891,70863,51997,57569,36158,46862,11073,21038,12646,12126,26313,24181,29560,30149,41961,44166,59994,62028,48863,54071,34638,44744,10668,20156,531976,379331,71007,62569,105322,96679,17871,21,23
2021-07-20T23:59:59+02:00,1742,1641,28220,27697,46184,41250,47935,46813,59020,59638,69838,70816,51962,57541,36142,46836,11069,21031,12147,11593,25575,23490,28910,29399,38505,41174,58449,60564,48660,53850,34556,44652,10650,20136,531288,368946,70987,59177,105305,96556,17775,21,23
2021-07-19T23:59:59+02:00,1737,1640,28190,27662,46162,41237,47923,46799,59007,59622,69826,70814,51960,57537,36142,46832,11067,21031,12102,11565,25512,23456,28879,29366,38461,41142,58408,60537,48656,53842,34555,44649,10647,20135,531142,368635,70987,59164,105290,96505,17749,21,23
2021-07-18T23:59:59+02:00,1733,1633,28164,27636,46138,41228,47909,46786,59001,59612,69819,70805,51958,57536,36141,46831,11067,21030,12040,11540,25427,23417,28818,29333,38400,41115,58348,60496,48654,53838,34552,44648,10647,20135,531010,368300,70985,59133,105282,96385,17730,21,23
2021-07-17T23:59:59+02:00,1733,1631,28145,27623,46123,41219,47899,46782,58994,59607,69812,70801,51953,57532,36140,46831,11067,21030,12013,11529,25394,23381,28785,29313,38378,41098,58313,60472,48644,53830,34550,44648,10647,20135,530933,368052,70984,59129,105282,96382,17703,21,23
2021-07-16T23:59:59+02:00,1718,1611,27879,27434,45840,41054,47675,46609,58695,59405,69580,70660,51847,57459,36096,46795,11062,21028,11760,11335,25065,23141,28487,29083,37982,40823,57805,60049,48508,53716,34498,44598,10641,20131,530617,366852,70983,59126,105157,96107,15670,21,23
2021-07-15T23:59:59+02:00,1620,1498,27416,27046,45582,40816,47529,46496,58556,59292,69477,70572,51806,57417,36081,46773,11061,21021,11467,11108,24585,22796,28122,28811,37588,40544,55760,58005,48338,53516,34441,44514,10633,20120,528294,359913,70980,59041,105149,95896,15616,21,23
2021-07-14T23:59:59+02:00,1453,1366,26851,26507,45276,40527,47326,46311,58373,59094,69317,70426,51745,57358,36055,46743,11055,21016,11280,10921,24175,22444,27770,28492,37064,40142,54543,56825,48201,53366,34390,44450,10625,20098,525121,356205,70974,57381,105130,95750,15554,21,23
2021-07-13T23:59:59+02:00,1168,1062,25898,25610,44784,40114,46969,45993,58047,58809,69042,70179,51632,57232,36012,46688,11051,21001,10935,10583,23641,21897,27152,27906,35685,38951,50413,52923,47838,52978,34261,44301,10608,20069,519732,346954,70967,52177,105127,95643,15445,21,23
2021-07-12T23:59:59+02:00,703,665,24516,24351,44224,39633,46770,45777,57834,58613,68858,70007,51570,57141,35994,46662,11049,20993,10702,10475,23434,21759,26900,27771,35439,38783,49972,52502,47763,52893,34231,44266,10608,20063,513835,345496,70967,52151,105121,94563,15418,20,23
2021-07-11T23:59:59+02:00,700,660,24495,24331,44194,39612,46752,45766,57820,58601,68844,70005,51568,57138,35991,46658,11048,20993,10606,10390,23217,21636,26635,27672,35129,38700,49259,52015,46277,51303,34141,44160,10608,20061,513747,344991,70964,52105,105108,89440,15338,20,23
2021-07-10T23:59:59+02:00,698,655,24488,24325,44189,39604,46749,45763,57813,58600,68844,70004,51568,57138,35991,46658,11048,20993,10594,10381,23193,21617,26621,27663,35106,38695,49246,52010,46263,51287,34139,44159,10608,20061,513713,344887,70961,52104,105106,89384,15329,20,23
2021-07-09T23:59:59+02:00,691,645,24040,23864,43912,39365,46680,45702,57752,58559,68793,69979,51551,57125,35987,46650,11047,20993,10515,10210,23099,21428,26560,27454,35039,38478,49182,51906,46241,51263,34135,44156,10608,20061,511953,343659,70958,52091,105100,89341,15305,20,23
2021-07-08T23:59:59+02:00,625,578,22958,22855,43105,38761,46427,45498,57544,58415,68595,69839,51472,57059,35959,46627,11045,20985,10258,10019,22721,21176,26163,27192,34562,38167,48574,51388,45905,50897,34065,44078,10601,20039,507248,340084,70934,51943,105042,88725,15104,20,23
2021-07-07T23:59:59+02:00,573,532,21632,21456,42362,38072,46206,45275,57306,58224,68429,69679,51387,56975,35922,46572,11037,20971,9884,9712,21843,20586,25060,26397,32725,36798,47653,50502,45403,50360,33959,43939,10593,20021,501848,335141,70760,47559,105018,87810,14965,20,23
2021-07-06T23:59:59+02:00,515,469,20398,20170,41512,37423,45727,44924,56912,57919,68102,69419,51287,56849,35878,46520,11029,20962,9492,9330,20980,19992,24097,25742,31234,35602,46459,49302,44624,49578,33822,43763,10580,20001,497345,327813,68834,45453,104996,86538,14821,20,23
2021-07-05T23:59:59+02:00,479,441,18990,18785,40647,36619,45509,44698,56729,57716,67941,69291,51231,56794,35857,46491,11027,20955,9203,9074,20419,19610,23430,25322,30594,35174,45700,48689,43868,48788,33692,43575,10571,19989,491615,322032,68831,45430,104989,85509,14748,18,23
2021-07-04T23:59:59+02:00,472,435,17201,16745,40300,36388,45421,44625,56644,57647,67862,69223,51198,56768,35847,46471,11025,20953,9142,9022,20278,19545,23256,25244,30336,35095,44906,48561,42502,47438,33613,43501,10569,19983,486755,321573,68804,45385,104973,81379,14675,18,23
2021-07-03T23:59:59+02:00,472,434,17180,16725,40250,36340,45405,44610,56637,57643,67856,69216,51196,56765,35847,46471,11025,20952,9099,8981,20212,19477,23196,25180,30252,35016,44685,48385,42433,47363,33568,43442,10566,19983,486572,320615,68802,45384,104972,81199,14660,18,23
2021-07-02T23:59:59+02:00,451,411,17065,16620,39780,35965,45292,44513,56584,57601,67807,69184,51184,56760,35841,46459,11025,20951,8941,8814,19884,19199,22810,24802,29833,34603,44056,47741,42231,47134,33470,43306,10561,19979,485072,317621,68785,44348,104970,80765,14648,18,23
2021-07-01T23:59:59+02:00,399,371,16759,16339,38042,34630,44718,44013,56324,57392,67633,69014,51104,56670,35813,46420,11021,20943,8566,8419,19021,18493,21845,23949,28448,33414,41028,44774,41234,46054,32857,42578,10544,19950,479583,310142,68710,39465,104947,77228,14347,18,23
2021-06-30T23:59:59+02:00,351,326,16468,16093,35850,32804,44094,43380,56100,57196,67428,68822,51020,56577,35784,46366,11017,20927,8207,8083,18350,17865,20961,23120,27172,32153,36390,39904,40156,44910,32193,41789,10523,19925,472716,299663,68665,33433,104928,74335,14276,18,23
2021-06-29T23:59:59+02:00,312,289,16249,15893,34846,31720,43646,42935,55918,57036,67257,68673,50943,56503,35745,46321,11009,20920,7626,7474,17218,16930,19708,21902,25474,30477,33645,36784,37305,41863,31452,40903,10500,19887,468517,283473,68657,33386,104913,68182,14110,18,21
2021-06-28T23:59:59+02:00,302,267,16106,15736,33123,30294,43324,42639,55753,56896,67140,68567,50897,56451,35727,46300,11006,20908,7322,7213,16668,16553,19316,21586,24965,30093,33054,36285,35921,40373,30664,39969,10496,19875,464079,280421,68635,33337,104892,62783,13812,18,21
2021-06-27T23:59:59+02:00,302,267,16084,15713,32968,30206,43262,42610,55716,56887,67114,68559,50892,56447,35724,46299,11006,20907,7278,7185,16530,16486,19151,21524,24763,30019,32826,36146,34666,39102,29038,38044,10495,19874,463756,280249,68632,33298,104885,55907,13672,18,21
2021-06-26T23:59:59+02:00,300,265,16063,15693,32944,30189,43217,42569,55693,56873,67108,68556,50890,56445,35721,46298,11006,20907,7274,7173,16510,16474,19135,21516,24730,29997,32805,36125,34653,39090,29036,38041,10495,19874,463533,280056,68630,33298,104885,55902,13671,18,21
2021-06-25T23:59:59+02:00,294,264,16009,15648,32831,30089,43025,42409,55635,56828,67068,68532,50880,56434,35717,46297,11006,20907,7086,6896,16227,15965,18866,20862,24362,29061,32416,35403,34491,38874,29013,38011,10495,19874,462710,277379,68629,33289,104868,53585,13648,18,21
2021-06-24T23:59:59+02:00,273,251,15737,15448,32381,29800,41554,41164,55168,56470,66835,68372,50827,56377,35701,46269,11001,20897,6770,6671,15533,15521,17415,19845,22282,27503,31319,34508,34089,38453,28890,37831,10483,19860,458133,267692,68628,33237,104864,53160,12882,18,21
2021-06-23T23:59:59+02:00,258,234,15455,15155,31882,29399,39448,39338,54620,55926,66583,68151,50738,56268,35661,46223,10996,20884,6563,6508,15170,15242,16889,19396,21400,26704,29626,33148,33333,37605,28699,37590,10476,19845,451048,259887,68582,33147,104861,52445,12710,18,21
2021-06-22T23:59:59+02:00,236,199,15071,14762,31213,28765,36002,36285,53707,55126,66280,67846,50632,56146,35622,46166,10992,20870,6386,6297,14764,14915,16089,18679,19982,25388,28025,31496,32534,36630,28160,36983,10458,19814,440093,249795,68550,33064,104856,51329,12403,18,21
2021-06-21T23:59:59+02:00,221,193,14828,14588,30523,28302,33831,34318,53243,54700,66101,67729,50551,56072,35596,46144,10987,20865,6290,6212,14603,14798,15919,18544,19862,25276,27916,31411,32379,36491,26951,35749,10458,19811,433254,249121,68528,33017,104825,48356,12167,18,21
2021-06-20T23:59:59+02:00,214,192,14703,14499,28615,26963,33218,33871,53154,54604,66032,67692,50528,56044,35588,46141,10986,20863,5841,5916,13659,14164,15097,17957,19311,24920,27606,31213,32215,36315,26925,35718,10456,19807,428865,244164,68524,32982,104821,48286,11679,18,21
2021-06-19T23:59:59+02:00,208,187,14678,14466,28501,26882,33187,33844,53132,54588,66016,67681,50522,56035,35586,46136,10985,20861,5626,5754,13097,13752,14490,17480,18984,24719,27413,31042,32136,36215,26908,35704,10456,19807,428460,240637,68522,32980,104821,48283,11674,18,21
2021-06-18T23:59:59+02:00,206,179,14589,14380,28401,26817,31937,32934,52765,54281,65883,67587,50491,56001,35568,46110,10981,20857,5555,5677,12999,13668,14325,17355,18748,24490,26593,30375,31931,35979,26842,35629,10452,19800,427971,237695,65544,32859,104812,48229,11622,18,21
2021-06-17T23:59:59+02:00,192,163,14217,14117,27805,26571,31448,32672,51975,53715,65455,67320,50410,55901,35535,46069,10975,20845,5178,5418,12215,13196,13539,16744,17655,23563,24437,28410,31290,35244,26644,35351,10435,19786,424773,228691,65539,32581,104788,47550,10270,15,21
2021-06-16T23:59:59+02:00,163,135,13790,13718,27341,26216,31008,32315,51163,53009,65004,66932,50292,55781,35506,46012,10964,20833,4814,4975,11492,12520,12750,16051,16554,22441,21469,25543,30222,34039,26347,34948,10420,19745,419918,214641,65497,32553,104782,47153,9970,15,21
2021-06-15T23:59:59+02:00,102,82,13162,13098,26589,25638,30225,31720,49910,51945,64289,66405,50113,55585,35438,45900,10955,20814,4318,4343,10522,11583,11595,14669,14823,20736,18035,22232,28851,32602,25962,34429,10394,19701,412200,196002,65481,32438,104776,46844,9498,15,21
2021-06-14T23:59:59+02:00,72,61,12758,12726,26182,25313,29564,31256,48113,50476,63238,65569,49898,55360,35361,45824,10947,20802,4218,4290,10347,11454,11455,14537,14645,20615,17843,22073,28781,32522,25943,34402,10390,19698,404330,195568,65472,32166,104774,46537,8929,15,21
2021-06-13T23:59:59+02:00,71,60,12716,12681,26108,25281,29501,31229,48060,50451,63202,65545,49891,55357,35359,45820,10946,20799,4064,4213,10019,11326,11132,14426,14348,20503,17443,21730,27269,30882,25803,34207,10386,19687,404127,194829,65396,27496,104767,46328,8772,15,21
2021-06-12T23:59:59+02:00,71,59,12699,12665,26094,25271,29490,31217,48001,50381,63160,65509,49890,55354,35359,45820,10946,20799,4062,4203,10003,11312,11124,14412,14329,20486,17423,21721,27228,30837,25798,34201,10386,19687,403836,194646,65396,27494,104766,46287,8772,15,21
2021-06-11T23:59:59+02:00,69,56,12600,12535,25969,25157,29369,31093,47766,50155,63028,65389,49866,55328,35348,45809,10944,20797,3968,3933,9477,10118,10693,13504,14039,19929,17150,21243,26818,30416,25708,34119,10383,19685,402570,193604,65387,27490,104724,41494,8582,15,21
2021-06-10T23:59:59+02:00,61,49,12355,12323,25651,24876,29024,30826,46695,49138,62290,64820,49779,55232,35314,45757,10934,20784,3700,3569,8708,8868,9792,11858,12735,17176,15364,17642,25110,28497,25410,33817,10377,19661,397697,188108,65334,27051,104520,28769,8342,15,21
2021-06-09T23:59:59+02:00,48,37,12064,12000,25242,24469,28631,30430,44687,47316,61199,63881,49675,55109,35267,45703,10928,20766,3455,3449,8292,8615,9284,11538,12224,16786,14655,17045,21279,24186,25184,33516,10365,19635,389708,176555,65211,26707,104519,28233,7999,15,21
2021-06-08T23:59:59+02:00,42,26,11634,11466,24581,23847,27975,29766,41520,44470,59426,62248,49504,54917,35194,45612,10918,20744,3246,3312,7894,8357,8667,11166,11560,16364,13998,16399,15905,18240,24792,32990,10347,19607,377051,161369,65150,26374,104509,27930,7165,15,13
2021-06-07T23:59:59+02:00,37,19,11473,11277,24231,23573,27698,29559,38892,42541,58997,61886,49470,54886,35182,45591,10916,20738,3150,3244,7587,8181,8350,10990,10984,15913,13495,15921,15829,18162,24763,32940,10345,19600,371410,161053,64723,24547,104500,27529,6319,14,13
2021-06-06T23:59:59+02:00,34,18,11338,11171,23911,23344,27489,29386,37289,41355,58870,61807,49446,54858,35174,45577,10916,20736,3047,3194,7316,8093,8081,10823,10247,15231,12900,15302,15677,18051,24749,32917,10343,19600,371003,160939,61337,21387,104489,27363,5876,14,13
2021-06-05T23:59:59+02:00,34,17,11320,11154,23868,23309,27454,29360,37262,41341,58772,61722,49435,54852,35172,45575,10916,20733,3035,3183,7293,8061,8052,10807,10217,15217,12860,15278,15556,17887,24744,32909,10342,19599,370673,160515,61335,21386,104489,27348,5785,14,13
2021-06-04T23:59:59+02:00,34,15,11135,10894,23505,22845,27181,28963,36834,40890,58154,61181,49401,54811,35162,45557,10915,20727,3011,3166,7264,8045,8031,10789,10188,15192,12825,15244,15345,17681,24733,32888,10340,19598,368872,159932,59064,21372,104475,27251,5779,14,13
2021-06-03T23:59:59+02:00,32,14,10915,10678,23047,22452,26756,28627,35738,40063,55394,58830,49272,54653,35119,45493,10910,20712,2922,3085,7056,7890,7574,10492,9160,14561,11579,14544,14163,16214,24555,32671,10328,19579,364931,156581,54140,17646,104425,26944,5196,13,13
2021-06-02T23:59:59+02:00,32,14,10880,10645,23011,22418,26725,28602,35707,40022,55267,58672,49258,54630,35113,45486,10910,20711,2882,3056,7001,7872,7515,10459,9003,14521,11356,14481,12806,14731,24435,32497,10323,19572,364347,152757,54134,17635,104425,26928,5184,13,13
2021-06-01T23:59:59+02:00,19,7,10467,10303,22354,21909,26039,28019,34986,39446,52267,55525,48868,54222,34995,45323,10894,20685,2423,2697,5648,7186,6245,9883,7611,13851,10222,13516,8498,9171,23961,31818,10301,19517,353589,134567,53964,17267,104406,26352,4356,13,13
2021-05-31T23:59:59+02:00,18,6,10193,10072,21779,21512,25631,27766,34665,39243,50818,54129,48769,54097,34962,45282,10887,20677,2313,2573,5362,6941,5985,9662,7246,13610,9966,13356,8447,9109,23935,31771,10293,19504,348855,133797,53925,17146,104382,25793,3331,13,13
2021-05-30T23:59:59+02:00,17,6,10139,10024,21690,21474,25566,27732,34553,39172,50453,53788,48744,54071,34956,45276,10885,20674,2278,2543,5257,6863,5883,9595,7056,13522,9741,13260,8403,9062,23919,31764,10292,19499,347670,133204,53906,16973,104366,25489,3265,13,13
2021-05-29T23:59:59+02:00,16,6,10124,10012,21656,21456,25549,27720,34532,39159,50440,53770,48740,54067,34953,45275,10885,20674,2259,2489,5213,6737,5823,9463,6940,13325,9603,13039,8330,8972,23852,31697,10291,19498,347514,132927,53906,16921,104345,24421,3256,13,13
2021-05-28T23:59:59+02:00,16,6,10066,9944,21581,21348,25470,27601,34455,39059,50362,53671,48719,54049,34945,45266,10885,20670,2175,2222,4595,6195,5202,8738,6568,12358,9105,12041,8154,8775,23484,31216,10290,19495,346670,131433,53894,16823,104287,19102,3249,13,13
2021-05-27T23:59:59+02:00,15,6,9802,9696,21053,20969,24925,27243,33930,38680,49749,53063,48549,53857,34875,45191,10881,20651,1933,1954,4010,5674,4523,8134,6058,11590,8159,10716,7649,8117,21927,29066,10275,19473,342386,125783,53485,15688,104179,14707,3072,13,13
2021-05-26T23:59:59+02:00,15,6,9528,9449,20328,20400,24055,26570,32669,37651,48983,52358,48294,53568,34801,45077,10870,20627,1878,1882,3916,5547,4389,7971,5852,11329,7834,10332,7087,7392,19500,25639,10257,19430,337668,117313,50509,15434,104126,14546,2933,13,13
2021-05-25T23:59:59+02:00,14,6,9263,9214,19915,20043,23617,26179,32161,37136,48089,51381,47996,53251,34711,44934,10858,20597,1812,1834,3796,5448,4251,7826,5642,11106,7522,10012,6464,6554,15386,20271,10237,19372,332082,105146,50429,15389,104053,14201,2788,13,13
2021-05-24T23:59:59+02:00,13,6,9043,9057,19346,19754,22845,25792,30645,36118,47865,51208,47903,53150,34682,44904,10856,20596,1787,1818,3750,5414,4188,7784,5577,11047,7446,9956,6438,6530,15372,20262,10237,19372,330500,105028,46622,15376,103993,13910,2655,13,13
2021-05-23T23:59:59+02:00,13,6,8835,8850,18987,19461,22423,25444,30220,35797,47273,50696,47469,52695,34579,44758,10848,20587,1785,1817,3741,5409,4184,7779,5567,11039,7437,9947,6433,6519,15372,20260,10237,19372,325663,104972,46620,15374,103992,13890,2653,13,13
2021-05-22T23:59:59+02:00,13,6,8804,8813,18937,19418,22376,25412,30167,35767,47164,50626,47450,52673,34576,44749,10844,20587,1784,1814,3728,5396,4180,7773,5563,11033,7430,9943,6431,6517,15370,20260,10237,19372,325119,104940,46620,15374,103991,13869,2639,13,13
2021-05-21T23:59:59+02:00,12,6,8530,8458,18497,18902,22015,24771,29740,34957,46675,49961,47361,52551,34538,44706,10841,20582,1721,1772,3649,5357,4138,7739,5530,10988,7389,9894,6403,6491,15293,20163,10236,19371,319916,104629,46590,15373,103967,13506,2617,13,13
2021-05-20T23:59:59+02:00,12,6,7955,7908,17547,18106,21012,23853,28421,33757,44928,48138,46921,52091,34429,44550,10824,20563,1419,1610,3336,5068,3872,7349,5233,10506,7009,9442,6169,6236,13987,18627,10213,19332,308305,100890,46504,14892,103739,11157,2460,13,13
2021-05-19T23:59:59+02:00,12,6,7689,7593,16941,17499,20113,22980,27193,32498,43131,46049,46390,51536,34275,44327,10803,20533,1355,1527,3133,4854,3666,7098,5007,10153,6713,9110,5886,5901,11787,15784,10196,19273,297159,94671,46464,14420,103690,10103,2242,13,11
2021-05-18T23:59:59+02:00,11,6,7163,7048,15786,16473,18847,21731,25681,30870,40438,42816,45561,50589,34035,44022,10778,20491,1334,1501,3073,4783,3590,6979,4872,10020,6530,8899,5620,5625,10089,13618,10171,19218,281353,89545,45259,14370,103588,9865,2135,11,11
2021-05-17T23:59:59+02:00,11,6,7083,6987,15603,16363,18632,21562,25283,30542,38683,41178,45451,50510,33988,43956,10769,20467,1301,1478,3017,4738,3526,6920,4804,9917,6434,8798,5579,5585,10075,13601,10168,19210,281136,89478,40487,14088,103544,9682,1896,11,11
2021-05-16T23:59:59+02:00,10,5,6968,6935,15483,16275,18503,21455,25100,30427,35699,38407,45415,50475,33966,43932,10766,20462,1277,1460,2973,4696,3478,6863,4718,9849,6338,8717,5549,5548,10063,13585,10166,19207,280857,89430,34333,13819,103423,9572,1659,11,11
2021-05-15T23:59:59+02:00,10,5,6944,6904,15422,16217,18457,21415,25033,30384,35663,38366,45392,50448,33959,43927,10766,20462,1265,1434,2941,4623,3459,6794,4699,9768,6316,8667,5543,5543,10058,13584,10166,19207,280375,89375,34333,13815,103409,9224,1646,11,11
2021-05-14T23:59:59+02:00,10,5,6767,6534,15077,15717,18145,20997,24698,29922,35417,38014,45363,50417,33949,43922,10766,20460,1208,1373,2863,4519,3412,6691,4635,9617,6234,8538,5513,5499,10045,13575,10166,19206,279318,89290,34185,13796,101086,8421,1580,11,11
2021-05-13T23:59:59+02:00,10,5,6416,6218,14321,15133,17439,20365,23839,29180,34648,37344,45075,50074,33870,43796,10762,20449,1030,1289,2667,4410,3293,6570,4494,9448,6112,8395,5470,5461,10030,13559,10162,19201,272909,89142,33861,13715,100871,7435,1292,11,11
2021-05-12T23:59:59+02:00,10,5,6014,5945,13341,14456,16418,19563,23173,28743,34342,37061,44891,49879,33839,43765,10759,20446,1027,1287,2660,4404,3274,6566,4489,9438,6104,8390,5464,5455,10028,13554,10161,19200,266641,89081,33852,13705,100867,7430,1279,11,10
2021-05-11T23:59:59+02:00,10,5,5639,5721,12753,14009,14611,18121,20218,26215,32027,34733,43837,48619,33515,43293,10730,20397,965,1213,2543,4232,3168,6332,4370,9150,5988,8164,5393,5377,9986,13494,10153,19184,249340,88608,33575,13489,100428,6509,1099,11,10
2021-05-10T23:59:59+02:00,10,5,5490,5624,12481,13883,14261,17898,19416,25644,30649,33712,43305,48006,33458,43205,10722,20377,922,1154,2444,4070,3074,6130,4245,8886,5866,7967,5356,5346,9974,13478,10149,19175,243862,88500,33364,13428,100123,5515,786,11,10
2021-05-09T23:59:59+02:00,10,5,5084,5383,11286,13350,13259,17535,18391,25314,30104,33421,43249,47934,33433,43190,10719,20370,898,1124,2344,3965,2984,5991,4113,8711,5772,7862,5348,5332,9967,13474,10144,19172,238524,88455,33292,13386,99782,4926,428,11,9
2021-05-08T23:59:59+02:00,10,5,5073,5374,11264,13331,13233,17516,18361,25281,30064,33378,43241,47923,33432,43186,10719,20370,894,1118,2331,3957,2978,5991,4109,8705,5769,7859,5345,5329,9964,13469,10144,19172,238255,88427,33291,13386,99781,4892,423,11,9
2021-05-07T23:59:59+02:00,10,5,4972,5291,11036,13163,12941,17299,17752,24680,29116,32482,43050,47683,33376,43114,10715,20364,867,1087,2295,3902,2932,5945,4054,8651,5686,7806,5298,5282,9952,13459,10144,19171,235760,88291,31397,13383,99673,4643,208,11,9
2021-05-06T23:59:59+02:00,10,5,4557,5011,10367,12745,12181,16633,16146,23233,26566,30089,42346,46934,33210,42878,10699,20341,811,1032,2157,3652,2763,5636,3860,8178,5490,7483,5247,5229,9929,13431,10142,19163,226993,88109,28045,13069,98854,2971,48,11,9
2021-05-05T23:59:59+02:00,10,5,4244,4783,9772,12299,11460,16051,15045,22205,23713,27327,41367,45828,32928,42490,10681,20300,797,1010,2095,3526,2706,5480,3766,7967,5394,7347,5198,5174,9892,13392,10140,19160,213965,87847,27862,12931,98630,2220,40,11,9
2021-05-04T23:59:59+02:00,10,5,3894,4323,9099,11600,10687,15210,13741,20950,20102,23912,40019,44367,32556,41970,10658,20262,779,980,2028,3409,2636,5344,3674,7815,5298,7224,5160,5127,9862,13363,10138,19157,196871,87629,27844,12631,98605,1694,34,11,9
2021-05-03T23:59:59+02:00,10,4,3652,3900,8688,11105,10209,14583,13206,20295,19379,23265,39754,44115,32477,41867,10655,20247,765,951,1961,3302,2579,5236,3614,7700,5248,7137,5146,5116,9847,13346,10135,19152,191004,87489,27832,12623,98542,1095,22,11,9
2021-05-02T23:59:59+02:00,10,4,3649,3898,8670,11098,10200,14575,13185,20283,19361,23256,39753,44114,32476,41866,10654,20247,761,934,1931,3221,2533,5139,3567,7575,5228,7071,5142,5113,9846,13342,10135,19150,190916,87471,27819,12592,98535,601,18,11,9
2021-05-01T23:59:59+02:00,10,4,3647,3891,8657,11085,10192,14566,13178,20281,19350,23247,39753,44112,32476,41866,10654,20247,760,934,1930,3221,2533,5139,3567,7575,5228,7071,5142,5113,9846,13342,10134,19150,190836,87470,27817,12591,98535,601,17,11,9
2021-04-30T23:59:59+02:00,10,3,3624,3868,8611,11049,10149,14527,13117,20242,19247,23096,39484,43789,32455,41846,10653,20247,757,930,1917,3212,2532,5130,3564,7568,5226,7064,5139,5110,9842,13341,10134,19150,189911,87444,27548,12588,98530,561,17,11,9
2021-04-29T23:59:59+02:00,10,3,3358,3695,8177,10775,9599,14242,12624,19878,18509,22368,36425,40335,32195,41479,10642,20212,744,916,1869,3151,2483,5064,3498,7426,5134,6965,5101,5076,9820,13298,10132,19144,184365,87240,21710,12432,98424,127,16,11,9
2021-04-28T23:59:59+02:00,10,3,3196,3628,7913,10665,9202,14067,12247,19641,18021,21934,32633,36017,31978,41178,10629,20190,727,901,1843,3112,2438,5015,3461,7368,5068,6901,5039,5015,9768,13240,10129,19135,173195,87031,21557,11994,98378,118,11,11,9
2021-04-27T23:59:59+02:00,9,3,3115,3562,7653,10533,8849,13894,11762,19416,17543,21445,27070,29823,31601,40670,10608,20158,717,887,1811,3075,2403,4969,3406,7309,5013,6824,4988,4945,9733,13189,10126,19126,157847,86822,21535,11568,98310,115,11,11,8
2021-04-26T23:59:59+02:00,9,3,3062,3528,7511,10468,8683,13835,11531,19348,17018,21058,27036,29789,31587,40655,10608,20158,694,856,1743,3015,2336,4912,3340,7220,4917,6720,4889,4870,9653,13105,10124,19123,157270,86692,21317,10694,97278,115,11,11,8
2021-04-25T23:59:59+02:00,9,3,3024,3511,7349,10416,8445,13785,11199,19304,16188,20586,25479,28128,31532,40592,10608,20155,694,854,1737,3010,2329,4909,3334,7212,4913,6711,4886,4865,9645,13094,10124,19123,156782,86668,21307,10657,92202,99,11,11,8
2021-04-24T23:59:59+02:00,9,3,3020,3505,7333,10403,8434,13777,11185,19295,16171,20568,25436,28065,31529,40586,10607,20154,694,854,1737,3009,2329,4909,3333,7212,4913,6711,4886,4864,9643,13093,10124,19123,156580,86662,21303,10657,92175,99,11,11,8
2021-04-23T23:59:59+02:00,9,3,3002,3487,7291,10360,8389,13732,11118,19235,16111,20504,25013,27561,31496,40530,10604,20151,685,846,1719,3000,2313,4880,3280,7174,4814,6616,4749,4741,9476,12895,10118,19108,155391,86372,21163,9928,92020,99,11,11,7
2021-04-22T23:59:59+02:00,8,3,2923,3405,7099,10176,7847,13324,9907,18441,14557,19459,22998,25129,31284,40261,10585,20122,620,795,1604,2888,2188,4716,3118,7003,4630,6416,4594,4567,8966,12240,10082,19029,150591,84460,15858,8901,91057,80,11,11,7
2021-04-21T23:59:59+02:00,8,3,2870,3357,6975,10086,7636,13169,9540,18199,14087,19012,20482,21986,30986,39874,10568,20096,571,771,1524,2809,2101,4625,2992,6860,4467,6252,4408,4386,8397,11481,10039,18940,143572,82671,15094,7865,90247,72,11,10,7
2021-04-20T23:59:59+02:00,8,3,2830,3318,6868,9997,7498,13060,9287,17981,13596,18618,17093,17921,30673,39398,10551,20060,541,737,1451,2745,2014,4546,2893,6741,4332,6091,4222,4192,7535,10270,9971,18789,134713,79758,14849,7232,89177,67,11,10,5
2021-04-19T23:59:59+02:00,8,3,2816,3310,6821,9956,7446,13025,9211,17907,13459,18502,16760,17540,30638,39359,10549,20055,481,697,1331,2650,1915,4448,2760,6583,4135,5899,3968,3888,5707,7852,9756,18393,134392,73940,14653,6446,88299,64,11,10,5
2021-04-18T23:59:59+02:00,8,3,2800,3296,6744,9930,7341,12976,9013,17840,12623,18373,15349,16134,30570,39297,10546,20048,475,691,1321,2642,1900,4437,2727,6553,4074,5850,3892,3816,5297,7228,9711,18310,134178,72451,14510,6400,84182,60,11,10,5
2021-04-17T23:59:59+02:00,8,3,2790,3292,6727,9908,7311,12955,8981,17801,12591,18353,15296,16084,30516,39225,10545,20048,475,689,1321,2641,1899,4433,2723,6548,4071,5846,3891,3814,5292,7227,9710,18309,133824,72416,14509,6400,84080,60,11,10,5
2021-04-16T23:59:59+02:00,8,3,2777,3278,6693,9893,7260,12916,8906,17749,12483,18250,15051,15807,29998,38576,10542,20041,475,687,1315,2636,1890,4431,2717,6542,4063,5838,3886,3808,5275,7197,9710,18307,132301,72318,14502,6389,83407,57,11,10,5
2021-04-15T23:59:59+02:00,8,3,2724,3220,6560,9792,7071,12738,8563,17476,12009,17785,13995,14589,27883,35769,10526,20018,466,681,1310,2610,1875,4408,2694,6514,4020,5785,3831,3732,5244,7146,9702,18295,126385,72002,14226,6253,80098,46,10,10,5
2021-04-14T23:59:59+02:00,7,1,2668,3170,6466,9697,6927,12577,8291,17209,11579,17322,12815,13206,23172,29686,10506,19964,462,675,1296,2600,1863,4391,2672,6489,3977,5748,3784,3681,5183,7092,9674,18259,114001,71709,14193,6101,77050,24,10,9,5
2021-04-13T23:59:59+02:00,7,1,2616,3136,6338,9611,6776,12444,8012,16960,11155,16901,10151,10281,20097,25523,10484,19921,446,650,1248,2557,1810,4325,2561,6387,3797,5586,3571,3496,5036,6954,9665,18237,105588,71360,13999,4934,70808,20,10,9,5
2021-04-12T23:59:59+02:00,7,1,2595,3122,6278,9582,6668,12357,7820,16832,10908,16694,8785,8786,19275,24551,10483,19912,440,641,1228,2542,1794,4302,2527,6345,3744,5534,3510,3448,5001,6913,9660,18215,105467,71219,13944,4597,65226,16,10,9,5
2021-04-11T23:59:59+02:00,7,1,2567,3114,6182,9555,6553,12320,7654,16782,10708,16588,7511,7507,17548,22572,10481,19909,440,641,1227,2540,1794,4301,2527,6345,3742,5529,3506,3447,4995,6911,9660,18215,105397,71209,13938,4587,58205,12,10,9,5
2021-04-10T23:59:59+02:00,7,1,2566,3112,6172,9550,6544,12315,7649,16777,10701,16579,7503,7494,17539,22566,10481,19909,439,638,1225,2537,1793,4299,2525,6340,3739,5528,3497,3433,4987,6897,9660,18215,105315,71149,13937,4580,58195,12,9,9,5
2021-04-09T23:59:59+02:00,7,1,2504,3014,6037,9340,6387,12053,7389,16369,10389,16080,7346,7289,17423,22386,10480,19907,434,633,1207,2525,1766,4284,2494,6291,3660,5449,3384,3323,4848,6808,9655,18212,104846,71067,13908,3885,55629,10,9,9,5
2021-04-08T23:59:59+02:00,7,1,2425,2942,5941,9221,6284,11924,7218,16183,10132,15892,7152,7030,16164,20926,10469,19877,427,628,1195,2493,1741,4248,2467,6218,3608,5383,3309,3276,4768,6703,9633,18167,101195,70625,13554,3619,55021,9,9,9,5
2021-04-07T23:59:59+02:00,7,1,2398,2906,5868,9150,6196,11849,7085,16083,9890,15741,6855,6701,13847,17976,10448,19830,422,627,1185,2480,1728,4224,2453,6178,3541,5324,3238,3224,4713,6644,9626,18139,95036,70351,13393,3376,54384,8,9,9,5
2021-04-06T23:59:59+02:00,7,1,2381,2873,5771,9084,6105,11769,6932,15970,9650,15557,6498,6337,11748,15373,10421,19770,419,620,1178,2453,1716,4201,2427,6140,3477,5259,3154,3174,4668,6590,9621,18123,90004,70108,13092,3095,53135,8,7,9,5
2021-04-05T23:59:59+02:00,7,1,2373,2864,5753,9067,6093,11750,6919,15951,9630,15532,6374,6239,10467,14080,10421,19769,415,612,1174,2438,1710,4185,2411,6109,3444,5218,3124,3137,4647,6544,9615,18107,89924,69917,13056,2958,50295,7,6,9,5
2021-04-04T23:59:59+02:00,7,1,2373,2864,5750,9064,6091,11750,6917,15951,9628,15531,6369,6235,10467,14078,10421,19769,415,611,1174,2437,1710,4185,2410,6109,3444,5218,3124,3137,4645,6544,9615,18107,89915,69913,13054,2957,50282,7,6,9,5
2021-04-03T23:59:59+02:00,7,1,2371,2856,5742,9057,6086,11746,6914,15947,9625,15529,6366,6230,10460,14075,10421,19769,415,611,1174,2437,1710,4185,2410,6109,3444,5217,3124,3137,4645,6544,9615,18107,89858,69912,13053,2957,50276,7,6,9,5
2021-04-02T23:59:59+02:00,7,1,2369,2854,5736,9050,6084,11743,6910,15946,9621,15527,6362,6224,10446,14046,10420,19768,413,609,1173,2437,1709,4184,2409,6109,3443,5210,3098,3120,4635,6535,9615,18107,89775,69835,13050,2956,50275,7,6,8,5
2021-04-01T23:59:59+02:00,7,1,2348,2851,5705,9021,6041,11701,6867,15891,9566,15471,6269,6127,10151,13699,10397,19720,411,593,1170,2431,1702,4173,2393,6092,3416,5189,3034,3071,4575,6463,9540,17994,88788,69280,13029,2953,50003,7,5,8,5
2021-03-31T23:59:59+02:00,7,1,2314,2824,5629,8955,5973,11608,6762,15778,9432,15336,6124,5984,9601,12961,10355,19630,406,587,1164,2420,1695,4157,2386,6079,3396,5155,3002,3038,4528,6404,9484,17893,86811,68831,12815,2951,49636,7,4,8,4
2021-03-30T23:59:59+02:00,7,1,2294,2808,5582,8897,5910,11533,6691,15679,9334,15192,5938,5770,8695,11623,10280,19449,404,585,1161,2416,1682,4140,2368,6056,3362,5111,2945,2970,4441,6305,9353,17654,83741,68129,12433,2813,49499,7,4,6,3
2021-03-29T23:59:59+02:00,6,1,2227,2754,5479,8786,5802,11382,6522,15447,9101,14937,5579,5393,6755,9089,10060,19028,397,581,1150,2405,1669,4128,2343,6029,3332,5054,2875,2905,4322,6201,9149,17322,77648,67174,11620,2677,49071,7,4,5,3
2021-03-28T23:59:59+02:00,6,1,2205,2741,5435,8727,5726,11304,6434,15361,8983,14818,5455,5240,6113,8160,9994,18912,388,575,1135,2388,1644,4101,2296,5967,3276,4962,2789,2826,4206,6056,9077,17185,75352,66714,11361,2149,48893,4,4,5,3
2021-03-27T23:59:59+01:00,6,1,2205,2735,5424,8721,5722,11289,6419,15339,8972,14805,5427,5213,6103,8157,9994,18911,388,575,1133,2387,1643,4096,2292,5964,3267,4955,2784,2823,4190,6031,8997,17038,75245,66407,11361,2148,48828,4,4,5,3
2021-03-26T23:59:59+01:00,6,1,2189,2715,5387,8683,5683,11240,6340,15269,8823,14656,5264,5064,5934,7976,9992,18903,384,567,1127,2374,1627,4068,2264,5928,3233,4901,2723,2760,4006,5775,8292,15863,74898,63774,10530,2110,48688,4,4,5,3
2021-03-25T23:59:59+01:00,6,0,2072,2634,5211,8468,5480,10963,6132,14969,8583,14367,5104,4910,5838,7857,9989,18895,375,553,1106,2348,1603,4039,2218,5870,3160,4823,2625,2658,3632,5280,7162,14125,74442,59680,9582,1890,47446,4,3,5,3
2021-03-24T23:59:59+01:00,6,0,1985,2586,5063,8308,5319,10770,5968,14731,8378,14135,4964,4751,5724,7741,9983,18885,371,542,1093,2320,1570,3983,2159,5805,3072,4722,2491,2543,3206,4662,5762,11904,74066,54654,8420,1544,46803,4,3,5,3
2021-03-23T23:59:59+01:00,6,0,1908,2533,4952,8185,5220,10628,5847,14538,8262,13967,4882,4665,5658,7682,9975,18866,360,517,1074,2285,1536,3925,2115,5715,2990,4631,2402,2449,2756,4030,3865,8693,73670,47941,7673,1396,46423,3,3,5,3
2021-03-22T23:59:59+01:00,6,0,1843,2474,4817,8049,5087,10453,5687,14305,8070,13752,4778,4551,5589,7573,9959,18821,333,500,1045,2247,1491,3852,2049,5605,2888,4480,2287,2296,2236,3348,1344,4571,73168,39405,6635,1162,46003,1,3,5,3
2021-03-21T23:59:59+01:00,6,0,1841,2468,4805,8034,5072,10443,5671,14288,8040,13728,4755,4536,5573,7561,9955,18821,332,500,1039,2233,1482,3823,2031,5567,2862,4430,2246,2248,2194,3307,1327,4526,73145,39265,6585,878,45860,1,2,5,3
2021-03-20T23:59:59+01:00,6,0,1841,2468,4804,8033,5071,10441,5670,14287,8033,13722,4754,4535,5565,7553,9955,18821,332,500,1039,2233,1482,3823,2031,5567,2861,4429,2245,2245,2194,3307,1327,4526,73134,39263,6585,874,45833,1,2,5,3
2021-03-19T23:59:59+01:00,6,0,1788,2220,4287,6737,4662,9457,5400,13729,7808,13320,4627,4437,5495,7487,9955,18821,331,500,1039,2233,1482,3822,2030,5566,2860,4429,2243,2244,2189,3301,1326,4524,73076,39247,6575,868,40578,1,2,5,3
2021-03-18T23:59:59+01:00,6,0,1733,1965,3868,5671,4131,8073,4579,11187,6450,9984,4261,4137,5293,7266,9934,18781,330,497,1032,2220,1475,3797,2002,5526,2835,4405,2221,2229,2164,3272,1321,4515,72645,39052,6513,785,28154,1,2,5,3
2021-03-17T23:59:59+01:00,6,0,1727,1956,3858,5645,4114,8043,4555,11123,6400,9912,4223,4090,5254,7222,9928,18758,327,496,1028,2212,1469,3788,1995,5511,2825,4379,2194,2202,2144,3257,1314,4501,72389,38901,6453,736,27965,1,2,5,3
2021-03-16T23:59:59+01:00,6,0,1705,1922,3799,5564,4043,7932,4426,10959,6195,9712,3999,3901,5114,7064,9922,18737,325,492,1027,2193,1464,3775,1986,5497,2816,4360,2186,2188,2132,3228,1306,4472,72074,38735,5175,707,27744,1,2,5,3
2021-03-15T23:59:59+01:00,6,0,1695,1902,3774,5530,4018,7895,4375,10889,6114,9627,3916,3834,5061,7004,9916,18712,322,488,1018,2176,1456,3769,1970,5461,2798,4332,2171,2156,2107,3166,1298,4434,71850,38516,4813,603,27600,1,0,5,3
2021-03-14T23:59:59+01:00,6,0,1689,1892,3766,5520,4013,7879,4366,10858,6106,9605,3909,3825,5056,6996,9915,18710,322,488,1016,2176,1451,3766,1967,5459,2780,4326,2165,2154,2097,3156,1294,4432,71818,38508,4797,538,27491,1,0,5,3
2021-03-13T23:59:59+01:00,6,0,1686,1887,3753,5497,4006,7870,4346,10847,6092,9589,3906,3822,5053,6993,9915,18710,322,488,1016,2176,1451,3766,1967,5458,2780,4325,2164,2153,2097,3154,1286,4427,71794,38489,4792,538,27387,1,0,5,3
2021-03-12T23:59:59+01:00,5,0,1647,1830,3238,5350,3490,7756,4211,10722,5866,9300,3739,3676,4912,6885,9890,18663,317,466,1012,2146,1443,3742,1947,5387,2726,4240,1985,1998,2037,3104,1279,4421,71581,37718,4072,530,25522,0,0,5,3
2021-03-11T23:59:59+01:00,5,0,1538,1694,2851,5088,3053,7500,3929,10308,5236,8405,3515,3500,4806,6768,9852,18613,316,465,1009,2133,1440,3722,1940,5368,2717,4223,1978,1990,2023,3087,1274,4403,71017,37596,3810,490,21829,0,0,5,3
2021-03-10T23:59:59+01:00,5,0,1508,1662,2812,5043,3016,7440,3872,10221,5128,8288,3389,3396,4691,6654,9809,18546,314,464,1007,2130,1438,3711,1936,5355,2705,4203,1960,1982,1998,3055,1263,4389,70606,37513,3480,395,21389,0,0,5,3
2021-03-09T23:59:59+01:00,5,0,1499,1646,2779,5018,2995,7396,3834,10161,5050,8208,3292,3313,4611,6565,9703,18336,311,463,1003,2124,1431,3698,1910,5333,2663,4173,1919,1957,1947,3027,1251,4380,70015,37483,3213,105,21178,0,0,5,3
2021-03-08T23:59:59+01:00,5,0,1484,1632,2750,4990,2969,7366,3811,10113,5026,8145,3251,3273,4535,6501,9529,18037,311,463,1001,2120,1423,3682,1893,5300,2644,4145,1900,1938,1922,3004,1245,4361,69223,37335,3204,15,20985,0,0,5,3
2021-03-07T23:59:59+01:00,5,0,1471,1622,2720,4945,2935,7318,3778,10051,4983,8084,3215,3240,4469,6401,9452,17893,311,462,1000,2119,1422,3677,1890,5290,2643,4140,1896,1935,1918,2999,1242,4353,68684,37282,3150,13,20743,0,0,5,3
2021-03-06T23:59:59+01:00,5,0,1470,1620,2714,4934,2932,7309,3770,10044,4965,8068,3205,3230,4446,6361,9363,17724,311,462,998,2116,1422,3675,1884,5281,2641,4138,1891,1927,1912,2997,1241,4350,68292,37232,3150,13,20713,0,0,5,2
2021-03-05T23:59:59+01:00,5,0,1397,1541,2616,4772,2875,7151,3685,9837,4864,7872,3155,3171,4229,6075,8658,16537,311,462,996,2114,1417,3670,1882,5280,2637,4131,1882,1923,1907,2994,1236,4347,65649,37175,3147,13,19639,0,0,5,2
2021-03-04T23:59:59+01:00,5,0,1224,1437,2446,4572,2703,6881,3517,9491,4606,7529,3039,3047,3868,5617,7496,14721,310,454,987,2090,1401,3630,1854,5227,2609,4083,1854,1898,1874,2939,1209,4301,61450,36706,3144,13,17600,0,0,5,2
2021-03-03T23:59:59+01:00,5,0,1191,1384,2367,4464,2643,6757,3430,9326,4509,7385,2952,2977,3493,5017,6112,12537,306,445,975,2067,1389,3602,1840,5177,2555,4029,1805,1863,1849,2909,1194,4273,56402,36264,3118,13,17025,0,0,4,2
2021-03-02T23:59:59+01:00,5,0,1157,1347,2307,4406,2591,6666,3348,9203,4372,7235,2838,2851,3010,4352,4112,9184,301,436,970,2040,1376,3558,1825,5122,2523,4003,1795,1848,1830,2883,1183,4246,49367,35925,2870,13,16744,0,0,3,2
2021-03-01T23:59:59+01:00,5,0,1096,1317,2245,4343,2517,6578,3254,9076,4230,7046,2706,2714,2440,3611,1399,4736,300,433,963,2028,1365,3539,1817,5107,2511,3987,1779,1838,1813,2864,1171,4218,40320,35719,2481,13,16509,0,0,3,2
2021-02-28T23:59:59+01:00,5,0,1062,1303,2203,4306,2487,6534,3206,9018,4168,6987,2639,2668,2391,3580,1391,4716,300,432,960,2022,1363,3526,1814,5093,2505,3979,1772,1827,1800,2853,1164,4203,40224,35599,2187,13,16250,0,0,3,2
2021-02-27T23:59:59+01:00,5,0,1020,1220,2138,4062,2429,6300,3142,8720,4076,6731,2584,2611,2371,3556,1388,4716,300,432,959,2022,1363,3526,1814,5092,2504,3979,1772,1826,1798,2853,1164,4203,40118,35593,2186,13,14762,0,0,3,2
2021-02-26T23:59:59+01:00,4,0,853,966,1936,3669,2266,5630,2924,7796,3765,5936,2535,2558,2353,3542,1385,4714,300,432,959,2019,1361,3524,1812,5091,2502,3978,1772,1823,1791,2852,1162,4196,40102,35560,2099,13,10628,0,0,3,2
2021-02-25T23:59:59+01:00,4,0,509,809,1656,3470,2083,5325,2727,7397,3538,5633,2453,2481,2313,3481,1381,4700,290,411,934,1969,1331,3455,1782,5010,2473,3914,1747,1796,1753,2808,1135,4156,39905,34951,1842,12,8210,0,0,3,2
2021-02-24T23:59:59+01:00,3,0,489,791,1620,3373,2021,5195,2667,7214,3472,5491,2387,2434,2278,3452,1372,4667,281,407,919,1935,1316,3401,1769,4949,2449,3869,1736,1778,1744,2789,1123,4129,39717,34590,1673,3,7533,0,0,3,2
2021-02-23T23:59:59+01:00,3,0,470,754,1559,3270,1966,5055,2589,7083,3386,5386,2327,2375,2243,3395,1357,4636,279,403,914,1920,1309,3371,1760,4918,2428,3837,1716,1758,1724,2754,1108,4076,39571,34271,1402,3,6878,0,0,3,2
2021-02-22T23:59:59+01:00,2,0,454,723,1504,3169,1927,4916,2530,6865,3325,5242,2319,2279,2228,3316,1353,4591,278,400,911,1909,1301,3344,1743,4882,2414,3807,1697,1739,1697,2726,1093,4031,39360,33970,1139,1,6241,0,0,3,2
2021-02-21T23:59:59+01:00,2,0,446,685,1446,3027,1879,4766,2477,6706,3242,5138,2283,2246,2201,3296,1343,4586,278,399,908,1901,1300,3335,1739,4872,2410,3798,1695,1736,1696,2724,1093,4030,39318,33912,906,1,5542,0,0,3,2
2021-02-20T23:59:59+01:00,2,0,442,680,1438,3023,1873,4766,2474,6703,3238,5134,2280,2245,2201,3295,1342,4586,278,399,908,1900,1300,3334,1739,4872,2409,3797,1694,1735,1693,2724,1092,4028,39314,33900,902,1,5503,0,0,3,2
2021-02-19T23:59:59+01:00,1,0,421,643,1409,2961,1845,4710,2432,6603,3151,5015,2100,2082,2138,3245,1337,4580,276,398,906,1898,1299,3333,1739,4867,2406,3796,1692,1733,1691,2723,1092,4027,38556,33875,883,1,5231,0,0,3,1
2021-02-18T23:59:59+01:00,1,0,396,587,1304,2718,1741,4466,2294,6341,3049,4833,2071,2066,2122,3228,1332,4572,276,392,898,1865,1290,3294,1721,4819,2387,3760,1680,1722,1674,2711,1080,4009,38482,33577,810,1,3826,0,0,3,1
2021-02-17T23:59:59+01:00,1,0,380,556,1265,2588,1684,4291,2224,6098,2990,4684,2052,2047,2099,3208,1317,4563,267,375,863,1780,1247,3165,1660,4660,2313,3624,1603,1653,1600,2600,1029,3892,38326,32330,759,1,2959,0,0,3,1
2021-02-16T23:59:59+01:00,1,0,362,526,1210,2468,1634,4155,2145,5913,2909,4547,2043,2043,2091,3201,1312,4552,259,358,842,1699,1192,3029,1599,4456,2241,3447,1553,1599,1539,2500,1002,3764,38266,31078,729,1,2114,0,0,3,1
2021-02-15T23:59:59+01:00,1,0,352,504,1137,2324,1589,4082,2113,5860,2881,4506,2024,2026,2069,3171,1305,4532,252,339,819,1654,1160,2953,1543,4320,2170,3327,1477,1535,1485,2392,960,3587,38159,29972,619,1,1695,0,0,3,1
2021-02-14T23:59:59+01:00,1,0,344,499,1113,2268,1526,3918,2071,5767,2850,4467,2018,2024,2058,3162,1303,4525,245,334,801,1627,1144,2914,1501,4268,2132,3297,1461,1514,1461,2356,945,3545,38140,29544,554,1,1217,0,0,3,1
2021-02-13T23:59:59+01:00,1,0,344,499,1112,2268,1526,3917,2069,5766,2850,4467,2017,2022,2057,3162,1302,4522,245,334,801,1627,1144,2914,1500,4266,2132,3297,1459,1511,1460,2355,945,3544,38129,29533,554,1,1216,0,0,2,1
2021-02-12T23:59:59+01:00,1,0,340,496,1095,2259,1521,3903,2064,5757,2847,4461,2003,2012,2051,3148,1297,4519,244,333,795,1622,1138,2905,1483,4247,2113,3284,1446,1495,1445,2324,938,3511,38061,29322,546,1,1165,0,0,2,1
2021-02-11T23:59:59+01:00,1,0,320,472,1030,2161,1467,3776,1970,5493,2761,4340,1973,1979,2011,3083,1272,4463,224,306,746,1517,1058,2679,1359,3890,1929,2977,1259,1287,1277,2048,832,3161,37670,26548,509,1,391,0,0,2,1
2021-02-10T23:59:59+01:00,1,0,314,463,1008,2120,1429,3697,1916,5330,2666,4158,1904,1929,1968,3044,1254,4436,199,260,653,1327,931,2296,1171,3286,1690,2561,1099,1113,1131,1803,723,2817,37260,23059,374,1,1,0,0,2,1
2021-02-09T23:59:59+01:00,1,0,308,453,1000,2088,1413,3645,1872,5263,2599,4102,1847,1891,1900,2991,1233,4415,165,200,554,1067,783,1852,966,2676,1426,2149,953,953,943,1524,607,2403,36957,19221,61,0,1,0,0,2,1
2021-02-08T23:59:59+01:00,1,0,307,451,997,2081,1403,3628,1864,5240,2580,4086,1833,1879,1882,2973,1226,4390,114,165,454,854,620,1435,767,2026,1150,1663,767,777,751,1205,484,1954,36801,15186,17,0,1,0,0,2,1
2021-02-07T23:59:59+01:00,1,0,307,451,996,2079,1402,3623,1861,5237,2573,4083,1827,1870,1866,2966,1222,4383,105,146,404,708,546,1260,688,1811,1054,1516,694,697,675,1084,419,1737,36731,13544,14,0,0,0,0,2,1
2021-02-06T23:59:59+01:00,1,0,307,451,995,2078,1402,3620,1861,5235,2573,4080,1827,1869,1861,2964,1219,4381,105,145,399,705,541,1236,672,1792,1043,1494,691,693,670,1080,418,1733,36708,13418,14,0,0,0,0,2,0
2021-02-05T23:59:59+01:00,1,0,307,450,993,2075,1398,3611,1857,5221,2567,4074,1826,1868,1853,2956,1210,4368,101,138,384,687,524,1207,640,1740,995,1431,654,643,625,1006,392,1645,36619,12813,14,0,0,0,0,2,0
2021-02-04T23:59:59+01:00,1,0,300,433,982,2043,1379,3558,1838,5144,2552,4026,1810,1848,1828,2921,1193,4337,76,107,285,465,363,814,456,1177,683,972,506,469,483,795,306,1313,36177,9271,14,0,0,0,0,2,0
2021-02-03T23:59:59+01:00,1,0,296,424,964,2016,1362,3520,1825,5095,2518,3982,1790,1825,1812,2897,1180,4323,60,83,239,398,293,635,349,919,523,725,340,325,347,568,219,960,35814,6984,14,0,0,0,0,2,0
2021-02-02T23:59:59+01:00,1,0,291,417,958,1988,1353,3488,1814,5049,2495,3947,1771,1809,1786,2856,1159,4276,39,64,184,315,246,486,266,736,378,557,236,208,221,377,151,628,35442,5092,14,0,0,0,0,2,0
2021-02-01T23:59:59+01:00,1,0,290,414,953,1981,1350,3472,1806,5029,2487,3928,1764,1798,1771,2841,1153,4263,19,39,137,230,171,311,169,490,237,322,119,105,96,184,69,278,35285,2976,14,0,0,0,0,2,0
2021-01-31T23:59:59+01:00,1,0,289,413,951,1974,1347,3463,1803,5010,2483,3913,1760,1790,1767,2834,1151,4254,18,34,119,199,151,268,152,410,200,277,100,91,88,157,61,243,35187,2568,14,0,0,0,0,2,0
2021-01-30T23:59:59+01:00,1,0,289,413,951,1974,1347,3463,1803,5010,2483,3913,1759,1790,1767,2833,1151,4253,18,34,118,199,151,266,149,407,199,276,99,90,88,157,61,243,35184,2555,14,0,0,0,0,2,0
2021-01-29T23:59:59+01:00,1,0,287,409,949,1972,1346,3455,1797,5001,2480,3910,1752,1782,1758,2823,1144,4232,16,33,117,190,142,258,137,379,168,249,72,66,79,136,56,211,35083,2309,14,0,0,0,0,1,0
2021-01-28T23:59:59+01:00,1,0,283,401,929,1917,1322,3391,1772,4939,2452,3848,1730,1762,1727,2792,1125,4197,0,0,9,19,8,18,11,46,7,22,7,3,7,9,2,13,34574,181,13,0,0,0,0,1,0
2021-01-27T23:59:59+01:00,1,0,278,383,896,1837,1287,3277,1710,4816,2392,3748,1674,1714,1683,2726,1088,4115,0,0,4,6,5,11,7,20,3,12,6,3,7,9,2,12,33615,107,9,0,0,0,0,1,0
2021-01-26T23:59:59+01:00,1,0,272,374,886,1824,1272,3239,1693,4759,2360,3682,1643,1682,1646,2655,1071,4033,0,0,4,6,5,11,7,20,3,12,6,3,7,9,2,12,33085,107,6,0,0,0,0,1,0
2021-01-25T23:59:59+01:00,1,0,261,350,844,1705,1202,3075,1602,4486,2255,3474,1585,1629,1594,2571,1025,3865,0,0,1,3,1,3,4,3,3,5,6,3,6,8,2,12,31521,60,2,0,0,0,0,1,0
2021-01-24T23:59:59+01:00,1,0,258,347,833,1686,1192,3053,1571,4453,2229,3453,1574,1621,1584,2560,1020,3858,0,0,1,2,1,3,4,3,3,5,6,3,6,8,2,12,31290,59,2,0,0,0,0,1,0
2021-01-23T23:59:59+01:00,1,0,258,347,833,1686,1191,3052,1571,4449,2228,3452,1573,1621,1583,2559,1019,3853,0,0,1,2,1,3,4,3,3,5,6,3,6,8,2,12,31273,59,2,0,0,0,0,1,0
2021-01-22T23:59:59+01:00,1,0,257,345,827,1683,1187,3047,1567,4442,2216,3447,1561,1610,1577,2540,1014,3834,0,0,1,2,1,3,4,3,3,5,6,3,6,8,2,12,31152,59,2,0,0,0,0,1,0
2021-01-21T23:59:59+01:00,1,0,246,335,800,1617,1162,2919,1511,4280,2135,3312,1462,1508,1445,2377,935,3653,0,0,1,2,1,3,4,2,3,5,4,2,5,8,1,12,29695,53,2,0,0,0,0,1,0
2021-01-20T23:59:59+01:00,1,0,222,291,727,1460,1072,2605,1374,3818,1962,2956,1341,1361,1325,2180,861,3419,0,0,1,2,1,3,4,2,3,5,4,2,5,8,1,12,26972,53,2,0,0,0,0,1,0
2021-01-19T23:59:59+01:00,1,0,191,235,628,1212,925,2158,1154,3200,1680,2525,1161,1163,1099,1843,716,2905,0,0,1,1,1,2,4,1,2,5,4,2,5,8,1,12,22793,49,2,0,0,0,0,1,0
2021-01-18T23:59:59+01:00,1,0,133,185,494,951,716,1641,884,2330,1307,1912,911,930,878,1459,560,2315,0,0,0,0,0,0,0,0,1,2,2,1,0,0,0,0,17605,6,1,0,0,0,0,1,0
2021-01-17T23:59:59+01:00,1,0,120,159,434,780,631,1419,782,2077,1195,1722,846,851,798,1323,501,2108,0,0,0,0,0,0,0,0,0,1,0,0,0,0,0,0,15746,1,0,0,0,0,0,1,0
2021-01-16T23:59:59+01:00,1,0,120,158,430,779,629,1411,772,2073,1187,1715,844,846,793,1312,493,2093,0,0,0,0,0,0,0,0,0,0,0,0,0,0,0,0,15656,0,0,0,0,0,0,0,0
2021-01-15T23:59:59+01:00,1,0,110,152,418,758,602,1373,740,1995,1126,1634,800,793,750,1227,463,1978,0,0,0,0,0,0,0,0,0,0,0,0,0,0,0,0,14920,0,0,0,0,0,0,0,0
2021-01-14T23:59:59+01:00,1,0,76,112,301,491,399,885,509,1280,770,1071,584,549,544,903,353,1502,0,0,0,0,0,0,0,0,0,0,0,0,0,0,0,0,10330,0,0,0,0,0,0,0,0
2021-01-13T23:59:59+01:00,1,0,59,85,249,414,323,668,379,980,562,763,369,347,363,614,246,1038,0,0,0,0,0,0,0,0,0,0,0,0,0,0,0,0,7460,0,0,0,0,0,0,0,0
2021-01-12T23:59:59+01:00,0,0,48,69,203,356,260,543,279,806,410,596,248,219,228,406,166,692,0,0,0,0,0,0,0,0,0,0,0,0,0,0,0,0,5529,0,0,0,0,0,0,0,0
2021-01-11T23:59:59+01:00,0,0,32,50,177,307,213,441,218,649,301,420,151,127,130,248,88,398,0,0,0,0,0,0,0,0,0,0,0,0,0,0,0,0,3950,0,0,0,0,0,0,0,0
2021-01-10T23:59:59+01:00,0,0,24,41,155,255,180,363,179,538,252,359,130,107,115,204,77,320,0,0,0,0,0,0,0,0,0,0,0,0,0,0,0,0,3299,0,0,0,0,0,0,0,0
2021-01-09T23:59:59+01:00,0,0,24,41,154,253,179,361,177,532,251,358,129,106,115,204,77,320,0,0,0,0,0,0,0,0,0,0,0,0,0,0,0,0,3281,0,0,0,0,0,0,0,0
2021-01-08T23:59:59+01:00,0,0,22,40,152,244,171,351,164,500,220,332,105,89,109,189,71,298,0,0,0,0,0,0,0,0,0,0,0,0,0,0,0,0,3057,0,0,0,0,0,0,0,0
2021-01-07T23:59:59+01:00,0,0,1,0,4,9,8,13,10,6,16,11,10,9,14,21,2,32,0,0,0,0,0,0,0,0,0,0,0,0,0,0,0,0,166,0,0,0,0,0,0,0,0
2021-01-06T23:59:59+01:00,0,0,0,0,1,3,1,5,5,2,3,6,6,2,7,10,1,14,0,0,0,0,0,0,0,0,0,0,0,0,0,0,0,0,66,0,0,0,0,0,0,0,0
2021-01-05T23:59:59+01:00,0,0,0,0,1,3,1,5,5,2,3,5,6,2,6,9,1,13,0,0,0,0,0,0,0,0,0,0,0,0,0,0,0,0,62,0,0,0,0,0,0,0,0
2021-01-04T23:59:59+01:00,0,0,0,0,1,3,1,4,4,2,3,5,6,2,5,8,1,13,0,0,0,0,0,0,0,0,0,0,0,0,0,0,0,0,58,0,0,0,0,0,0,0,0
2021-01-03T23:59:59+01:00,0,0,0,0,1,2,1,4,4,2,3,5,5,2,5,8,1,13,0,0,0,0,0,0,0,0,0,0,0,0,0,0,0,0,56,0,0,0,0,0,0,0,0
2021-01-02T23:59:59+01:00,0,0,0,0,1,2,1,4,4,2,3,5,5,2,5,8,1,13,0,0,0,0,0,0,0,0,0,0,0,0,0,0,0,0,56,0,0,0,0,0,0,0,0
2021-01-01T23:59:59+01:00,0,0,0,0,1,2,1,3,4,2,3,5,5,2,5,8,1,13,0,0,0,0,0,0,0,0,0,0,0,0,0,0,0,0,55,0,0,0,0,0,0,0,0
2020-12-31T23:59:59+01:00,0,0,0,0,1,2,1,3,4,2,3,5,5,2,5,8,1,13,0,0,0,0,0,0,0,0,0,0,0,0,0,0,0,0,55,0,0,0,0,0,0,0,0
2020-12-30T23:59:59+01:00,0,0,0,0,1,2,1,3,4,2,3,5,5,2,5,8,1,13,0,0,0,0,0,0,0,0,0,0,0,0,0,0,0,0,55,0,0,0,0,0,0,0,0
2020-12-29T23:59:59+01:00,0,0,0,0,1,1,1,2,4,1,2,5,5,2,5,8,1,13,0,0,0,0,0,0,0,0,0,0,0,0,0,0,0,0,51,0,0,0,0,0,0,0,0
2020-12-28T23:59:59+01:00,0,0,0,0,1,1,1,1,2,0,1,5,4,1,1,0,0,2,0,0,0,0,0,0,0,0,0,0,0,0,0,0,0,0,20,0,0,0,0,0,0,0,0
2020-12-27T23:59:59+01:00,0,0,0,0,1,1,1,1,2,0,0,3,2,0,1,0,0,2,0,0,0,0,0,0,0,0,0,0,0,0,0,0,0,0,14,0,0,0,0,0,0,0,0
