Datum,<15_m,<15_w,15-24_1_m,15-24_1_w,25-34_1_m,25-34_1_w,35-44_1_m,35-44_1_w,45-54_1_m,45-54_1_w,55-64_1_m,55-64_1_w,65-74_1_m,65-74_1_w,75-84_1_m,75-84_1_w,>84_1_m,>84_1_w,<24_2_m,<24_2_w,25-34_2_m,25-34_2_w,35-44_2_m,35-44_2_w,45-54_2_m,45-54_2_w,55-64_2_m,55-64_2_w,65-74_2_m,65-74_2_w,75-84_2_m,75-84_2_w,>84_2_m,>84_2_w,bp_1,bp_2,mo_1,mo_2,az_1,az_2,ja,unb_1,unb_2
2021-08-23T23:59:59+02:00,3206,2980,32961,31794,49413,44004,50985,49574,61892,62115,72246,72729,52923,58489,36516,47307,11112,21132,28969,28149,46144,40631,48343,46661,59299,59215,69826,70169,51478,56810,35600,45998,10778,20403,553397,523421,76938,72920,105504,100817,25511,28,23
2021-08-22T23:59:59+02:00,3196,2972,32950,31788,49403,43995,50978,49568,61887,62108,72242,72727,52921,58486,36514,47305,11112,21131,28946,28133,46126,40624,48335,46650,59290,59208,69820,70166,51470,56806,35597,45996,10778,20403,553332,523328,76934,72916,105501,100805,25488,28,23
2021-08-21T23:59:59+02:00,3194,2972,32945,31785,49402,43993,50977,49566,61884,62107,72242,72727,52921,58486,36514,47305,11112,21131,28935,28120,46123,40621,48330,46646,59286,59208,69820,70165,51469,56806,35597,45996,10778,20403,553319,523290,76934,72913,105501,100805,25481,28,23
2021-08-20T23:59:59+02:00,3178,2961,32839,31703,49243,43889,50834,49473,61722,61998,72109,72658,52877,58449,36501,47291,11110,21127,28478,27722,45733,40338,48087,46456,59056,59047,69633,70057,51392,56753,35569,45973,10775,20396,553099,521899,76934,72739,105500,100578,24401,28,23
2021-08-19T23:59:59+02:00,3151,2938,32792,31666,49209,43852,50790,49430,61680,61963,72060,72619,52852,58429,36494,47276,11107,21120,27563,26890,44973,39768,47677,46107,58749,58779,69366,69841,51296,56664,35530,45927,10770,20390,552693,517655,76899,71801,105495,100508,24313,28,23
2021-08-18T23:59:59+02:00,3130,2919,32746,31624,49173,43817,50753,49394,61637,61926,72013,72594,52825,58412,36480,47264,11106,21115,26295,25600,44074,38904,46984,45382,58084,58206,68886,69398,51113,56447,35454,45839,10759,20373,552272,512212,76878,68665,105492,100455,24258,28,23
2021-08-17T23:59:59+02:00,3108,2896,32676,31569,49135,43755,50713,49361,61596,61887,71981,72556,52804,58388,36468,47253,11103,21110,25021,24221,43218,38221,46395,44907,57564,57771,68461,69080,50980,56264,35382,45763,10745,20359,551767,506695,76873,66597,105491,100418,24200,28,23
2021-08-16T23:59:59+02:00,3097,2878,32661,31548,49113,43737,50704,49347,61578,61872,71962,72542,52796,58380,36467,47243,11101,21106,23593,22827,42311,37375,46126,44618,57346,57513,68257,68920,50909,56181,35353,45718,10743,20346,551563,500364,76870,66568,105489,100405,24182,28,23
2021-08-15T23:59:59+02:00,3090,2867,32650,31532,49104,43732,50694,49338,61563,61857,71947,72530,52792,58373,36464,47243,11101,21106,21180,20367,41559,36840,45762,44257,57019,57220,67974,68665,50798,56079,35316,45662,10740,20337,551442,491679,76869,66390,105479,100389,24165,28,23
2021-08-14T23:59:59+02:00,3090,2866,32646,31530,49099,43731,50691,49336,61558,61854,71943,72524,52792,58373,36463,47243,11101,21106,21158,20342,41519,36810,45745,44242,57006,57210,67962,68654,50796,56077,35315,45661,10740,20336,551436,491500,76868,66387,105479,100389,24135,28,23
2021-08-13T23:59:59+02:00,3075,2849,32604,31503,49076,43717,50669,49319,61525,61823,71921,72504,52787,58365,36460,47238,11100,21103,21043,20255,41431,36711,45683,44191,56958,57172,67922,68622,50779,56066,35306,45653,10739,20334,551279,490917,76867,66385,105478,100368,23986,28,23
2021-08-12T23:59:59+02:00,3058,2823,32557,31455,49042,43677,50631,49291,61475,61796,71885,72469,52771,58347,36444,47229,11099,21100,20578,19946,40480,35905,45318,43860,56744,56997,67746,68457,50708,55985,35276,45608,10734,20327,550880,486706,76863,66384,105476,100323,23902,28,23
2021-08-11T23:59:59+02:00,3017,2792,32501,31412,49009,43645,50609,49267,61449,61769,71856,72442,52750,58323,36435,47220,11098,21096,19686,19062,39156,34722,44720,43286,56384,56669,67454,68185,50588,55848,35239,45549,10732,20314,550487,479313,76857,66380,105475,100302,23843,28,23
2021-08-10T23:59:59+02:00,3001,2773,32450,31369,48975,43617,50579,49235,61430,61730,71817,72398,52728,58307,36425,47197,11097,21091,18664,18099,37060,32867,43838,42410,55932,56275,67067,67842,50441,55695,35178,45454,10727,20295,550036,469115,76857,66378,105474,100283,23824,28,23
2021-08-09T23:59:59+02:00,2985,2766,32421,31346,48954,43602,50553,49219,61413,61714,71801,72382,52719,58298,36420,47187,11095,21090,17243,16685,34070,30438,43176,41780,55528,55914,66735,67517,50302,55548,35128,45406,10722,20277,549809,456939,76855,66374,105470,100270,23803,28,23
2021-08-08T23:59:59+02:00,2982,2766,32409,31336,48944,43597,50548,49214,61405,61707,71798,72381,52718,58296,36420,47184,11095,21089,17216,16656,34048,30425,43140,41748,55515,55901,66726,67512,50297,55543,35127,45403,10721,20276,549757,456755,76855,66369,105459,100251,23790,28,23
2021-08-07T23:59:59+02:00,2981,2761,32402,31326,48941,43589,50543,49214,61402,61704,71791,72379,52717,58294,36419,47184,11095,21089,17190,16626,34020,30406,43107,41718,55495,55884,66715,67505,50291,55541,35125,45403,10721,20275,549708,456529,76855,66366,105459,100250,23781,28,23
2021-08-06T23:59:59+02:00,2894,2669,32060,31103,48687,43396,50291,48989,61118,61501,71517,72213,52585,58190,36366,47132,11092,21080,16985,16491,33316,29934,42639,41351,55156,55660,66405,67329,50161,55447,35076,45367,10718,20268,549639,454869,75760,66081,105457,100248,21999,28,23
2021-08-05T23:59:59+02:00,2848,2631,31911,30989,48593,43307,50210,48936,61065,61457,71466,72172,52560,58171,36357,47115,11090,21078,16759,16238,31468,28512,41608,40414,54884,55314,66194,67158,50096,55371,35053,45328,10711,20259,548779,448123,75757,66009,105448,100126,21944,28,23
2021-08-04T23:59:59+02:00,2774,2555,31667,30797,48408,43173,50059,48826,60986,61381,71405,72119,52531,58131,36344,47100,11087,21073,16500,15996,31116,28292,40420,39342,54495,54984,66023,67008,50033,55288,35023,45301,10708,20252,547502,443836,75756,65990,105447,100052,21691,20,22
2021-08-03T23:59:59+02:00,2589,2375,31162,30336,48159,42928,49888,48635,60827,61209,71259,71973,52478,58060,36322,47072,11077,21059,16062,15553,30530,27766,38694,37726,53806,54339,65688,66699,49937,55160,34975,45250,10703,20243,544584,436188,75756,65984,105445,100033,21603,20,22
2021-08-02T23:59:59+02:00,2478,2279,30850,30053,47962,42747,49737,48507,60721,61106,71172,71892,52445,58028,36300,47053,11076,21056,15759,15284,30195,27415,36552,35904,53251,53828,65483,66524,49865,55075,34953,45222,10701,20239,542661,429365,75753,65981,105441,99923,21587,20,21
2021-08-01T23:59:59+02:00,2475,2276,30838,30048,47944,42738,49725,48499,60710,61096,71164,71886,52440,58020,36296,47053,11076,21056,15636,15161,30058,27303,34249,34049,52954,53579,65392,66456,49826,55035,34946,45204,10700,20237,542609,423925,75751,65977,105395,99902,21565,20,21
2021-07-31T23:59:59+02:00,2475,2276,30834,30044,47942,42736,49723,48499,60709,61096,71164,71884,52437,58018,36296,47053,11076,21055,15621,15150,30026,27284,34236,34042,52936,53571,65379,66451,49822,55030,34946,45203,10699,20236,542591,423780,75751,65976,105395,99899,21560,20,21
2021-07-30T23:59:59+02:00,2461,2271,30788,29999,47910,42715,49699,48474,60675,61067,71129,71866,52428,58007,36296,47053,11076,21053,15466,14851,29768,26970,34056,33792,52736,53279,65215,66248,49775,54984,34935,45191,10699,20235,542417,423429,75746,65967,105392,97991,21392,20,21
2021-07-29T23:59:59+02:00,2430,2251,30628,29908,47827,42654,49648,48409,60614,61026,71083,71820,52409,57988,36288,47037,11073,21048,15156,14576,29455,26759,32779,32852,51959,52670,64861,65985,49677,54893,34893,45134,10694,20227,541756,420757,75740,63254,105380,97847,21245,20,21
2021-07-28T23:59:59+02:00,2386,2214,30478,29798,47746,42585,49575,48339,60544,60949,71018,71763,52385,57950,36270,47018,11072,21043,14753,14205,29016,26443,32409,32524,51246,52060,64472,65659,49583,54792,34859,45077,10678,20209,540823,416631,75736,63201,105374,97458,21180,20,21
2021-07-27T23:59:59+02:00,2307,2141,30239,29529,47594,42413,49431,48203,60436,60826,70918,71678,52329,57890,36243,46979,11064,21036,14112,13551,28255,25820,31665,31875,49997,50968,63747,65095,49396,54588,34792,44962,10671,20191,539009,408336,75726,63175,105368,97362,21133,20,21
2021-07-26T23:59:59+02:00,2246,2086,30040,29296,47476,42285,49358,48121,60373,60762,70868,71633,52305,57858,36232,46966,11062,21027,13747,13177,27906,25532,31049,31468,48444,49604,62772,64269,49191,54384,34725,44881,10661,20179,537790,400648,75723,63170,105364,97332,21097,20,21
2021-07-25T23:59:59+02:00,1999,1884,29217,28625,47085,41975,49073,47837,60138,60539,70687,71476,52249,57783,36205,46924,11061,21020,13655,13117,27811,25470,30964,31402,48324,49542,62685,64221,49170,54368,34719,44873,10661,20178,533624,400025,75723,63163,105357,97172,21053,20,21
2021-07-24T23:59:59+02:00,1919,1817,28963,28395,46934,41870,48956,47740,59983,60420,70558,71396,52201,57753,36188,46903,11059,21020,13520,13007,27608,25335,30805,31275,48114,49373,62522,64126,49127,54338,34704,44855,10659,20176,532937,399419,75721,63160,105356,97170,20041,20,21
2021-07-23T23:59:59+02:00,1807,1696,28633,28071,46690,41720,48703,47529,59735,60231,70356,71269,52126,57682,36169,46866,11055,21011,13269,12785,27175,25022,30428,30972,47517,48883,62194,63891,49044,54272,34682,44811,10654,20167,531945,397025,75345,63107,105345,97168,18694,20,21
2021-07-22T23:59:59+02:00,1795,1689,28555,27994,46554,41581,48493,47318,59559,60091,70240,71141,52083,57645,36153,46849,11055,21011,13042,12535,26841,24690,30079,30655,45596,47326,61391,63191,48948,54170,34644,44768,10651,20157,531650,390348,74194,62958,105305,96947,18637,20,21
2021-07-21T23:59:59+02:00,1762,1650,28292,27788,46173,41249,47903,46763,58978,59611,69787,70754,51914,57484,36096,46793,11046,20998,12615,12099,26267,24149,29508,30089,41877,44095,59910,61930,48781,53991,34581,44686,10641,20130,531107,378742,70928,62453,105153,96504,17833,20,21
2021-07-20T23:59:59+02:00,1739,1635,28172,27654,46110,41191,47857,46725,58924,59562,69734,70710,51879,57457,36080,46767,11042,20991,12117,11567,25529,23458,28859,29341,38427,41104,58365,60468,48578,53771,34499,44594,10623,20110,530427,368368,70908,59064,105137,96382,17737,20,21
2021-07-19T23:59:59+02:00,1734,1634,28144,27619,46089,41178,47846,46712,58911,59546,69722,70708,51877,57453,36080,46763,11040,20991,12072,11540,25466,23424,28829,29309,38383,41072,58324,60441,48574,53763,34498,44591,10620,20109,530284,368057,70908,59051,105122,96332,17713,20,21
2021-07-18T23:59:59+02:00,1730,1629,28119,27593,46065,41169,47832,46699,58905,59536,69715,70699,51875,57452,36079,46762,11040,20990,12010,11515,25383,23385,28769,29276,38323,41045,58264,60400,48572,53759,34495,44590,10620,20109,530155,367725,70906,59021,105114,96212,17694,20,21
2021-07-17T23:59:59+02:00,1730,1627,28100,27580,46050,41160,47822,46695,58898,59531,69708,70695,51870,57449,36078,46762,11040,20990,11983,11504,25350,23349,28737,29256,38302,41028,58229,60376,48562,53750,34493,44590,10620,20109,530079,367476,70905,59018,105114,96210,17667,20,21
2021-07-16T23:59:59+02:00,1715,1607,27835,27391,45767,40996,47598,46522,58600,59329,69476,70554,51764,57376,36034,46726,11035,20988,11730,11310,25021,23110,28439,29026,37907,40753,57721,59954,48426,53637,34441,44540,10614,20105,529764,366277,70904,59015,104989,95936,15636,20,21
2021-07-15T23:59:59+02:00,1617,1494,27372,27005,45511,40760,47452,46409,58461,59217,69374,70469,51725,57334,36019,46704,11034,20982,11437,11084,24541,22764,28076,28754,37515,40476,55679,57912,48256,53437,34384,44456,10606,20094,527455,359349,70901,58930,104981,95725,15582,20,21
2021-07-14T23:59:59+02:00,1450,1362,26807,26471,45205,40471,47250,46225,58278,59019,69214,70324,51664,57275,35993,46674,11028,20977,11250,10897,24131,22412,27724,28436,36991,40074,54463,56732,48119,53286,34333,44392,10598,20072,524290,355641,70895,57271,104962,95579,15520,20,21
2021-07-13T23:59:59+02:00,1165,1059,25856,25575,44713,40061,46893,45908,57954,58734,68939,70077,51551,57149,35950,46620,11024,20962,10905,10559,23599,21866,27105,27854,35613,38883,50334,52836,47757,52899,34205,44244,10581,20044,518912,346407,70888,52069,104959,95472,15411,20,21
2021-07-12T23:59:59+02:00,701,662,24476,24316,44153,39581,46694,45692,57741,58539,68757,69907,51489,57058,35932,46595,11022,20954,10672,10451,23393,21728,26853,27719,35369,38715,49893,52418,47683,52814,34175,44209,10581,20038,513022,344955,70888,52043,104955,94392,15385,19,21
2021-07-11T23:59:59+02:00,698,657,24455,24296,44124,39560,46676,45681,57728,58527,68744,69905,51488,57055,35929,46591,11021,20954,10576,10366,23176,21605,26589,27620,35061,38633,49180,51932,46200,51230,34085,44103,10581,20036,512937,344450,70885,51998,104943,89282,15305,19,21
2021-07-10T23:59:59+02:00,696,652,24448,24290,44119,39552,46673,45678,57721,58526,68744,69904,51488,57055,35929,46591,11021,20954,10564,10357,23152,21586,26575,27611,35038,38628,49167,51927,46186,51214,34083,44102,10581,20036,512903,344346,70882,51997,104941,89226,15296,19,21
2021-07-09T23:59:59+02:00,689,642,24000,23829,43844,39315,46604,45617,57661,58485,68694,69879,51472,57043,35925,46583,11020,20954,10484,10186,23058,21398,26514,27402,34971,38412,49103,51824,46164,51190,34079,44099,10581,20036,511148,343119,70879,51984,104937,89183,15273,19,21
2021-07-08T23:59:59+02:00,623,575,22920,22822,43039,38711,46352,45415,57453,58341,68497,69740,51394,56977,35897,46560,11018,20946,10228,9995,22680,21146,26122,27140,34494,38102,48497,51306,45828,50824,34009,44021,10574,20014,506454,339552,70855,51836,104879,88567,15073,19,21
2021-07-07T23:59:59+02:00,572,529,21595,21425,42301,38022,46134,45195,57215,58151,68331,69581,51309,56894,35860,46507,11011,20932,9855,9690,21803,20556,25020,26347,32658,36736,47580,50421,45328,50287,33905,43882,10567,19996,501071,334623,70683,47457,104856,87653,14935,19,21
2021-07-06T23:59:59+02:00,513,466,20364,20140,41453,37374,45657,44844,56821,57846,68006,69324,51209,56769,35816,46456,11003,20923,9464,9309,20941,19961,24060,25693,31169,35542,46390,49226,44550,49508,33771,43706,10554,19976,496582,327317,68758,45354,104834,86383,14791,19,21
2021-07-05T23:59:59+02:00,477,438,18957,18756,40588,36570,45441,44620,56640,57643,67845,69196,51154,56714,35795,46427,11001,20916,9176,9054,20380,19580,23393,25275,30531,35115,45632,48613,43794,48719,33641,43518,10545,19964,490859,321544,68755,45332,104829,85354,14719,16,21
2021-07-04T23:59:59+02:00,470,432,17169,16715,40244,36340,45353,44547,56556,57574,67766,69127,51121,56688,35785,46407,10999,20914,9116,9002,20242,19515,23219,25197,30277,35036,44838,48486,42431,47372,33563,43444,10543,19958,486001,321085,68728,45287,104813,81237,14649,16,21
2021-07-03T23:59:59+02:00,470,431,17148,16695,40194,36292,45337,44532,56549,57570,67760,69120,51119,56685,35785,46407,10999,20913,9073,8961,20176,19447,23160,25133,30193,34957,44618,48310,42363,47298,33518,43385,10540,19958,485818,320129,68726,45286,104812,81059,14634,16,21
2021-07-02T23:59:59+02:00,449,408,17034,16590,39725,35918,45224,44435,56496,57528,67712,69089,51108,56680,35779,46395,10999,20912,8914,8794,19848,19169,22775,24755,29774,34545,43992,47665,42161,47069,33420,43249,10535,19954,484323,317137,68710,44251,104810,80625,14622,16,21
2021-07-01T23:59:59+02:00,398,368,16728,16310,37988,34584,44651,43936,56236,57321,67540,68920,51028,56590,35751,46356,10995,20904,8541,8401,18986,18464,21811,23904,28389,33357,40967,44703,41165,45990,32807,42522,10518,19925,478842,309668,68636,39371,104787,77094,14323,16,21
2021-06-30T23:59:59+02:00,350,325,16438,16064,35798,32758,44028,43305,56014,57125,67337,68729,50946,56498,35722,46302,10991,20888,8182,8065,18318,17838,20928,23076,27115,32101,36338,39841,40087,44848,32145,41735,10497,19900,471988,299209,68592,33350,104768,74205,14254,16,21
2021-06-29T23:59:59+02:00,311,288,16219,15864,34795,31676,43580,42860,55833,56966,67167,68580,50870,56425,35685,46257,10983,20881,7601,7458,17188,16905,19676,21858,25420,30428,33595,36723,37238,41806,31406,40849,10474,19862,467796,283038,68584,33303,104755,68058,14089,16,19
2021-06-28T23:59:59+02:00,301,266,16076,15708,33074,30252,43260,42565,55670,56826,67050,68475,50824,56372,35667,46236,10980,20869,7299,7197,16638,16530,19284,21544,24912,30044,33003,36225,35860,40320,30618,39914,10470,19851,463368,279991,68562,33253,104733,62671,13792,16,19
2021-06-27T23:59:59+02:00,301,266,16054,15685,32919,30164,43198,42536,55633,56817,67024,68467,50819,56368,35664,46235,10980,20868,7255,7169,16500,16463,19120,21482,24710,29971,32775,36086,34605,39052,28993,37992,10469,19850,463045,279820,68559,33214,104726,55803,13652,16,19
2021-06-26T23:59:59+02:00,299,264,16033,15665,32895,30147,43153,42496,55610,56803,67018,68464,50817,56367,35662,46234,10980,20868,7251,7157,16480,16451,19104,21474,24677,29949,32754,36065,34592,39040,28991,37989,10469,19850,462825,279627,68557,33214,104726,55798,13651,16,19
2021-06-25T23:59:59+02:00,293,263,15979,15620,32781,30047,42961,42337,55555,56758,66978,68440,50807,56356,35658,46233,10980,20868,7063,6881,16199,15942,18837,20820,24311,29013,32366,35346,34430,38824,28968,37959,10469,19850,462003,276955,68556,33205,104709,53485,13630,16,19
2021-06-24T23:59:59+02:00,272,250,15709,15420,32332,29760,41492,41092,55092,56401,66746,68281,50754,56301,35642,46206,10975,20858,6747,6656,15506,15498,17386,19804,22237,27458,31268,34451,34028,38403,28845,37779,10457,19836,457440,267275,68555,33153,104705,53060,12867,16,19
2021-06-23T23:59:59+02:00,257,233,15429,15127,31833,29359,39387,39268,54545,55858,66495,68060,50665,56192,35602,46160,10970,20845,6541,6493,15144,15220,16861,19356,21354,26659,29575,33097,33272,37558,28654,37539,10450,19821,450363,259483,68509,33063,104702,52346,12695,16,19
2021-06-22T23:59:59+02:00,235,198,15047,14735,31165,28727,35942,36215,53633,55058,66193,67755,50559,56070,35564,46104,10966,20831,6366,6282,14742,14894,16061,18640,19937,25346,27974,31446,32474,36584,28115,36933,10432,19790,439416,249401,68477,32981,104698,51233,12390,16,19
2021-06-21T23:59:59+02:00,220,192,14807,14562,30476,28264,33772,34251,53170,54633,66014,67638,50478,55996,35538,46082,10961,20826,6270,6199,14582,14777,15891,18505,19817,25235,27866,31361,32319,36445,26908,35706,10432,19787,432588,248730,68455,32935,104667,48270,12154,16,19
2021-06-20T23:59:59+02:00,213,191,14684,14473,28574,26935,33162,33806,53082,54537,65945,67601,50457,55970,35530,46079,10960,20824,5824,5904,13638,14145,15074,17921,19268,24879,27556,31165,32155,36269,26882,35675,10430,19783,428227,243792,68451,32899,104663,48200,11666,16,19
2021-06-19T23:59:59+02:00,207,186,14659,14440,28460,26853,33131,33779,53060,54521,65929,67590,50451,55961,35528,46074,10959,20822,5609,5743,13076,13733,14467,17445,18941,24678,27363,30994,32076,36169,26865,35661,10430,19783,427821,240267,68449,32897,104663,48197,11661,16,19
2021-06-18T23:59:59+02:00,205,179,14570,14354,28360,26788,31884,32871,52694,54214,65796,67498,50420,55927,35510,46048,10955,20818,5544,5669,12978,13649,14303,17322,18705,24449,26543,30328,31872,35933,26799,35586,10426,19776,427334,237327,65477,32790,104654,48144,11610,16,19
2021-06-17T23:59:59+02:00,191,163,14199,14091,27766,26542,31395,32611,51906,53648,65369,67231,50340,55828,35477,46007,10949,20806,5168,5410,12194,13178,13517,16711,17615,23524,24390,28363,31232,35198,26603,35309,10409,19762,424145,228335,65472,32512,104630,47466,10259,13,19
2021-06-16T23:59:59+02:00,162,135,13772,13692,27303,26188,30957,32255,51094,52944,64917,66845,50223,55708,35448,45950,10938,20794,4804,4969,11473,12502,12729,16018,16516,22403,21425,25500,30167,33995,26307,34906,10394,19721,419299,214306,65430,32484,104624,47069,9959,13,19
2021-06-15T23:59:59+02:00,101,82,13144,13073,26551,25610,30175,31662,49842,51880,64206,66321,50044,55513,35380,45838,10929,20775,4308,4338,10503,11566,11577,14639,14785,20699,18000,22199,28799,32559,25922,34387,10368,19677,411594,195698,65414,32369,104618,46761,9487,13,19
2021-06-14T23:59:59+02:00,71,61,12740,12701,26146,25285,29514,31199,48048,50413,63155,65488,49829,55288,35303,45762,10921,20763,4208,4285,10328,11437,11437,14507,14607,20579,17808,22041,28729,32479,25903,34360,10365,19676,403735,195268,65405,32098,104616,46454,8918,13,19
2021-06-13T23:59:59+02:00,70,60,12699,12657,26072,25253,29451,31172,47994,50388,63120,65464,49822,55285,35301,45759,10920,20760,4054,4208,10001,11309,11114,14396,14313,20468,17409,21698,27219,30839,25763,34165,10361,19665,403533,194532,65331,27432,104609,46246,8761,13,19
2021-06-12T23:59:59+02:00,70,59,12682,12641,26058,25243,29440,31160,47935,50318,63078,65428,49821,55282,35301,45759,10920,20760,4052,4198,9985,11295,11106,14382,14294,20451,17389,21689,27178,30794,25758,34159,10361,19665,403242,194349,65331,27430,104608,46205,8761,13,19
2021-06-11T23:59:59+02:00,68,56,12583,12511,25933,25129,29319,31036,47700,50093,62946,65309,49797,55256,35290,45748,10918,20758,3958,3928,9460,10103,10675,13474,14004,19895,17116,21211,26771,30373,25668,34077,10358,19663,401978,193308,65322,27426,104566,41418,8571,13,19
2021-06-10T23:59:59+02:00,61,49,12339,12299,25615,24848,28974,30769,46630,49078,62211,64740,49712,55162,35256,45696,10908,20745,3691,3564,8691,8853,9775,11830,12702,17146,15332,17615,25066,28458,25372,33777,10352,19639,397111,187819,65270,26987,104366,28713,8332,13,19
2021-06-09T23:59:59+02:00,48,37,12048,11976,25208,24442,28581,30373,44625,47256,61121,63802,49608,55042,35210,45642,10903,20727,3447,3444,8276,8600,9267,11510,12191,16756,14624,17020,21244,24153,25146,33476,10340,19613,389133,176285,65149,26644,104365,28177,7989,13,19
2021-06-08T23:59:59+02:00,42,26,11618,11444,24548,23820,27925,29711,41458,44410,59348,62169,49440,54852,35137,45552,10893,20705,3238,3308,7879,8342,8652,11138,11526,16334,13968,16375,15871,18212,24755,32950,10322,19585,376486,161110,65088,26311,104355,27875,7156,13,10
2021-06-07T23:59:59+02:00,37,19,11457,11255,24198,23546,27649,29505,38831,42482,58919,61807,49406,54821,35125,45531,10891,20699,3142,3240,7572,8166,8335,10962,10953,15884,13467,15898,15795,18134,24726,32900,10320,19578,370848,160796,64661,24487,104346,27475,6311,12,10
2021-06-06T23:59:59+02:00,34,18,11321,11149,23878,23317,27440,29332,37231,41296,58795,61729,49382,54793,35117,45517,10891,20697,3039,3190,7301,8078,8066,10797,10217,15203,12872,15280,15644,18023,24712,32877,10318,19578,370441,160683,61281,21333,104336,27309,5867,12,10
2021-06-05T23:59:59+02:00,34,17,11303,11132,23835,23282,27405,29306,37204,41282,58697,61644,49371,54787,35115,45515,10891,20694,3027,3179,7278,8046,8037,10781,10187,15189,12832,15256,15523,17859,24707,32869,10317,19577,370111,160259,61279,21332,104336,27294,5776,12,10
2021-06-04T23:59:59+02:00,34,15,11118,10873,23473,22818,27132,28909,36779,40833,58079,61104,49337,54746,35105,45497,10890,20688,3003,3162,7249,8030,8016,10763,10158,15164,12798,15222,15312,17653,24696,32848,10315,19576,368315,159676,59010,21319,104323,27197,5770,12,10
2021-06-03T23:59:59+02:00,32,14,10898,10657,23017,22426,26708,28574,35684,40006,55321,58754,49208,54588,35062,45434,10885,20673,2914,3081,7041,7875,7560,10466,9132,14536,11558,14525,14134,16188,24519,32631,10303,19557,364381,156332,54088,17607,104273,26890,5188,11,10
2021-06-02T23:59:59+02:00,32,14,10863,10624,22981,22392,26677,28549,35653,39965,55194,58596,49194,54565,35056,45427,10885,20672,2874,3052,6986,7857,7501,10433,8977,14497,11335,14462,12787,14714,24400,32458,10298,19550,363797,152532,54082,17596,104273,26874,5176,11,10
2021-06-01T23:59:59+02:00,19,7,10450,10282,22325,21885,25994,27966,34932,39389,52196,55452,48805,54157,34938,45265,10869,20646,2415,2693,5635,7171,6233,9858,7589,13828,10202,13498,8482,9157,23926,31778,10275,19492,353050,134352,53912,17229,104254,26298,4350,11,10
2021-05-31T23:59:59+02:00,18,6,10176,10054,21752,21488,25586,27716,34611,39186,50748,54056,48706,54032,34905,45224,10862,20638,2305,2569,5349,6926,5973,9638,7224,13587,9946,13339,8431,9095,23900,31731,10267,19479,348324,133582,53873,17109,104230,25739,3326,11,10
2021-05-30T23:59:59+02:00,17,6,10122,10006,21663,21450,25521,27683,34499,39115,50384,53715,48682,54007,34899,45218,10860,20635,2270,2539,5244,6848,5871,9570,7035,13499,9721,13243,8387,9048,23884,31724,10266,19474,347141,132988,53854,16936,104216,25436,3260,11,10
2021-05-29T23:59:59+02:00,16,6,10107,9994,21629,21432,25504,27671,34478,39102,50371,53697,48678,54003,34896,45217,10860,20635,2251,2485,5200,6723,5811,9438,6919,13302,9583,13022,8314,8958,23817,31657,10265,19473,346985,132711,53854,16884,104195,24369,3251,11,10
2021-05-28T23:59:59+02:00,16,6,10049,9926,21554,21324,25426,27553,34401,39002,50293,53599,48657,53985,34888,45207,10860,20631,2167,2218,4582,6182,5190,8716,6548,12339,9088,12026,8138,8761,23449,31177,10264,19470,346142,131218,53843,16786,104137,19064,3244,11,10
2021-05-27T23:59:59+02:00,15,6,9785,9678,21026,20946,24883,27195,33877,38624,49679,52991,48489,53792,34818,45132,10856,20612,1926,1950,4000,5661,4512,8113,6039,11572,8146,10704,7634,8103,21895,29027,10249,19448,341864,125572,53434,15651,104028,14684,3067,11,10
2021-05-26T23:59:59+02:00,15,6,9511,9432,20302,20378,24013,26523,32616,37596,48915,52288,48235,53503,34744,45018,10845,20588,1871,1879,3906,5534,4379,7950,5833,11311,7821,10320,7072,7378,19470,25604,10231,19405,337155,117109,50459,15397,103975,14524,2928,11,10
2021-05-25T23:59:59+02:00,14,6,9246,9198,19889,20021,23575,26132,32108,37081,48022,51312,47937,53188,34661,44878,10833,20558,1805,1831,3786,5436,4242,7805,5625,11089,7510,10001,6449,6539,15361,20244,10211,19347,331584,104959,50379,15353,103902,14180,2783,11,10
2021-05-24T23:59:59+02:00,13,6,9027,9042,19320,19732,22804,25745,30594,36063,47798,51139,47844,53087,34632,44848,10831,20557,1780,1815,3740,5402,4179,7763,5560,11030,7435,9945,6423,6515,15347,20235,10211,19347,330003,104842,46575,15340,103843,13889,2650,11,10
2021-05-23T23:59:59+02:00,13,6,8819,8835,18961,19440,22382,25397,30169,35742,47206,50628,47410,52632,34530,44702,10823,20548,1778,1814,3731,5397,4175,7759,5550,11021,7426,9935,6418,6504,15347,20233,10211,19347,325169,104784,46573,15338,103842,13870,2648,11,10
2021-05-22T23:59:59+02:00,13,6,8788,8798,18911,19397,22335,25365,30116,35712,47097,50558,47391,52610,34527,44693,10820,20548,1777,1811,3718,5384,4171,7753,5546,11015,7419,9931,6416,6502,15345,20233,10211,19347,324626,104752,46573,15338,103841,13849,2634,11,10
2021-05-21T23:59:59+02:00,12,6,8514,8445,18472,18881,21975,24723,29689,34903,46608,49893,47303,52488,34489,44650,10817,20543,1714,1769,3639,5345,4129,7719,5514,10970,7378,9882,6388,6476,15268,20136,10210,19346,319427,104441,46544,15337,103817,13487,2612,11,10
2021-05-20T23:59:59+02:00,12,6,7940,7894,17523,18086,20973,23805,28371,33705,44860,48072,46864,52028,34381,44496,10800,20524,1412,1607,3326,5056,3862,7331,5219,10491,6999,9429,6154,6222,13963,18600,10187,19307,307824,100703,46458,14856,103590,11143,2457,11,10
2021-05-19T23:59:59+02:00,12,6,7674,7579,16919,17482,20075,22932,27144,32448,43067,45984,46333,51473,34230,44276,10779,20494,1348,1524,3123,4842,3655,7080,4994,10138,6702,9098,5872,5888,11768,15762,10170,19248,296696,94494,46418,14385,103543,10089,2239,11,9
2021-05-18T23:59:59+02:00,11,6,7148,7035,15764,16457,18809,21683,25633,30821,40377,42752,45504,50528,33992,43972,10754,20452,1327,1498,3063,4771,3579,6961,4859,10005,6520,8887,5606,5612,10070,13596,10145,19193,280902,89368,45214,14335,103441,9852,2132,9,9
2021-05-17T23:59:59+02:00,11,6,7068,6974,15581,16347,18594,21514,25235,30494,38624,41115,45394,50449,33945,43906,10745,20429,1294,1475,3007,4726,3515,6902,4791,9902,6425,8786,5565,5572,10056,13579,10142,19185,280687,89301,40445,14053,103397,9670,1893,9,9
2021-05-16T23:59:59+02:00,10,5,6953,6922,15461,16259,18465,21408,25053,30380,35642,38345,45358,50414,33923,43882,10742,20424,1270,1457,2963,4684,3467,6845,4705,9834,6329,8706,5535,5535,10044,13563,10140,19182,280408,89253,34297,13785,103276,9560,1656,9,9
2021-05-15T23:59:59+02:00,10,5,6929,6891,15400,16201,18419,21368,24986,30337,35606,38304,45335,50387,33916,43877,10742,20424,1258,1431,2931,4611,3448,6776,4686,9753,6307,8656,5529,5530,10039,13562,10140,19182,279926,89198,34297,13781,103262,9212,1643,9,9
2021-05-14T23:59:59+02:00,10,5,6752,6523,15055,15702,18107,20951,24652,29875,35360,37952,45306,50356,33906,43872,10742,20422,1201,1370,2853,4507,3401,6674,4622,9602,6225,8527,5499,5486,10026,13553,10140,19181,278870,89113,34149,13762,100942,8409,1578,9,9
2021-05-13T23:59:59+02:00,10,5,6402,6207,14299,15118,17402,20322,23795,29133,34592,37282,45018,50013,33827,43747,10738,20411,1024,1286,2657,4398,3283,6553,4481,9433,6103,8384,5456,5448,10011,13537,10136,19176,272469,88965,33825,13681,100727,7424,1291,9,9
2021-05-12T23:59:59+02:00,10,5,6001,5935,13319,14441,16382,19521,23129,28697,34286,37001,44835,49818,33796,43716,10735,20408,1021,1284,2650,4392,3264,6549,4476,9423,6095,8379,5450,5442,10009,13532,10135,19175,266209,88904,33816,13671,100723,7419,1278,9,8
2021-05-11T23:59:59+02:00,10,5,5626,5711,12733,13994,14578,18080,20176,26171,31971,34673,43782,48558,33472,43244,10706,20359,959,1210,2533,4220,3158,6317,4357,9136,5979,8153,5379,5364,9967,13472,10127,19159,248918,88432,33539,13455,100285,6500,1098,9,8
2021-05-10T23:59:59+02:00,10,5,5477,5614,12461,13868,14228,17858,19374,25600,30593,33654,43250,47947,33415,43156,10698,20339,916,1151,2434,4058,3064,6115,4232,8872,5857,7957,5342,5333,9955,13456,10123,19150,243443,88324,33328,13394,99981,5506,786,9,8
2021-05-09T23:59:59+02:00,10,5,5071,5373,11266,13335,13227,17495,18352,25270,30050,33363,43194,47875,33390,43141,10695,20332,892,1121,2335,3953,2974,5976,4100,8697,5763,7852,5334,5319,9948,13452,10118,19147,238109,88279,33256,13352,99642,4918,428,9,7
2021-05-08T23:59:59+02:00,10,5,5060,5364,11244,13316,13202,17476,18322,25237,30010,33320,43186,47864,33389,43137,10695,20332,888,1115,2322,3945,2968,5976,4096,8691,5760,7849,5331,5316,9945,13447,10118,19147,237841,88251,33255,13352,99641,4884,423,9,7
2021-05-07T23:59:59+02:00,10,5,4959,5281,11016,13148,12910,17259,17714,24636,29062,32426,42995,47624,33333,43065,10691,20326,861,1084,2286,3890,2922,5930,4041,8637,5677,7796,5284,5269,9933,13438,10118,19146,235348,88116,31362,13349,99533,4635,208,9,7
2021-05-06T23:59:59+02:00,10,5,4544,5001,10348,12731,12151,16594,16109,23191,26514,30034,42292,46875,33167,42829,10675,20303,805,1029,2149,3640,2754,5621,3847,8164,5481,7474,5233,5216,9910,13410,10116,19138,226585,87934,28014,13035,98717,2966,48,9,7
2021-05-05T23:59:59+02:00,10,5,4231,4774,9753,12285,11432,16013,15007,22164,23665,27275,41315,45770,32885,42442,10657,20262,791,1007,2087,3515,2697,5466,3754,7953,5385,7338,5184,5161,9873,13371,10114,19135,213572,87673,27831,12897,98493,2217,40,9,7
2021-05-04T23:59:59+02:00,10,5,3881,4316,9083,11587,10661,15173,13703,20910,20062,23868,39967,44310,32513,41922,10634,20224,773,977,2020,3398,2627,5331,3662,7802,5290,7215,5146,5116,9843,13342,10112,19132,196505,87457,27813,12599,98468,1692,34,9,7
2021-05-03T23:59:59+02:00,10,4,3639,3893,8672,11092,10183,14548,13168,20255,19340,23221,39702,44059,32434,41819,10631,20209,759,948,1953,3293,2570,5224,3602,7688,5240,7128,5132,5105,9828,13325,10109,19127,190642,87318,27801,12591,98405,1096,22,9,7
2021-05-02T23:59:59+02:00,10,4,3636,3891,8654,11085,10174,14540,13147,20243,19322,23212,39701,44058,32433,41818,10630,20209,755,931,1923,3212,2524,5128,3555,7563,5220,7062,5128,5102,9827,13321,10109,19125,190554,87300,27788,12560,98398,603,18,9,7
2021-05-01T23:59:59+02:00,10,4,3634,3884,8642,11072,10166,14531,13140,20241,19311,23203,39701,44056,32433,41818,10630,20209,754,931,1922,3212,2524,5128,3555,7563,5220,7062,5128,5102,9827,13321,10108,19125,190474,87299,27787,12559,98398,603,17,9,7
2021-04-30T23:59:59+02:00,10,3,3611,3861,8596,11036,10123,14492,13079,20202,19208,23052,39433,43733,32412,41798,10629,20209,751,927,1909,3203,2523,5119,3552,7556,5218,7055,5125,5099,9823,13320,10108,19125,189550,87273,27518,12556,98393,563,17,9,7
2021-04-29T23:59:59+02:00,10,3,3345,3688,8163,10762,9575,14207,12587,19839,18470,22325,36375,40283,32152,41430,10617,20171,738,913,1861,3142,2474,5053,3486,7414,5126,6956,5087,5065,9801,13277,10106,19119,184009,87069,21681,12400,98287,129,16,9,7
2021-04-28T23:59:59+02:00,10,3,3184,3621,7899,10652,9178,14033,12212,19602,17984,21890,32586,35966,31935,41129,10604,20149,721,898,1835,3103,2429,5004,3449,7356,5060,6895,5026,5005,9749,13219,10103,19110,172848,86862,21528,11966,98241,119,11,9,7
2021-04-27T23:59:59+02:00,9,3,3103,3555,7639,10520,8825,13860,11727,19377,17506,21401,27023,29775,31558,40622,10583,20117,711,884,1803,3066,2394,4958,3395,7297,5005,6819,4975,4936,9714,13168,10100,19101,157504,86654,21506,11542,98173,116,11,9,6
2021-04-26T23:59:59+02:00,9,3,3050,3521,7497,10455,8659,13801,11496,19309,16981,21014,26989,29741,31544,40607,10583,20117,688,853,1735,3006,2328,4902,3329,7208,4912,6716,4877,4861,9633,13085,10098,19098,156927,86527,21288,10672,97141,116,11,9,6
2021-04-25T23:59:59+02:00,9,3,3012,3504,7335,10403,8421,13751,11164,19265,16152,20543,25433,28084,31489,40544,10583,20114,688,851,1729,3001,2321,4899,3324,7200,4908,6707,4874,4856,9625,13074,10098,19098,156442,86504,21278,10635,92069,100,11,9,6
2021-04-24T23:59:59+02:00,9,3,3008,3498,7319,10390,8410,13743,11150,19256,16135,20525,25390,28021,31486,40538,10582,20113,688,851,1729,3000,2321,4899,3323,7200,4908,6707,4874,4855,9623,13073,10098,19098,156240,86498,21274,10635,92042,100,11,9,6
2021-04-23T23:59:59+02:00,9,3,2990,3480,7277,10347,8365,13698,11084,19196,16075,20461,24967,27517,31453,40482,10579,20110,680,843,1711,2991,2305,4870,3271,7162,4809,6612,4737,4732,9456,12875,10092,19083,155051,86208,21134,9907,91888,100,11,9,6
2021-04-22T23:59:59+02:00,8,3,2911,3398,7085,10163,7823,13290,9875,18403,14523,19420,22953,25085,31242,40213,10560,20082,615,792,1596,2879,2180,4706,3109,6991,4625,6411,4582,4558,8946,12221,10056,19004,150253,84296,15837,8880,90927,81,11,9,6
2021-04-21T23:59:59+02:00,8,3,2858,3350,6961,10074,7612,13135,9509,18161,14053,18974,20447,21948,30945,39827,10543,20056,566,768,1516,2800,2094,4615,2983,6848,4462,6247,4396,4379,8378,11464,10013,18915,143253,82509,15074,7848,90118,73,11,8,6
2021-04-20T23:59:59+02:00,8,3,2818,3311,6854,9985,7474,13026,9257,17943,13562,18581,17059,17884,30632,39352,10526,20020,536,734,1443,2736,2007,4536,2883,6729,4326,6085,4210,4185,7517,10255,9945,18763,134399,79594,14829,7215,89048,68,11,8,5
2021-04-19T23:59:59+02:00,8,3,2804,3303,6807,9944,7422,12991,9181,17869,13425,18466,16726,17503,30600,39317,10525,20016,477,694,1325,2641,1908,4439,2750,6571,4129,5893,3957,3883,5691,7839,9730,18368,134087,73784,14634,6433,88170,65,11,8,5
2021-04-18T23:59:59+02:00,8,3,2788,3289,6731,9918,7317,12942,8985,17802,12589,18338,15317,16097,30532,39256,10522,20009,472,688,1315,2633,1893,4428,2717,6542,4068,5844,3881,3812,5281,7216,9685,18285,133874,72299,14491,6387,84059,61,11,8,5
2021-04-17T23:59:59+02:00,8,3,2778,3285,6714,9896,7287,12921,8953,17763,12557,18318,15264,16047,30478,39184,10521,20009,472,686,1315,2632,1892,4424,2713,6537,4065,5840,3880,3810,5276,7215,9684,18284,133520,72264,14490,6387,83957,61,11,8,5
2021-04-16T23:59:59+02:00,8,3,2765,3271,6680,9881,7236,12882,8878,17711,12449,18216,15019,15770,29960,38537,10518,20002,472,684,1309,2627,1883,4422,2708,6531,4057,5832,3875,3804,5259,7185,9684,18282,131999,72167,14483,6376,83285,58,11,8,5
2021-04-15T23:59:59+02:00,8,3,2714,3214,6547,9780,7047,12704,8535,17438,11975,17751,13963,14554,27846,35730,10502,19979,463,678,1304,2601,1868,4399,2685,6503,4014,5779,3820,3728,5228,7134,9676,18270,126084,71851,14207,6240,79981,47,10,8,5
2021-04-14T23:59:59+02:00,7,1,2658,3165,6453,9685,6903,12544,8264,17171,11545,17288,12783,13171,23139,29653,10484,19925,460,672,1290,2591,1856,4382,2663,6478,3971,5742,3773,3677,5168,7080,9648,18234,113713,71560,14174,6088,76935,25,10,7,5
2021-04-13T23:59:59+02:00,7,1,2606,3131,6325,9599,6752,12411,7985,16922,11121,16867,10120,10249,20067,25490,10462,19883,444,647,1242,2548,1803,4319,2554,6376,3792,5580,3560,3492,5022,6942,9639,18212,105304,71215,13980,4924,70697,21,10,7,5
2021-04-12T23:59:59+02:00,7,1,2585,3117,6265,9571,6646,12324,7793,16794,10874,16660,8757,8758,19247,24519,10461,19874,438,638,1222,2533,1787,4296,2520,6334,3739,5528,3499,3443,4987,6901,9634,18190,105186,71074,13926,4587,65124,16,10,7,5
2021-04-11T23:59:59+02:00,7,1,2557,3109,6169,9544,6531,12287,7628,16744,10675,16555,7486,7481,17521,22542,10459,19871,438,638,1221,2531,1787,4295,2520,6334,3737,5523,3495,3442,4981,6899,9634,18190,105117,71064,13920,4577,58113,12,10,7,5
2021-04-10T23:59:59+02:00,7,1,2556,3107,6159,9539,6522,12282,7623,16739,10668,16546,7478,7469,17512,22536,10459,19871,437,635,1219,2528,1786,4293,2518,6329,3734,5522,3486,3428,4973,6885,9634,18190,105035,71004,13919,4570,58104,12,9,7,5
2021-04-09T23:59:59+02:00,7,1,2494,3009,6024,9329,6365,12020,7364,16331,10356,16047,7321,7264,17396,22356,10458,19869,432,630,1201,2516,1759,4278,2487,6280,3655,5443,3373,3318,4835,6796,9629,18187,104566,70922,13890,3876,55539,10,9,7,5
2021-04-08T23:59:59+02:00,7,1,2415,2937,5928,9210,6262,11892,7193,16145,10100,15859,7127,7005,16137,20896,10447,19839,425,625,1189,2484,1734,4242,2460,6207,3603,5377,3299,3272,4756,6691,9607,18142,100917,70481,13536,3612,54931,9,9,7,5
2021-04-07T23:59:59+02:00,7,1,2388,2901,5855,9139,6174,11817,7060,16046,9858,15708,6830,6678,13823,17948,10426,19792,420,624,1179,2471,1721,4219,2446,6167,3536,5318,3228,3220,4701,6632,9600,18114,94764,70208,13375,3369,54296,8,9,7,5
2021-04-06T23:59:59+02:00,7,1,2371,2868,5759,9073,6083,11738,6907,15933,9618,15525,6473,6316,11724,15348,10399,19733,417,617,1172,2444,1709,4196,2420,6129,3472,5253,3144,3170,4656,6578,9595,18098,89737,69965,13075,3088,53050,8,7,7,5
2021-04-05T23:59:59+02:00,7,1,2363,2859,5741,9056,6071,11719,6894,15914,9598,15500,6349,6218,10444,14061,10399,19732,413,609,1168,2429,1703,4180,2404,6099,3439,5212,3114,3133,4635,6532,9589,18082,89658,69775,13039,2951,50216,7,6,7,5
2021-04-04T23:59:59+02:00,7,1,2363,2859,5738,9053,6069,11719,6892,15914,9596,15499,6344,6214,10444,14059,10399,19732,413,608,1168,2428,1703,4180,2403,6099,3439,5212,3114,3133,4633,6532,9589,18082,89649,69771,13037,2950,50203,7,6,7,5
2021-04-03T23:59:59+02:00,7,1,2361,2851,5730,9046,6064,11715,6889,15910,9593,15497,6341,6209,10437,14056,10399,19732,413,608,1168,2428,1703,4180,2403,6099,3439,5211,3114,3133,4633,6532,9589,18082,89592,69770,13036,2950,50197,7,6,7,5
2021-04-02T23:59:59+02:00,7,1,2360,2849,5724,9039,6062,11712,6885,15909,9589,15495,6337,6203,10423,14027,10398,19731,411,606,1167,2428,1702,4179,2402,6099,3438,5204,3088,3116,4623,6523,9589,18082,89509,69693,13033,2949,50196,7,6,7,5
2021-04-01T23:59:59+02:00,7,1,2339,2846,5693,9010,6019,11670,6842,15854,9534,15439,6244,6106,10128,13680,10375,19683,409,590,1164,2422,1695,4168,2386,6082,3412,5183,3026,3068,4564,6451,9514,17969,88522,69143,13012,2946,49924,7,5,7,5
2021-03-31T23:59:59+02:00,7,1,2305,2819,5617,8944,5951,11577,6739,15742,9400,15305,6099,5964,9578,12942,10333,19593,404,584,1158,2411,1688,4152,2380,6069,3392,5149,2994,3035,4517,6392,9458,17868,86549,68695,12799,2944,49557,7,4,7,4
2021-03-30T23:59:59+02:00,7,1,2285,2803,5570,8886,5888,11502,6668,15644,9302,15161,5913,5750,8674,11605,10258,19411,402,582,1155,2407,1675,4135,2362,6047,3358,5105,2937,2967,4430,6293,9328,17629,83480,67995,12418,2806,49421,7,4,5,3
2021-03-29T23:59:59+02:00,6,1,2218,2749,5467,8775,5780,11352,6499,15413,9071,14906,5554,5375,6735,9071,10038,18991,395,578,1144,2396,1662,4123,2337,6020,3329,5048,2867,2902,4313,6189,9126,17298,77391,67046,11608,2670,48993,7,4,5,3
2021-03-28T23:59:59+02:00,6,1,2197,2736,5423,8716,5704,11274,6412,15327,8953,14787,5430,5223,6094,8142,9972,18875,386,572,1129,2380,1637,4096,2290,5959,3273,4956,2782,2823,4197,6044,9054,17162,75098,66587,11350,2145,48815,4,4,5,3
2021-03-27T23:59:59+01:00,6,1,2197,2730,5412,8710,5700,11259,6397,15305,8942,14774,5402,5196,6084,8139,9972,18874,386,572,1127,2379,1636,4091,2286,5956,3264,4949,2777,2820,4181,6019,8974,17015,74991,66280,11350,2144,48750,4,4,5,3
2021-03-26T23:59:59+01:00,6,1,2181,2710,5375,8672,5661,11210,6318,15235,8793,14625,5240,5047,5915,7959,9970,18866,382,564,1121,2366,1620,4062,2258,5920,3230,4895,2716,2757,3997,5763,8269,15840,74646,63646,10519,2106,48610,4,4,5,3
2021-03-25T23:59:59+01:00,6,0,2064,2629,5199,8457,5459,10934,6110,14936,8553,14337,5080,4893,5819,7840,9967,18858,373,550,1100,2340,1596,4034,2212,5862,3157,4817,2618,2655,3624,5269,7139,14107,74191,59560,9571,1886,47371,4,3,5,3
2021-03-24T23:59:59+01:00,6,0,1978,2581,5051,8297,5298,10741,5946,14698,8349,14105,4941,4734,5705,7724,9961,18849,369,539,1087,2312,1563,3978,2153,5797,3069,4716,2484,2540,3199,4652,5741,11888,73818,54540,8409,1540,46729,4,3,5,3
2021-03-23T23:59:59+01:00,6,0,1902,2528,4940,8174,5199,10599,5825,14505,8234,13937,4859,4648,5639,7665,9953,18831,358,514,1068,2277,1530,3920,2109,5708,2987,4626,2395,2445,2749,4020,3848,8679,73424,47835,7663,1392,46349,3,3,5,3
2021-03-22T23:59:59+01:00,6,0,1837,2469,4805,8038,5066,10424,5665,14272,8042,13724,4755,4535,5570,7556,9939,18787,331,497,1039,2239,1485,3847,2043,5598,2885,4475,2282,2293,2231,3340,1339,4563,72928,39323,6625,1159,45929,1,3,5,3
2021-03-21T23:59:59+01:00,6,0,1835,2463,4793,8023,5051,10414,5649,14255,8012,13700,4732,4520,5554,7544,9935,18787,330,497,1033,2225,1476,3818,2025,5560,2859,4425,2241,2245,2189,3299,1322,4518,72905,39183,6575,875,45786,1,2,5,3
2021-03-20T23:59:59+01:00,6,0,1835,2463,4792,8022,5050,10412,5648,14254,8005,13694,4731,4519,5546,7536,9935,18787,330,497,1033,2225,1476,3818,2025,5560,2858,4424,2240,2242,2189,3299,1322,4518,72894,39181,6575,871,45759,1,2,5,3
2021-03-19T23:59:59+01:00,6,0,1782,2215,4276,6727,4641,9430,5378,13697,7781,13292,4606,4422,5476,7470,9935,18787,329,497,1033,2225,1476,3817,2025,5559,2857,4424,2238,2241,2184,3293,1321,4516,72836,39166,6565,865,40513,1,2,5,3
2021-03-18T23:59:59+01:00,6,0,1727,1962,3858,5662,4111,8050,4561,11159,6424,9958,4240,4123,5274,7250,9914,18747,328,494,1026,2212,1469,3792,1999,5520,2832,4400,2217,2226,2159,3264,1316,4507,72406,38974,6503,783,28110,1,2,5,3
2021-03-17T23:59:59+01:00,6,0,1721,1953,3848,5636,4094,8020,4537,11095,6374,9886,4203,4076,5235,7206,9908,18724,325,493,1022,2204,1463,3783,1992,5505,2822,4374,2190,2199,2139,3249,1309,4493,72150,38823,6443,734,27922,1,2,5,3
2021-03-16T23:59:59+01:00,6,0,1699,1919,3789,5555,4023,7913,4408,10933,6169,9686,3980,3887,5095,7047,9902,18703,323,489,1021,2185,1458,3770,1983,5491,2813,4355,2182,2185,2127,3221,1301,4464,71838,38658,5168,705,27701,1,2,5,3
2021-03-15T23:59:59+01:00,6,0,1689,1899,3764,5521,3998,7876,4357,10864,6090,9601,3898,3820,5042,6987,9896,18678,320,485,1012,2168,1450,3764,1967,5455,2795,4327,2167,2153,2102,3159,1293,4426,71614,38439,4810,601,27557,1,0,5,3
2021-03-14T23:59:59+01:00,6,0,1683,1889,3756,5511,3993,7860,4348,10833,6082,9579,3891,3811,5037,6979,9895,18676,320,485,1010,2168,1446,3761,1964,5453,2777,4321,2161,2151,2091,3149,1289,4424,71582,38431,4794,536,27448,1,0,5,3
2021-03-13T23:59:59+01:00,6,0,1680,1884,3743,5488,3986,7851,4328,10822,6068,9564,3888,3808,5034,6976,9895,18676,320,485,1010,2168,1446,3761,1964,5452,2777,4320,2160,2150,2091,3147,1281,4419,71558,38412,4789,536,27345,1,0,5,3
2021-03-12T23:59:59+01:00,5,0,1641,1827,3229,5341,3471,7737,4194,10696,5842,9275,3722,3662,4893,6868,9870,18629,315,463,1006,2138,1438,3737,1944,5381,2724,4235,1981,1995,2031,3097,1274,4413,71346,37642,4069,528,25482,0,0,5,3
2021-03-11T23:59:59+01:00,5,0,1533,1691,2843,5080,3034,7481,3914,10283,5215,8382,3498,3486,4787,6751,9832,18579,314,462,1003,2125,1435,3717,1937,5362,2715,4218,1974,1987,2017,3080,1269,4395,70783,37520,3807,488,21799,0,0,5,3
2021-03-10T23:59:59+01:00,5,0,1503,1659,2804,5035,2998,7422,3859,10196,5107,8265,3372,3382,4672,6637,9789,18512,312,461,1001,2122,1433,3706,1933,5349,2703,4198,1957,1980,1992,3048,1258,4381,70375,37439,3477,393,21360,0,0,5,3
2021-03-09T23:59:59+01:00,5,0,1494,1643,2772,5010,2977,7378,3821,10136,5029,8185,3275,3299,4592,6548,9683,18302,309,460,997,2116,1426,3694,1907,5327,2661,4168,1916,1955,1942,3020,1246,4372,69784,37410,3210,104,21150,0,0,5,3
2021-03-08T23:59:59+01:00,5,0,1479,1629,2742,4983,2951,7348,3798,10088,5005,8123,3234,3259,4519,6484,9509,18003,309,460,995,2112,1418,3678,1890,5294,2642,4140,1897,1936,1917,2997,1240,4353,68997,37262,3201,14,20956,0,0,5,3
2021-03-07T23:59:59+01:00,5,0,1466,1619,2712,4938,2917,7300,3765,10026,4962,8062,3199,3226,4454,6384,9433,17859,309,459,995,2111,1417,3673,1887,5284,2641,4135,1893,1933,1913,2993,1237,4345,68461,37211,3147,12,20714,0,0,5,3
2021-03-06T23:59:59+01:00,5,0,1465,1617,2706,4927,2914,7291,3757,10019,4944,8046,3189,3216,4431,6345,9345,17690,309,459,993,2108,1417,3671,1881,5275,2639,4133,1888,1925,1907,2991,1236,4342,68071,37161,3147,12,20684,0,0,5,2
2021-03-05T23:59:59+01:00,5,0,1392,1538,2608,4765,2857,7134,3672,9812,4843,7850,3139,3157,4215,6059,8641,16503,309,459,991,2106,1412,3666,1879,5274,2635,4126,1879,1921,1902,2988,1231,4339,65430,37104,3144,12,19611,0,0,5,2
2021-03-04T23:59:59+01:00,5,0,1219,1434,2438,4565,2686,6865,3504,9466,4585,7508,3023,3034,3854,5602,7479,14690,308,451,982,2082,1396,3626,1851,5221,2607,4080,1851,1896,1869,2933,1204,4293,61239,36637,3141,12,17572,0,0,5,2
2021-03-03T23:59:59+01:00,5,0,1186,1381,2359,4457,2626,6741,3417,9301,4488,7364,2937,2964,3481,5003,6096,12510,304,442,970,2059,1384,3598,1837,5171,2553,4026,1802,1861,1845,2904,1189,4265,56200,36197,3115,12,16997,0,0,4,2
2021-03-02T23:59:59+01:00,5,0,1152,1344,2299,4399,2575,6650,3335,9178,4351,7215,2823,2837,2999,4338,4101,9158,299,433,965,2033,1371,3554,1823,5116,2521,4000,1792,1847,1826,2878,1178,4238,49173,35861,2867,12,16716,0,0,3,2
2021-03-01T23:59:59+01:00,5,0,1093,1314,2237,4336,2502,6563,3241,9052,4209,7027,2692,2700,2431,3597,1394,4714,298,430,958,2021,1360,3535,1815,5100,2509,3984,1776,1837,1809,2859,1166,4210,40145,35654,2478,12,16481,0,0,3,2
2021-02-28T23:59:59+01:00,5,0,1059,1300,2195,4299,2472,6520,3193,8995,4147,6968,2625,2654,2383,3566,1386,4694,298,429,956,2016,1358,3522,1812,5086,2503,3976,1769,1826,1796,2848,1159,4195,40049,35536,2186,12,16223,0,0,3,2
2021-02-27T23:59:59+01:00,5,0,1017,1217,2130,4056,2414,6286,3129,8697,4056,6714,2570,2597,2363,3542,1383,4694,298,429,955,2016,1358,3522,1812,5085,2502,3976,1769,1825,1794,2848,1159,4195,39943,35530,2185,12,14739,0,0,3,2
2021-02-26T23:59:59+01:00,4,0,850,963,1928,3664,2252,5618,2912,7775,3745,5920,2521,2544,2345,3528,1380,4692,298,429,955,2013,1356,3520,1810,5084,2500,3975,1769,1822,1787,2847,1157,4188,39928,35497,2098,12,10612,0,0,3,2
2021-02-25T23:59:59+01:00,4,0,507,806,1648,3465,2069,5314,2716,7378,3519,5617,2440,2467,2305,3467,1376,4678,288,408,930,1963,1326,3451,1780,5003,2471,3911,1744,1795,1749,2803,1130,4148,39733,34888,1841,11,8199,0,0,3,2
2021-02-24T23:59:59+01:00,3,0,487,788,1613,3368,2007,5184,2656,7195,3453,5475,2375,2420,2270,3438,1367,4645,279,404,915,1930,1312,3397,1767,4942,2447,3866,1733,1777,1740,2784,1118,4121,39545,34528,1672,3,7524,0,0,3,2
2021-02-23T23:59:59+01:00,3,0,468,752,1552,3265,1952,5044,2578,7063,3367,5370,2315,2361,2235,3382,1352,4614,278,400,910,1915,1305,3367,1758,4911,2426,3834,1713,1757,1720,2749,1103,4068,39399,34210,1401,3,6870,0,0,3,2
2021-02-22T23:59:59+01:00,2,0,452,721,1497,3164,1913,4905,2519,6845,3306,5226,2307,2265,2220,3303,1348,4569,277,397,907,1904,1297,3340,1741,4875,2412,3804,1694,1738,1693,2721,1088,4023,39188,33909,1138,1,6233,0,0,3,2
2021-02-21T23:59:59+01:00,2,0,444,683,1439,3022,1866,4755,2466,6686,3223,5122,2271,2232,2193,3283,1338,4564,277,396,904,1896,1296,3331,1737,4865,2408,3795,1692,1735,1692,2719,1088,4022,39147,33851,905,1,5534,0,0,3,2
2021-02-20T23:59:59+01:00,2,0,440,678,1431,3018,1860,4755,2463,6683,3219,5118,2268,2231,2193,3282,1337,4564,277,396,904,1895,1296,3330,1737,4865,2407,3794,1691,1734,1689,2719,1087,4020,39143,33839,901,1,5495,0,0,3,2
2021-02-19T23:59:59+01:00,1,0,419,641,1402,2956,1833,4701,2422,6583,3132,5000,2088,2069,2130,3233,1332,4558,275,395,902,1893,1295,3329,1737,4860,2404,3793,1689,1732,1687,2718,1087,4019,38391,33814,882,1,5224,0,0,3,1
2021-02-18T23:59:59+01:00,1,0,394,585,1297,2713,1729,4457,2284,6321,3030,4818,2059,2053,2114,3216,1327,4550,275,389,894,1860,1286,3290,1719,4812,2385,3756,1677,1721,1670,2706,1075,4001,38317,33515,809,1,3819,0,0,3,1
2021-02-17T23:59:59+01:00,1,0,378,554,1258,2583,1673,4282,2214,6078,2971,4669,2040,2034,2091,3196,1312,4541,266,372,859,1775,1243,3161,1658,4653,2311,3620,1600,1652,1596,2596,1026,3884,38161,32271,758,1,2953,0,0,3,1
2021-02-16T23:59:59+01:00,1,0,360,524,1203,2463,1623,4146,2135,5893,2890,4533,2031,2030,2083,3189,1307,4530,258,355,838,1694,1188,3025,1597,4449,2239,3443,1550,1598,1536,2496,999,3756,38101,31020,728,1,2109,0,0,3,1
2021-02-15T23:59:59+01:00,1,0,350,502,1130,2319,1578,4073,2103,5840,2862,4492,2012,2014,2062,3159,1300,4510,251,336,815,1649,1156,2949,1541,4314,2168,3323,1475,1534,1482,2389,957,3579,37996,29917,618,1,1690,0,0,3,1
2021-02-14T23:59:59+01:00,1,0,342,497,1107,2263,1515,3909,2061,5748,2831,4453,2006,2012,2051,3150,1298,4503,244,331,797,1622,1140,2910,1499,4262,2130,3293,1459,1513,1458,2353,942,3537,37978,29489,553,1,1213,0,0,3,1
2021-02-13T23:59:59+01:00,1,0,342,497,1106,2263,1515,3908,2059,5747,2831,4453,2005,2010,2050,3150,1297,4500,244,331,797,1622,1140,2910,1498,4260,2130,3293,1457,1510,1457,2352,942,3536,37967,29478,553,1,1212,0,0,2,1
2021-02-12T23:59:59+01:00,1,0,338,494,1089,2254,1510,3894,2054,5738,2828,4447,1991,2000,2044,3137,1292,4497,243,330,791,1617,1134,2901,1481,4241,2111,3280,1444,1494,1442,2321,935,3503,37900,29267,545,1,1161,0,0,2,1
2021-02-11T23:59:59+01:00,1,0,318,470,1025,2156,1456,3767,1960,5474,2743,4328,1961,1967,2004,3072,1267,4441,223,304,742,1512,1054,2675,1357,3884,1927,2973,1257,1287,1274,2046,829,3153,37511,26496,508,1,389,0,0,2,1
2021-02-10T23:59:59+01:00,1,0,312,461,1003,2116,1418,3688,1906,5312,2648,4147,1892,1917,1962,3034,1249,4415,199,259,649,1323,927,2292,1169,3282,1688,2558,1098,1113,1128,1802,722,2813,37105,23021,373,1,1,0,0,2,1
2021-02-09T23:59:59+01:00,1,0,306,451,995,2084,1402,3636,1862,5245,2581,4091,1836,1881,1894,2981,1228,4394,165,199,551,1063,779,1848,964,2673,1425,2146,952,953,940,1523,606,2400,36805,19187,60,0,1,0,0,2,1
2021-02-08T23:59:59+01:00,1,0,305,449,992,2077,1392,3620,1854,5222,2562,4075,1822,1869,1876,2963,1221,4369,114,164,451,850,616,1432,765,2024,1149,1661,766,777,748,1205,483,1951,36650,15156,16,0,1,0,0,2,1
2021-02-07T23:59:59+01:00,1,0,305,449,991,2075,1391,3614,1851,5219,2555,4072,1816,1860,1860,2956,1217,4363,105,145,401,704,542,1258,686,1809,1053,1514,693,697,672,1084,418,1735,36580,13516,13,0,0,0,0,2,1
2021-02-06T23:59:59+01:00,1,0,305,449,990,2074,1391,3611,1851,5217,2555,4069,1816,1859,1855,2954,1214,4361,105,144,396,701,537,1234,670,1790,1042,1492,690,693,667,1080,417,1731,36557,13390,13,0,0,0,0,2,0
2021-02-05T23:59:59+01:00,1,0,305,448,988,2071,1387,3602,1847,5203,2549,4063,1815,1858,1847,2946,1205,4348,101,137,381,683,520,1205,638,1738,994,1429,653,643,622,1006,391,1643,36468,12785,13,0,0,0,0,2,0
2021-02-04T23:59:59+01:00,1,0,298,431,977,2039,1368,3549,1828,5126,2534,4015,1799,1838,1822,2911,1188,4317,76,106,282,461,359,812,454,1175,682,970,505,469,481,795,305,1312,36026,9245,13,0,0,0,0,2,0
2021-02-03T23:59:59+01:00,1,0,294,422,959,2012,1352,3511,1815,5077,2500,3972,1779,1815,1806,2887,1175,4303,60,82,236,395,289,633,347,919,522,724,339,325,346,568,218,959,35665,6963,13,0,0,0,0,2,0
2021-02-02T23:59:59+01:00,1,0,290,415,953,1984,1344,3479,1804,5031,2477,3937,1761,1799,1780,2846,1154,4256,39,63,181,312,242,485,265,736,377,556,235,208,221,377,150,627,35296,5074,13,0,0,0,0,2,0
2021-02-01T23:59:59+01:00,1,0,289,413,948,1977,1341,3463,1796,5011,2469,3918,1754,1788,1765,2831,1148,4243,19,39,134,227,167,310,169,490,236,321,119,105,96,184,69,277,35140,2962,13,0,0,0,0,2,0
2021-01-31T23:59:59+01:00,1,0,288,412,946,1970,1338,3454,1793,4992,2465,3903,1750,1780,1761,2824,1146,4234,18,34,116,199,150,268,152,410,200,277,100,91,88,157,61,243,35042,2564,13,0,0,0,0,2,0
2021-01-30T23:59:59+01:00,1,0,288,412,946,1970,1338,3454,1793,4992,2465,3903,1749,1780,1761,2823,1146,4233,18,34,115,199,150,266,149,407,199,276,99,90,88,157,61,243,35039,2551,13,0,0,0,0,2,0
2021-01-29T23:59:59+01:00,1,0,286,409,944,1968,1337,3446,1787,4983,2462,3900,1743,1773,1752,2813,1139,4212,16,33,114,190,141,258,137,379,168,249,72,66,79,136,56,211,34941,2305,13,0,0,0,0,1,0
2021-01-28T23:59:59+01:00,1,0,281,401,924,1912,1313,3382,1762,4921,2434,3838,1721,1753,1721,2782,1121,4177,0,0,9,19,8,18,11,46,7,22,7,3,7,9,2,13,34431,181,12,0,0,0,0,1,0
2021-01-27T23:59:59+01:00,1,0,276,383,891,1832,1279,3268,1700,4798,2374,3738,1665,1705,1677,2716,1085,4095,0,0,4,6,5,11,7,20,3,12,6,3,7,9,2,12,33474,107,8,0,0,0,0,1,0
2021-01-26T23:59:59+01:00,1,0,270,374,881,1819,1265,3230,1683,4741,2344,3672,1634,1673,1640,2646,1068,4013,0,0,4,6,5,11,7,20,3,12,6,3,7,9,2,12,32947,107,6,0,0,0,0,1,0
2021-01-25T23:59:59+01:00,1,0,259,350,839,1700,1195,3066,1593,4470,2241,3463,1576,1620,1588,2562,1022,3845,0,0,1,3,1,3,4,3,3,5,6,3,6,8,2,12,31387,60,2,0,0,0,0,1,0
2021-01-24T23:59:59+01:00,1,0,256,347,828,1681,1185,3044,1562,4437,2215,3442,1565,1612,1578,2551,1017,3838,0,0,1,2,1,3,4,3,3,5,6,3,6,8,2,12,31156,59,2,0,0,0,0,1,0
2021-01-23T23:59:59+01:00,1,0,256,347,828,1681,1184,3043,1562,4433,2214,3441,1564,1612,1577,2550,1016,3833,0,0,1,2,1,3,4,3,3,5,6,3,6,8,2,12,31139,59,2,0,0,0,0,1,0
2021-01-22T23:59:59+01:00,1,0,255,345,822,1678,1180,3038,1559,4426,2202,3436,1552,1601,1571,2531,1011,3814,0,0,1,2,1,3,4,3,3,5,6,3,6,8,2,12,31019,59,2,0,0,0,0,1,0
2021-01-21T23:59:59+01:00,1,0,244,335,795,1612,1155,2911,1503,4265,2122,3301,1454,1499,1439,2368,932,3633,0,0,1,2,1,3,4,2,3,5,4,2,5,8,1,12,29566,53,2,0,0,0,0,1,0
2021-01-20T23:59:59+01:00,1,0,221,291,723,1455,1065,2597,1367,3805,1949,2947,1333,1353,1319,2173,861,3413,0,0,1,2,1,3,4,2,3,5,4,2,5,8,1,12,26870,53,2,0,0,0,0,1,0
2021-01-19T23:59:59+01:00,1,0,190,235,625,1207,919,2151,1147,3190,1668,2517,1153,1155,1093,1837,716,2900,0,0,1,1,1,2,4,1,2,5,4,2,5,8,1,12,22701,49,2,0,0,0,0,1,0
2021-01-18T23:59:59+01:00,1,0,132,185,491,946,710,1636,879,2321,1298,1905,903,924,874,1456,560,2311,0,0,0,0,0,0,0,0,1,2,2,1,0,0,0,0,17530,6,1,0,0,0,0,1,0
2021-01-17T23:59:59+01:00,1,0,119,159,431,775,625,1415,778,2068,1186,1716,839,845,794,1320,501,2105,0,0,0,0,0,0,0,0,0,1,0,0,0,0,0,0,15676,1,0,0,0,0,0,1,0
2021-01-16T23:59:59+01:00,1,0,119,158,427,774,623,1407,768,2064,1178,1709,837,840,789,1309,493,2090,0,0,0,0,0,0,0,0,0,0,0,0,0,0,0,0,15586,0,0,0,0,0,0,0,0
2021-01-15T23:59:59+01:00,1,0,109,152,415,753,597,1369,736,1986,1117,1628,793,788,746,1224,463,1976,0,0,0,0,0,0,0,0,0,0,0,0,0,0,0,0,14853,0,0,0,0,0,0,0,0
2021-01-14T23:59:59+01:00,1,0,75,112,298,486,395,884,508,1278,762,1067,579,546,542,903,353,1501,0,0,0,0,0,0,0,0,0,0,0,0,0,0,0,0,10290,0,0,0,0,0,0,0,0
2021-01-13T23:59:59+01:00,1,0,58,85,246,409,319,667,378,978,556,760,365,344,362,614,246,1037,0,0,0,0,0,0,0,0,0,0,0,0,0,0,0,0,7425,0,0,0,0,0,0,0,0
2021-01-12T23:59:59+01:00,0,0,47,69,200,351,257,542,278,804,405,595,245,217,227,406,166,691,0,0,0,0,0,0,0,0,0,0,0,0,0,0,0,0,5500,0,0,0,0,0,0,0,0
2021-01-11T23:59:59+01:00,0,0,32,50,174,303,210,441,218,647,297,420,150,126,129,248,88,397,0,0,0,0,0,0,0,0,0,0,0,0,0,0,0,0,3930,0,0,0,0,0,0,0,0
2021-01-10T23:59:59+01:00,0,0,24,41,152,254,180,363,179,536,248,359,129,106,114,204,77,320,0,0,0,0,0,0,0,0,0,0,0,0,0,0,0,0,3286,0,0,0,0,0,0,0,0
2021-01-09T23:59:59+01:00,0,0,24,41,151,252,179,361,177,530,247,358,128,105,114,204,77,320,0,0,0,0,0,0,0,0,0,0,0,0,0,0,0,0,3268,0,0,0,0,0,0,0,0
2021-01-08T23:59:59+01:00,0,0,22,40,149,243,171,351,164,499,218,332,104,89,109,189,71,298,0,0,0,0,0,0,0,0,0,0,0,0,0,0,0,0,3049,0,0,0,0,0,0,0,0
2021-01-07T23:59:59+01:00,0,0,1,0,4,9,8,13,10,6,16,11,10,9,14,21,2,32,0,0,0,0,0,0,0,0,0,0,0,0,0,0,0,0,166,0,0,0,0,0,0,0,0
2021-01-06T23:59:59+01:00,0,0,0,0,1,3,1,5,5,2,3,6,6,2,7,10,1,14,0,0,0,0,0,0,0,0,0,0,0,0,0,0,0,0,66,0,0,0,0,0,0,0,0
2021-01-05T23:59:59+01:00,0,0,0,0,1,3,1,5,5,2,3,5,6,2,6,9,1,13,0,0,0,0,0,0,0,0,0,0,0,0,0,0,0,0,62,0,0,0,0,0,0,0,0
2021-01-04T23:59:59+01:00,0,0,0,0,1,3,1,4,4,2,3,5,6,2,5,8,1,13,0,0,0,0,0,0,0,0,0,0,0,0,0,0,0,0,58,0,0,0,0,0,0,0,0
2021-01-03T23:59:59+01:00,0,0,0,0,1,2,1,4,4,2,3,5,5,2,5,8,1,13,0,0,0,0,0,0,0,0,0,0,0,0,0,0,0,0,56,0,0,0,0,0,0,0,0
2021-01-02T23:59:59+01:00,0,0,0,0,1,2,1,4,4,2,3,5,5,2,5,8,1,13,0,0,0,0,0,0,0,0,0,0,0,0,0,0,0,0,56,0,0,0,0,0,0,0,0
2021-01-01T23:59:59+01:00,0,0,0,0,1,2,1,3,4,2,3,5,5,2,5,8,1,13,0,0,0,0,0,0,0,0,0,0,0,0,0,0,0,0,55,0,0,0,0,0,0,0,0
2020-12-31T23:59:59+01:00,0,0,0,0,1,2,1,3,4,2,3,5,5,2,5,8,1,13,0,0,0,0,0,0,0,0,0,0,0,0,0,0,0,0,55,0,0,0,0,0,0,0,0
2020-12-30T23:59:59+01:00,0,0,0,0,1,2,1,3,4,2,3,5,5,2,5,8,1,13,0,0,0,0,0,0,0,0,0,0,0,0,0,0,0,0,55,0,0,0,0,0,0,0,0
2020-12-29T23:59:59+01:00,0,0,0,0,1,1,1,2,4,1,2,5,5,2,5,8,1,13,0,0,0,0,0,0,0,0,0,0,0,0,0,0,0,0,51,0,0,0,0,0,0,0,0
2020-12-28T23:59:59+01:00,0,0,0,0,1,1,1,1,2,0,1,5,4,1,1,0,0,2,0,0,0,0,0,0,0,0,0,0,0,0,0,0,0,0,20,0,0,0,0,0,0,0,0
2020-12-27T23:59:59+01:00,0,0,0,0,1,1,1,1,2,0,0,3,2,0,1,0,0,2,0,0,0,0,0,0,0,0,0,0,0,0,0,0,0,0,14,0,0,0,0,0,0,0,0
