Datum,<24_1_m,<24_1_w,25-34_1_m,25-34_1_w,35-44_1_m,35-44_1_w,45-54_1_m,45-54_1_w,55-64_1_m,55-64_1_w,65-74_1_m,65-74_1_w,75-84_1_m,75-84_1_w,>84_1_m,>84_1_w,<24_2_m,<24_2_w,25-34_2_m,25-34_2_w,35-44_2_m,35-44_2_w,45-54_2_m,45-54_2_w,55-64_2_m,55-64_2_w,65-74_2_m,65-74_2_w,75-84_2_m,75-84_2_w,>84_2_m,>84_2_w,bp_1,bp_2,mo_1,mo_2,az_1,az_2,ja
2021-07-03T23:59:59+02:00,17311,16863,39436,35707,44797,44089,56171,57246,67372,68821,50958,56500,35778,46361,11046,21020,8891,8815,19764,19103,22761,24717,29724,34450,43956,47672,41953,46823,33326,43149,10555,20017,482309,316726,68495,44623,104389,80044,14283
2021-07-02T23:59:59+02:00,17190,16745,38977,35343,44686,43995,56119,57205,67325,68791,50947,56494,35772,46351,11046,21019,8742,8655,19447,18828,22384,24343,29310,34045,43352,47049,41754,46599,33233,43020,10551,20013,480861,313794,68481,43617,104388,79639,14275
2021-07-01T23:59:59+02:00,16863,16445,37276,34029,44133,43508,55871,57008,67161,68632,50877,56409,35748,46313,11042,21012,8384,8269,18619,18164,21462,23538,28000,32929,40441,44196,40813,45583,32665,42343,10534,19989,475542,306672,68410,38880,104364,76366,14011
2021-06-30T23:59:59+02:00,16547,16176,35221,32310,43546,42900,55660,56828,66971,68450,50796,56322,35721,46265,11038,20998,8029,7941,17970,17572,20607,22748,26758,31725,36004,39511,39762,44473,32014,41569,10513,19964,469084,296517,68370,33151,104347,73544,13948
2021-06-29T23:59:59+02:00,16306,15956,34225,31244,43102,42469,55482,56673,66805,68306,50721,56248,35684,46222,11030,20991,7455,7341,16876,16662,19385,21548,25082,30070,33281,36418,36998,41510,31285,40689,10490,19926,464979,280547,68364,33107,104332,67573,13789
2021-06-28T23:59:59+02:00,16158,15789,32571,29872,42792,42177,55325,56535,66691,68202,50675,56196,35668,46201,11027,20979,7153,7079,16334,16288,18997,21237,24579,29687,32698,35925,35628,40034,30500,39761,10486,19917,460712,277527,68342,33058,104307,62221,13497
2021-06-27T23:59:59+02:00,16137,15769,32419,29788,42730,42150,55289,56526,66665,68194,50671,56192,35665,46200,11027,20978,7110,7053,16198,16223,18833,21176,24378,29614,32470,35787,34381,38769,28879,37844,10485,19916,460398,277359,68340,33018,104301,55378,13361
2021-06-26T23:59:59+02:00,16114,15749,32394,29772,42687,42111,55266,56512,66659,68191,50669,56191,35663,46199,11027,20978,7106,7041,16179,16211,18818,21168,24345,29592,32449,35766,34368,38757,28877,37841,10485,19916,460183,277168,68338,33018,104301,55373,13360
2021-06-25T23:59:59+02:00,16057,15705,32282,29674,42498,41955,55210,56468,66620,68167,50659,56180,35659,46198,11027,20978,6922,6765,15900,15709,18554,20522,23981,28662,32066,35049,34207,38543,28854,37811,10485,19916,459378,274523,68336,33009,104284,53075,13339
2021-06-24T23:59:59+02:00,15792,15500,31849,29393,41045,40723,54759,56118,66398,68016,50607,56125,35644,46172,11022,20969,6629,6546,15231,15275,17141,19539,21957,27140,30984,34162,33809,38124,28734,37635,10473,19902,454878,265022,68336,32967,104280,52654,12638
2021-06-23T23:59:59+02:00,15505,15202,31361,29007,38992,38943,54225,55587,66150,67800,50520,56019,35604,46126,11017,20956,6431,6384,14876,15007,16620,19096,21095,26354,29318,32832,33076,37305,28544,37395,10466,19887,447980,257395,68289,32879,104277,51944,12468
2021-06-22T23:59:59+02:00,15114,14787,30697,28382,35604,35951,53326,54794,65851,67500,50414,55899,35567,46070,11014,20942,6256,6174,14486,14685,15833,18388,19693,25059,27729,31186,32289,36344,28022,36800,10448,19856,437211,247394,68259,32799,104272,50885,12170
2021-06-21T23:59:59+02:00,14863,14612,30047,27942,33465,34011,52872,54382,65678,67386,50334,55826,35542,46049,11009,20937,6163,6095,14328,14571,15663,18255,19575,24949,27623,31102,32139,36208,26827,35582,10448,19854,430544,246737,68237,32753,104240,47958,11934
2021-06-20T23:59:59+02:00,14743,14534,28365,26779,32933,33627,52791,54299,65618,67356,50316,55802,35534,46047,11008,20935,5763,5839,13474,14002,14933,17749,19103,24670,27351,30933,31998,36057,26801,35551,10446,19850,426794,242453,68235,32727,104210,47892,11448
2021-06-19T23:59:59+02:00,14712,14496,28250,26699,32903,33600,52770,54283,65602,67345,50310,55793,35532,46042,11007,20933,5556,5685,12930,13600,14341,17285,18788,24473,27160,30765,31922,35959,26784,35537,10446,19850,426390,239024,68234,32725,104210,47889,11443
2021-06-18T23:59:59+02:00,14628,14406,28152,26634,31705,32720,52415,53982,65473,67255,50280,55760,35515,46018,11003,20929,5492,5612,12834,13517,14180,17165,18553,24248,26343,30107,31720,35724,26718,35463,10442,19843,425912,236103,65370,32627,104200,47838,11393
2021-06-17T23:59:59+02:00,14261,14133,27615,26409,31254,32471,51658,53427,65071,66992,50204,55662,35485,45978,10997,20917,5128,5354,12100,13065,13431,16570,17490,23337,24219,28162,31086,34998,26525,35189,10425,19829,422784,227183,65363,32349,104175,47164,10212
2021-06-16T23:59:59+02:00,13822,13714,27155,26058,30820,32119,50859,52741,64629,66611,50093,55545,35456,45921,10987,20905,4767,4917,11382,12393,12648,15887,16399,22224,21263,25310,30026,33800,26229,34786,10410,19788,418029,213216,65321,32321,104169,46776,9916
2021-06-15T23:59:59+02:00,13137,13055,26406,25487,30047,31530,49616,51685,63923,66090,49916,55353,35387,45809,10978,20886,4273,4291,10421,11464,11505,14526,14681,20536,17851,22024,28663,32369,25845,34268,10384,19745,410391,194724,65302,32208,104165,46467,9447
2021-06-14T23:59:59+02:00,12707,12666,26003,25163,29390,31072,47827,50219,62876,65259,49700,55129,35310,45733,10970,20874,4175,4238,10247,11339,11366,14396,14505,20417,17662,21868,28593,32290,25826,34240,10381,19744,402565,194305,65293,31936,104161,46167,8879
2021-06-13T23:59:59+02:00,12665,12621,25930,25132,29327,31045,47774,50194,62841,65236,49693,55126,35308,45730,10969,20871,4025,4161,9921,11213,11044,14287,14212,20309,17279,21527,27098,30671,25687,34046,10377,19733,402366,193576,65221,27330,104154,45963,8721
2021-06-12T23:59:59+02:00,12648,12604,25916,25122,29316,31033,47715,50125,62799,65200,49692,55123,35308,45730,10969,20871,4023,4151,9905,11199,11036,14273,14193,20292,17259,21518,27057,30626,25682,34040,10377,19733,402076,193392,65221,27329,104153,45922,8721
2021-06-11T23:59:59+02:00,12549,12472,25791,25009,29197,30911,47483,49902,62667,65081,49668,55097,35298,45719,10967,20869,3932,3885,9389,10017,10607,13368,13904,19740,16986,21043,26654,30207,25593,33959,10374,19731,400823,192357,65213,27326,104113,41175,8531
2021-06-10T23:59:59+02:00,12305,12263,25479,24730,28861,30649,46429,48897,61943,64521,49586,55003,35265,45667,10958,20856,3671,3523,8624,8781,9714,11733,12611,17010,15216,17479,24950,28292,25298,33661,10369,19707,396047,186908,65162,26889,103908,28547,8295
2021-06-09T23:59:59+02:00,12003,11936,25075,24324,28476,30259,44437,47087,60863,63585,49486,54884,35220,45615,10953,20839,3427,3406,8214,8530,9208,11416,12107,16626,14521,16893,21138,24008,25074,33361,10358,19682,388142,175457,65041,26548,103907,28012,7952
2021-06-08T23:59:59+02:00,11573,11409,24423,23706,27821,29602,41294,44264,59110,61964,49317,54699,35148,45526,10943,20818,3218,3270,7817,8274,8598,11044,11451,16212,13870,16253,15798,18100,24684,32837,10340,19655,375621,160374,64979,26194,103897,27733,7120
2021-06-07T23:59:59+02:00,11408,11216,24074,23432,27546,29398,38669,42342,58682,61604,49283,54668,35135,45505,10941,20812,3124,3203,7513,8099,8283,10870,10883,15766,13372,15778,15722,18023,24656,32787,10338,19648,369995,160064,64553,24384,103888,27338,6279
2021-06-06T23:59:59+02:00,11278,11111,23759,23206,27339,29228,37081,41160,58558,61525,49258,54640,35127,45491,10941,20810,3024,3154,7246,8011,8016,10709,10151,15091,12783,15162,15573,17912,24642,32764,10336,19648,369589,159950,61203,21248,103879,27183,5841
2021-06-05T23:59:59+02:00,11260,11093,23718,23170,27304,29203,37054,41145,58460,61440,49247,54634,35125,45489,10941,20807,3012,3143,7223,7980,7987,10693,10121,15076,12744,15138,15452,17748,24637,32756,10335,19647,369261,159525,61201,21247,103878,27170,5750
2021-06-04T23:59:59+02:00,11077,10834,23357,22708,27034,28808,36629,40699,57842,60903,49212,54593,35115,45471,10940,20801,2988,3127,7194,7963,7966,10675,10093,15051,12710,15104,15243,17543,24626,32735,10333,19646,367460,158946,58955,21234,103864,27073,5744
2021-06-03T23:59:59+02:00,10860,10620,22902,22318,26611,28474,35550,39876,55104,58570,49087,54440,35073,45408,10935,20786,2898,3047,6989,7817,7515,10387,9077,14431,11486,14412,14070,16091,24450,32519,10321,19627,363591,155642,54045,17561,103813,26769,5165
2021-06-02T23:59:59+02:00,10825,10588,22866,22284,26579,28450,35519,39835,54978,58413,49073,54418,35067,45401,10935,20785,2858,3018,6934,7799,7458,10353,8924,14392,11266,14351,12727,14623,24331,32347,10316,19620,363009,151859,54039,17550,103813,26753,5155
2021-06-01T23:59:59+02:00,10406,10242,22216,21778,25900,27875,34801,39267,51996,55289,48689,54019,34950,45243,10919,20759,2402,2660,5590,7120,6194,9781,7538,13727,10140,13398,8429,9087,23859,31669,10292,19562,352354,133753,53869,17184,103794,26179,4332
2021-05-31T23:59:59+02:00,10132,10011,21647,21383,25496,27626,34480,39065,50550,53897,48590,53895,34917,45202,10912,20751,2293,2537,5306,6875,5934,9562,7174,13487,9884,13239,8378,9025,23833,31623,10284,19549,347643,132988,53830,17065,103771,25620,3310
2021-05-30T23:59:59+02:00,10077,9963,21561,21346,25431,27592,34369,38994,50189,53559,48566,53870,34911,45196,10910,20748,2258,2507,5201,6796,5832,9496,6985,13399,9660,13145,8336,8980,23817,31616,10283,19544,346464,132399,53812,16892,103762,25320,3244
2021-05-29T23:59:59+02:00,10061,9952,21528,21329,25415,27580,34348,38981,50177,53541,48562,53866,34908,45195,10910,20748,2238,2454,5158,6671,5771,9365,6869,13202,9523,12925,8263,8891,23751,31549,10282,19543,346313,132126,53812,16841,103741,24253,3235
2021-05-28T23:59:59+02:00,10004,9884,21452,21220,25340,27464,34272,38881,50099,53443,48541,53848,34900,45185,10910,20744,2155,2193,4541,6132,5153,8643,6499,12239,9030,11933,8089,8699,23384,31068,10281,19540,345472,130641,53801,16743,103686,18967,3228
2021-05-27T23:59:59+02:00,9740,9637,20925,20844,24804,27108,33751,38505,49488,52842,48372,53658,34830,45111,10907,20725,1914,1927,3963,5612,4481,8043,5992,11476,8096,10625,7588,8042,21830,28917,10266,19518,341228,125011,53390,15615,103578,14613,3051
2021-05-26T23:59:59+02:00,9468,9399,20206,20284,23942,26442,32498,37479,48731,52144,48119,53369,34755,44997,10896,20701,1859,1856,3872,5486,4348,7882,5786,11216,7773,10247,7028,7317,19412,25505,10246,19475,336568,116578,50421,15361,103526,14454,2915
2021-05-25T23:59:59+02:00,9202,9167,19796,19928,23507,26052,31993,36973,47844,51175,47829,53060,34675,44857,10884,20673,1793,1808,3749,5388,4214,7735,5579,10994,7466,9932,6410,6484,15328,20179,10226,19417,331052,104504,50340,15317,103453,14111,2770
2021-05-24T23:59:59+02:00,8992,9016,19235,19642,22737,25666,30490,35962,47623,51004,47737,52959,34646,44828,10882,20672,1768,1793,3704,5354,4152,7694,5514,10934,7390,9877,6385,6460,15314,20171,10226,19417,329493,104390,46561,15305,103399,13820,2638
2021-05-23T23:59:59+02:00,8784,8810,18879,19353,22317,25318,30068,35643,47036,50495,47307,52504,34544,44682,10874,20663,1766,1792,3696,5349,4148,7690,5505,10926,7382,9871,6381,6449,15314,20169,10226,19417,324683,104341,46560,15303,103398,13801,2636
2021-05-22T23:59:59+02:00,8753,8773,18830,19310,22271,25287,30017,35613,46927,50425,47288,52482,34541,44673,10871,20663,1765,1789,3684,5337,4144,7684,5501,10920,7375,9867,6379,6447,15312,20169,10226,19417,324144,104309,46560,15303,103397,13781,2623
2021-05-21T23:59:59+02:00,8480,8420,18390,18797,21915,24649,29592,34805,46439,49761,47200,52359,34503,44630,10868,20658,1702,1748,3605,5298,4103,7650,5469,10876,7335,9819,6351,6421,15234,20073,10225,19416,318961,103996,46531,15303,103373,13425,2601
2021-05-20T23:59:59+02:00,7907,7871,17440,18007,20914,23734,28277,33607,44698,47944,46762,51901,34395,44477,10850,20639,1403,1590,3297,5009,3838,7263,5176,10400,6957,9368,6121,6169,13934,18545,10202,19377,307383,100280,46447,14825,103147,11098,2446
2021-05-19T23:59:59+02:00,7643,7556,16836,17408,20020,22866,27054,32358,42911,45863,46231,51349,34245,44258,10829,20608,1339,1509,3093,4794,3635,7012,4955,10048,6665,9039,5849,5844,11742,15717,10185,19315,296298,94105,46407,14358,103102,10050,2228
2021-05-18T23:59:59+02:00,7116,7012,15688,16389,18758,21619,25550,30736,40230,42642,45404,50407,34006,43954,10804,20566,1318,1484,3034,4724,3559,6894,4821,9918,6487,8827,5585,5571,10055,13555,10162,19260,280543,89006,45205,14308,103009,9816,2124
2021-05-17T23:59:59+02:00,7037,6952,15504,16278,18543,21450,25151,30411,38479,41006,45294,50329,33958,43888,10794,20545,1285,1462,2980,4680,3496,6835,4753,9816,6392,8727,5544,5531,10042,13538,10159,19252,280329,88943,40438,14027,102966,9636,1886
2021-05-16T23:59:59+02:00,6923,6899,15385,16190,18414,21345,24974,30298,35499,38238,45258,50294,33936,43864,10791,20540,1261,1446,2937,4640,3448,6778,4668,9749,6296,8647,5514,5494,10031,13522,10157,19249,280051,88896,34299,13760,102847,9530,1651
2021-05-15T23:59:59+02:00,6900,6869,15324,16133,18368,21305,24907,30255,35463,38198,45235,50267,33929,43859,10791,20540,1250,1420,2905,4567,3429,6709,4649,9668,6274,8597,5509,5489,10027,13521,10157,19249,279572,88842,34299,13756,102833,9183,1639
2021-05-14T23:59:59+02:00,6725,6501,14978,15637,18055,20889,24574,29796,35217,37847,45206,50236,33919,43854,10791,20538,1189,1359,2828,4466,3382,6607,4584,9514,6186,8463,5479,5445,10014,13512,10157,19248,278523,88762,34150,13718,100516,8379,1574
2021-05-13T23:59:59+02:00,6375,6186,14224,15054,17352,20262,23720,29056,34450,37178,44918,49893,33839,43729,10787,20527,1014,1274,2633,4357,3264,6487,4444,9348,6065,8321,5436,5407,9999,13496,10153,19243,272130,88618,33829,13636,100303,7399,1288
2021-05-12T23:59:59+02:00,5977,5914,13245,14378,16334,19461,23056,28622,34145,36898,44735,49699,33808,43698,10784,20524,1012,1272,2627,4352,3246,6483,4439,9338,6058,8317,5431,5402,9997,13491,10152,19242,265884,88563,33820,13627,100299,7394,1275
2021-05-11T23:59:59+02:00,5604,5688,12665,13934,14538,18023,20108,26104,31831,34577,43684,48439,33485,43225,10756,20475,953,1198,2512,4182,3140,6261,4322,9058,5943,8096,5359,5324,9955,13431,10144,19225,248632,88101,33544,13413,99863,6492,1097
2021-05-10T23:59:59+02:00,5458,5591,12395,13810,14189,17802,19307,25533,30453,33558,43152,47830,33428,43138,10748,20455,912,1139,2413,4021,3046,6058,4200,8797,5822,7900,5324,5295,9943,13415,10140,19216,243166,87998,33334,13353,99561,5504,786
2021-05-09T23:59:59+02:00,5052,5349,11201,13280,13188,17439,18286,25204,29911,33267,43096,47758,33403,43123,10745,20449,889,1109,2314,3919,2956,5920,4068,8625,5728,7795,5316,5282,9936,13412,10135,19214,237838,87963,33263,13311,99222,4916,428
2021-05-08T23:59:59+02:00,5041,5340,11182,13260,13168,17425,18259,25171,29871,33225,43088,47747,33402,43119,10745,20449,885,1103,2301,3912,2950,5920,4064,8619,5725,7792,5313,5279,9933,13407,10135,19214,237586,87936,33262,13311,99221,4882,423
2021-05-07T23:59:59+02:00,4942,5257,10954,13093,12876,17209,17655,24572,28922,32330,42896,47507,33346,43047,10741,20443,858,1072,2266,3858,2904,5874,4009,8564,5641,7738,5266,5233,9921,13398,10135,19213,235096,87804,31374,13307,99114,4633,206
2021-05-06T23:59:59+02:00,4529,4978,10287,12676,12117,16547,16052,23130,26378,29940,42193,46760,33180,42811,10725,20420,802,1017,2130,3608,2737,5568,3815,8091,5446,7418,5215,5180,9898,13370,10133,19204,226340,87623,28027,12994,98311,2970,45
2021-05-05T23:59:59+02:00,4216,4752,9695,12234,11401,15971,14955,22108,23537,27192,41218,45657,32901,42424,10707,20378,788,995,2067,3483,2680,5413,3722,7881,5349,7282,5166,5125,9863,13334,10131,19201,213375,87364,27844,12856,98090,2223,37
2021-05-04T23:59:59+02:00,3873,4295,9025,11540,10630,15135,13651,20858,19934,23788,39873,44199,32528,41905,10684,20339,770,965,2001,3366,2610,5280,3632,7730,5254,7160,5128,5079,9834,13305,10129,19198,196334,87152,27826,12560,98066,1698,31
2021-05-03T23:59:59+02:00,3631,3872,8617,11046,10154,14510,13117,20202,19216,23145,39608,43948,32449,41801,10681,20324,756,936,1934,3261,2554,5173,3572,7616,5204,7073,5113,5068,9819,13288,10126,19193,190484,87012,27814,12552,98004,1103,19
2021-05-02T23:59:59+02:00,3628,3870,8599,11039,10145,14503,13095,20190,19199,23136,39607,43947,32448,41800,10680,20324,752,919,1905,3180,2508,5078,3525,7491,5184,7008,5109,5065,9818,13284,10126,19191,190396,86995,27802,12523,97997,610,15
2021-05-01T23:59:59+02:00,3626,3863,8587,11025,10137,14494,13088,20188,19188,23127,39607,43945,32448,41800,10680,20324,751,919,1904,3180,2508,5078,3525,7491,5184,7008,5109,5065,9818,13284,10125,19191,190314,86994,27802,12522,97997,610,14
2021-04-30T23:59:59+02:00,3603,3839,8541,10990,10094,14454,13026,20149,19085,22976,39341,43622,32427,41779,10679,20324,748,915,1891,3173,2507,5069,3522,7484,5182,7001,5106,5062,9814,13283,10125,19191,189390,86970,27533,12519,97992,570,14
2021-04-29T23:59:59+02:00,3340,3668,8111,10722,9547,14170,12537,19789,18354,22255,36280,40168,32166,41411,10667,20285,735,901,1843,3111,2459,5003,3457,7343,5090,6902,5069,5029,9793,13243,10123,19185,183872,86774,21696,12362,97889,137,13
2021-04-28T23:59:59+02:00,3180,3601,7850,10611,9146,13996,12163,19552,17870,21820,32488,35851,31947,41110,10655,20264,718,884,1817,3073,2414,4954,3420,7286,5026,6840,5008,4972,9741,13186,10120,19176,172709,86569,21545,11935,97842,123,8
2021-04-27T23:59:59+02:00,3098,3536,7592,10480,8796,13821,11679,19329,17392,21330,26938,29674,31570,40603,10634,20232,708,870,1786,3036,2380,4909,3367,7229,4970,6764,4957,4904,9706,13135,10117,19167,157397,86365,21523,11512,97776,120,8
2021-04-26T23:59:59+02:00,3045,3503,7452,10416,8631,13762,11449,19261,16871,20944,26905,29642,31556,40588,10634,20232,686,839,1718,2976,2314,4853,3301,7140,4876,6663,4860,4829,9624,13053,10115,19164,156823,86241,21305,10642,96755,120,8
2021-04-25T23:59:59+02:00,3009,3486,7291,10365,8395,13712,11120,19217,16111,20493,25379,28009,31501,40525,10634,20229,686,837,1712,2972,2307,4850,3296,7132,4872,6654,4857,4824,9616,13041,10115,19164,156342,86218,21295,10605,91831,104,8
2021-04-24T23:59:59+02:00,3005,3480,7275,10352,8384,13704,11106,19208,16094,20475,25336,27946,31498,40519,10633,20228,686,837,1712,2971,2307,4850,3295,7132,4872,6654,4857,4823,9614,13040,10115,19164,156141,86212,21291,10605,91803,104,8
2021-04-23T23:59:59+02:00,2987,3464,7236,10312,8340,13659,11041,19148,16034,20411,24914,27443,31465,40464,10630,20225,678,830,1694,2962,2291,4821,3243,7095,4774,6557,4719,4700,9446,12843,10109,19149,154962,85925,21152,9874,91651,104,8
2021-04-22T23:59:59+02:00,2909,3382,7046,10129,7798,13254,9834,18357,14483,19371,22909,25022,31253,40195,10611,20197,613,778,1579,2849,2167,4658,3082,6925,4591,6357,4567,4528,8936,12191,10073,19070,150187,84024,15859,8848,90696,84,8
2021-04-21T23:59:59+02:00,2856,3335,6924,10041,7590,13102,9469,18118,14016,18924,20406,21892,30954,39807,10592,20172,564,755,1502,2772,2082,4568,2956,6782,4432,6193,4382,4349,8367,11432,10030,18981,143191,82241,15095,7821,89904,77,8
2021-04-20T23:59:59+02:00,2817,3296,6818,9952,7455,12992,9218,17901,13526,18533,17022,17841,30640,39332,10575,20136,534,721,1429,2709,1995,4490,2856,6665,4297,6032,4198,4155,7512,10230,9962,18829,134351,79346,14850,7188,88845,72,8
2021-04-19T23:59:59+02:00,2804,3289,6772,9912,7403,12957,9143,17825,13389,18418,16693,17461,30607,39299,10574,20132,475,681,1314,2616,1900,4397,2730,6512,4106,5844,3946,3856,5689,7818,9748,18433,134036,73556,14655,6434,87979,67,8
2021-04-18T23:59:59+02:00,2788,3276,6696,9886,7297,12910,8949,17758,12561,18292,15292,16064,30539,39237,10571,20125,470,676,1305,2608,1885,4387,2697,6483,4046,5795,3871,3786,5279,7195,9703,18350,133820,72076,14513,6389,83900,63,8
2021-04-17T23:59:59+02:00,2778,3272,6679,9863,7266,12888,8917,17719,12529,18272,15239,16016,30486,39165,10570,20125,470,674,1305,2607,1884,4383,2693,6478,4043,5791,3870,3784,5274,7194,9702,18349,133465,72041,14512,6389,83799,63,8
2021-04-16T23:59:59+02:00,2765,3258,6646,9848,7215,12849,8843,17666,12421,18170,14995,15742,29968,38519,10567,20117,470,672,1299,2602,1875,4381,2688,6472,4036,5784,3865,3778,5257,7164,9702,18347,131950,71946,14505,6378,83126,60,8
2021-04-15T23:59:59+02:00,2714,3201,6513,9748,7027,12671,8502,17394,11949,17706,13945,14529,27855,35713,10549,20094,461,666,1294,2577,1859,4358,2665,6444,3995,5731,3808,3703,5225,7113,9694,18335,126044,71631,14229,6241,79830,49,7
2021-04-14T23:59:59+02:00,2657,3150,6419,9653,6885,12510,8231,17127,11521,17246,12769,13147,23145,29641,10530,20040,458,661,1281,2568,1847,4341,2643,6420,3952,5694,3762,3653,5166,7059,9666,18298,113679,71345,14197,6090,76788,27,7
2021-04-13T23:59:59+02:00,2605,3116,6292,9568,6734,12380,7954,16879,11100,16829,10112,10226,20087,25491,10507,19998,442,636,1233,2525,1794,4281,2536,6318,3772,5533,3549,3467,5019,6923,9657,18276,105306,71006,14003,4926,70562,22,7
2021-04-12T23:59:59+02:00,2584,3102,6234,9540,6628,12293,7764,16751,10854,16626,8751,8741,19266,24520,10506,19989,436,627,1214,2510,1778,4260,2504,6277,3720,5481,3486,3418,4984,6882,9652,18254,105187,70871,13950,4588,65005,17,7
2021-04-11T23:59:59+02:00,2556,3094,6138,9513,6513,12256,7599,16701,10654,16521,7482,7465,17540,22546,10504,19986,436,627,1213,2508,1778,4260,2503,6277,3718,5477,3482,3417,4978,6880,9652,18254,105119,70860,13944,4578,57998,15,7
2021-04-10T23:59:59+02:00,2555,3092,6128,9508,6504,12251,7594,16696,10647,16513,7474,7453,17531,22540,10504,19986,435,624,1211,2505,1777,4258,2501,6274,3715,5476,3473,3403,4970,6866,9652,18254,105038,70802,13943,4571,57989,15,6
2021-04-09T23:59:59+02:00,2493,2994,5994,9299,6348,11989,7336,16288,10335,16014,7318,7249,17414,22360,10503,19984,430,619,1193,2493,1751,4243,2471,6225,3637,5396,3359,3293,4831,6777,9647,18251,104569,70722,13913,3875,55430,13,6
2021-04-08T23:59:59+02:00,2414,2922,5897,9179,6245,11861,7165,16102,10081,15826,7124,6991,16153,20897,10492,19955,423,615,1181,2463,1726,4208,2444,6158,3585,5332,3287,3248,4752,6672,9625,18206,100919,70294,13558,3613,54821,12,6
2021-04-07T23:59:59+02:00,2387,2886,5824,9108,6159,11789,7032,16003,9839,15675,6829,6664,13837,17946,10471,19906,418,614,1171,2450,1713,4185,2430,6122,3519,5275,3216,3196,4697,6611,9617,18179,94763,70025,13397,3371,54189,11,6
2021-04-06T23:59:59+02:00,2371,2854,5729,9043,6069,11711,6879,15891,9600,15493,6472,6302,11748,15346,10445,19847,415,608,1164,2425,1701,4162,2404,6084,3454,5210,3132,3146,4653,6556,9612,18162,89755,69783,13097,3090,52943,10,5
2021-04-05T23:59:59+02:00,2363,2845,5711,9026,6058,11692,6866,15872,9580,15468,6348,6204,10470,14060,10445,19846,411,600,1160,2410,1695,4146,2388,6054,3421,5169,3102,3109,4633,6511,9606,18146,89678,69595,13061,2953,50111,9,4
2021-04-04T23:59:59+02:00,2363,2845,5709,9023,6056,11692,6864,15872,9578,15468,6343,6200,10470,14058,10445,19846,411,599,1160,2409,1695,4146,2387,6054,3421,5169,3102,3109,4631,6511,9606,18146,89669,69591,13061,2952,50098,9,4
2021-04-03T23:59:59+02:00,2361,2837,5701,9016,6051,11688,6861,15869,9575,15466,6340,6195,10464,14055,10445,19846,411,599,1160,2409,1695,4146,2387,6054,3421,5168,3102,3109,4631,6511,9606,18146,89613,69590,13060,2952,50093,9,4
2021-04-02T23:59:59+02:00,2360,2835,5695,9011,6049,11685,6857,15868,9571,15464,6336,6189,10450,14026,10444,19845,409,597,1159,2409,1694,4145,2386,6054,3420,5161,3076,3092,4621,6502,9606,18146,89532,69513,13057,2951,50092,9,4
2021-04-01T23:59:59+02:00,2339,2832,5666,8981,6007,11643,6814,15814,9515,15408,6243,6091,10154,13680,10421,19797,407,583,1157,2403,1687,4134,2370,6038,3394,5140,3016,3047,4562,6431,9531,18033,88544,68972,13035,2948,49822,9,4
2021-03-31T23:59:59+02:00,2304,2804,5591,8916,5939,11550,6712,15702,9383,15273,6098,5949,9603,12939,10377,19707,402,577,1151,2392,1680,4118,2364,6026,3375,5106,2984,3014,4515,6372,9474,17932,86567,68524,12821,2946,49456,9,3
2021-03-30T23:59:59+02:00,2284,2788,5545,8858,5877,11475,6641,15605,9286,15131,5912,5735,8697,11600,10302,19523,400,575,1148,2388,1667,4101,2346,6004,3342,5062,2927,2946,4427,6273,9344,17694,83495,67825,12440,2807,49321,9,3
2021-03-29T23:59:59+02:00,2216,2734,5442,8747,5770,11326,6474,15376,9056,14877,5555,5363,6753,9068,10082,19102,393,571,1137,2380,1654,4089,2321,5978,3313,5006,2859,2881,4311,6170,9143,17363,77415,66885,11628,2672,48895,9,3
2021-03-28T23:59:59+02:00,2195,2721,5399,8687,5694,11249,6387,15290,8938,14757,5431,5211,6113,8138,10016,18986,384,565,1123,2364,1629,4062,2274,5917,3257,4914,2774,2802,4194,6023,9071,17226,75122,66424,11370,2146,48717,6,3
2021-03-27T23:59:59+01:00,2195,2716,5388,8681,5689,11234,6372,15269,8927,14744,5403,5184,6103,8134,10016,18985,384,565,1121,2363,1628,4057,2270,5914,3248,4907,2769,2799,4179,5998,8991,17078,75015,66117,11370,2145,48652,6,3
2021-03-26T23:59:59+01:00,2179,2696,5351,8643,5651,11185,6293,15199,8778,14593,5240,5035,5933,7955,10014,18977,380,557,1115,2350,1612,4029,2242,5878,3214,4854,2708,2736,3994,5742,8284,15901,74671,63480,10535,2107,48513,6,3
2021-03-25T23:59:59+01:00,2062,2615,5175,8429,5450,10909,6088,14901,8539,14305,5079,4881,5837,7836,10011,18969,372,544,1094,2325,1588,4001,2197,5821,3142,4779,2610,2634,3622,5249,7148,14160,74217,59389,9589,1889,47277,5,3
2021-03-24T23:59:59+01:00,1976,2567,5027,8269,5290,10716,5926,14663,8337,14073,4939,4723,5722,7719,10005,18959,368,533,1081,2297,1555,3946,2138,5756,3055,4678,2477,2523,3199,4632,5743,11936,73843,54365,8427,1544,46638,5,3
2021-03-23T23:59:59+01:00,1900,2515,4917,8147,5191,10574,5805,14470,8222,13906,4857,4637,5656,7659,9997,18941,357,509,1061,2262,1522,3888,2094,5668,2974,4587,2387,2429,2748,3998,3851,8715,73450,47648,7681,1396,46260,3,3
2021-03-22T23:59:59+01:00,1836,2456,4783,8013,5058,10400,5647,14237,8030,13693,4754,4525,5586,7549,9983,18897,330,492,1033,2225,1477,3816,2030,5559,2874,4436,2273,2278,2233,3321,1345,4597,72957,39152,6643,1162,45844,2,3
2021-03-21T23:59:59+01:00,1835,2450,4772,7998,5044,10390,5632,14220,8001,13669,4731,4510,5569,7537,9979,18897,329,492,1027,2211,1468,3787,2012,5521,2848,4386,2232,2230,2192,3280,1328,4552,72934,39012,6592,879,45706,2,2
2021-03-20T23:59:59+01:00,1835,2450,4771,7997,5043,10388,5631,14220,7994,13663,4730,4509,5561,7529,9979,18897,329,492,1027,2211,1468,3787,2012,5521,2847,4385,2231,2227,2192,3280,1328,4552,72924,39010,6592,875,45679,2,2
2021-03-19T23:59:59+01:00,1783,2201,4258,6704,4636,9407,5362,13665,7770,13260,4607,4412,5492,7463,9979,18897,328,492,1027,2211,1468,3786,2012,5520,2846,4385,2229,2226,2187,3274,1327,4550,72867,38995,6581,869,40446,2,2
2021-03-18T23:59:59+01:00,1728,1949,3842,5643,4106,8028,4545,11131,6417,9930,4243,4114,5289,7243,9958,18857,327,489,1020,2198,1461,3761,1987,5481,2821,4361,2208,2210,2162,3245,1322,4541,72436,38804,6517,786,28068,2,2
2021-03-17T23:59:59+01:00,1722,1941,3832,5617,4089,7997,4521,11067,6367,9858,4206,4067,5250,7197,9952,18833,324,488,1016,2190,1455,3752,1980,5466,2811,4335,2181,2182,2141,3230,1315,4526,72176,38651,6458,737,27880,2,2
2021-03-16T23:59:59+01:00,1700,1907,3774,5536,4018,7891,4392,10905,6161,9658,3983,3878,5108,7039,9946,18811,322,484,1015,2171,1450,3739,1971,5452,2802,4316,2173,2168,2128,3202,1307,4497,71866,38485,5180,708,27659,2,2
2021-03-15T23:59:59+01:00,1690,1887,3749,5502,3993,7854,4341,10836,6083,9574,3899,3811,5055,6979,9939,18786,319,480,1006,2154,1442,3734,1955,5416,2784,4288,2158,2136,2103,3141,1299,4459,71642,38268,4821,604,27515,2,0
2021-03-14T23:59:59+01:00,1684,1877,3741,5492,3988,7838,4332,10805,6075,9552,3892,3802,5050,6971,9938,18784,318,480,1004,2154,1438,3731,1952,5414,2767,4282,2152,2134,2092,3131,1295,4457,71610,38261,4805,539,27406,1,0
2021-03-13T23:59:59+01:00,1681,1872,3728,5470,3980,7830,4313,10795,6061,9538,3889,3799,5047,6968,9938,18784,318,480,1004,2154,1438,3731,1952,5413,2767,4281,2151,2133,2092,3129,1287,4452,71588,38242,4800,539,27305,1,0
2021-03-12T23:59:59+01:00,1641,1816,3212,5324,3465,7716,4179,10669,5836,9247,3722,3653,4905,6859,9913,18736,313,458,1000,2124,1430,3707,1933,5343,2714,4196,1974,1979,2032,3079,1280,4446,71377,37477,4076,531,25440,0,0
2021-03-11T23:59:59+01:00,1533,1680,2831,5063,3028,7462,3899,10256,5210,8359,3498,3477,4799,6742,9875,18686,312,458,997,2111,1427,3687,1926,5324,2705,4179,1968,1971,2018,3062,1275,4428,70814,37356,3814,492,21770,0,0
2021-03-10T23:59:59+01:00,1503,1649,2792,5017,2993,7403,3844,10170,5101,8242,3372,3373,4684,6627,9831,18620,310,457,995,2108,1425,3676,1922,5311,2694,4159,1951,1964,1992,3030,1264,4414,70407,37275,3483,397,21331,0,0
2021-03-09T23:59:59+01:00,1495,1633,2761,4992,2972,7359,3806,10110,5022,8162,3274,3290,4604,6538,9724,18409,307,456,992,2102,1418,3664,1896,5289,2652,4129,1908,1939,1942,3002,1252,4404,69813,37247,3215,105,21123,0,0
2021-03-08T23:59:59+01:00,1480,1620,2731,4968,2946,7329,3783,10062,4998,8100,3234,3250,4532,6475,9548,18107,307,456,990,2098,1410,3648,1879,5256,2633,4102,1892,1922,1916,2980,1246,4385,69026,37106,3206,14,20931,0,0
2021-03-07T23:59:59+01:00,1467,1610,2702,4923,2912,7281,3750,10000,4957,8041,3199,3217,4467,6374,9472,17963,307,455,990,2097,1409,3643,1876,5246,2632,4097,1888,1919,1912,2976,1243,4378,68493,37056,3153,12,20689,0,0
2021-03-06T23:59:59+01:00,1466,1608,2696,4912,2909,7272,3742,9993,4939,8025,3189,3207,4445,6335,9384,17793,307,455,988,2094,1409,3641,1870,5237,2630,4095,1883,1911,1906,2974,1243,4375,68103,37006,3153,12,20659,0,0
2021-03-05T23:59:59+01:00,1393,1530,2598,4750,2852,7115,3657,9786,4838,7829,3139,3148,4227,6048,8677,16600,307,455,986,2092,1404,3636,1868,5236,2626,4089,1874,1907,1901,2971,1238,4372,65450,36950,3150,12,19587,0,0
2021-03-04T23:59:59+01:00,1220,1427,2428,4547,2681,6846,3489,9441,4580,7489,3023,3025,3865,5590,7509,14777,306,447,977,2069,1388,3596,1840,5184,2598,4043,1846,1882,1868,2916,1211,4326,61243,36485,3147,12,17547,0,0
2021-03-03T23:59:59+01:00,1187,1374,2350,4440,2621,6728,3402,9279,4484,7346,2938,2956,3492,4992,6119,12586,302,438,966,2047,1376,3569,1826,5134,2544,3989,1799,1847,1844,2887,1196,4298,56190,36050,3121,12,16983,0,0
2021-03-02T23:59:59+01:00,1153,1338,2290,4384,2570,6637,3322,9158,4349,7197,2823,2830,3008,4325,4118,9219,297,429,961,2022,1364,3528,1813,5084,2512,3964,1789,1833,1825,2861,1185,4271,49144,35726,2872,12,16705,0,0
2021-03-01T23:59:59+01:00,1094,1308,2230,4322,2498,6551,3229,9032,4207,7009,2691,2693,2442,3586,1402,4757,296,426,954,2010,1353,3509,1805,5068,2501,3948,1773,1823,1808,2842,1173,4243,40095,35520,2486,12,16470,0,0
2021-02-28T23:59:59+01:00,1060,1294,2188,4285,2468,6508,3181,8975,4145,6950,2624,2646,2393,3555,1394,4737,296,425,952,2005,1351,3496,1802,5054,2495,3940,1766,1812,1795,2831,1165,4228,39997,35401,2194,12,16212,0,0
2021-02-27T23:59:59+01:00,1017,1212,2123,4041,2410,6274,3117,8677,4054,6695,2569,2589,2373,3531,1391,4737,296,425,951,2005,1351,3496,1802,5053,2494,3940,1766,1811,1793,2831,1165,4228,39891,35395,2193,12,14726,0,0
2021-02-26T23:59:59+01:00,848,958,1921,3650,2247,5608,2900,7756,3744,5903,2520,2536,2355,3516,1388,4735,296,425,951,2002,1349,3494,1800,5052,2492,3939,1766,1808,1787,2830,1163,4221,39876,35363,2105,12,10604,0,0
2021-02-25T23:59:59+01:00,507,801,1641,3451,2064,5304,2704,7364,3518,5601,2439,2460,2315,3455,1384,4721,286,404,925,1953,1320,3425,1770,4971,2463,3875,1741,1781,1748,2787,1136,4181,39681,34755,1850,11,8198,0,0
2021-02-24T23:59:59+01:00,487,783,1606,3355,2002,5174,2644,7181,3452,5458,2374,2413,2279,3426,1375,4687,277,400,911,1921,1306,3371,1757,4912,2439,3830,1730,1763,1739,2768,1124,4154,39492,34399,1681,3,7523,0,0
2021-02-23T23:59:59+01:00,468,747,1545,3253,1947,5034,2566,7050,3366,5353,2314,2354,2242,3370,1360,4656,276,396,906,1906,1300,3342,1748,4881,2418,3799,1710,1743,1719,2733,1109,4101,39345,34084,1409,3,6871,0,0
2021-02-22T23:59:59+01:00,451,716,1490,3154,1908,4896,2508,6832,3305,5209,2306,2257,2227,3291,1356,4611,275,393,902,1895,1292,3315,1731,4845,2404,3769,1691,1724,1693,2704,1094,4055,39134,33781,1145,1,6238,0,0
2021-02-21T23:59:59+01:00,443,678,1432,3012,1861,4746,2456,6673,3223,5105,2270,2224,2200,3271,1346,4606,275,392,899,1887,1291,3306,1728,4835,2400,3760,1689,1721,1692,2702,1094,4054,39095,33724,912,1,5539,0,0
2021-02-20T23:59:59+01:00,439,673,1424,3008,1855,4746,2453,6670,3219,5101,2267,2223,2200,3270,1345,4606,275,392,899,1886,1291,3305,1728,4835,2399,3759,1688,1720,1689,2702,1093,4052,39091,33712,908,1,5500,0,0
2021-02-19T23:59:59+01:00,417,636,1395,2946,1828,4692,2412,6571,3132,4983,2088,2062,2137,3221,1340,4600,273,391,898,1884,1290,3304,1728,4830,2396,3758,1686,1718,1687,2701,1093,4051,38342,33687,889,1,5229,0,0
2021-02-18T23:59:59+01:00,392,580,1290,2703,1723,4448,2274,6309,3030,4801,2059,2045,2121,3204,1335,4592,273,385,890,1851,1281,3265,1710,4782,2377,3722,1674,1708,1671,2689,1081,4033,38268,33391,815,1,3823,0,0
2021-02-17T23:59:59+01:00,377,549,1251,2574,1668,4273,2205,6067,2971,4652,2040,2026,2098,3184,1320,4583,264,368,855,1766,1238,3136,1649,4623,2303,3587,1598,1639,1596,2579,1032,3916,38112,32148,764,1,2962,0,0
2021-02-16T23:59:59+01:00,360,519,1197,2453,1618,4132,2126,5879,2890,4514,2031,2022,2090,3178,1315,4572,256,351,835,1686,1183,3000,1588,4419,2231,3413,1548,1586,1535,2479,1004,3786,38053,30899,734,1,2109,0,0
2021-02-15T23:59:59+01:00,350,497,1124,2309,1573,4059,2094,5826,2862,4473,2012,2006,2069,3148,1308,4552,249,333,812,1641,1152,2926,1532,4286,2160,3297,1473,1522,1480,2370,961,3607,37948,29800,624,1,1690,0,0
2021-02-14T23:59:59+01:00,342,492,1101,2253,1510,3895,2052,5734,2831,4434,2006,2004,2058,3139,1306,4546,242,328,794,1614,1136,2887,1490,4234,2122,3267,1457,1501,1456,2334,944,3565,37931,29370,559,1,1213,0,0
2021-02-13T23:59:59+01:00,342,492,1100,2253,1510,3894,2050,5733,2831,4434,2005,2002,2057,3139,1306,4543,242,328,794,1614,1136,2887,1489,4233,2122,3267,1455,1498,1455,2333,944,3564,37920,29360,559,1,1212,0,0
2021-02-12T23:59:59+01:00,338,489,1083,2244,1505,3880,2045,5724,2828,4428,1991,1992,2051,3126,1301,4540,241,327,788,1609,1130,2878,1472,4214,2103,3254,1442,1482,1440,2301,937,3530,37853,29147,551,1,1161,0,0
2021-02-11T23:59:59+01:00,318,466,1019,2146,1451,3753,1951,5461,2743,4309,1963,1961,2011,3062,1276,4484,221,301,739,1504,1050,2657,1348,3859,1920,2948,1254,1275,1271,2026,831,3175,37471,26379,514,0,389,0,0
2021-02-10T23:59:59+01:00,312,457,996,2106,1413,3674,1897,5299,2648,4127,1894,1911,1967,3024,1258,4458,197,256,646,1317,924,2276,1159,3265,1680,2535,1096,1103,1125,1786,724,2838,37063,22927,377,0,1,0,0
2021-02-09T23:59:59+01:00,306,447,988,2074,1397,3621,1854,5232,2581,4071,1836,1875,1899,2971,1237,4436,164,197,548,1060,777,1833,955,2660,1417,2126,949,944,940,1512,607,2424,36763,19113,61,0,1,0,0
2021-02-08T23:59:59+01:00,305,445,985,2067,1387,3605,1846,5209,2563,4055,1821,1863,1881,2953,1230,4411,113,164,448,850,615,1425,761,2019,1147,1653,767,776,751,1201,487,1976,36608,15153,17,0,1,0,0
2021-02-07T23:59:59+01:00,305,445,984,2066,1386,3598,1843,5206,2556,4052,1815,1854,1865,2946,1225,4405,104,145,398,704,541,1252,682,1804,1050,1506,694,696,676,1083,421,1758,36537,13514,14,0,0,0,0
2021-02-06T23:59:59+01:00,305,445,983,2065,1386,3595,1843,5204,2556,4049,1815,1853,1860,2944,1222,4403,104,144,393,701,536,1228,666,1785,1039,1485,691,692,671,1079,420,1754,36514,13388,14,0,0,0,0
2021-02-05T23:59:59+01:00,305,444,981,2063,1383,3586,1839,5190,2550,4043,1814,1852,1852,2936,1213,4390,100,137,378,683,519,1199,634,1733,991,1422,654,642,625,1005,394,1663,36427,12779,14,0,0,0,0
2021-02-04T23:59:59+01:00,298,427,969,2031,1364,3533,1820,5113,2534,3995,1798,1832,1826,2901,1196,4359,75,106,279,461,358,808,450,1171,682,964,506,468,486,795,308,1329,35982,9246,14,0,0,0,0
2021-02-03T23:59:59+01:00,294,418,952,2004,1348,3495,1807,5064,2500,3951,1778,1809,1810,2877,1183,4345,59,82,233,395,289,629,345,916,522,718,339,324,350,567,221,970,35621,6959,14,0,0,0,0
2021-02-02T23:59:59+01:00,290,411,947,1977,1340,3462,1796,5018,2477,3916,1760,1793,1784,2836,1162,4298,37,63,178,312,242,482,264,734,376,552,236,207,223,375,152,634,35253,5067,14,0,0,0,0
2021-02-01T23:59:59+01:00,289,408,942,1970,1337,3446,1788,4998,2469,3898,1753,1782,1769,2821,1156,4285,19,39,132,227,167,307,170,489,237,321,121,105,98,185,71,282,35097,2970,14,0,0,0,0
2021-01-31T23:59:59+01:00,288,407,940,1962,1334,3437,1785,4979,2465,3883,1749,1774,1765,2814,1153,4276,18,34,114,199,150,266,153,409,200,277,102,91,90,157,63,248,34997,2571,14,0,0,0,0
2021-01-30T23:59:59+01:00,288,407,940,1962,1334,3437,1785,4979,2465,3883,1748,1774,1765,2813,1153,4275,18,34,114,199,150,264,150,407,199,276,101,90,90,157,63,248,34994,2560,14,0,0,0,0
2021-01-29T23:59:59+01:00,286,404,939,1960,1333,3429,1779,4970,2462,3880,1742,1767,1756,2802,1146,4254,16,33,113,190,141,256,138,379,168,249,74,66,81,136,56,216,34895,2312,14,0,0,0,0
2021-01-28T23:59:59+01:00,281,396,921,1904,1309,3365,1754,4908,2434,3818,1720,1748,1725,2771,1128,4219,0,0,8,19,9,17,12,46,7,21,8,3,8,9,2,13,34388,182,13,0,0,0,0
2021-01-27T23:59:59+01:00,276,378,888,1824,1275,3252,1692,4785,2374,3718,1664,1700,1681,2705,1092,4136,0,0,4,6,5,11,8,20,3,12,7,3,8,9,2,12,33431,110,9,0,0,0,0
2021-01-26T23:59:59+01:00,270,369,879,1811,1261,3214,1675,4728,2344,3655,1633,1668,1644,2635,1075,4052,0,0,4,6,5,11,8,20,3,12,7,3,8,9,2,12,32906,110,7,0,0,0,0
2021-01-25T23:59:59+01:00,259,345,837,1693,1192,3051,1585,4457,2239,3446,1574,1615,1590,2550,1028,3882,0,0,1,3,1,3,5,3,3,5,7,3,7,8,2,12,31341,63,2,0,0,0,0
2021-01-24T23:59:59+01:00,256,342,826,1674,1182,3029,1554,4424,2213,3425,1564,1607,1580,2539,1022,3875,0,0,1,2,1,3,5,3,3,5,6,3,7,8,2,12,31110,61,2,0,0,0,0
2021-01-23T23:59:59+01:00,256,342,826,1674,1181,3028,1554,4420,2212,3424,1563,1607,1579,2538,1021,3870,0,0,1,2,1,3,5,3,3,5,6,3,7,8,2,12,31093,61,2,0,0,0,0
2021-01-22T23:59:59+01:00,255,340,820,1671,1177,3023,1551,4413,2200,3419,1551,1595,1573,2519,1016,3851,0,0,1,2,1,3,5,3,3,5,6,3,7,8,2,12,30972,61,2,0,0,0,0
2021-01-21T23:59:59+01:00,244,331,792,1605,1152,2898,1495,4253,2121,3284,1453,1492,1440,2355,937,3670,0,0,1,2,1,3,4,2,3,5,4,2,6,8,1,12,29520,54,2,0,0,0,0
2021-01-20T23:59:59+01:00,221,287,719,1449,1062,2584,1359,3796,1948,2933,1332,1347,1322,2167,868,3462,0,0,1,2,1,3,4,2,3,5,4,2,6,8,1,12,26854,54,2,0,0,0,0
2021-01-19T23:59:59+01:00,190,231,621,1203,917,2140,1140,3181,1666,2503,1149,1150,1097,1834,723,2941,0,0,1,1,1,2,4,1,2,5,4,2,5,8,1,12,22684,49,2,0,0,0,0
2021-01-18T23:59:59+01:00,132,184,487,945,709,1631,876,2319,1299,1902,902,925,880,1459,568,2352,0,0,0,0,0,0,0,0,1,2,2,1,0,0,0,0,17569,6,1,0,0,0,0
2021-01-17T23:59:59+01:00,119,158,427,774,624,1411,776,2066,1186,1712,838,846,799,1323,507,2144,0,0,0,0,0,0,0,0,0,1,0,0,0,0,0,0,15710,1,0,0,0,0,0
2021-01-16T23:59:59+01:00,119,157,423,773,622,1403,766,2062,1178,1706,836,841,794,1312,499,2129,0,0,0,0,0,0,0,0,0,0,0,0,0,0,0,0,15620,0,0,0,0,0,0
2021-01-15T23:59:59+01:00,109,151,411,753,596,1365,734,1984,1117,1625,792,789,750,1226,469,2011,0,0,0,0,0,0,0,0,0,0,0,0,0,0,0,0,14882,0,0,0,0,0,0
2021-01-14T23:59:59+01:00,75,111,294,486,395,879,506,1277,763,1064,578,546,547,905,359,1527,0,0,0,0,0,0,0,0,0,0,0,0,0,0,0,0,10312,0,0,0,0,0,0
2021-01-13T23:59:59+01:00,58,85,242,409,319,662,377,977,558,757,363,344,367,616,250,1058,0,0,0,0,0,0,0,0,0,0,0,0,0,0,0,0,7442,0,0,0,0,0,0
2021-01-12T23:59:59+01:00,46,69,197,351,257,538,278,803,405,592,244,218,229,407,169,705,0,0,0,0,0,0,0,0,0,0,0,0,0,0,0,0,5508,0,0,0,0,0,0
2021-01-11T23:59:59+01:00,32,50,172,303,210,437,217,646,296,420,150,126,130,249,91,402,0,0,0,0,0,0,0,0,0,0,0,0,0,0,0,0,3931,0,0,0,0,0,0
2021-01-10T23:59:59+01:00,24,41,150,254,180,360,179,535,247,359,129,106,115,204,79,325,0,0,0,0,0,0,0,0,0,0,0,0,0,0,0,0,3287,0,0,0,0,0,0
2021-01-09T23:59:59+01:00,24,41,150,252,179,359,178,530,246,358,128,105,115,204,79,325,0,0,0,0,0,0,0,0,0,0,0,0,0,0,0,0,3273,0,0,0,0,0,0
2021-01-08T23:59:59+01:00,22,40,148,243,171,349,165,499,217,332,104,89,110,189,72,303,0,0,0,0,0,0,0,0,0,0,0,0,0,0,0,0,3053,0,0,0,0,0,0
2021-01-07T23:59:59+01:00,1,0,4,9,8,13,10,6,16,11,10,9,15,21,3,32,0,0,0,0,0,0,0,0,0,0,0,0,0,0,0,0,168,0,0,0,0,0,0
2021-01-06T23:59:59+01:00,0,0,1,3,1,5,5,2,3,6,6,2,8,10,1,14,0,0,0,0,0,0,0,0,0,0,0,0,0,0,0,0,67,0,0,0,0,0,0
2021-01-05T23:59:59+01:00,0,0,1,3,1,5,5,2,3,5,6,2,7,9,1,13,0,0,0,0,0,0,0,0,0,0,0,0,0,0,0,0,63,0,0,0,0,0,0
2021-01-04T23:59:59+01:00,0,0,1,3,1,4,4,2,3,5,6,2,5,8,1,13,0,0,0,0,0,0,0,0,0,0,0,0,0,0,0,0,58,0,0,0,0,0,0
2021-01-03T23:59:59+01:00,0,0,1,2,1,4,4,2,3,5,5,2,5,8,1,13,0,0,0,0,0,0,0,0,0,0,0,0,0,0,0,0,56,0,0,0,0,0,0
2021-01-02T23:59:59+01:00,0,0,1,2,1,4,4,2,3,5,5,2,5,8,1,13,0,0,0,0,0,0,0,0,0,0,0,0,0,0,0,0,56,0,0,0,0,0,0
2021-01-01T23:59:59+01:00,0,0,1,2,1,3,4,2,3,5,5,2,5,8,1,13,0,0,0,0,0,0,0,0,0,0,0,0,0,0,0,0,55,0,0,0,0,0,0
2020-12-31T23:59:59+01:00,0,0,1,2,1,3,4,2,3,5,5,2,5,8,1,13,0,0,0,0,0,0,0,0,0,0,0,0,0,0,0,0,55,0,0,0,0,0,0
2020-12-30T23:59:59+01:00,0,0,1,2,1,3,4,2,3,5,5,2,5,8,1,13,0,0,0,0,0,0,0,0,0,0,0,0,0,0,0,0,55,0,0,0,0,0,0
2020-12-29T23:59:59+01:00,0,0,1,1,1,2,4,1,2,5,5,2,5,8,1,13,0,0,0,0,0,0,0,0,0,0,0,0,0,0,0,0,51,0,0,0,0,0,0
2020-12-28T23:59:59+01:00,0,0,1,1,1,1,2,0,1,5,4,1,1,0,0,2,0,0,0,0,0,0,0,0,0,0,0,0,0,0,0,0,20,0,0,0,0,0,0
2020-12-27T23:59:59+01:00,0,0,1,1,1,1,2,0,0,3,2,0,1,0,0,2,0,0,0,0,0,0,0,0,0,0,0,0,0,0,0,0,14,0,0,0,0,0,0
