Datum,<15_m,<15_w,15-24_1_m,15-24_1_w,25-34_1_m,25-34_1_w,35-44_1_m,35-44_1_w,45-54_1_m,45-54_1_w,55-64_1_m,55-64_1_w,65-74_1_m,65-74_1_w,75-84_1_m,75-84_1_w,>84_1_m,>84_1_w,<24_2_m,<24_2_w,25-34_2_m,25-34_2_w,35-44_2_m,35-44_2_w,45-54_2_m,45-54_2_w,55-64_2_m,55-64_2_w,65-74_2_m,65-74_2_w,75-84_2_m,75-84_2_w,>84_2_m,>84_2_w,bp_1,bp_2,mo_1,mo_2,az_1,az_2,ja,unb_1,unb_2
2021-09-01T23:59:59+02:00,3873,3554,34416,33180,50435,44982,51874,50428,62712,62851,72939,73313,53184,58758,36629,47476,11134,21168,31119,30176,47777,42068,49526,47690,60310,60056,70624,70831,51811,57131,35729,46170,10815,20452,561414,534452,76979,73049,105538,101073,28947,28,23
2021-08-31T23:59:59+02:00,3847,3541,34377,33135,50411,44948,51847,50396,62685,62819,72911,73283,53164,58736,36622,47465,11132,21167,31062,30147,47755,42044,49507,47673,60284,60043,70611,70804,51798,57121,35726,46163,10812,20446,561036,534191,76979,73048,105538,101067,28905,28,23
2021-08-30T23:59:59+02:00,3623,3337,33805,32634,50000,44584,51502,50060,62398,62562,72704,73110,53083,58650,36592,47420,11129,21159,30787,29887,47464,41821,49285,47508,60102,59917,70456,70703,51733,57078,35708,46132,10809,20439,558120,533141,76979,73045,105537,101057,27688,28,23
2021-08-29T23:59:59+02:00,3617,3329,33785,32614,49987,44576,51490,50048,62388,62550,72696,73094,53076,58646,36590,47413,11129,21157,30771,29869,47445,41795,49269,47496,60086,59902,70446,70691,51730,57071,35705,46131,10809,20437,557976,533024,76978,73044,105536,101013,27667,28,23
2021-08-28T23:59:59+02:00,3617,3329,33783,32614,49982,44575,51490,50047,62388,62548,72694,73093,53076,58646,36590,47413,11129,21157,30763,29861,47439,41793,49268,47495,60084,59899,70443,70689,51730,57069,35705,46131,10809,20437,557968,532990,76978,73043,105536,101013,27661,28,23
2021-08-27T23:59:59+02:00,3612,3323,33776,32593,49978,44573,51478,50041,62380,62543,72677,73087,53072,58644,36589,47412,11129,21156,30746,29842,47430,41786,49259,47487,60076,59891,70431,70688,51728,57068,35704,46130,10809,20437,557893,532915,76978,73041,105536,101010,27628,28,23
2021-08-26T23:59:59+02:00,3587,3296,33736,32544,49953,44535,51439,49994,62337,62520,72646,73058,53062,58634,36581,47410,11128,21152,30479,29591,47227,41589,49102,47338,59968,59801,70355,70622,51698,57039,35688,46107,10807,20433,557547,531234,76952,73034,105535,100947,27550,28,23
2021-08-25T23:59:59+02:00,3547,3272,33691,32502,49927,44493,51409,49967,62300,62487,72612,73036,53055,58617,36576,47396,11127,21151,29791,28933,46829,41206,48803,47066,59758,59594,70196,70482,51633,56964,35668,46074,10798,20425,557141,527230,76952,73032,105535,100924,27509,28,23
2021-08-24T23:59:59+02:00,3507,3250,33634,32444,49898,44452,51381,49921,62256,62440,72568,72990,53033,58593,36563,47383,11125,21143,29563,28714,46701,41077,48695,46961,59666,59500,70112,70384,51587,56920,35648,46062,10795,20422,556656,525807,76949,73028,105533,100891,27415,28,23
2021-08-23T23:59:59+02:00,3213,2988,33011,31832,49476,44064,51041,49621,61933,62149,72281,72762,52939,58504,36525,47320,11114,21134,29146,28325,46323,40783,48454,46752,59398,59296,69887,70237,51511,56850,35623,46019,10789,20416,553666,524388,76946,73026,105532,100886,25735,28,23
2021-08-22T23:59:59+02:00,3202,2980,33000,31825,49466,44055,51034,49615,61928,62142,72277,72760,52936,58501,36523,47318,11114,21133,29123,28309,46305,40775,48446,46741,59389,59289,69881,70234,51502,56846,35620,46017,10789,20416,553599,524294,76942,73022,105529,100874,25711,28,23
2021-08-21T23:59:59+02:00,3200,2980,32995,31822,49464,44053,51033,49613,61925,62141,72277,72760,52936,58501,36523,47318,11114,21133,29111,28296,46301,40771,48441,46737,59385,59289,69881,70233,51501,56846,35620,46017,10789,20416,553586,524254,76942,73019,105529,100874,25703,28,23
2021-08-20T23:59:59+02:00,3184,2969,32873,31729,49275,43925,50863,49504,61748,62015,72132,72680,52888,58460,36508,47300,11111,21129,28574,27795,45829,40420,48162,46528,59134,59107,69679,70110,51417,56788,35590,45989,10785,20409,553362,522567,76942,72845,105528,100647,24433,28,23
2021-08-19T23:59:59+02:00,3157,2946,32826,31690,49241,43888,50817,49461,61703,61980,72083,72641,52862,58440,36501,47285,11108,21122,27635,26945,45042,39821,47737,46165,58806,58834,69407,69891,51318,56699,35548,45942,10780,20403,552954,518215,76907,71871,105523,100555,24339,28,23
2021-08-18T23:59:59+02:00,3136,2927,32780,31648,49205,43853,50780,49425,61660,61943,72036,72616,52834,58423,36487,47272,11107,21117,26348,25640,44128,38946,47039,45433,58136,58257,68925,69442,51133,56479,35472,45852,10769,20386,552530,512693,76886,68716,105521,100502,24284,28,23
2021-08-17T23:59:59+02:00,3114,2904,32709,31593,49167,43789,50740,49392,61618,61903,72002,72577,52813,58399,36474,47261,11104,21112,25065,24255,43266,38258,46446,44957,57611,57816,68495,69121,50999,56295,35400,45775,10755,20372,552016,507126,76881,66642,105520,100465,24226,28,23
2021-08-16T23:59:59+02:00,3103,2885,32693,31572,49143,43767,50731,49375,61598,61886,71981,72562,52805,58391,36473,47250,11102,21108,23635,22857,42359,37411,46175,44668,57392,57557,68289,68961,50928,56212,35371,45730,10753,20359,551795,500787,76878,66610,105518,100452,24206,28,23
2021-08-15T23:59:59+02:00,3096,2874,32682,31556,49133,43762,50721,49366,61583,61871,71966,72550,52801,58384,36470,47250,11102,21108,21203,20389,41605,36873,45810,44303,57060,57263,68005,68705,50816,56109,35334,45674,10750,20350,551673,492050,76877,66432,105508,100436,24189,28,23
2021-08-14T23:59:59+02:00,3096,2873,32678,31554,49128,43761,50718,49364,61578,61868,71962,72544,52801,58384,36469,47250,11102,21108,21181,20363,41565,36843,45793,44288,57047,57253,67993,68694,50814,56107,35333,45673,10750,20349,551667,491870,76876,66429,105508,100436,24159,28,23
2021-08-13T23:59:59+02:00,3082,2856,32636,31527,49105,43747,50696,49347,61545,61837,71940,72524,52796,58377,36466,47245,11101,21105,21066,20276,41477,36744,45731,44236,56999,57215,67953,68661,50797,56095,35324,45665,10749,20347,551512,491285,76875,66426,105507,100415,24010,28,23
2021-08-12T23:59:59+02:00,3065,2830,32588,31478,49071,43707,50658,49319,61495,61810,71904,72489,52780,58359,36450,47236,11100,21102,20600,19965,40525,35935,45365,43905,56784,57040,67777,68496,50726,56014,35294,45620,10744,20340,551111,487064,76871,66425,105505,100370,23926,28,23
2021-08-11T23:59:59+02:00,3024,2799,32532,31435,49038,43674,50634,49295,61468,61782,71875,72462,52759,58334,36440,47227,11099,21098,19708,19081,39198,34750,44765,43330,56424,56711,67485,68223,50606,55877,35257,45561,10742,20327,550711,479662,76865,66421,105504,100348,23867,28,23
2021-08-10T23:59:59+02:00,3008,2780,32481,31392,49004,43647,50604,49263,61449,61743,71835,72418,52737,58318,36430,47204,11098,21093,18686,18117,37101,32894,43881,42454,55972,56316,67097,67880,50459,55724,35196,45466,10737,20308,550260,469457,76865,66419,105503,100329,23848,28,23
2021-08-09T23:59:59+02:00,2992,2773,32452,31369,48983,43629,50577,49247,61430,61727,71816,72398,52728,58309,36425,47194,11096,21092,17264,16703,34109,30461,43218,41823,55568,55955,66765,67555,50320,55577,35146,45418,10732,20290,550020,457271,76863,66415,105499,100316,23827,28,23
2021-08-08T23:59:59+02:00,2989,2773,32440,31359,48973,43622,50572,49241,61422,61720,71813,72397,52727,58307,36425,47191,11096,21091,17237,16674,34087,30448,43182,41791,55555,55942,66756,67550,50315,55572,35145,45415,10731,20289,549965,457087,76863,66410,105488,100297,23814,28,23
2021-08-07T23:59:59+02:00,2988,2768,32433,31349,48970,43614,50567,49241,61419,61717,71806,72395,52726,58305,36424,47191,11096,21091,17211,16644,34059,30429,43149,41761,55534,55925,66745,67543,50309,55570,35143,45415,10731,20288,549916,456860,76863,66407,105488,100296,23805,28,23
2021-08-06T23:59:59+02:00,2901,2676,32091,31126,48716,43420,50315,49016,61134,61514,71532,72229,52594,58201,36371,47139,11093,21082,17006,16509,33351,29955,42681,41394,55195,55700,66435,67367,50179,55476,35094,45379,10728,20281,549847,455195,75767,66121,105486,100294,22022,28,23
2021-08-05T23:59:59+02:00,2854,2637,31937,31009,48622,43332,50234,48963,61081,61469,71481,72188,52569,58182,36362,47122,11091,21080,16777,16255,31498,28529,41645,40454,54923,55352,66224,67196,50114,55400,35071,45340,10721,20272,548978,448428,75764,66048,105477,100172,21966,28,23
2021-08-04T23:59:59+02:00,2779,2561,31693,30817,48435,43197,50082,48852,61002,61393,71420,72134,52540,58142,36349,47107,11088,21075,16515,16012,31144,28308,40453,39381,54532,55022,66053,67045,50051,55317,35041,45313,10718,20265,547695,444127,75763,66029,105476,100098,21711,21,22
2021-08-03T23:59:59+02:00,2592,2381,31185,30355,48185,42951,49909,48661,60842,61220,71274,71989,52486,58071,36327,47078,11078,21061,16077,15568,30558,27782,38724,37765,53842,54376,65718,66737,49955,55189,34993,45262,10713,20256,544764,436473,75763,66023,105473,100079,21624,21,22
2021-08-02T23:59:59+02:00,2481,2286,30872,30070,47987,42771,49758,48532,60736,61117,71187,71907,52453,58039,36305,47059,11077,21058,15773,15299,30222,27430,36581,35941,53286,53865,65512,66562,49883,55104,34971,45234,10711,20252,542838,429641,75760,66020,105468,99968,21608,21,21
2021-08-01T23:59:59+02:00,2478,2283,30860,30065,47969,42762,49746,48524,60725,61107,71179,71901,52448,58031,36301,47059,11077,21058,15650,15176,30085,27318,34278,34087,52989,53615,65420,66493,49844,55064,34964,45216,10710,20250,542786,424200,75758,66016,105422,99946,21586,21,21
2021-07-31T23:59:59+02:00,2478,2283,30856,30061,47967,42760,49744,48524,60724,61107,71179,71899,52445,58029,36301,47059,11077,21057,15635,15165,30053,27299,34265,34080,52971,53607,65407,66488,49840,55059,34964,45215,10709,20249,542768,424055,75758,66015,105422,99943,21581,21,21
2021-07-30T23:59:59+02:00,2464,2278,30810,30016,47935,42739,49720,48499,60690,61078,71144,71881,52436,58018,36301,47059,11077,21055,15480,14866,29795,26985,34085,33830,52771,53315,65243,66285,49793,55013,34953,45203,10709,20248,542594,423704,75753,66006,105419,98035,21413,21,21
2021-07-29T23:59:59+02:00,2432,2258,30649,29924,47852,42678,49669,48434,60629,61037,71098,71835,52417,57999,36293,47043,11074,21050,15169,14591,29482,26774,32806,32886,51992,52705,64889,66020,49694,54921,34911,45146,10704,20240,541930,421025,75747,63286,105407,97891,21266,21,21
2021-07-28T23:59:59+02:00,2386,2221,30498,29814,47770,42609,49596,48363,60558,60960,71033,71778,52393,57961,36275,47025,11073,21045,14766,14220,29043,26458,32436,32558,51278,52094,64500,65694,49600,54820,34877,45089,10688,20222,540992,416897,75743,63233,105401,97502,21201,21,21
2021-07-27T23:59:59+02:00,2307,2148,30258,29545,47618,42436,49452,48227,60450,60837,70933,71693,52337,57901,36248,46986,11065,21038,14124,13565,28278,25832,31689,31907,50027,51002,63775,65130,49413,54616,34810,44974,10681,20204,539176,408584,75733,63207,105395,97405,21154,21,21
2021-07-26T23:59:59+02:00,2246,2093,30058,29311,47500,42308,49378,48145,60387,60773,70883,71648,52313,57869,36237,46973,11063,21029,13759,13191,27928,25544,31072,31499,48474,49636,62800,64303,49208,54412,34743,44893,10671,20192,537955,400891,75730,63202,105391,97375,21117,21,21
2021-07-25T23:59:59+02:00,1999,1891,29235,28639,47109,41996,49093,47860,60152,60550,70702,71491,52257,57794,36210,46931,11062,21022,13666,13131,27832,25482,30987,31433,48354,49574,62713,64255,49187,54396,34737,44885,10671,20191,533785,400266,75730,63195,105384,97215,21073,21,21
2021-07-24T23:59:59+02:00,1919,1823,28981,28409,46958,41891,48976,47761,59997,60431,70573,71411,52209,57764,36193,46910,11060,21022,13531,13021,27629,25347,30828,31305,48143,49405,62550,64160,49144,54366,34722,44867,10669,20189,533096,399659,75728,63192,105383,97213,20060,21,21
2021-07-23T23:59:59+02:00,1807,1702,28651,28084,46714,41740,48723,47549,59748,60242,70370,71284,52134,57693,36174,46873,11056,21013,13280,12797,27196,25033,30451,31001,47545,48915,62222,63925,49061,54300,34700,44823,10664,20180,532103,397264,75352,63139,105372,97211,18709,21,21
2021-07-22T23:59:59+02:00,1795,1695,28573,28007,46577,41601,48512,47338,59572,60101,70254,71155,52091,57656,36158,46856,11056,21013,13053,12547,26861,24701,30101,30682,45624,47356,61419,63225,48965,54198,34662,44780,10661,20170,531804,390581,74201,62990,105332,96990,18652,21,21
2021-07-21T23:59:59+02:00,1762,1656,28309,27801,46195,41268,47922,46783,58991,59621,69801,70768,51922,57495,36101,46800,11047,21000,12627,12109,26286,24159,29530,30115,41903,44125,59938,61963,48798,54018,34599,44698,10651,20143,531261,378970,70935,62482,105179,96548,17846,21,21
2021-07-20T23:59:59+02:00,1739,1641,28188,27666,46132,41210,47876,46745,58937,59572,69748,70723,51887,57468,36085,46774,11043,20993,12129,11576,25548,23468,28881,29366,38451,41132,58393,60501,48595,53798,34517,44606,10633,20123,530579,368591,70915,59092,105162,96426,17750,21,21
2021-07-19T23:59:59+02:00,1734,1640,28160,27631,46111,41197,47864,46731,58924,59556,69736,70721,51885,57464,36085,46770,11041,20993,12084,11549,25485,23434,28850,29333,38407,41100,58352,60474,48591,53790,34516,44603,10630,20122,530436,368280,70915,59079,105147,96376,17724,21,21
2021-07-18T23:59:59+02:00,1730,1633,28135,27605,46087,41188,47850,46718,58918,59546,69729,70712,51883,57463,36084,46769,11041,20992,12022,11524,25401,23395,28790,29300,38347,41073,58292,60433,48589,53786,34513,44602,10630,20122,530305,367948,70913,59048,105139,96256,17705,21,21
2021-07-17T23:59:59+02:00,1730,1631,28116,27592,46072,41179,47840,46714,58911,59541,69722,70708,51878,57459,36083,46769,11041,20992,11995,11513,25368,23359,28757,29280,38325,41056,58257,60409,48579,53778,34511,44602,10630,20122,530228,367700,70912,59044,105139,96253,17678,21,21
2021-07-16T23:59:59+02:00,1715,1611,27850,27403,45789,41015,47616,46541,58613,59339,69490,70567,51772,57386,36039,46733,11036,20990,11742,11319,25039,23120,28459,29050,37930,40781,57749,59986,48443,53665,34459,44552,10624,20118,529912,366501,70911,59041,105014,95978,15647,21,21
2021-07-15T23:59:59+02:00,1617,1498,27387,27016,45532,40778,47470,46428,58474,59227,69388,70482,51733,57344,36024,46711,11035,20984,11449,11092,24559,22775,28096,28778,37537,40502,55706,57942,48273,53465,34402,44468,10616,20107,527600,359567,70908,58956,105006,95767,15593,21,21
2021-07-14T23:59:59+02:00,1450,1366,26822,26478,45226,40489,47268,46244,58291,59029,69228,70336,51672,57285,35998,46681,11029,20979,11263,10905,24150,22423,27744,28459,37013,40100,54489,56762,48136,53314,34351,44404,10608,20085,524430,355859,70902,57297,104987,95621,15531,21,21
2021-07-13T23:59:59+02:00,1165,1062,25869,25582,44734,40077,46911,45927,57966,58744,68953,70089,51559,57159,35955,46626,11025,20964,10918,10567,23617,21877,27125,27876,35634,38909,50360,52863,47774,52927,34223,44256,10591,20057,519044,346618,70896,52096,104984,95514,15422,21,21
2021-07-12T23:59:59+02:00,701,665,24488,24323,44174,39597,46712,45711,57754,58549,68771,69919,51497,57068,35937,46601,11023,20956,10685,10459,23410,21739,26873,27741,35389,38741,49919,52445,47700,52842,34193,44221,10591,20051,513154,345164,70896,52070,104980,94434,15396,20,21
2021-07-11T23:59:59+02:00,698,660,24467,24303,44145,39576,46694,45700,57741,58537,68757,69917,51496,57065,35934,46597,11022,20956,10589,10374,23193,21616,26609,27642,35080,38659,49206,51958,46216,51256,34103,44115,10591,20049,513068,344660,70893,52025,104968,89318,15316,20,21
2021-07-10T23:59:59+02:00,696,655,24460,24297,44140,39568,46691,45697,57734,58536,68757,69916,51496,57065,35934,46597,11022,20956,10577,10365,23169,21597,26595,27633,35057,38654,49193,51953,46202,51240,34101,44114,10591,20049,513034,344556,70890,52024,104966,89262,15307,20,21
2021-07-09T23:59:59+02:00,689,645,24012,23836,43863,39331,46622,45636,57674,58495,68707,69891,51480,57053,35930,46589,11021,20956,10498,10194,23075,21409,26534,27424,34990,38437,49129,51849,46180,51216,34097,44111,10591,20049,511277,343328,70887,52011,104962,89219,15284,20,21
2021-07-08T23:59:59+02:00,623,578,22932,22828,43058,38727,46369,45434,57466,58351,68510,69752,51402,56987,35902,46566,11019,20948,10242,10003,22697,21157,26141,27162,34513,38126,48521,51331,45844,50850,34027,44033,10584,20027,506581,339757,70863,51863,104904,88603,15084,20,21
2021-07-07T23:59:59+02:00,572,532,21607,21431,42319,38038,46150,45214,57228,58161,68344,69592,51317,56904,35865,46513,11012,20934,9868,9697,21819,20567,25039,26367,32677,36760,47602,50446,45344,50313,33923,43894,10577,20009,501196,334824,70691,47482,104881,87689,14945,20,21
2021-07-06T23:59:59+02:00,514,469,20376,20146,41470,37390,45672,44863,56834,57856,68019,69335,51217,56779,35821,46462,11004,20925,9476,9316,20957,19972,24077,25713,31188,35565,46412,49249,44566,49534,33789,43718,10564,19989,496706,327513,68766,45378,104859,86418,14801,20,21
2021-07-05T23:59:59+02:00,478,441,18968,18761,40605,36586,45454,44638,56653,57653,67858,69207,51162,56724,35800,46433,11002,20918,9187,9061,20396,19591,23410,25293,30549,35138,45653,48636,43810,48744,33659,43530,10555,19977,490979,321735,68763,45356,104854,85389,14728,17,21
2021-07-04T23:59:59+02:00,471,435,17179,16721,40261,36356,45366,44565,56569,57584,67779,69138,51129,56698,35790,46413,11000,20916,9127,9009,20258,19526,23236,25215,30293,35059,44859,48509,42447,47396,33581,43456,10553,19971,486121,321276,68736,45311,104838,81269,14658,17,21
2021-07-03T23:59:59+02:00,471,434,17158,16701,40211,36308,45350,44550,56562,57580,67773,69131,51127,56695,35790,46413,11000,20915,9084,8968,20192,19458,23177,25151,30209,34980,44639,48333,42379,47322,33536,43397,10550,19971,485938,320320,68734,45310,104837,81091,14643,17,21
2021-07-02T23:59:59+02:00,450,411,17044,16596,39742,35933,45237,44453,56509,57538,67725,69100,51116,56690,35784,46401,11000,20914,8925,8801,19864,19180,22792,24773,29790,34568,44012,47688,42177,47093,33438,43261,10545,19967,484442,317327,68718,44275,104835,80657,14631,17,21
2021-07-01T23:59:59+02:00,399,371,16738,16316,38005,34599,44664,43953,56249,57331,67553,68931,51036,56600,35756,46362,10996,20906,8551,8407,19002,18475,21828,23921,28405,33380,40986,44725,41181,46014,32825,42533,10528,19938,478960,309856,68644,39393,104812,77124,14332,17,21
2021-06-30T23:59:59+02:00,351,326,16448,16070,35815,32773,44040,43321,56027,57136,67350,68740,50954,56508,35727,46308,10992,20890,8192,8071,18333,17848,20945,23093,27130,32121,36354,39861,40103,44872,32163,41746,10507,19913,472103,299389,68600,33369,104793,74235,14263,17,21
2021-06-29T23:59:59+02:00,312,289,16229,15870,34813,31690,43592,42876,55846,56977,67180,68592,50878,56435,35690,46263,10984,20883,7611,7463,17202,16914,19692,21875,25433,30447,33609,36741,37254,41830,31423,40860,10484,19875,467912,283207,68592,33322,104780,68087,14098,17,19
2021-06-28T23:59:59+02:00,302,267,16086,15714,33092,30264,43271,42581,55682,56837,67063,68487,50832,56383,35672,46242,10981,20871,7309,7202,16652,16538,19300,21560,24925,30063,33017,36242,35876,40343,30635,39926,10480,19864,463480,280158,68570,33273,104759,62698,13801,17,19
2021-06-27T23:59:59+02:00,302,267,16064,15691,32937,30176,43209,42552,55645,56828,67037,68479,50827,56379,35669,46241,10981,20870,7265,7174,16514,16471,19136,21498,24723,29989,32789,36103,34621,39074,29010,38004,10479,19863,463157,279987,68567,33234,104752,55828,13661,17,19
2021-06-26T23:59:59+02:00,300,265,16043,15671,32913,30159,43164,42512,55622,56814,67031,68476,50825,56378,35667,46240,10981,20870,7261,7162,16494,16459,19120,21490,24690,29967,32768,36082,34608,39062,29008,38001,10479,19863,462937,279794,68565,33234,104752,55823,13660,17,19
2021-06-25T23:59:59+02:00,294,264,15989,15626,32799,30059,42972,42353,55567,56769,66991,68452,50815,56367,35663,46239,10981,20870,7073,6885,16212,15950,18852,20835,24324,29031,32380,35363,34446,38846,28985,37971,10479,19863,462115,277118,68564,33225,104735,53510,13639,17,19
2021-06-24T23:59:59+02:00,273,251,15718,15426,32349,29772,41503,41108,55103,56413,66759,68293,50762,56312,35647,46212,10976,20860,6757,6660,15518,15506,17401,19819,22249,27475,31282,34468,34044,38425,28862,37791,10467,19849,457552,267437,68563,33173,104731,53085,12874,17,19
2021-06-23T23:59:59+02:00,258,234,15437,15133,31850,29371,39397,39284,54556,55870,66508,68072,50673,56203,35607,46166,10971,20847,6550,6497,15155,15227,16875,19370,21367,26676,29589,33109,33288,37578,28671,37551,10460,19834,450473,259634,68517,33083,104728,52371,12702,17,19
2021-06-22T23:59:59+02:00,236,199,15054,14741,31181,28738,35952,36231,53644,55070,66206,67767,50567,56081,35569,46110,10967,20833,6374,6286,14750,14900,16074,18654,19950,25363,27988,31457,32489,36603,28132,36945,10442,19803,439525,249547,68485,33000,104724,51257,12395,17,19
2021-06-21T23:59:59+02:00,221,193,14813,14567,30492,28275,33782,34265,53181,54644,66027,67650,50486,56007,35543,46088,10962,20828,6278,6203,14590,14783,15904,18519,19830,25252,27880,31372,32334,36464,26925,35717,10442,19800,432692,248876,68463,32954,104693,48293,12159,17,19
2021-06-20T23:59:59+02:00,214,192,14689,14478,28587,26940,33170,33819,53093,54548,65958,67613,50464,55980,35535,46085,10961,20826,5831,5908,13646,14150,15083,17934,19280,24896,27570,31176,32170,36288,26899,35686,10440,19796,428316,243929,68459,32919,104689,48223,11671,17,19
2021-06-19T23:59:59+02:00,208,187,14664,14445,28473,26858,33139,33792,53071,54532,65942,67602,50458,55971,35533,46080,10960,20824,5616,5746,13084,13738,14476,17457,18953,24695,27377,31005,32091,36188,26882,35672,10440,19796,427910,240402,68457,32917,104689,48220,11666,17,19
2021-06-18T23:59:59+02:00,206,179,14575,14359,28373,26793,31892,32884,52705,54225,65809,67510,50427,55937,35515,46054,10956,20820,5550,5672,12986,13654,14312,17334,18717,24466,26557,30338,31887,35952,26816,35597,10436,19789,427422,237462,65485,32809,104680,48166,11615,17,19
2021-06-17T23:59:59+02:00,192,163,14204,14096,27779,26547,31403,32623,51917,53659,65382,67243,50347,55838,35482,46013,10950,20808,5174,5413,12202,13182,13526,16723,17626,23540,24403,28373,31247,35217,26618,35320,10419,19775,424232,228465,65480,32531,104656,47487,10264,14,19
2021-06-16T23:59:59+02:00,163,135,13777,13697,27315,26193,30965,32267,51105,52955,64930,66856,50230,55718,35453,45956,10939,20796,4810,4972,11480,12505,12738,16030,16525,22419,21438,25509,30182,34013,26322,34917,10404,19734,419384,214430,65438,32503,104650,47090,9964,14,19
2021-06-15T23:59:59+02:00,102,82,13149,13078,26563,25615,30182,31674,49853,51891,64219,66332,50051,55523,35385,45844,10930,20777,4314,4340,10510,11569,11585,14651,14794,20715,18012,22207,28811,32577,25937,34398,10378,19690,411678,195815,65422,32388,104644,46782,9492,14,19
2021-06-14T23:59:59+02:00,72,61,12745,12706,26156,25290,29521,31211,48058,50423,63168,65499,49836,55298,35308,45768,10922,20765,4214,4287,10335,11440,11445,14519,14616,20594,17820,22049,28741,32497,25918,34371,10374,19687,403815,195381,65413,32117,104642,46475,8923,14,19
2021-06-13T23:59:59+02:00,71,60,12704,12662,26082,25258,29458,31184,48004,50398,63132,65475,49829,55295,35306,45765,10921,20762,4060,4210,10008,11312,11122,14408,14321,20482,17420,21706,27231,30857,25778,34176,10370,19676,403613,194645,65338,27448,104635,46267,8766,14,19
2021-06-12T23:59:59+02:00,71,59,12687,12646,26068,25248,29447,31172,47945,50328,63090,65439,49828,55292,35306,45765,10921,20762,4058,4200,9992,11298,11114,14394,14302,20465,17400,21697,27190,30812,25773,34170,10370,19676,403322,194462,65338,27446,104634,46226,8766,14,19
2021-06-11T23:59:59+02:00,69,56,12588,12516,25943,25134,29326,31048,47710,50103,62958,65320,49804,55266,35295,45754,10919,20760,3964,3930,9467,10105,10683,13486,14012,19908,17127,21219,26782,30391,25683,34088,10367,19674,402058,193421,65329,27442,104592,41436,8576,14,19
2021-06-10T23:59:59+02:00,61,49,12344,12304,25625,24853,28981,30781,46640,49088,62223,64751,49719,55172,35261,45702,10909,20747,3696,3566,8698,8855,9782,11840,12710,17158,15342,17622,25077,28476,25387,33786,10361,19650,397190,187930,65277,27003,104392,28724,8337,14,19
2021-06-09T23:59:59+02:00,48,37,12053,11981,25218,24447,28588,30385,44635,47266,61133,63813,49615,55052,35215,45648,10904,20729,3452,3446,8283,8602,9274,11520,12199,16768,14634,17026,21251,24169,25161,33485,10349,19624,389212,176389,65156,26660,104391,28188,7994,14,19
2021-06-08T23:59:59+02:00,42,26,11623,11448,24557,23825,27932,29723,41468,44420,59360,62180,49447,54862,35142,45558,10894,20707,3243,3310,7885,8344,8657,11148,11534,16346,13977,16380,15878,18224,24770,32959,10331,19596,376564,161205,65095,26327,104381,27886,7160,14,11
2021-06-07T23:59:59+02:00,37,19,11462,11259,24207,23551,27656,29516,38841,42492,58931,61818,49413,54831,35130,45537,10892,20701,3147,3242,7578,8168,8340,10972,10961,15896,13475,15902,15802,18146,24741,32909,10329,19589,370925,160890,64668,24502,104372,27486,6315,13,11
2021-06-06T23:59:59+02:00,34,18,11327,11153,23887,23323,27447,29343,37241,41306,58806,61740,49389,54803,35122,45523,10892,20699,3044,3192,7307,8080,8071,10805,10224,15215,12880,15284,15651,18035,24727,32886,10327,19589,370518,160776,61289,21345,104361,27320,5872,13,11
2021-06-05T23:59:59+02:00,34,17,11309,11136,23844,23288,27412,29317,37214,41292,58708,61655,49378,54797,35120,45521,10892,20696,3032,3181,7284,8048,8042,10789,10194,15201,12840,15260,15530,17871,24722,32878,10326,19588,370188,160352,61287,21344,104361,27305,5781,13,11
2021-06-04T23:59:59+02:00,34,15,11124,10877,23480,22824,27139,28920,36788,40841,58090,61114,49344,54756,35110,45503,10891,20690,3008,3164,7255,8032,8021,10771,10165,15176,12806,15226,15319,17665,24711,32857,10324,19587,368386,159769,59018,21331,104348,27208,5775,13,11
2021-06-03T23:59:59+02:00,32,14,10904,10661,23023,22432,26716,28585,35693,40014,55332,58764,49215,54598,35067,45439,10886,20675,2919,3083,7047,7877,7564,10474,9139,14546,11564,14528,14139,16198,24534,32640,10312,19568,364451,156419,54096,17615,104298,26901,5193,12,11
2021-06-02T23:59:59+02:00,32,14,10869,10628,22987,22398,26685,28560,35662,39973,55205,58606,49201,54575,35061,45432,10886,20674,2879,3054,6992,7859,7505,10441,8984,14507,11341,14465,12791,14723,24415,32467,10307,19561,363867,152617,54090,17604,104298,26885,5181,12,11
2021-06-01T23:59:59+02:00,19,7,10456,10286,22331,21890,26001,27977,34940,39397,52207,55461,48811,54167,34943,45270,10870,20648,2420,2695,5639,7173,6236,9865,7594,13837,10207,13501,8484,9164,23941,31787,10284,19503,353117,134428,53920,17236,104279,26309,4353,12,11
2021-05-31T23:59:59+02:00,18,6,10182,10058,21758,21493,25593,27725,34619,39194,50759,54065,48712,54042,34910,45229,10863,20640,2310,2571,5353,6928,5976,9644,7229,13596,9951,13342,8433,9102,23915,31740,10276,19490,348390,133658,53881,17116,104255,25750,3328,12,11
2021-05-30T23:59:59+02:00,17,6,10128,10010,21669,21455,25528,27692,34507,39123,50394,53724,48688,54017,34904,45223,10861,20637,2275,2541,5248,6850,5874,9576,7040,13508,9726,13246,8389,9055,23899,31733,10275,19485,347206,133064,53862,16943,104241,25447,3262,12,11
2021-05-29T23:59:59+02:00,16,6,10113,9998,21635,21437,25511,27680,34486,39110,50381,53706,48684,54013,34901,45222,10861,20637,2256,2487,5204,6725,5814,9444,6924,13311,9588,13025,8316,8965,23832,31666,10274,19484,347050,132787,53862,16891,104220,24380,3253,12,11
2021-05-28T23:59:59+02:00,16,6,10055,9930,21560,21329,25432,27561,34409,39010,50304,53607,48663,53995,34893,45212,10861,20633,2172,2220,4586,6184,5193,8722,6553,12348,9092,12028,8140,8768,23464,31186,10273,19481,346205,131294,53851,16793,104162,19073,3246,12,11
2021-05-27T23:59:59+02:00,15,6,9791,9682,21032,20950,24888,27203,33885,38632,49690,52999,48495,53802,34823,45137,10857,20614,1930,1952,4004,5663,4515,8119,6044,11581,8149,10705,7636,8110,21908,29036,10258,19459,341925,125646,53442,15658,104053,14690,3069,12,11
2021-05-26T23:59:59+02:00,15,6,9517,9436,20308,20382,24018,26531,32624,37604,48926,52296,48241,53513,34749,45023,10846,20590,1875,1880,3910,5536,4381,7956,5838,11320,7824,10321,7074,7385,19482,25613,10240,19416,337216,117181,50467,15404,104000,14529,2930,12,11
2021-05-25T23:59:59+02:00,14,6,9252,9202,19895,20025,23580,26140,32116,37089,48032,51320,47943,53198,34666,44883,10834,20560,1809,1832,3790,5437,4244,7811,5629,11097,7512,10002,6451,6546,15370,20251,10220,19358,331644,105022,50387,15360,103927,14185,2785,12,11
2021-05-24T23:59:59+02:00,13,6,9033,9046,19326,19736,22809,25753,30602,36071,47808,51147,47850,53097,34637,44853,10832,20559,1784,1816,3744,5403,4181,7769,5564,11038,7437,9946,6425,6522,15356,20242,10220,19358,330063,104905,46583,15347,103868,13894,2652,12,11
2021-05-23T23:59:59+02:00,13,6,8825,8839,18967,19444,22387,25405,30177,35750,47216,50636,47416,52642,34535,44707,10824,20550,1782,1815,3735,5398,4177,7765,5554,11029,7428,9936,6420,6511,15356,20240,10220,19358,325229,104847,46581,15345,103867,13875,2650,12,11
2021-05-22T23:59:59+02:00,13,6,8794,8802,18917,19401,22340,25373,30124,35720,47107,50566,47397,52620,34532,44698,10821,20550,1781,1812,3722,5385,4173,7759,5550,11023,7421,9932,6418,6509,15354,20240,10220,19358,324686,104815,46581,15345,103866,13854,2636,12,11
2021-05-21T23:59:59+02:00,12,6,8520,8448,18478,18885,21979,24731,29697,34911,46618,49901,47309,52498,34494,44655,10818,20545,1718,1770,3643,5346,4131,7725,5518,10978,7380,9883,6390,6483,15277,20143,10219,19357,319486,104504,46551,15344,103842,13492,2614,12,11
2021-05-20T23:59:59+02:00,12,6,7946,7897,17529,18090,20977,23813,28379,33713,44871,48080,46870,52038,34386,44500,10801,20526,1416,1608,3330,5057,3864,7337,5222,10498,7000,9430,6156,6228,13971,18607,10196,19318,307884,100764,46465,14863,103615,11146,2458,12,11
2021-05-19T23:59:59+02:00,12,6,7680,7582,16924,17484,20079,22940,27152,32455,43077,45992,46339,51483,34235,44280,10780,20496,1352,1525,3127,4843,3658,7086,4997,10145,6703,9099,5873,5894,11775,15768,10179,19259,296751,94554,46425,14392,103568,10091,2240,12,10
2021-05-18T23:59:59+02:00,11,6,7154,7037,15769,16458,18813,21691,25640,30828,40386,42759,45510,50538,33997,43976,10755,20454,1331,1499,3067,4772,3582,6967,4862,10012,6521,8888,5607,5618,10077,13602,10154,19204,280953,89428,45220,14342,103466,9854,2133,10,10
2021-05-17T23:59:59+02:00,11,6,7074,6976,15586,16348,18598,21522,25242,30501,38633,41121,45400,50459,33950,43910,10746,20431,1298,1476,3011,4727,3518,6908,4794,9909,6426,8787,5566,5578,10063,13585,10151,19196,280738,89361,40450,14060,103422,9672,1894,10,10
2021-05-16T23:59:59+02:00,10,5,6959,6924,15466,16260,18469,21416,25059,30386,35650,38351,45364,50424,33928,43886,10743,20426,1274,1458,2967,4685,3470,6851,4708,9841,6330,8707,5536,5541,10051,13569,10149,19193,280459,89313,34299,13792,103301,9562,1657,10,10
2021-05-15T23:59:59+02:00,10,5,6935,6893,15405,16202,18423,21376,24992,30343,35614,38310,45341,50397,33921,43881,10743,20426,1262,1432,2935,4612,3451,6782,4689,9760,6308,8657,5530,5536,10046,13568,10149,19193,279977,89258,34299,13788,103287,9214,1644,10,10
2021-05-14T23:59:59+02:00,10,5,6758,6525,15060,15703,18111,20959,24658,29881,35368,37958,45312,50366,33911,43876,10743,20424,1205,1371,2857,4508,3404,6680,4625,9609,6226,8528,5500,5492,10033,13559,10149,19192,278921,89173,34151,13769,100967,8411,1579,10,10
2021-05-13T23:59:59+02:00,10,5,6408,6209,14304,15119,17405,20330,23801,29140,34600,37288,45024,50023,33832,43751,10739,20413,1028,1287,2661,4399,3285,6559,4484,9440,6104,8385,5457,5454,10018,13543,10145,19187,272520,89025,33827,13688,100753,7426,1291,10,10
2021-05-12T23:59:59+02:00,10,5,6007,5936,13324,14442,16385,19528,23135,28704,34294,37007,44841,49828,33801,43720,10736,20410,1025,1285,2654,4393,3266,6555,4479,9430,6096,8380,5451,5448,10016,13538,10144,19186,266258,88964,33818,13678,100749,7421,1278,10,9
2021-05-11T23:59:59+02:00,10,5,5632,5712,12736,13995,14580,18086,20181,26177,31979,34679,43787,48568,33477,43248,10707,20361,963,1211,2537,4221,3160,6322,4360,9142,5980,8154,5380,5370,9974,13478,10136,19170,248960,88492,33541,13462,100311,6500,1098,10,9
2021-05-10T23:59:59+02:00,10,5,5483,5615,12464,13869,14230,17863,19379,25606,30601,33659,43255,47956,33420,43160,10699,20341,920,1152,2438,4059,3066,6120,4235,8878,5858,7958,5343,5339,9962,13462,10132,19161,243483,88384,33330,13401,100006,5506,786,10,9
2021-05-09T23:59:59+02:00,10,5,5077,5374,11269,13336,13229,17500,18357,25276,30057,33368,43199,47884,33395,43145,10696,20334,896,1122,2339,3954,2976,5981,4103,8703,5764,7853,5335,5325,9955,13458,10127,19158,238149,88339,33258,13359,99666,4918,428,10,8
2021-05-08T23:59:59+02:00,10,5,5066,5365,11247,13317,13204,17481,18327,25243,30017,33325,43191,47873,33394,43141,10696,20334,892,1116,2326,3946,2970,5981,4099,8697,5761,7850,5332,5322,9952,13453,10127,19158,237881,88311,33257,13359,99665,4884,423,10,8
2021-05-07T23:59:59+02:00,10,5,4965,5282,11019,13149,12912,17264,17719,24642,29069,32431,43000,47633,33338,43069,10692,20328,865,1085,2290,3891,2924,5935,4044,8643,5678,7797,5285,5275,9940,13444,10127,19157,235388,88176,31364,13356,99557,4635,208,10,8
2021-05-06T23:59:59+02:00,10,5,4550,5002,10351,12731,12153,16599,16113,23197,26521,30038,42297,46884,33172,42833,10676,20305,809,1030,2153,3641,2756,5626,3850,8170,5482,7475,5234,5222,9917,13416,10125,19149,226624,87994,28015,13042,98740,2966,48,10,8
2021-05-05T23:59:59+02:00,10,5,4237,4775,9756,12285,11434,16017,15012,22170,23672,27279,41320,45779,32890,42446,10658,20264,795,1008,2091,3516,2699,5471,3756,7959,5386,7339,5185,5167,9880,13377,10123,19146,213611,87732,27832,12904,98516,2217,40,10,8
2021-05-04T23:59:59+02:00,10,5,3887,4317,9085,11587,10663,15177,13708,20915,20068,23872,39972,44319,32518,41926,10635,20226,777,978,2024,3399,2629,5336,3664,7808,5291,7216,5147,5122,9850,13348,10121,19143,196541,87516,27814,12606,98491,1692,34,10,8
2021-05-03T23:59:59+02:00,10,4,3645,3894,8674,11092,10185,14552,13173,20260,19346,23225,39707,44068,32439,41823,10632,20211,763,949,1957,3294,2572,5229,3604,7694,5241,7129,5133,5111,9835,13331,10118,19138,190678,87377,27802,12598,98428,1096,22,10,8
2021-05-02T23:59:59+02:00,10,4,3642,3892,8656,11085,10176,14544,13152,20248,19328,23216,39706,44067,32438,41822,10631,20211,759,932,1927,3213,2526,5133,3557,7569,5221,7063,5129,5108,9834,13327,10118,19136,190590,87359,27789,12567,98421,603,18,10,8
2021-05-01T23:59:59+02:00,10,4,3640,3885,8644,11072,10168,14535,13145,20246,19317,23207,39706,44065,32438,41822,10631,20211,758,932,1926,3213,2526,5133,3557,7569,5221,7063,5129,5108,9834,13327,10117,19136,190510,87358,27788,12566,98421,603,17,10,8
2021-04-30T23:59:59+02:00,10,3,3617,3862,8598,11036,10125,14496,13084,20207,19214,23056,39438,43742,32417,41802,10630,20211,755,928,1913,3204,2525,5124,3554,7562,5219,7056,5126,5105,9830,13326,10117,19136,189586,87332,27519,12563,98416,563,17,10,8
2021-04-29T23:59:59+02:00,10,3,3351,3689,8165,10762,9576,14211,12592,19844,18476,22329,36380,40292,32157,41434,10618,20173,742,914,1865,3143,2476,5058,3488,7420,5127,6957,5088,5071,9808,13283,10115,19130,184044,87128,21682,12407,98310,129,16,10,8
2021-04-28T23:59:59+02:00,10,3,3190,3622,7901,10652,9179,14037,12217,19607,17989,21895,32589,35975,31940,41133,10605,20151,725,899,1839,3104,2431,5009,3451,7362,5061,6895,5027,5011,9756,13225,10112,19121,172881,86920,21529,11973,98264,119,11,10,8
2021-04-27T23:59:59+02:00,9,3,3109,3556,7641,10520,8826,13864,11732,19382,17511,21406,27026,29784,31563,40626,10584,20119,715,885,1807,3067,2396,4963,3397,7303,5006,6819,4976,4941,9721,13174,10109,19112,157537,86711,21507,11549,98196,116,11,10,7
2021-04-26T23:59:59+02:00,9,3,3056,3522,7499,10455,8660,13805,11501,19314,16986,21019,26992,29750,31549,40611,10584,20119,692,854,1739,3007,2330,4907,3331,7214,4910,6715,4878,4866,9640,13090,10107,19109,156960,86579,21289,10679,97164,116,11,10,7
2021-04-25T23:59:59+02:00,9,3,3018,3505,7337,10403,8422,13755,11169,19270,16156,20547,25436,28091,31494,40548,10584,20116,692,852,1733,3002,2323,4904,3326,7206,4906,6706,4875,4861,9632,13079,10107,19109,156474,86556,21279,10642,92089,100,11,10,7
2021-04-24T23:59:59+02:00,9,3,3014,3499,7321,10390,8411,13747,11155,19261,16139,20529,25393,28028,31491,40542,10583,20115,692,852,1733,3001,2323,4904,3325,7206,4906,6706,4875,4860,9630,13078,10107,19109,156272,86550,21275,10642,92062,100,11,10,7
2021-04-23T23:59:59+02:00,9,3,2996,3481,7279,10347,8366,13702,11089,19201,16079,20465,24970,27524,31458,40486,10580,20112,683,844,1715,2992,2307,4875,3273,7168,4807,6611,4738,4737,9463,12880,10101,19094,155083,86260,21135,9914,91908,100,11,10,6
2021-04-22T23:59:59+02:00,8,3,2917,3399,7087,10163,7824,13294,9879,18408,14527,19423,22956,25092,31247,40217,10561,20084,618,793,1600,2880,2182,4711,3111,6997,4623,6410,4583,4563,8953,12226,10065,19015,150284,84348,15838,8887,90946,81,11,10,6
2021-04-21T23:59:59+02:00,8,3,2864,3351,6963,10074,7613,13139,9513,18166,14057,18977,20450,21955,30950,39831,10544,20058,569,769,1520,2801,2096,4620,2985,6854,4461,6246,4397,4382,8384,11469,10022,18926,143284,82560,15075,7854,90137,73,11,9,6
2021-04-20T23:59:59+02:00,8,3,2824,3312,6856,9985,7475,13030,9261,17948,13566,18584,17061,17890,30637,39356,10527,20022,539,735,1447,2737,2009,4541,2885,6735,4327,6085,4211,4188,7522,10260,9954,18775,134428,79648,14830,7221,89067,68,11,9,5
2021-04-19T23:59:59+02:00,8,3,2810,3304,6809,9944,7423,12995,9185,17874,13429,18469,16728,17509,30605,39321,10526,20018,479,695,1328,2642,1910,4443,2752,6577,4130,5893,3958,3885,5695,7843,9739,18380,134116,73835,14635,6436,88189,65,11,9,5
2021-04-18T23:59:59+02:00,8,3,2794,3290,6733,9918,7318,12946,8988,17807,12593,18341,15319,16103,30537,39260,10523,20011,473,689,1318,2634,1895,4432,2719,6548,4069,5844,3882,3814,5285,7220,9694,18297,133903,72349,14492,6390,84077,61,11,9,5
2021-04-17T23:59:59+02:00,8,3,2784,3286,6716,9896,7288,12925,8956,17768,12561,18321,15266,16053,30483,39188,10522,20011,473,687,1318,2633,1894,4428,2715,6543,4066,5840,3881,3812,5280,7219,9693,18296,133549,72314,14491,6390,83975,61,11,9,5
2021-04-16T23:59:59+02:00,8,3,2771,3272,6682,9881,7237,12886,8881,17716,12453,18219,15021,15776,29965,38541,10519,20004,473,685,1312,2628,1885,4426,2710,6537,4058,5832,3876,3806,5263,7189,9693,18294,132028,72217,14484,6379,83303,58,11,9,5
2021-04-15T23:59:59+02:00,8,3,2719,3215,6549,9780,7048,12708,8538,17443,11979,17754,13965,14560,27851,35734,10503,19981,464,679,1307,2602,1870,4403,2687,6509,4015,5779,3821,3730,5232,7138,9685,18282,126113,71901,14208,6243,79998,47,10,9,5
2021-04-14T23:59:59+02:00,7,1,2663,3165,6455,9685,6904,12548,8266,17176,11549,17291,12785,13177,23142,29657,10485,19927,460,673,1293,2592,1858,4386,2665,6484,3972,5742,3774,3679,5172,7084,9657,18246,113738,71609,14175,6091,76952,25,10,8,5
2021-04-13T23:59:59+02:00,7,1,2611,3131,6327,9599,6753,12415,7987,16927,11125,16870,10122,10255,20070,25494,10463,19885,444,648,1245,2549,1805,4323,2556,6382,3793,5580,3561,3494,5026,6946,9648,18224,105329,71264,13981,4927,70714,21,10,8,5
2021-04-12T23:59:59+02:00,7,1,2590,3117,6267,9571,6647,12328,7795,16799,10878,16663,8759,8763,19250,24523,10462,19876,438,639,1225,2534,1789,4300,2522,6340,3740,5528,3500,3445,4991,6905,9643,18202,105211,71123,13927,4590,65140,16,10,8,5
2021-04-11T23:59:59+02:00,7,1,2562,3109,6171,9544,6532,12291,7630,16749,10679,16558,7488,7485,17524,22546,10460,19873,438,639,1224,2532,1789,4299,2522,6340,3738,5523,3496,3444,4985,6903,9643,18202,105142,71113,13921,4580,58128,12,10,8,5
2021-04-10T23:59:59+02:00,7,1,2561,3107,6161,9539,6523,12286,7625,16744,10672,16549,7480,7473,17515,22540,10460,19873,437,636,1222,2529,1788,4297,2520,6335,3735,5522,3487,3430,4977,6889,9643,18202,105060,71053,13920,4573,58119,12,9,8,5
2021-04-09T23:59:59+02:00,7,1,2499,3009,6026,9329,6366,12024,7366,16336,10360,16050,7323,7268,17399,22360,10459,19871,432,631,1204,2517,1761,4282,2489,6286,3656,5443,3374,3320,4839,6800,9638,18199,104591,70971,13891,3879,55554,10,9,8,5
2021-04-08T23:59:59+02:00,7,1,2420,2937,5930,9210,6263,11896,7195,16150,10104,15862,7129,7009,16140,20900,10448,19841,425,626,1192,2485,1736,4246,2462,6213,3604,5377,3300,3273,4760,6695,9616,18154,100942,70529,13537,3615,54946,9,9,8,5
2021-04-07T23:59:59+02:00,7,1,2393,2901,5857,9139,6175,11821,7062,16051,9862,15711,6832,6682,13825,17952,10427,19794,420,625,1182,2472,1723,4223,2448,6173,3537,5318,3229,3221,4705,6636,9609,18126,94788,70256,13376,3372,54311,8,9,8,5
2021-04-06T23:59:59+02:00,7,1,2376,2868,5761,9073,6084,11742,6909,15938,9622,15528,6475,6319,11726,15352,10400,19735,417,618,1175,2445,1711,4200,2422,6135,3473,5253,3145,3171,4660,6582,9604,18110,89761,70013,13076,3091,53064,8,7,8,5
2021-04-05T23:59:59+02:00,7,1,2368,2859,5743,9056,6072,11723,6896,15919,9602,15503,6351,6221,10446,14063,10400,19734,413,610,1171,2430,1705,4184,2406,6105,3440,5212,3115,3134,4639,6536,9598,18094,89681,69823,13040,2954,50229,7,6,8,5
2021-04-04T23:59:59+02:00,7,1,2368,2859,5740,9053,6070,11723,6894,15919,9600,15502,6346,6217,10446,14061,10400,19734,413,609,1171,2429,1705,4184,2405,6105,3440,5212,3115,3134,4637,6536,9598,18094,89672,69819,13038,2953,50216,7,6,8,5
2021-04-03T23:59:59+02:00,7,1,2366,2851,5732,9046,6065,11719,6891,15915,9597,15500,6343,6212,10439,14058,10400,19734,413,609,1171,2429,1705,4184,2405,6105,3440,5211,3115,3134,4637,6536,9598,18094,89615,69818,13037,2953,50210,7,6,8,5
2021-04-02T23:59:59+02:00,7,1,2364,2849,5726,9039,6063,11716,6887,15914,9593,15498,6339,6206,10425,14029,10399,19733,411,607,1170,2429,1704,4183,2404,6105,3439,5204,3089,3117,4627,6527,9598,18094,89532,69741,13034,2952,50209,7,6,7,5
2021-04-01T23:59:59+02:00,7,1,2343,2846,5695,9010,6020,11674,6844,15859,9538,15442,6246,6109,10130,13682,10376,19685,409,591,1167,2423,1697,4172,2388,6088,3413,5183,3027,3068,4568,6455,9523,17981,88545,69190,13013,2949,49937,7,5,7,5
2021-03-31T23:59:59+02:00,7,1,2309,2819,5619,8944,5952,11581,6741,15747,9404,15308,6101,5966,9580,12944,10334,19595,404,585,1161,2412,1690,4156,2381,6075,3393,5149,2995,3035,4521,6396,9467,17880,86571,68741,12800,2947,49570,7,4,7,4
2021-03-30T23:59:59+02:00,7,1,2289,2803,5572,8886,5889,11506,6670,15649,9306,15164,5915,5752,8676,11607,10259,19414,402,583,1158,2408,1677,4139,2363,6053,3359,5105,2938,2967,4434,6297,9336,17641,83503,68040,12419,2809,49434,7,4,5,3
2021-03-29T23:59:59+02:00,6,1,2222,2749,5469,8775,5781,11356,6501,15418,9075,14909,5556,5377,6737,9073,10039,18994,395,579,1147,2397,1664,4127,2338,6026,3329,5048,2868,2902,4316,6193,9133,17309,77414,67087,11609,2673,49006,7,4,5,3
2021-03-28T23:59:59+02:00,6,1,2200,2736,5425,8716,5705,11278,6414,15332,8957,14790,5432,5225,6096,8144,9973,18878,386,573,1132,2381,1639,4100,2291,5964,3273,4956,2783,2823,4200,6048,9061,17172,75120,66627,11351,2147,48828,4,4,5,3
2021-03-27T23:59:59+01:00,6,1,2200,2730,5414,8710,5701,11263,6399,15310,8946,14777,5404,5198,6086,8141,9973,18877,386,573,1130,2380,1638,4095,2287,5961,3264,4949,2778,2820,4184,6023,8981,17025,75013,66320,11351,2146,48763,4,4,5,3
2021-03-26T23:59:59+01:00,6,1,2184,2710,5377,8672,5662,11214,6320,15240,8797,14628,5242,5049,5917,7961,9971,18869,382,565,1124,2367,1622,4066,2259,5925,3230,4895,2717,2757,4000,5767,8276,15850,74668,63686,10520,2108,48623,4,4,5,3
2021-03-25T23:59:59+01:00,6,0,2067,2629,5201,8457,5460,10938,6112,14940,8557,14340,5082,4895,5821,7842,9968,18861,373,551,1103,2341,1598,4037,2213,5867,3157,4817,2619,2655,3627,5273,7146,14116,74213,59598,9572,1888,47383,4,3,5,3
2021-03-24T23:59:59+01:00,6,0,1980,2581,5053,8297,5299,10745,5948,14702,8352,14108,4943,4736,5707,7726,9962,18852,369,540,1090,2313,1565,3981,2154,5802,3069,4716,2485,2540,3202,4656,5747,11895,73838,54575,8410,1542,46741,4,3,5,3
2021-03-23T23:59:59+01:00,6,0,1903,2528,4942,8174,5200,10603,5827,14509,8237,13940,4861,4650,5641,7667,9954,18834,358,515,1071,2278,1532,3923,2110,5712,2987,4626,2396,2445,2752,4024,3853,8686,73444,47868,7663,1394,46361,3,3,5,3
2021-03-22T23:59:59+01:00,6,0,1838,2469,4807,8038,5067,10428,5667,14276,8045,13726,4757,4536,5572,7558,9940,18791,331,498,1042,2240,1487,3850,2044,5602,2885,4475,2282,2293,2234,3342,1339,4565,72947,39344,6625,1160,45941,1,3,5,3
2021-03-21T23:59:59+01:00,6,0,1836,2463,4795,8023,5052,10418,5651,14259,8015,13702,4734,4521,5556,7546,9936,18791,330,498,1036,2226,1478,3821,2026,5564,2859,4425,2241,2245,2192,3301,1322,4520,72924,39204,6575,876,45798,1,2,5,3
2021-03-20T23:59:59+01:00,6,0,1836,2463,4794,8022,5051,10416,5650,14258,8008,13696,4733,4520,5548,7538,9936,18791,330,498,1036,2226,1478,3821,2026,5564,2858,4424,2240,2242,2192,3301,1322,4520,72913,39202,6575,872,45771,1,2,5,3
2021-03-19T23:59:59+01:00,6,0,1783,2215,4278,6727,4642,9434,5380,13701,7784,13294,4607,4423,5478,7472,9936,18791,329,498,1036,2226,1478,3820,2026,5563,2857,4424,2238,2241,2187,3295,1321,4518,72855,39187,6565,866,40524,1,2,5,3
2021-03-18T23:59:59+01:00,6,0,1728,1962,3860,5662,4112,8053,4562,11163,6427,9960,4241,4124,5276,7251,9915,18751,328,495,1029,2213,1471,3795,2000,5524,2832,4400,2217,2226,2162,3266,1316,4509,72425,38995,6503,784,28118,1,2,5,3
2021-03-17T23:59:59+01:00,6,0,1722,1953,3850,5636,4095,8023,4538,11099,6377,9888,4204,4077,5237,7207,9909,18728,325,494,1025,2205,1465,3786,1993,5509,2822,4374,2190,2199,2142,3251,1309,4495,72169,38844,6443,735,27930,1,2,5,3
2021-03-16T23:59:59+01:00,6,0,1700,1919,3791,5555,4024,7916,4409,10937,6172,9688,3981,3888,5097,7049,9903,18707,323,490,1024,2186,1460,3773,1984,5495,2813,4355,2182,2185,2130,3222,1301,4466,71858,38678,5168,706,27709,1,2,5,3
2021-03-15T23:59:59+01:00,6,0,1690,1899,3766,5521,3999,7879,4358,10868,6093,9603,3899,3821,5044,6989,9897,18682,320,486,1015,2169,1452,3767,1968,5459,2795,4327,2167,2153,2105,3160,1293,4428,71634,38459,4810,602,27565,1,0,5,3
2021-03-14T23:59:59+01:00,6,0,1684,1889,3758,5511,3994,7863,4349,10837,6085,9581,3892,3812,5039,6981,9896,18680,320,486,1013,2169,1447,3764,1965,5457,2777,4321,2161,2151,2094,3150,1289,4426,71602,38450,4794,537,27456,1,0,5,3
2021-03-13T23:59:59+01:00,6,0,1681,1884,3745,5488,3987,7854,4329,10826,6071,9565,3889,3809,5036,6978,9896,18680,320,486,1013,2169,1447,3764,1965,5456,2777,4320,2160,2150,2094,3148,1281,4421,71578,38431,4789,537,27352,1,0,5,3
2021-03-12T23:59:59+01:00,5,0,1642,1827,3231,5341,3472,7740,4195,10700,5845,9276,3723,3663,4895,6870,9871,18633,315,464,1009,2139,1439,3740,1945,5385,2724,4235,1981,1995,2034,3098,1274,4415,71366,37661,4069,529,25489,0,0,5,3
2021-03-11T23:59:59+01:00,5,0,1533,1691,2845,5080,3035,7484,3915,10287,5217,8382,3499,3487,4789,6753,9833,18583,314,463,1006,2126,1436,3720,1938,5366,2715,4218,1974,1987,2020,3081,1269,4397,70803,37539,3807,489,21803,0,0,5,3
2021-03-10T23:59:59+01:00,5,0,1503,1659,2806,5035,2999,7425,3859,10200,5109,8265,3373,3383,4674,6639,9790,18516,312,462,1004,2123,1434,3709,1934,5353,2703,4198,1957,1980,1995,3049,1258,4383,70394,37458,3477,394,21364,0,0,5,3
2021-03-09T23:59:59+01:00,5,0,1494,1643,2774,5010,2978,7381,3821,10140,5031,8185,3276,3300,4594,6550,9684,18306,309,461,1000,2117,1427,3696,1908,5331,2661,4168,1916,1955,1944,3021,1246,4374,69803,37428,3210,104,21154,0,0,5,3
2021-03-08T23:59:59+01:00,5,0,1479,1629,2744,4983,2952,7351,3798,10092,5007,8123,3235,3260,4520,6486,9510,18007,309,461,998,2113,1419,3680,1891,5298,2642,4140,1897,1936,1919,2998,1240,4355,69015,37280,3201,14,20960,0,0,5,3
2021-03-07T23:59:59+01:00,5,0,1466,1619,2714,4938,2918,7303,3765,10030,4964,8062,3200,3227,4455,6386,9434,17863,309,460,997,2112,1418,3675,1888,5288,2641,4135,1893,1933,1915,2994,1237,4347,68479,37228,3147,12,20718,0,0,5,3
2021-03-06T23:59:59+01:00,5,0,1465,1617,2708,4927,2915,7294,3757,10023,4946,8046,3190,3217,4432,6347,9346,17694,309,460,995,2109,1418,3673,1882,5279,2639,4133,1888,1925,1909,2992,1236,4344,68089,37178,3147,12,20688,0,0,5,2
2021-03-05T23:59:59+01:00,5,0,1392,1538,2610,4765,2858,7137,3672,9816,4845,7850,3140,3158,4216,6061,8642,16507,309,460,993,2107,1413,3668,1880,5278,2635,4126,1879,1921,1904,2989,1231,4341,65448,37121,3144,12,19615,0,0,5,2
2021-03-04T23:59:59+01:00,5,0,1219,1434,2440,4565,2687,6867,3504,9470,4587,7508,3024,3034,3855,5604,7480,14695,308,452,984,2083,1397,3628,1852,5225,2607,4079,1851,1896,1871,2934,1204,4295,61256,36653,3141,12,17576,0,0,5,2
2021-03-03T23:59:59+01:00,5,0,1186,1381,2361,4457,2627,6743,3417,9305,4490,7364,2938,2964,3482,5005,6097,12514,304,443,972,2060,1385,3600,1838,5175,2553,4025,1802,1861,1847,2905,1189,4267,56216,36213,3115,12,17001,0,0,4,2
2021-03-02T23:59:59+01:00,5,0,1152,1344,2301,4399,2576,6652,3335,9182,4353,7215,2824,2837,3000,4340,4102,9162,299,434,967,2034,1372,3556,1823,5120,2521,3999,1792,1847,1828,2879,1178,4240,49189,35876,2867,12,16720,0,0,3,2
2021-03-01T23:59:59+01:00,5,0,1093,1314,2239,4336,2503,6565,3241,9055,4211,7027,2693,2700,2432,3599,1394,4716,298,431,960,2022,1361,3537,1815,5105,2509,3983,1776,1837,1811,2860,1166,4212,40157,35670,2478,12,16485,0,0,3,2
2021-02-28T23:59:59+01:00,5,0,1059,1300,2197,4299,2473,6522,3193,8998,4149,6968,2626,2654,2384,3568,1386,4696,298,430,957,2017,1359,3524,1812,5091,2503,3975,1769,1826,1798,2849,1159,4197,40061,35551,2186,12,16227,0,0,3,2
2021-02-27T23:59:59+01:00,5,0,1017,1217,2132,4056,2415,6288,3129,8700,4058,6714,2571,2597,2364,3544,1383,4696,298,430,956,2017,1359,3524,1812,5090,2502,3975,1769,1825,1796,2849,1159,4197,39955,35545,2185,12,14743,0,0,3,2
2021-02-26T23:59:59+01:00,4,0,850,963,1930,3664,2253,5620,2912,7778,3747,5920,2522,2544,2346,3530,1380,4694,298,430,956,2014,1357,3522,1810,5089,2500,3974,1769,1822,1789,2848,1157,4190,39940,35512,2098,12,10616,0,0,3,2
2021-02-25T23:59:59+01:00,4,0,507,806,1650,3465,2070,5315,2716,7380,3520,5617,2441,2467,2306,3469,1376,4680,288,409,931,1964,1327,3453,1780,5008,2471,3910,1744,1795,1751,2804,1130,4150,39745,34903,1841,11,8200,0,0,3,2
2021-02-24T23:59:59+01:00,3,0,487,788,1615,3368,2008,5185,2656,7197,3454,5475,2375,2420,2271,3440,1367,4647,279,405,916,1930,1313,3399,1767,4947,2447,3865,1733,1777,1742,2785,1118,4123,39557,34542,1672,3,7524,0,0,3,2
2021-02-23T23:59:59+01:00,3,0,468,752,1554,3265,1953,5045,2578,7066,3368,5370,2315,2361,2236,3383,1352,4616,278,401,911,1915,1306,3369,1758,4916,2426,3833,1713,1757,1722,2750,1103,4070,39411,34224,1401,3,6870,0,0,3,2
2021-02-22T23:59:59+01:00,2,0,452,721,1499,3164,1914,4906,2519,6848,3307,5226,2307,2265,2221,3304,1348,4571,277,398,908,1904,1298,3342,1741,4880,2412,3803,1694,1738,1695,2722,1088,4025,39200,33923,1138,1,6233,0,0,3,2
2021-02-21T23:59:59+01:00,2,0,444,683,1441,3022,1866,4756,2466,6689,3224,5122,2271,2232,2194,3284,1338,4566,277,397,905,1896,1297,3333,1737,4870,2408,3794,1692,1735,1694,2720,1088,4024,39158,33865,905,1,5534,0,0,3,2
2021-02-20T23:59:59+01:00,2,0,440,678,1433,3018,1860,4756,2463,6686,3220,5118,2268,2231,2194,3283,1337,4566,277,397,905,1895,1297,3332,1737,4870,2407,3793,1691,1734,1691,2720,1087,4022,39154,33853,901,1,5495,0,0,3,2
2021-02-19T23:59:59+01:00,1,0,419,641,1404,2956,1833,4702,2422,6586,3133,5000,2088,2069,2131,3234,1332,4560,275,396,903,1893,1296,3331,1737,4865,2404,3792,1689,1732,1689,2719,1087,4021,38402,33828,882,1,5224,0,0,3,1
2021-02-18T23:59:59+01:00,1,0,394,585,1299,2713,1729,4458,2284,6324,3031,4818,2059,2053,2115,3217,1327,4552,275,390,895,1860,1287,3292,1719,4817,2385,3756,1677,1721,1672,2707,1075,4003,38328,33530,809,1,3819,0,0,3,1
2021-02-17T23:59:59+01:00,1,0,378,554,1260,2583,1673,4283,2214,6081,2972,4669,2040,2034,2092,3197,1312,4543,266,373,860,1775,1244,3163,1658,4658,2311,3620,1600,1652,1598,2597,1026,3886,38172,32286,758,1,2953,0,0,3,1
2021-02-16T23:59:59+01:00,1,0,360,524,1205,2463,1623,4147,2135,5896,2891,4533,2031,2030,2084,3190,1307,4532,258,356,839,1694,1189,3027,1597,4454,2239,3443,1550,1598,1537,2497,999,3758,38112,31034,728,1,2109,0,0,3,1
2021-02-15T23:59:59+01:00,1,0,350,502,1132,2319,1578,4074,2103,5843,2863,4492,2012,2014,2063,3160,1300,4512,251,337,816,1649,1157,2951,1541,4319,2168,3323,1475,1534,1483,2390,957,3581,38007,29931,618,1,1690,0,0,3,1
2021-02-14T23:59:59+01:00,1,0,342,497,1108,2263,1515,3910,2061,5751,2832,4453,2006,2012,2052,3151,1298,4505,244,332,798,1622,1141,2912,1499,4267,2130,3293,1459,1513,1459,2354,942,3539,37988,29503,553,1,1213,0,0,3,1
2021-02-13T23:59:59+01:00,1,0,342,497,1107,2263,1515,3909,2059,5750,2832,4453,2005,2010,2051,3151,1297,4502,244,332,798,1622,1141,2912,1498,4265,2130,3293,1457,1510,1458,2353,942,3538,37977,29492,553,1,1212,0,0,2,1
2021-02-12T23:59:59+01:00,1,0,338,494,1090,2254,1510,3895,2054,5741,2829,4447,1991,2000,2045,3138,1292,4499,243,331,792,1617,1135,2903,1481,4246,2111,3280,1444,1494,1443,2322,935,3505,37910,29281,545,1,1161,0,0,2,1
2021-02-11T23:59:59+01:00,1,0,318,470,1026,2156,1456,3768,1960,5477,2744,4328,1961,1967,2005,3073,1267,4443,223,305,743,1512,1055,2677,1357,3889,1927,2973,1257,1287,1275,2046,829,3155,37521,26509,508,1,389,0,0,2,1
2021-02-10T23:59:59+01:00,1,0,312,461,1004,2116,1418,3689,1906,5315,2649,4147,1892,1917,1963,3035,1249,4417,199,259,650,1323,928,2294,1169,3285,1688,2558,1098,1113,1129,1802,722,2815,37115,23031,373,1,1,0,0,2,1
2021-02-09T23:59:59+01:00,1,0,306,451,996,2084,1402,3637,1862,5248,2582,4091,1836,1881,1895,2982,1228,4396,165,199,551,1063,780,1850,964,2675,1425,2146,952,953,941,1523,606,2402,36815,19195,60,0,1,0,0,2,1
2021-02-08T23:59:59+01:00,1,0,305,449,993,2077,1392,3620,1854,5225,2563,4075,1822,1869,1877,2964,1221,4371,114,164,451,850,617,1434,765,2025,1149,1661,766,777,749,1205,483,1953,36659,15163,16,0,1,0,0,2,1
2021-02-07T23:59:59+01:00,1,0,305,449,992,2075,1391,3615,1851,5222,2556,4072,1816,1860,1861,2957,1217,4365,105,145,401,704,543,1259,686,1810,1053,1514,693,697,673,1084,418,1736,36590,13521,13,0,0,0,0,2,1
2021-02-06T23:59:59+01:00,1,0,305,449,991,2074,1391,3612,1851,5220,2556,4069,1816,1859,1856,2955,1214,4363,105,144,396,701,538,1235,670,1791,1042,1492,690,693,668,1080,417,1732,36567,13395,13,0,0,0,0,2,0
2021-02-05T23:59:59+01:00,1,0,305,448,989,2071,1387,3603,1847,5206,2550,4063,1815,1858,1848,2947,1205,4350,101,137,381,683,521,1206,638,1739,994,1429,653,643,623,1006,391,1644,36478,12790,13,0,0,0,0,2,0
2021-02-04T23:59:59+01:00,1,0,298,431,978,2039,1368,3550,1828,5129,2535,4015,1799,1838,1823,2912,1188,4319,76,106,282,461,360,813,454,1176,682,970,505,469,482,795,305,1312,36036,9249,13,0,0,0,0,2,0
2021-02-03T23:59:59+01:00,1,0,294,422,960,2012,1352,3512,1815,5080,2501,3972,1779,1815,1807,2888,1175,4305,60,82,236,395,290,634,347,919,522,724,339,325,346,568,218,959,35675,6965,13,0,0,0,0,2,0
2021-02-02T23:59:59+01:00,1,0,290,415,954,1984,1344,3480,1804,5034,2478,3937,1761,1799,1781,2847,1154,4258,39,63,181,312,243,485,265,736,377,556,235,208,221,377,150,627,35306,5075,13,0,0,0,0,2,0
2021-02-01T23:59:59+01:00,1,0,289,413,949,1977,1341,3464,1796,5014,2470,3918,1754,1788,1766,2832,1148,4245,19,39,134,227,168,310,169,490,236,321,119,105,96,184,69,277,35150,2963,13,0,0,0,0,2,0
2021-01-31T23:59:59+01:00,1,0,288,412,947,1970,1338,3455,1793,4995,2466,3903,1750,1780,1762,2825,1146,4236,18,34,116,199,151,268,152,410,200,277,100,91,88,157,61,243,35052,2565,13,0,0,0,0,2,0
2021-01-30T23:59:59+01:00,1,0,288,412,947,1970,1338,3455,1793,4995,2466,3903,1749,1780,1762,2824,1146,4235,18,34,115,199,151,266,149,407,199,276,99,90,88,157,61,243,35049,2552,13,0,0,0,0,2,0
2021-01-29T23:59:59+01:00,1,0,286,409,945,1968,1337,3447,1787,4986,2463,3900,1743,1773,1753,2814,1139,4214,16,33,114,190,142,258,137,379,168,249,72,66,79,136,56,211,34951,2306,13,0,0,0,0,1,0
2021-01-28T23:59:59+01:00,1,0,282,401,925,1913,1313,3383,1762,4924,2435,3839,1721,1753,1722,2783,1121,4179,0,0,9,19,8,18,11,46,7,22,7,3,7,9,2,13,34444,181,12,0,0,0,0,1,0
2021-01-27T23:59:59+01:00,1,0,277,383,892,1833,1279,3269,1700,4801,2375,3739,1665,1705,1678,2717,1085,4097,0,0,4,6,5,11,7,20,3,12,6,3,7,9,2,12,33487,107,8,0,0,0,0,1,0
2021-01-26T23:59:59+01:00,1,0,271,374,882,1820,1265,3231,1683,4744,2345,3673,1634,1673,1641,2647,1068,4015,0,0,4,6,5,11,7,20,3,12,6,3,7,9,2,12,32960,107,6,0,0,0,0,1,0
2021-01-25T23:59:59+01:00,1,0,260,350,840,1701,1195,3067,1593,4473,2241,3464,1576,1620,1589,2563,1022,3847,0,0,1,3,1,3,4,3,3,5,6,3,6,8,2,12,31399,60,2,0,0,0,0,1,0
2021-01-24T23:59:59+01:00,1,0,257,347,829,1682,1185,3045,1562,4440,2215,3443,1565,1612,1579,2552,1017,3840,0,0,1,2,1,3,4,3,3,5,6,3,6,8,2,12,31168,59,2,0,0,0,0,1,0
2021-01-23T23:59:59+01:00,1,0,257,347,829,1682,1184,3044,1562,4436,2214,3442,1564,1612,1578,2551,1016,3835,0,0,1,2,1,3,4,3,3,5,6,3,6,8,2,12,31151,59,2,0,0,0,0,1,0
2021-01-22T23:59:59+01:00,1,0,256,345,823,1679,1180,3039,1559,4429,2202,3437,1552,1601,1572,2532,1011,3816,0,0,1,2,1,3,4,3,3,5,6,3,6,8,2,12,31031,59,2,0,0,0,0,1,0
2021-01-21T23:59:59+01:00,1,0,245,335,796,1613,1155,2912,1503,4268,2122,3302,1454,1499,1440,2369,932,3635,0,0,1,2,1,3,4,2,3,5,4,2,5,8,1,12,29578,53,2,0,0,0,0,1,0
2021-01-20T23:59:59+01:00,1,0,222,291,724,1456,1065,2598,1367,3808,1949,2948,1333,1353,1320,2174,861,3415,0,0,1,2,1,3,4,2,3,5,4,2,5,8,1,12,26882,53,2,0,0,0,0,1,0
2021-01-19T23:59:59+01:00,1,0,191,235,625,1208,919,2152,1147,3191,1668,2518,1153,1155,1094,1838,716,2902,0,0,1,1,1,2,4,1,2,5,4,2,5,8,1,12,22710,49,2,0,0,0,0,1,0
2021-01-18T23:59:59+01:00,1,0,133,185,491,947,710,1637,879,2321,1298,1906,903,924,875,1457,560,2313,0,0,0,0,0,0,0,0,1,2,2,1,0,0,0,0,17538,6,1,0,0,0,0,1,0
2021-01-17T23:59:59+01:00,1,0,120,159,431,776,625,1415,778,2068,1186,1717,839,845,795,1321,501,2106,0,0,0,0,0,0,0,0,0,1,0,0,0,0,0,0,15682,1,0,0,0,0,0,1,0
2021-01-16T23:59:59+01:00,1,0,120,158,427,775,623,1407,768,2064,1178,1710,837,840,790,1310,493,2091,0,0,0,0,0,0,0,0,0,0,0,0,0,0,0,0,15592,0,0,0,0,0,0,0,0
2021-01-15T23:59:59+01:00,1,0,110,152,415,754,597,1369,736,1986,1117,1629,793,788,747,1225,463,1977,0,0,0,0,0,0,0,0,0,0,0,0,0,0,0,0,14859,0,0,0,0,0,0,0,0
2021-01-14T23:59:59+01:00,1,0,76,112,298,487,395,884,508,1278,762,1068,579,546,543,903,353,1501,0,0,0,0,0,0,0,0,0,0,0,0,0,0,0,0,10294,0,0,0,0,0,0,0,0
2021-01-13T23:59:59+01:00,1,0,59,85,246,410,319,667,378,978,556,761,365,344,362,614,246,1037,0,0,0,0,0,0,0,0,0,0,0,0,0,0,0,0,7428,0,0,0,0,0,0,0,0
2021-01-12T23:59:59+01:00,0,0,48,69,200,352,257,542,278,804,405,596,245,217,227,406,166,691,0,0,0,0,0,0,0,0,0,0,0,0,0,0,0,0,5503,0,0,0,0,0,0,0,0
2021-01-11T23:59:59+01:00,0,0,32,50,174,303,210,441,218,647,297,420,150,126,129,248,88,397,0,0,0,0,0,0,0,0,0,0,0,0,0,0,0,0,3930,0,0,0,0,0,0,0,0
2021-01-10T23:59:59+01:00,0,0,24,41,152,254,180,363,179,536,248,359,129,106,114,204,77,320,0,0,0,0,0,0,0,0,0,0,0,0,0,0,0,0,3286,0,0,0,0,0,0,0,0
2021-01-09T23:59:59+01:00,0,0,24,41,151,252,179,361,177,530,247,358,128,105,114,204,77,320,0,0,0,0,0,0,0,0,0,0,0,0,0,0,0,0,3268,0,0,0,0,0,0,0,0
2021-01-08T23:59:59+01:00,0,0,22,40,149,243,171,351,164,499,218,332,104,89,109,189,71,298,0,0,0,0,0,0,0,0,0,0,0,0,0,0,0,0,3049,0,0,0,0,0,0,0,0
2021-01-07T23:59:59+01:00,0,0,1,0,4,9,8,13,10,6,16,11,10,9,14,21,2,32,0,0,0,0,0,0,0,0,0,0,0,0,0,0,0,0,166,0,0,0,0,0,0,0,0
2021-01-06T23:59:59+01:00,0,0,0,0,1,3,1,5,5,2,3,6,6,2,7,10,1,14,0,0,0,0,0,0,0,0,0,0,0,0,0,0,0,0,66,0,0,0,0,0,0,0,0
2021-01-05T23:59:59+01:00,0,0,0,0,1,3,1,5,5,2,3,5,6,2,6,9,1,13,0,0,0,0,0,0,0,0,0,0,0,0,0,0,0,0,62,0,0,0,0,0,0,0,0
2021-01-04T23:59:59+01:00,0,0,0,0,1,3,1,4,4,2,3,5,6,2,5,8,1,13,0,0,0,0,0,0,0,0,0,0,0,0,0,0,0,0,58,0,0,0,0,0,0,0,0
2021-01-03T23:59:59+01:00,0,0,0,0,1,2,1,4,4,2,3,5,5,2,5,8,1,13,0,0,0,0,0,0,0,0,0,0,0,0,0,0,0,0,56,0,0,0,0,0,0,0,0
2021-01-02T23:59:59+01:00,0,0,0,0,1,2,1,4,4,2,3,5,5,2,5,8,1,13,0,0,0,0,0,0,0,0,0,0,0,0,0,0,0,0,56,0,0,0,0,0,0,0,0
2021-01-01T23:59:59+01:00,0,0,0,0,1,2,1,3,4,2,3,5,5,2,5,8,1,13,0,0,0,0,0,0,0,0,0,0,0,0,0,0,0,0,55,0,0,0,0,0,0,0,0
2020-12-31T23:59:59+01:00,0,0,0,0,1,2,1,3,4,2,3,5,5,2,5,8,1,13,0,0,0,0,0,0,0,0,0,0,0,0,0,0,0,0,55,0,0,0,0,0,0,0,0
2020-12-30T23:59:59+01:00,0,0,0,0,1,2,1,3,4,2,3,5,5,2,5,8,1,13,0,0,0,0,0,0,0,0,0,0,0,0,0,0,0,0,55,0,0,0,0,0,0,0,0
2020-12-29T23:59:59+01:00,0,0,0,0,1,1,1,2,4,1,2,5,5,2,5,8,1,13,0,0,0,0,0,0,0,0,0,0,0,0,0,0,0,0,51,0,0,0,0,0,0,0,0
2020-12-28T23:59:59+01:00,0,0,0,0,1,1,1,1,2,0,1,5,4,1,1,0,0,2,0,0,0,0,0,0,0,0,0,0,0,0,0,0,0,0,20,0,0,0,0,0,0,0,0
2020-12-27T23:59:59+01:00,0,0,0,0,1,1,1,1,2,0,0,3,2,0,1,0,0,2,0,0,0,0,0,0,0,0,0,0,0,0,0,0,0,0,14,0,0,0,0,0,0,0,0
