Datum,<15_m,<15_w,15-24_1_m,15-24_1_w,25-34_1_m,25-34_1_w,35-44_1_m,35-44_1_w,45-54_1_m,45-54_1_w,55-64_1_m,55-64_1_w,65-74_1_m,65-74_1_w,75-84_1_m,75-84_1_w,>84_1_m,>84_1_w,<24_2_m,<24_2_w,25-34_2_m,25-34_2_w,35-44_2_m,35-44_2_w,45-54_2_m,45-54_2_w,55-64_2_m,55-64_2_w,65-74_2_m,65-74_2_w,75-84_2_m,75-84_2_w,>84_2_m,>84_2_w,bp_1,bp_2,mo_1,mo_2,az_1,az_2,ja,unb_1,unb_2
2021-10-19T23:59:59+02:00,5627,5236,39061,37563,54343,48780,55054,53618,65628,65519,75325,75271,54271,59872,37443,48414,11686,22261,36223,34891,51663,45915,52766,50946,63294,62816,73132,72976,53020,58437,36605,47261,11312,21485,593237,566989,79171,76391,105568,101542,36965,33,29
2021-10-18T23:59:59+02:00,5599,5211,38954,37454,54236,48694,54985,53546,65571,65489,75274,75239,54261,59858,37436,48405,11684,22260,36093,34768,51553,45807,52695,50862,63249,62761,73083,72931,52999,58408,36596,47246,11306,21480,592501,566063,79161,76363,105568,101542,36895,33,29
2021-10-17T23:59:59+02:00,5594,5203,38945,37442,54221,48679,54981,53536,65565,65478,75267,75235,54258,59854,37434,48404,11684,22257,36073,34739,51531,45784,52679,50841,63235,62744,73066,72919,52988,58396,36591,47239,11306,21474,592386,565820,79161,76358,105568,101541,36891,33,29
2021-10-16T23:59:59+02:00,5594,5203,38944,37442,54220,48678,54980,53534,65565,65478,75267,75235,54258,59854,37434,48404,11684,22257,36068,34735,51528,45781,52675,50837,63233,62740,73064,72918,52987,58395,36590,47238,11306,21472,592382,565778,79161,76358,105568,101541,36889,33,29
2021-10-15T23:59:59+02:00,5589,5200,38927,37428,54202,48667,54974,53529,65548,65472,75260,75223,54250,59852,37430,48397,11683,22257,36056,34733,51522,45775,52672,50832,63228,62733,73061,72913,52983,58392,36587,47237,11306,21471,592250,565715,79161,76356,105568,101541,36878,33,29
2021-10-14T23:59:59+02:00,5531,5144,38796,37314,54073,48567,54885,53448,65484,65396,75194,75173,54217,59830,37420,48378,11678,22246,35774,34407,51305,45552,52522,50662,63085,62592,72966,72838,52927,58345,36563,47207,11301,21462,591248,563635,79144,76318,105568,101531,36783,33,29
2021-10-13T23:59:59+02:00,5491,5111,38763,37275,54042,48531,54858,53414,65459,65372,75175,75148,54205,59818,37412,48369,11673,22241,35734,34367,51280,45508,52487,50627,63051,62556,72934,72810,52904,58329,36554,47184,11300,21451,590849,563208,79133,76280,105568,101515,36776,33,29
2021-10-12T23:59:59+02:00,5458,5089,38690,37232,53984,48463,54817,53366,65427,65337,75138,75108,54190,59800,37402,48353,11667,22232,35679,34317,51236,45454,52452,50592,63017,62515,72897,72766,52880,58300,36533,47159,11294,21438,590259,562635,79131,76277,105568,101511,36764,33,29
2021-10-11T23:59:59+02:00,5404,5038,38531,37102,53854,48351,54716,53286,65353,65280,75091,75080,54178,59782,37390,48342,11665,22228,35452,34099,51052,45266,52323,50458,62922,62406,72812,72702,52841,58262,36517,47130,11289,21425,589329,561048,79131,76275,105568,101506,36612,33,29
2021-10-10T23:59:59+02:00,5385,5028,38487,37063,53812,48310,54696,53258,65336,65262,75076,75060,54175,59778,37386,48339,11664,22222,35418,34078,51030,45239,52305,50442,62911,62394,72799,72688,52837,58253,36512,47120,11286,21421,589014,560826,79128,76267,105568,101503,36596,33,29
2021-10-09T23:59:59+02:00,5385,5028,38487,37063,53812,48310,54696,53258,65336,65262,75076,75060,54175,59778,37386,48339,11664,22222,35417,34078,51030,45239,52305,50442,62909,62394,72799,72688,52837,58253,36512,47120,11286,21421,589014,560825,79128,76266,105568,101502,36596,33,29
2021-10-08T23:59:59+02:00,5377,5015,38469,37045,53799,48293,54689,53254,65325,65254,75063,75051,54173,59775,37384,48334,11663,22221,35403,34059,51018,45224,52300,50431,62900,62386,72793,72682,52835,58251,36510,47116,11286,21419,588873,560707,79128,76264,105568,101501,36584,33,29
2021-10-07T23:59:59+02:00,5309,4931,38296,36897,53676,48170,54580,53152,65228,65165,74994,75003,54153,59738,37361,48309,11656,22208,35032,33711,50771,44914,52100,50164,62704,62190,72623,72525,52769,58181,36482,47068,11273,21394,587578,558479,79099,75500,105566,101495,36552,33,29
2021-10-06T23:59:59+02:00,5274,4904,38250,36857,53645,48133,54537,53119,65183,65131,74969,74981,54136,59725,37354,48293,11650,22200,34991,33675,50749,44886,52079,50142,62675,62175,72598,72509,52747,58152,36464,47049,11266,21383,587119,558105,79094,75499,105566,101493,36531,33,29
2021-10-05T23:59:59+02:00,5242,4879,38172,36785,53584,48070,54487,53057,65121,65073,74926,74935,54098,59696,37334,48261,11640,22167,34927,33606,50703,44823,52046,50100,62622,62137,72558,72469,52715,58114,36435,46996,11258,21361,586373,557427,79075,75498,105566,101491,36482,33,29
2021-10-04T23:59:59+02:00,5181,4822,37960,36619,53417,47957,54374,52954,65054,64999,74861,74888,54068,59664,37319,48243,11631,22152,34626,33258,50461,44582,51864,49923,62461,61984,72443,72372,52657,58053,36381,46939,11246,21342,585297,555180,79066,75498,105566,101491,36203,33,29
2021-10-03T23:59:59+02:00,5170,4808,37938,36594,53385,47925,54351,52939,65037,64981,74852,74876,54061,59651,37314,48230,11631,22148,34573,33222,50412,44539,51826,49874,62418,61945,72403,72340,52640,58030,36369,46924,11244,21334,585059,554698,79063,75498,105562,101482,36176,33,29
2021-10-02T23:59:59+02:00,5168,4799,37934,36587,53378,47921,54349,52937,65034,64980,74850,74873,54061,59650,37314,48230,11631,22148,34571,33220,50404,44537,51823,49874,62416,61945,72403,72339,52640,58029,36369,46924,11244,21334,585024,554689,79063,75497,105562,101482,36164,33,29
2021-10-01T23:59:59+02:00,5160,4782,37889,36559,53346,47897,54325,52912,65003,64965,74824,74856,54051,59645,37311,48227,11628,22146,34552,33209,50386,44529,51809,49860,62403,61936,72386,72327,52631,58023,36366,46922,11242,21332,584782,554606,79061,75495,105562,101476,36090,33,29
2021-09-30T23:59:59+02:00,5071,4720,37685,36361,53180,47738,54183,52785,64901,64847,74754,74801,54036,59615,37300,48211,11625,22139,34410,33056,50293,44404,51734,49746,62318,61844,72320,72268,52619,57993,36358,46897,11239,21322,583280,554027,79044,74884,105559,101472,36039,32,29
2021-09-29T23:59:59+02:00,5049,4699,37653,36320,53136,47690,54145,52737,64870,64810,74724,74774,54019,59591,37288,48200,11621,22127,34383,33020,50266,44378,51712,49725,62298,61814,72298,72248,52610,57984,36353,46887,11236,21314,582825,553740,79032,74880,105559,101467,36007,32,29
2021-09-28T23:59:59+02:00,5026,4676,37594,36264,53096,47643,54110,52694,64826,64767,74680,74739,53982,59555,37269,48178,11612,22116,34327,32982,50235,44353,51687,49704,62272,61794,72262,72218,52580,57945,36331,46860,11233,21302,582272,553350,79030,74874,105559,101463,35936,32,29
2021-09-27T23:59:59+02:00,4951,4616,37394,36088,52912,47483,53990,52584,64722,64660,74581,74660,53953,59527,37257,48159,11610,22104,33905,32594,49928,44031,51458,49456,62075,61608,72133,72092,52539,57885,36310,46829,11231,21292,581222,550841,79004,74873,105559,101462,35436,32,29
2021-09-26T23:59:59+02:00,4948,4610,37374,36058,52883,47467,53976,52569,64707,64650,74569,74650,53946,59516,37256,48156,11610,22099,33891,32587,49916,44016,51453,49447,62062,61602,72125,72085,52535,57877,36309,46824,11229,21288,581048,550730,78987,74865,105559,101461,35420,32,29
2021-09-25T23:59:59+02:00,4945,4607,37368,36054,52880,47463,53972,52566,64705,64646,74565,74647,53945,59513,37255,48155,11610,22098,33888,32587,49915,44016,51453,49446,62062,61601,72123,72085,52535,57876,36309,46824,11229,21288,581004,550724,78985,74865,105559,101461,35416,32,29
2021-09-24T23:59:59+02:00,4942,4604,37350,36040,52859,47450,53951,52554,64686,64635,74551,74637,53938,59510,37252,48151,11610,22094,33878,32571,49900,44008,51434,49431,62049,61595,72104,72076,52528,57869,36303,46817,11229,21286,580888,550619,78985,74863,105556,101460,35355,32,29
2021-09-23T23:59:59+02:00,4812,4484,36945,35620,52506,47117,53658,52282,64444,64417,74367,74506,53878,59454,37220,48105,11601,22074,33691,32400,49681,43855,51265,49327,61899,61490,71988,72001,52492,57844,36278,46794,11227,21278,578556,549949,78941,74840,105556,101457,34408,31,29
2021-09-22T23:59:59+02:00,4785,4463,36903,35563,52440,47039,53592,52221,64377,64365,74308,74453,53849,59431,37212,48088,11599,22069,33655,32357,49638,43798,51206,49275,61844,61450,71940,71967,52473,57826,36272,46783,11225,21277,578123,549689,78933,74837,105553,101456,34119,31,29
2021-09-21T23:59:59+02:00,4769,4440,36846,35514,52374,46975,53547,52171,64310,64314,74250,74399,53806,59399,37199,48062,11594,22060,33624,32305,49606,43751,51167,49231,61798,61412,71901,71925,52442,57802,36261,46765,11224,21270,577570,549323,78924,74835,105551,101451,33955,31,29
2021-09-20T23:59:59+02:00,4665,4376,36511,35209,52052,46666,53312,51949,64100,64125,74091,74286,53742,59345,37178,48027,11587,22054,33113,31870,49228,43417,50882,48929,61544,61201,71734,71773,52386,57737,36238,46720,11217,21260,575731,546616,78919,74830,105550,101445,33046,31,28
2021-09-19T23:59:59+02:00,4652,4371,36498,35198,52041,46658,53298,51937,64087,64120,74083,74276,53739,59339,37175,48024,11586,22054,33092,31853,49224,43407,50874,48917,61530,61190,71722,71763,52380,57733,36237,46718,11217,21257,575625,546493,78912,74826,105549,101444,33021,31,28
2021-09-18T23:59:59+02:00,4652,4371,36496,35197,52039,46657,53298,51936,64087,64120,74083,74276,53739,59339,37175,48024,11586,22054,33089,31853,49220,43405,50874,48917,61530,61190,71722,71763,52380,57733,36237,46718,11217,21257,575623,546488,78912,74826,105549,101444,33016,31,28
2021-09-17T23:59:59+02:00,4645,4358,36482,35173,52018,46639,53287,51918,64073,64111,74068,74257,53730,59332,37172,48019,11585,22054,33082,31837,49208,43395,50870,48909,61529,61186,71714,71751,52373,57731,36237,46717,11217,21256,575461,546437,78912,74826,105548,101442,32971,31,28
2021-09-16T23:59:59+02:00,4494,4207,36113,34809,51762,46339,53074,51653,63889,63926,73911,74107,53675,59272,37156,47984,11580,22042,32954,31731,49126,43288,50791,48827,61468,61131,71663,71718,52358,57717,36227,46705,11216,21250,573019,545598,78454,74746,105547,101437,32944,31,28
2021-09-15T23:59:59+02:00,4451,4169,36045,34734,51718,46286,53007,51597,63839,63877,73873,74064,53657,59251,37146,47973,11579,22036,32901,31680,49075,43236,50734,48777,61422,61087,71633,71687,52350,57696,36217,46695,11216,21244,572647,545264,78368,74731,105547,101425,32711,31,28
2021-09-14T23:59:59+02:00,4410,4129,35982,34682,51667,46215,52966,51547,63793,63832,73829,74022,53632,59232,37131,47954,11577,22032,32836,31609,49031,43187,50700,48733,61368,61049,71598,71646,52328,57673,36208,46681,11215,21241,572106,544715,78298,74725,105547,101418,32652,31,28
2021-09-13T23:59:59+02:00,4259,3952,35614,34251,51394,45901,52751,51313,63583,63623,73694,73897,53577,59163,37094,47920,11576,22024,32372,31136,48796,42939,50517,48532,61220,60866,71456,71535,52275,57614,36192,46645,11209,21231,569517,541726,77873,74645,105546,101412,32620,31,28
2021-09-12T23:59:59+02:00,4250,3942,35592,34235,51379,45878,52733,51296,63569,63606,73685,73887,53574,59157,37089,47919,11576,22023,32347,31118,48781,42921,50507,48524,61209,60852,71440,71523,52269,57606,36186,46643,11206,21230,569368,541571,77857,74637,105535,101397,32600,31,28
2021-09-11T23:59:59+02:00,4247,3939,35588,34231,51378,45876,52728,51289,63567,63601,73683,73881,53570,59152,37089,47917,11576,22023,32338,31114,48778,42918,50504,48521,61206,60848,71437,71520,52267,57604,36186,46641,11206,21230,569341,541551,77857,74637,105535,101397,32572,31,28
2021-09-10T23:59:59+02:00,4246,3938,35475,34132,51182,45722,52537,51148,63390,63487,73549,73790,53532,59113,37069,47899,11574,22018,32212,31005,48580,42752,50306,48384,61016,60726,71303,71425,52225,57561,36164,46620,11203,21225,569284,541398,77855,74635,105534,101395,31098,31,28
2021-09-09T23:59:59+02:00,4218,3899,35396,34065,51125,45653,52476,51060,63332,63429,73509,73752,53509,59085,37055,47880,11572,22014,32118,30938,48536,42703,50255,48343,60975,60692,71260,71391,52207,57547,36157,46605,11202,21221,568677,540917,77820,74628,105515,101373,30987,31,28
2021-09-08T23:59:59+02:00,4193,3879,35362,34023,51101,45623,52458,51034,63298,63396,73488,73729,53502,59070,37048,47869,11572,22011,32060,30909,48497,42677,50227,48312,60939,60663,71244,71370,52194,57534,36147,46594,11199,21203,568330,540541,77820,74627,105515,101361,30961,31,28
2021-09-07T23:59:59+02:00,4180,3865,35322,33980,51071,45592,52434,51008,63273,63373,73452,73699,53490,59054,37032,47855,11570,22005,32013,30861,48463,42642,50187,48275,60914,60632,71211,71341,52181,57518,36138,46581,11196,21199,567958,540123,77820,74625,105515,101353,30932,31,28
2021-09-06T23:59:59+02:00,4004,3681,34842,33507,50694,45203,52168,50706,63047,63134,73294,73548,53426,58973,37013,47814,11567,21996,31804,30678,48261,42487,50044,48135,60801,60514,71116,71252,52134,57472,36122,46562,11191,21186,565147,539265,77820,74624,105515,101349,30105,31,28
2021-09-05T23:59:59+02:00,3996,3669,34825,33492,50691,45196,52156,50698,63035,63124,73279,73543,53421,58965,37007,47807,11565,21992,31786,30659,48242,42472,50031,48127,60790,60504,71106,71247,52128,57460,36120,46557,11190,21184,565012,539127,77819,74622,105515,101335,30085,31,28
2021-09-04T23:59:59+02:00,3996,3669,34824,33492,50689,45196,52155,50697,63035,63124,73279,73543,53421,58965,37007,47807,11565,21992,31785,30657,48241,42472,50029,48125,60790,60504,71105,71247,52128,57460,36120,46557,11190,21184,565010,539123,77819,74620,105515,101335,30082,31,28
2021-09-03T23:59:59+02:00,3948,3622,34660,33360,50536,45072,52044,50578,62885,63000,73154,73443,53381,58917,36986,47786,11561,21989,31511,30465,48040,42301,49858,47957,60584,60332,70960,71101,52074,57403,36095,46534,11188,21180,564871,538990,77220,73375,105504,101322,29297,31,28
2021-09-02T23:59:59+02:00,3922,3592,34601,33313,50502,45032,52012,50545,62844,62959,73115,73416,53361,58905,36977,47768,11561,21983,31442,30405,47990,42254,49817,47913,60529,60280,70919,71074,52056,57387,36086,46525,11187,21175,564459,538599,77198,73371,105504,101212,29217,31,28
2021-09-01T23:59:59+02:00,3906,3578,34575,33280,50479,45005,51993,50523,62824,62926,73086,73398,53352,58896,36973,47760,11561,21982,31392,30366,47957,42227,49787,47888,60498,60256,70896,71043,52036,57368,36076,46518,11187,21172,564191,538253,77195,73365,105504,101185,29177,31,28
2021-08-31T23:59:59+02:00,3879,3565,34535,33233,50452,44969,51965,50491,62796,62894,73056,73366,53332,58874,36965,47747,11558,21982,31332,30334,47928,42202,49765,47871,60471,60240,70881,71016,52022,57358,36073,46511,11184,21166,563800,537976,77195,73361,105503,101178,29131,31,28
2021-08-30T23:59:59+02:00,3653,3355,33946,32717,50028,44590,51613,50143,62505,62631,72849,73188,53248,58789,36935,47700,11555,21974,31050,30070,47628,41968,49537,47699,60289,60109,70726,70912,51954,57313,36055,46479,11181,21159,560795,536881,77195,73358,105502,101168,27898,30,28
2021-08-29T23:59:59+02:00,3647,3347,33925,32694,50013,44581,51599,50125,62494,62617,72839,73172,53240,58784,36933,47693,11555,21972,31032,30050,47606,41941,49516,47682,60272,60092,70714,70900,51951,57305,36052,46478,11181,21157,560653,536762,77192,73357,105501,101124,27855,30,28
2021-08-28T23:59:59+02:00,3647,3347,33922,32694,50008,44580,51598,50123,62492,62614,72837,73171,53239,58782,36933,47693,11555,21972,31023,30041,47601,41939,49513,47679,60269,60088,70711,70898,51950,57301,36052,46478,11181,21157,560644,536726,77192,73356,105501,101124,27841,30,28
2021-08-27T23:59:59+02:00,3643,3341,33914,32675,50005,44576,51586,50116,62485,62609,72820,73165,53235,58779,36932,47692,11554,21971,31005,30023,47593,41929,49503,47670,60262,60080,70699,70897,51948,57300,36051,46477,11180,21157,560570,536648,77192,73354,105501,101121,27806,30,28
2021-08-26T23:59:59+02:00,3618,3313,33873,32625,49978,44538,51544,50067,62439,62585,72787,73135,53225,58769,36925,47690,11553,21967,30707,29754,47375,41716,49328,47514,60146,59979,70614,70826,51914,57267,36034,46453,11178,21153,560218,534822,77165,73348,105500,101056,27719,30,28
2021-08-25T23:59:59+02:00,3577,3289,33823,32582,49951,44492,51508,50038,62400,62551,72751,73111,53216,58751,36919,47675,11552,21966,29949,29053,46935,41302,49002,47222,59921,59754,70438,70675,51847,57191,36012,46418,11169,21145,559786,530486,77165,73345,105500,101033,27672,30,28
2021-08-24T23:59:59+02:00,3537,3266,33764,32523,49919,44450,51480,49991,62355,62502,72708,73064,53195,58726,36906,47662,11550,21958,29715,28831,46802,41171,48894,47116,59829,59660,70353,70576,51801,57144,35991,46406,11165,21142,559295,529046,77162,73341,105498,100999,27572,30,28
2021-08-23T23:59:59+02:00,3233,3000,33128,31900,49493,44052,51138,49686,62026,62205,72415,72832,53098,58637,36867,47599,11539,21949,29296,28438,46415,40871,48653,46903,59557,59450,70128,70429,51725,57073,35966,46363,11159,21135,556226,527591,77159,73338,105496,100994,25887,30,28
2021-08-22T23:59:59+02:00,3222,2992,33118,31894,49484,44042,51130,49680,62021,62198,72410,72830,53095,58634,36865,47597,11539,21948,29272,28421,46396,40863,48644,46893,59546,59442,70121,70426,51716,57069,35963,46360,11159,21135,556161,527495,77155,73331,105492,100980,25862,30,28
2021-08-21T23:59:59+02:00,3220,2992,33113,31891,49482,44041,51129,49677,62018,62197,72409,72829,53095,58634,36865,47597,11539,21948,29259,28408,46391,40859,48638,46889,59542,59442,70121,70425,51715,57069,35963,46360,11159,21135,556146,527456,77155,73324,105492,100980,25854,30,28
2021-08-20T23:59:59+02:00,3204,2981,32989,31798,49290,43904,50955,49567,61836,62069,72263,72747,53047,58592,36850,47579,11536,21944,28719,27908,45909,40489,48356,46678,59284,59258,69917,70300,51630,57011,35933,46332,11155,21128,555920,525754,77155,73149,105492,100747,24555,30,28
2021-08-19T23:59:59+02:00,3177,2958,32939,31759,49256,43869,50907,49528,61791,62031,72214,72708,53021,58572,36843,47564,11532,21937,27778,27052,45123,39886,47930,46317,58951,58984,69641,70077,51530,56922,35891,46284,11150,21123,555507,521375,77120,72174,105487,100655,24463,30,28
2021-08-18T23:59:59+02:00,3156,2939,32892,31715,49220,43834,50868,49492,61747,61995,72167,72681,52992,58555,36829,47550,11531,21932,26483,25749,44195,39012,47223,45576,58272,58400,69153,69620,51343,56701,35814,46192,11138,21106,555075,515834,77099,68963,105484,100602,24408,30,28
2021-08-17T23:59:59+02:00,3132,2916,32823,31652,49176,43766,50825,49457,61701,61950,72131,72640,52969,58531,36816,47538,11528,21927,25193,24356,43321,38319,46623,45096,57739,57958,68720,69295,51208,56517,35739,46113,11122,21092,554526,510214,77094,66876,105483,100566,24346,30,28
2021-08-16T23:59:59+02:00,3121,2895,32806,31633,49153,43743,50816,49440,61681,61932,72110,72625,52959,58523,36814,47527,11526,21923,23755,22960,42419,37471,46347,44803,57513,57697,68513,69136,51135,56431,35708,46068,11120,21078,554298,503846,77091,66844,105481,100553,24328,30,28
2021-08-15T23:59:59+02:00,3113,2883,32792,31615,49142,43737,50805,49429,61665,61916,72095,72613,52955,58514,36811,47527,11526,21923,21327,20505,41665,36927,45980,44430,57181,57398,68228,68879,51024,56329,35671,46012,11117,21068,554161,495106,77090,66665,105471,100537,24310,30,28
2021-08-14T23:59:59+02:00,3113,2882,32787,31613,49138,43735,50802,49427,61660,61913,72091,72607,52955,58514,36810,47527,11526,21923,21301,20478,41628,36896,45963,44415,57167,57386,68216,68868,51022,56326,35670,46011,11117,21067,554154,494917,77089,66664,105471,100537,24280,30,28
2021-08-13T23:59:59+02:00,3099,2865,32744,31585,49115,43721,50780,49410,61627,61882,72069,72587,52949,58507,36807,47522,11525,21920,21183,20391,41540,36798,45901,44362,57119,57348,68176,68835,51005,56314,35661,46003,11116,21065,553997,494327,77088,66661,105470,100516,24130,30,28
2021-08-12T23:59:59+02:00,3081,2836,32697,31536,49083,43681,50742,49381,61573,61855,72033,72551,52933,58488,36790,47513,11524,21917,20713,20077,40587,35988,45531,44033,56901,57169,67999,68671,50933,56230,35631,45959,11111,21058,553588,490088,77084,66659,105468,100471,24045,30,28
2021-08-11T23:59:59+02:00,3039,2805,32640,31492,49049,43647,50718,49357,61546,61824,72005,72523,52911,58462,36778,47504,11523,21910,19817,19192,39257,34798,44925,43454,56540,56840,67706,68397,50811,56092,35594,45900,11109,21045,553173,482657,77078,66654,105468,100449,23985,30,28
2021-08-10T23:59:59+02:00,3023,2786,32587,31447,49017,43618,50689,49324,61527,61785,71967,72478,52889,58446,36767,47481,11522,21905,18792,18222,37157,32930,44038,42576,56085,56440,67315,68050,50661,55939,35533,45804,11104,21025,552717,472399,77077,66652,105467,100430,23968,30,28
2021-08-09T23:59:59+02:00,3007,2779,32558,31422,48993,43598,50662,49306,61507,61767,71947,72458,52879,58437,36762,47471,11520,21904,17371,16807,34171,30507,43373,41941,55676,56076,66982,67723,50517,55790,35482,45755,11099,21007,552465,460203,77075,66648,105463,100418,23945,30,28
2021-08-08T23:59:59+02:00,3004,2779,32545,31410,48982,43591,50657,49300,61496,61759,71943,72457,52878,58435,36762,47468,11520,21903,17343,16777,34150,30492,43336,41911,55662,56063,66973,67718,50512,55785,35481,45752,11098,21006,552404,460018,77075,66643,105451,100399,23930,30,28
2021-08-07T23:59:59+02:00,3003,2774,32538,31399,48980,43583,50651,49300,61494,61756,71936,72455,52877,58433,36761,47468,11520,21903,17314,16744,34124,30474,43301,41880,55641,56046,66962,67711,50507,55783,35479,45752,11098,21005,552357,459788,77075,66640,105451,100398,23919,30,28
2021-08-06T23:59:59+02:00,2914,2682,32190,31173,48720,43387,50392,49071,61205,61551,71661,72288,52745,58330,36707,47416,11517,21894,17104,16604,33408,29995,42829,41511,55298,55819,66652,67534,50377,55690,35430,45716,11095,20998,552286,458111,75965,66351,105447,100396,22116,30,28
2021-08-05T23:59:59+02:00,2868,2643,32031,31053,48628,43297,50312,49016,61152,61506,71608,72247,52719,58311,36698,47399,11515,21892,16872,16352,31545,28559,41784,40558,55023,55473,66440,67362,50313,55613,35407,45677,11088,20989,551403,451295,75962,66278,105438,100272,22063,30,28
2021-08-04T23:59:59+02:00,2793,2567,31763,30861,48431,43162,50160,48905,61072,61430,71545,72191,52689,58271,36685,47384,11512,21887,16583,16106,31188,28337,40592,39484,54633,55142,66264,67210,50250,55531,35377,45649,11085,20982,550108,446983,75961,66259,105436,100199,21777,27,27
2021-08-03T23:59:59+02:00,2605,2386,31248,30394,48182,42914,49985,48711,60910,61259,71399,72044,52635,58199,36663,47355,11502,21873,16145,15659,30601,27813,38859,37866,53941,54496,65930,66898,50153,55402,35330,45597,11080,20972,547150,439308,75961,66252,105433,100180,21694,27,27
2021-08-02T23:59:59+02:00,2494,2291,30932,30109,47980,42730,49833,48583,60803,61153,71311,71962,52602,58167,36641,47336,11501,21870,15839,15388,30263,27459,36719,36041,53382,53981,65722,66723,50081,55317,35308,45569,11078,20968,545208,432462,75958,66247,105428,100068,21678,27,27
2021-08-01T23:59:59+02:00,2491,2288,30921,30100,47961,42718,49822,48575,60790,61143,71301,71957,52598,58159,36637,47336,11501,21870,15716,15262,30126,27343,34415,34187,53085,53729,65628,66654,50041,55276,35301,45550,11077,20966,545154,427013,75956,66242,105381,100044,21651,27,27
2021-07-31T23:59:59+02:00,2491,2288,30916,30096,47959,42716,49820,48575,60789,61143,71301,71955,52595,58156,36637,47336,11501,21869,15701,15249,30092,27319,34403,34180,53067,53721,65616,66649,50037,55271,35301,45549,11076,20965,545135,426862,75956,66241,105380,100040,21646,27,27
2021-07-30T23:59:59+02:00,2477,2283,30870,30050,47927,42695,49796,48550,60755,61114,71266,71937,52586,58145,36637,47336,11501,21867,15541,14949,29827,27005,34222,33931,52866,53427,65450,66446,49990,55225,35290,45537,11076,20964,544963,426495,75950,66231,105377,98130,21476,27,27
2021-07-29T23:59:59+02:00,2445,2263,30713,29958,47844,42634,49742,48484,60694,61073,71221,71891,52567,58126,36629,47320,11498,21862,15225,14671,29512,26786,32935,32985,52081,52815,65094,66178,49891,55132,35247,45480,11071,20956,544298,423789,75943,63494,105366,97986,21331,27,27
2021-07-28T23:59:59+02:00,2398,2226,30559,29849,47761,42566,49669,48412,60620,60994,71154,71834,52543,58088,36611,47301,11497,21857,14823,14298,29071,26471,32564,32654,51371,52202,64702,65851,49796,55029,35213,45423,11055,20937,543347,419646,75939,63440,105360,97599,21267,27,27
2021-07-27T23:59:59+02:00,2320,2153,30318,29582,47609,42386,49524,48274,60510,60870,71054,71746,52485,58028,36583,47262,11489,21850,14178,13641,28304,25839,31812,32001,50119,51106,63970,65285,49608,54822,35145,45308,11048,20917,541516,411296,75929,63414,105354,97501,21218,27,27
2021-07-26T23:59:59+02:00,2259,2098,30115,29351,47491,42257,49449,48191,60445,60805,71003,71700,52459,57996,36571,47249,11487,21841,13814,13265,27946,25547,31194,31589,48564,49734,62994,64459,49402,54616,35077,45227,11038,20904,540282,403574,75926,63408,105350,97467,21183,27,27
2021-07-25T23:59:59+02:00,2014,1896,29296,28677,47097,41939,49162,47904,60210,60580,70819,71542,52403,57921,36544,47208,11486,21833,13722,13205,27851,25482,31109,31522,48443,49670,62907,64408,49380,54598,35070,45218,11038,20903,536098,402938,75926,63401,105343,97306,21138,27,27
2021-07-24T23:59:59+02:00,1933,1828,29038,28446,46947,41833,49044,47803,60053,60461,70690,71462,52354,57891,36526,47187,11484,21833,13587,13092,27650,25345,30947,31392,48230,49500,62743,64313,49336,54568,35055,45200,11036,20901,535402,402322,75923,63398,105342,97305,20120,27,27
2021-07-23T23:59:59+02:00,1818,1708,28707,28120,46700,41679,48787,47590,59804,60273,70486,71334,52279,57820,36507,47150,11480,21824,13332,12866,27217,25029,30562,31084,47630,49011,62413,64074,49252,54502,35033,45156,11031,20892,534400,399907,75546,63344,105331,97302,18763,27,27
2021-07-22T23:59:59+02:00,1806,1701,28629,28040,46560,41540,48573,47380,59626,60131,70367,71205,52236,57783,36491,47133,11480,21824,13102,12605,26884,24698,30209,30765,45701,47448,61607,63373,49156,54400,34995,45112,11028,20882,534092,393199,74397,63195,105288,97078,18702,27,27
2021-07-21T23:59:59+02:00,1772,1662,28364,27836,46174,41206,47980,46824,59040,59648,69910,70814,52064,57622,36433,47076,11471,21811,12679,12161,26304,24157,29635,30196,41968,44204,60119,62102,48987,54219,34931,45029,11018,20855,533537,381552,71122,62679,105134,96629,17888,27,27
2021-07-20T23:59:59+02:00,1749,1647,28245,27700,46109,41149,47932,46785,58984,59600,69857,70766,52030,57594,36417,47051,11466,21804,12181,11629,25566,23466,28982,29446,38510,41210,58570,60639,48784,53996,34849,44936,11000,20835,532848,371147,71100,59293,105117,96507,17794,27,27
2021-07-19T23:59:59+02:00,1744,1646,28217,27664,46087,41138,47919,46773,58971,59584,69845,70764,52028,57590,36417,47047,11464,21804,12135,11600,25499,23431,28949,29412,38465,41177,58528,60612,48780,53988,34848,44933,10997,20834,532707,370826,71100,59278,105100,96454,17769,27,27
2021-07-18T23:59:59+02:00,1740,1639,28192,27639,46064,41129,47907,46764,58965,59575,69838,70756,52026,57589,36416,47046,11464,21803,12072,11575,25413,23390,28889,29380,38404,41150,58468,60571,48778,53984,34845,44932,10997,20834,532586,370488,71098,59247,105092,96335,17750,27,27
2021-07-17T23:59:59+02:00,1740,1637,28171,27624,46050,41119,47896,46759,58957,59569,69831,70752,52022,57585,36415,47046,11464,21803,12044,11561,25379,23353,28856,29361,38382,41132,58433,60547,48768,53976,34843,44932,10997,20834,532506,370237,71097,59243,105091,96332,17720,27,27
2021-07-16T23:59:59+02:00,1725,1616,27905,27430,45762,40954,47667,46585,58657,59368,69599,70611,51916,57513,36371,47010,11459,21801,11791,11365,25046,23112,28553,29129,37982,40858,57925,60124,48631,53862,34791,44882,10991,20830,532191,369031,71096,59240,104959,96055,15677,27,27
2021-07-15T23:59:59+02:00,1627,1503,27442,27042,45500,40718,47521,46472,58516,59255,69496,70525,51875,57470,36356,46987,11458,21794,11493,11134,24566,22775,28184,28858,37590,40577,55876,58075,48460,53660,34733,44798,10983,20819,529863,362082,71095,59148,104951,95845,15622,27,27
2021-07-14T23:59:59+02:00,1460,1371,26876,26502,45194,40429,47317,46287,58332,59058,69335,70379,51813,57411,36331,46957,11452,21789,11300,10943,24158,22418,27831,28541,37067,40175,54656,56894,48322,53509,34682,44734,10975,20797,526687,358365,71089,57479,104932,95700,15559,27,27
2021-07-13T23:59:59+02:00,1173,1066,25922,25607,44702,40018,46958,45966,58007,58772,69062,70133,51702,57285,36288,46902,11448,21774,10956,10600,23628,21871,27208,27952,35686,38985,50523,52987,47958,53121,34552,44585,10958,20768,521294,349088,71083,52273,104929,95598,15453,27,27
2021-07-12T23:59:59+02:00,709,669,24548,24351,44142,39536,46757,45749,57794,58577,68879,69961,51640,57194,36271,46876,11446,21766,10721,10492,23427,21732,26953,27815,35436,38815,50081,52565,47883,53035,34523,44550,10958,20762,515407,347620,71082,52246,104923,94517,15428,26,27
2021-07-11T23:59:59+02:00,706,664,24529,24331,44112,39517,46739,45738,57780,58564,68865,69958,51638,57191,36268,46872,11445,21766,10625,10404,23207,21607,26687,27716,35126,38733,49367,52078,46398,51446,34433,44442,10958,20760,515321,347107,71078,52199,104909,89392,15350,26,27
2021-07-10T23:59:59+02:00,704,659,24521,24326,44107,39508,46737,45736,57774,58563,68865,69957,51638,57191,36268,46872,11445,21766,10612,10394,23184,21586,26673,27705,35104,38728,49353,52073,46384,51430,34431,44441,10958,20760,515288,346998,71077,52198,104907,89337,15340,26,27
2021-07-09T23:59:59+02:00,697,649,24072,23866,43827,39265,46671,45676,57714,58522,68813,69932,51621,57178,36264,46864,11444,21766,10531,10225,23089,21398,26612,27495,35036,38511,49287,51969,46362,51405,34427,44438,10958,20760,513524,345764,71073,52185,104901,89293,15318,26,27
2021-07-08T23:59:59+02:00,631,583,22984,22861,43030,38666,46421,45472,57506,58379,68616,69793,51544,57112,36236,46841,11442,21758,10274,10032,22714,21144,26217,27229,34555,38196,48677,51446,46024,51038,34357,44360,10951,20738,508843,342175,71048,52035,104844,88674,15115,26,27
2021-07-07T23:59:59+02:00,579,537,21662,21470,42290,37981,46197,45249,57266,58189,68449,69633,51460,57029,36199,46788,11434,21744,9904,9728,21836,20552,25106,26436,32716,36827,47756,50559,45523,50501,34250,44220,10942,20720,503460,337236,70874,47649,104823,87754,14974,26,26
2021-07-06T23:59:59+02:00,522,473,20427,20189,41434,37335,45720,44898,56870,57884,68120,69375,51361,56903,36155,46737,11426,21735,9514,9347,20971,19958,24140,25778,31229,35632,46556,49357,44744,49717,34114,44044,10929,20700,498969,329899,68940,45547,104803,86481,14827,26,26
2021-07-05T23:59:59+02:00,485,445,19016,18807,40570,36532,45503,44670,56687,57681,67959,69248,51305,56847,36134,46708,11424,21728,9224,9091,20414,19575,23471,25356,30589,35205,45796,48740,43989,48927,33984,43855,10920,20688,493239,324112,68937,45525,104796,85451,14754,24,26
2021-07-04T23:59:59+02:00,478,439,17228,16796,40228,36302,45415,44597,56601,57611,67880,69179,51273,56821,36124,46687,11422,21726,9163,9038,20274,19510,23299,25278,30331,35125,45002,48610,42626,47575,33905,43781,10918,20682,488409,323651,68910,45479,104781,81322,14683,24,26
2021-07-03T23:59:59+02:00,478,437,17206,16772,40179,36256,45396,44580,56596,57606,67874,69172,51271,56818,36124,46687,11422,21725,9119,8996,20206,19442,23237,25212,30248,35045,44781,48434,42557,47499,33860,43722,10915,20682,488222,322687,68908,45478,104780,81142,14665,24,26
2021-07-02T23:59:59+02:00,458,414,17088,16664,39712,35876,45281,44480,56542,57565,67826,69141,51259,56813,36118,46675,11422,21724,8957,8825,19879,19163,22847,24834,29830,34630,44155,47788,42355,47268,33761,43586,10909,20678,486714,319679,68890,44444,104778,80705,14652,24,26
2021-07-01T23:59:59+02:00,406,374,16780,16382,37977,34542,44708,43981,56283,57356,67652,68972,51179,56723,36090,46637,11418,21716,8584,8427,19016,18450,21879,23979,28444,33439,41125,44816,41358,46186,33147,42860,10892,20649,481233,312180,68815,39561,104756,77167,14348,24,26
2021-06-30T23:59:59+02:00,358,329,16490,16137,35790,32717,44086,43350,56059,57161,67447,68780,51098,56631,36061,46583,11414,21700,8224,8092,18342,17820,20990,23147,27168,32172,36480,39942,40277,45039,32486,42071,10871,20623,474388,301677,68769,33529,104736,74267,14274,24,26
2021-06-29T23:59:59+02:00,318,292,16268,15935,34794,31632,43635,42905,55877,56997,67275,68630,51022,56558,36022,46539,11406,21693,7641,7487,17213,16889,19735,21930,25467,30494,33734,36815,37424,41990,31742,41179,10848,20585,470181,285470,68761,33481,104722,68111,14110,24,25
2021-06-28T23:59:59+02:00,308,270,16119,15778,33080,30223,43313,42611,55713,56856,67158,68522,50976,56506,36004,46518,11403,21681,7336,7230,16655,16514,19342,21615,24960,30106,33145,36314,36046,40501,30953,40245,10844,20574,465766,282424,68736,33427,104700,62712,13813,24,25
2021-06-27T23:59:59+02:00,308,270,16098,15753,32930,30136,43251,42583,55676,56847,67132,68514,50972,56502,36001,46517,11403,21680,7292,7200,16519,16448,19178,21553,24759,30032,32918,36174,34788,39227,29326,38323,10843,20573,465447,282254,68733,33388,104695,55832,13674,24,25
2021-06-26T23:59:59+02:00,306,268,16075,15728,32906,30118,43205,42541,55652,56832,67126,68511,50971,56500,35998,46516,11403,21680,7288,7187,16500,16437,19162,21543,24726,30009,32898,36154,34774,39214,29324,38320,10843,20573,465214,282058,68730,33388,104695,55827,13673,24,25
2021-06-25T23:59:59+02:00,299,266,16016,15681,32786,30020,43013,42382,55595,56786,67084,68487,50961,56489,35994,46515,11403,21680,7102,6910,16216,15928,18893,20886,24356,29076,32510,35433,34613,38997,29301,38290,10843,20573,464377,279374,68727,33378,104678,53518,13651,24,25
2021-06-24T23:59:59+02:00,279,253,15741,15477,32327,29728,41543,41138,55131,56430,66851,68327,50907,56433,35978,46487,11398,21670,6779,6680,15516,15482,17443,19865,22277,27515,31409,34536,34208,38571,29177,38108,10831,20559,459801,269657,68724,33325,104674,53092,12875,24,25
2021-06-23T23:59:59+02:00,263,236,15460,15188,31825,29329,39440,39316,54587,55887,66600,68107,50818,56324,35938,46441,11393,21657,6572,6515,15150,15202,16916,19416,21394,26716,29709,33170,33451,37717,28986,37868,10824,20544,452742,261830,68675,33234,104670,52378,12698,24,25
2021-06-22T23:59:59+02:00,241,201,15082,14792,31156,28696,36001,36268,53674,55085,66296,67802,50711,56202,35899,46384,11389,21643,6392,6302,14743,14872,16111,18695,19974,25402,28102,31517,32651,36740,28446,37262,10806,20512,441801,251710,68642,33149,104664,51263,12391,24,25
2021-06-21T23:59:59+02:00,226,195,14839,14614,30467,28230,33838,34303,53210,54660,66117,67685,50630,56128,35874,46362,11384,21638,6296,6217,14583,14752,15940,18557,19853,25290,27992,31430,32496,36600,27237,36026,10806,20509,434967,251024,68620,33101,104633,48289,12156,24,25
2021-06-20T23:59:59+02:00,219,194,14715,14525,28565,26888,33226,33852,53121,54564,66049,67649,50607,56100,35866,46359,11383,21636,5845,5919,13636,14111,15107,17964,19297,24931,27675,31228,32330,36421,27211,35995,10804,20505,430582,246015,68616,33066,104630,48217,11667,23,25
2021-06-19T23:59:59+02:00,213,189,14689,14492,28450,26805,33197,33825,53099,54548,66033,67638,50601,56091,35864,46354,11382,21634,5632,5758,13076,13700,14499,17487,18971,24729,27480,31057,32251,36321,27194,35981,10804,20505,430175,242493,68614,33062,104630,48214,11662,23,25
2021-06-18T23:59:59+02:00,211,180,14599,14407,28346,26738,31946,32921,52733,54241,65899,67544,50570,56057,35846,46328,11378,21630,5565,5680,12975,13615,14335,17361,18735,24500,26660,30390,32045,36084,27128,35906,10800,20498,429672,239544,65648,32947,104620,48160,11611,23,25
2021-06-17T23:59:59+02:00,197,164,14224,14142,27755,26485,31458,32660,51944,53674,65473,67277,50489,55956,35812,46287,11372,21617,5186,5422,12189,13140,13546,16749,17643,23571,24499,28425,31403,35347,26929,35628,10783,20483,426466,230521,65643,32668,104596,47478,10260,21,25
2021-06-16T23:59:59+02:00,168,136,13795,13737,27290,26129,31014,32304,51131,52971,65018,66888,50370,55836,35783,46230,11361,21605,4821,4987,11470,12472,12754,16055,16541,22449,21530,25561,30334,34139,26631,35224,10768,20442,421599,216481,65596,32640,104589,47080,9961,21,25
2021-06-15T23:59:59+02:00,106,83,13163,13113,26543,25551,30231,31709,49879,51905,64306,66363,50192,55639,35716,46118,11352,21586,4327,4357,10504,11538,11599,14677,14812,20746,18098,22255,28962,32703,26244,34704,10743,20399,413885,197869,65576,32523,104584,46771,9489,21,25
2021-06-14T23:59:59+02:00,76,62,12758,12741,26132,25226,29569,31243,48086,50436,63255,65529,49976,55413,35639,46042,11344,21574,4227,4302,10328,11407,11457,14545,14635,20625,17905,22095,28890,32622,26226,34676,10739,20396,406012,197427,65566,32251,104583,46462,8919,21,25
2021-06-13T23:59:59+02:00,75,61,12717,12698,26061,25190,29506,31217,48033,50411,63220,65505,49970,55410,35637,46038,11343,21571,4071,4224,10001,11279,11134,14434,14338,20513,17504,21752,27376,30979,26086,34481,10735,20385,405812,196684,65490,27576,104576,46252,8764,21,25
2021-06-12T23:59:59+02:00,75,60,12699,12681,26045,25179,29495,31205,47973,50340,63178,65469,49969,55407,35637,46038,11343,21571,4069,4215,9986,11262,11125,14419,14319,20496,17483,21743,27335,30934,26081,34475,10735,20385,405515,196497,65490,27574,104574,46211,8764,21,25
2021-06-11T23:59:59+02:00,73,57,12598,12555,25921,25064,29373,31081,47735,50115,63046,65350,49945,55381,35626,46027,11341,21569,3976,3947,9469,10078,10696,13511,14031,19938,17210,21267,26926,30511,25990,34393,10732,20383,404245,195454,65481,27570,104534,41442,8576,21,25
2021-06-10T23:59:59+02:00,65,50,12354,12338,25602,24783,29028,30812,46661,49099,62311,64781,49860,55285,35592,45975,11331,21556,3707,3583,8702,8834,9801,11869,12730,17181,15424,17665,25206,28589,25693,34088,10726,20359,399368,189936,65424,27133,104332,28734,8338,21,24
2021-06-09T23:59:59+02:00,51,38,12060,12013,25196,24378,28631,30417,44650,47275,61219,63843,49755,55161,35545,45921,11325,21538,3460,3461,8278,8584,9290,11548,12214,16789,14712,17065,21369,24266,25467,33786,10714,20333,391380,178351,65296,26785,104330,28195,7989,21,24
2021-06-08T23:59:59+02:00,45,27,11629,11476,24526,23757,27973,29751,41477,44430,59444,62209,49584,54970,35471,45830,11315,21516,3251,3324,7877,8327,8672,11174,11551,16368,14054,16418,15988,18309,25076,33260,10696,20303,378705,163143,65233,26452,104320,27890,7151,21,20
2021-06-07T23:59:59+02:00,40,20,11467,11282,24176,23480,27691,29542,38850,42502,59015,61846,49550,54939,35459,45809,11313,21510,3154,3255,7571,8155,8353,10998,10978,15916,13549,15940,15911,18229,25045,33209,10694,20296,373045,162823,64806,24627,104311,27483,6308,21,20
2021-06-06T23:59:59+02:00,37,19,11331,11178,23854,23250,27481,29371,37252,41316,58889,61767,49526,54910,35451,45795,11313,21508,3052,3205,7299,8066,8087,10830,10239,15234,12952,15320,15759,18117,25031,33186,10692,20296,372639,162708,61423,21467,104300,27314,5865,21,19
2021-06-05T23:59:59+02:00,35,18,11313,11158,23810,23209,27446,29344,37224,41302,58789,61682,49515,54903,35449,45793,11313,21505,3040,3193,7275,8032,8056,10812,10209,15219,12909,15296,15636,17952,25026,33178,10691,20295,372294,162271,61420,21466,104300,27298,5773,21,19
2021-06-04T23:59:59+02:00,35,16,11130,10900,23450,22744,27169,28949,36796,40853,58169,61142,49481,54862,35439,45775,11311,21499,3016,3177,7246,8015,8034,10795,10178,15195,12875,15262,15424,17745,25015,33157,10689,20294,370496,161685,59150,21453,104286,27200,5767,21,19
2021-06-03T23:59:59+02:00,33,15,10909,10683,22991,22354,26744,28614,35698,40026,55407,58793,49352,54703,35396,45711,11306,21484,2923,3097,7039,7858,7578,10497,9149,14564,11625,14558,14241,16274,24836,32939,10677,20275,366548,158325,54229,17720,104235,26888,5186,21,18
2021-06-02T23:59:59+02:00,33,15,10871,10646,22956,22320,26710,28588,35667,39986,55280,58635,49338,54678,35390,45704,11306,21483,2882,3066,6984,7838,7517,10464,8993,14523,11400,14494,12885,14791,24718,32766,10672,20268,365955,154501,54223,17708,104234,26868,5173,21,18
2021-06-01T23:59:59+02:00,20,8,10455,10296,22302,21811,26023,28005,34945,39407,52278,55487,48949,54269,35272,45541,11290,21457,2426,2707,5633,7155,6244,9887,7596,13852,10266,13531,8575,9225,24238,32085,10649,20214,355192,136304,54043,17338,104215,26286,4344,21,18
2021-05-31T23:59:59+02:00,19,7,10178,10065,21725,21416,25613,27754,34623,39203,50830,54090,48851,54145,35239,45500,11283,21450,2316,2585,5343,6910,5981,9667,7232,13611,10011,13370,8524,9163,24212,32036,10641,20202,350454,135530,54000,17217,104191,25721,3325,21,18
2021-05-30T23:59:59+02:00,18,7,10122,10016,21633,21377,25548,27720,34510,39132,50464,53748,48825,54120,35233,45494,11281,21447,2279,2556,5240,6832,5881,9599,7043,13524,9785,13273,8480,9116,24196,32029,10640,20197,349264,134937,53979,17043,104174,25422,3257,21,18
2021-05-29T23:59:59+02:00,17,7,10108,10004,21599,21358,25531,27707,34489,39119,50451,53730,48821,54116,35230,45493,11281,21447,2260,2504,5197,6705,5821,9469,6927,13326,9646,13052,8409,9024,24129,31962,10639,20196,349107,134659,53979,16991,104153,24357,3248,21,18
2021-05-28T23:59:59+02:00,17,7,10048,9934,21523,21248,25450,27586,34411,39019,50372,53632,48800,54098,35221,45485,11281,21443,2177,2238,4585,6169,5200,8752,6560,12364,9152,12057,8231,8825,23758,31480,10638,20193,348252,133158,53966,16894,104095,19075,3242,20,17
2021-05-27T23:59:59+02:00,16,7,9782,9687,20997,20871,24906,27227,33887,38641,49762,53022,48630,53906,35152,45411,11277,21423,1936,1970,4009,5652,4522,8151,6050,11595,8206,10733,7725,8162,22194,29326,10623,20171,343972,127489,53557,15761,103989,14697,3066,20,17
2021-05-26T23:59:59+02:00,16,7,9507,9443,20276,20304,24032,26557,32624,37612,48997,52316,48376,53617,35076,45300,11265,21399,1879,1898,3914,5527,4389,7989,5842,11332,7879,10348,7162,7436,19754,25896,10603,20127,339254,118993,50585,15509,103936,14532,2929,20,16
2021-05-25T23:59:59+02:00,15,7,9244,9207,19864,19947,23594,26166,32114,37095,48103,51336,48078,53298,34988,45159,11253,21369,1811,1849,3794,5429,4251,7839,5632,11108,7564,10025,6536,6595,15613,20503,10583,20069,333667,106759,50503,15466,103863,14180,2784,20,16
2021-05-24T23:59:59+02:00,14,7,9028,9047,19294,19656,22823,25778,30602,36081,47878,51165,47986,53198,34959,45129,11251,21368,1786,1831,3748,5397,4186,7797,5566,11049,7488,9968,6510,6571,15599,20494,10583,20069,332084,106638,46707,15453,103802,13889,2651,20,15
2021-05-23T23:59:59+02:00,14,7,8821,8840,18938,19366,22401,25431,30178,35760,47286,50652,47552,52743,34856,44983,11243,21359,1784,1830,3738,5392,4182,7791,5556,11041,7478,9959,6505,6560,15599,20492,10583,20069,327255,106579,46705,15451,103801,13869,2649,20,15
2021-05-22T23:59:59+02:00,14,7,8790,8803,18888,19323,22355,25399,30125,35729,47178,50582,47533,52720,34853,44974,11240,21359,1783,1826,3726,5380,4178,7785,5551,11035,7471,9955,6502,6558,15596,20491,10583,20069,326711,106543,46705,15451,103800,13848,2636,20,15
2021-05-21T23:59:59+02:00,13,7,8517,8448,18447,18810,21993,24754,29698,34919,46691,49916,47444,52595,34815,44931,11237,21354,1719,1784,3649,5341,4134,7750,5519,10989,7430,9907,6472,6532,15518,20394,10582,20068,321505,106229,46674,15450,103776,13484,2614,20,15
2021-05-20T23:59:59+02:00,12,7,7944,7904,17503,18013,20985,23838,28377,33717,44945,48092,47004,52133,34707,44775,11219,21335,1420,1622,3339,5054,3868,7363,5220,10509,7049,9454,6238,6274,14199,18847,10558,20029,309899,102462,46586,14967,103547,11145,2458,20,15
2021-05-19T23:59:59+02:00,12,7,7679,7588,16898,17411,20085,22961,27148,32458,43151,46004,46473,51578,34556,44552,11198,21304,1354,1537,3137,4841,3662,7111,4994,10157,6754,9124,5954,5940,11986,15986,10540,19968,298754,96215,46547,14491,103501,10088,2241,20,14
2021-05-18T23:59:59+02:00,11,7,7153,7049,15746,16389,18814,21713,25641,30828,40460,42774,45643,50631,34320,44248,11173,21262,1333,1511,3078,4771,3586,6990,4860,10025,6573,8913,5687,5663,10281,13807,10515,19914,282970,91069,45342,14441,103396,9852,2135,19,14
2021-05-17T23:59:59+02:00,11,7,7075,6988,15563,16278,18598,21545,25241,30501,38710,41136,45533,50551,34272,44183,11163,21238,1300,1488,3021,4726,3522,6931,4791,9921,6479,8812,5645,5623,10267,13789,10511,19906,282751,90996,40575,14160,103353,9671,1895,19,14
2021-05-16T23:59:59+02:00,10,6,6960,6936,15442,16191,18469,21438,25061,30386,35728,38366,45497,50516,34250,44159,11160,21233,1277,1470,2976,4686,3474,6873,4708,9852,6385,8733,5614,5586,10255,13773,10509,19903,282469,90948,34426,13894,103233,9561,1661,19,14
2021-05-15T23:59:59+02:00,10,6,6935,6906,15381,16133,18423,21397,24994,30341,35692,38325,45474,50489,34243,44154,11160,21233,1265,1444,2944,4614,3455,6804,4689,9771,6363,8682,5608,5582,10250,13772,10509,19903,281985,90893,34425,13890,103219,9214,1648,19,14
2021-05-14T23:59:59+02:00,10,5,6762,6536,15032,15636,18110,20979,24657,29879,35447,37976,45445,50458,34233,44149,11160,21231,1206,1385,2865,4511,3408,6701,4625,9620,6280,8552,5578,5537,10237,13762,10509,19902,280921,90804,34276,13871,100907,8412,1582,19,13
2021-05-13T23:59:59+02:00,10,5,6407,6214,14272,15056,17404,20347,23799,29137,34676,37306,45158,50114,34154,44025,11156,21220,1034,1300,2670,4401,3291,6579,4484,9450,6158,8409,5535,5499,10220,13745,10505,19897,274509,90651,33945,13790,100691,7431,1296,19,13
2021-05-12T23:59:59+02:00,10,5,6010,5942,13299,14379,16383,19545,23135,28700,34369,37022,44975,49919,34123,43994,11153,21217,1031,1298,2663,4395,3273,6575,4479,9440,6150,8404,5528,5493,10218,13740,10504,19896,268257,90590,33934,13780,100687,7426,1283,19,12
2021-05-11T23:59:59+02:00,10,5,5632,5718,12711,13928,14579,18103,20182,26174,32053,34694,43920,48657,33798,43522,11124,21167,968,1224,2545,4222,3165,6337,4361,9152,6033,8178,5456,5413,10176,13678,10496,19878,250959,90111,33655,13562,100243,6500,1101,19,11
2021-05-10T23:59:59+02:00,10,5,5483,5619,12439,13802,14227,17879,19379,25605,30678,33671,43389,48043,33741,43433,11116,21148,925,1165,2446,4058,3070,6135,4236,8888,5911,7981,5419,5381,10164,13661,10492,19869,245484,90002,33444,13502,99935,5504,785,19,11
2021-05-09T23:59:59+02:00,10,5,5079,5380,11252,13273,13227,17518,18354,25274,30133,33382,43333,47971,33715,43419,11113,21140,901,1135,2348,3953,2980,5998,4104,8713,5817,7877,5410,5367,10157,13656,10487,19865,240167,89955,33371,13460,99592,4917,429,19,10
2021-05-08T23:59:59+02:00,10,5,5068,5372,11230,13254,13201,17499,18324,25241,30092,33339,43325,47960,33714,43415,11113,21140,898,1128,2336,3945,2975,5998,4100,8707,5814,7874,5407,5364,10154,13651,10487,19865,239899,89928,33369,13460,99591,4884,424,19,10
2021-05-07T23:59:59+02:00,10,5,4966,5289,10999,13086,12916,17279,17717,24640,29142,32445,43131,47719,33658,43343,11109,21134,870,1097,2302,3890,2933,5949,4046,8652,5730,7821,5360,5316,10142,13642,10487,19864,237398,89792,31477,13457,99482,4632,213,18,10
2021-05-06T23:59:59+02:00,10,5,4553,5005,10329,12670,12159,16613,16122,23196,26596,30054,42430,46970,33491,43106,11093,21111,813,1041,2166,3643,2764,5640,3852,8179,5531,7498,5309,5263,10119,13614,10485,19856,228634,89608,28140,13143,98666,2960,55,18,10
2021-05-05T23:59:59+02:00,10,5,4243,4778,9730,12225,11438,16030,15020,22167,23740,27293,41449,45864,33208,42719,11075,21069,798,1017,2103,3518,2706,5484,3758,7968,5435,7364,5260,5208,10082,13575,10483,19853,215602,89345,27956,13005,98443,2210,45,17,10
2021-05-04T23:59:59+02:00,10,5,3895,4325,9061,11534,10666,15190,13716,20916,20137,23886,40102,44403,32835,42196,11052,21030,780,987,2034,3402,2635,5349,3665,7815,5338,7241,5222,5162,10053,13546,10481,19850,198552,89124,27938,12706,98414,1684,39,16,10
2021-05-03T23:59:59+02:00,10,4,3653,3905,8654,11042,10185,14567,13182,20261,19414,23240,39836,44151,32756,42092,11049,21015,766,957,1968,3299,2577,5243,3606,7701,5287,7154,5206,5149,10038,13529,10478,19845,192699,88983,27926,12696,98351,1093,24,16,10
2021-05-02T23:59:59+02:00,10,4,3650,3904,8636,11033,10175,14559,13161,20249,19396,23230,39833,44150,32755,42091,11048,21015,762,941,1938,3217,2530,5147,3559,7576,5267,7090,5202,5146,10037,13525,10478,19843,192607,88965,27912,12664,98344,602,20,16,10
2021-05-01T23:59:59+02:00,10,4,3648,3897,8623,11019,10166,14548,13154,20247,19385,23221,39833,44148,32755,42091,11048,21015,761,941,1937,3217,2529,5147,3559,7576,5267,7090,5202,5146,10037,13525,10477,19843,192523,88964,27910,12662,98344,602,19,16,10
2021-04-30T23:59:59+02:00,10,3,3626,3871,8578,10984,10121,14509,13093,20208,19283,23070,39564,43825,32734,42070,11047,21015,757,936,1922,3209,2528,5139,3556,7569,5265,7083,5199,5143,10033,13524,10477,19843,191597,88937,27641,12659,98338,561,19,16,10
2021-04-29T23:59:59+02:00,10,3,3359,3697,8143,10712,9573,14224,12596,19843,18548,22341,36502,40373,32472,41705,11036,20979,744,922,1874,3148,2479,5073,3490,7428,5174,6984,5159,5108,10010,13481,10475,19837,186045,88730,21805,12504,98233,127,18,15,10
2021-04-28T23:59:59+02:00,10,3,3194,3631,7876,10602,9177,14051,12218,19609,18064,21906,32712,36057,32255,41403,11023,20957,727,906,1848,3109,2434,5024,3452,7370,5108,6920,5095,5046,9959,13422,10472,19827,174881,88516,21651,12065,98188,119,13,15,9
2021-04-27T23:59:59+02:00,9,3,3113,3565,7619,10473,8825,13877,11734,19383,17586,21414,27143,29863,31878,40895,11002,20924,717,892,1816,3072,2398,4978,3398,7311,5053,6844,5045,4976,9924,13369,10468,19818,159524,88303,21629,11642,98125,116,13,15,8
2021-04-26T23:59:59+02:00,9,3,3057,3530,7475,10408,8658,13817,11504,19317,17061,21028,27107,29829,31864,40880,11002,20924,694,860,1748,3013,2331,4923,3330,7221,4955,6739,4946,4901,9843,13285,10466,19815,158939,88170,21411,10767,97096,115,13,14,8
2021-04-25T23:59:59+02:00,9,3,3019,3514,7315,10357,8422,13767,11172,19274,16229,20557,25552,28168,31810,40816,11002,20921,694,859,1742,3008,2324,4920,3324,7213,4951,6730,4943,4896,9835,13274,10466,19815,158455,88147,21401,10730,92024,99,13,14,8
2021-04-24T23:59:59+02:00,9,3,3015,3508,7300,10343,8410,13759,11158,19264,16209,20539,25507,28105,31807,40810,11001,20920,694,859,1742,3007,2324,4920,3323,7213,4951,6730,4943,4895,9833,13273,10466,19815,158246,88141,21397,10730,91997,99,13,14,8
2021-04-23T23:59:59+02:00,9,3,2998,3491,7260,10301,8363,13717,11091,19205,16148,20474,25086,27601,31774,40754,10998,20917,684,851,1724,2998,2308,4891,3272,7175,4851,6633,4804,4772,9662,13074,10460,19800,157059,87848,21260,9996,91844,98,13,14,7
2021-04-22T23:59:59+02:00,8,3,2919,3412,7067,10116,7822,13309,9883,18407,14592,19429,23072,25167,31561,40484,10979,20887,619,801,1610,2885,2181,4726,3112,7003,4667,6432,4647,4598,9149,12416,10423,19721,152251,85928,15960,8966,90880,79,13,13,7
2021-04-21T23:59:59+02:00,8,3,2866,3363,6943,10028,7612,13154,9515,18166,14121,18981,20556,22030,31261,40095,10959,20861,571,777,1530,2806,2094,4635,2985,6860,4504,6267,4463,4418,8576,11648,10377,19628,145239,84123,15188,7928,90070,71,13,12,7
2021-04-20T23:59:59+02:00,8,3,2826,3324,6837,9939,7475,13043,9263,17948,13629,18589,17165,17971,30947,39621,10942,20826,541,742,1457,2742,2008,4556,2884,6739,4369,6106,4274,4223,7707,10431,10307,19476,136389,81187,14944,7294,88998,66,13,12,5
2021-04-19T23:59:59+02:00,8,3,2812,3315,6789,9899,7422,13007,9188,17874,13492,18473,16832,17590,30912,39582,10940,20821,482,702,1337,2647,1909,4458,2752,6581,4171,5915,4019,3921,5853,7994,10088,19071,136065,75313,14748,6510,88121,62,13,12,5
2021-04-18T23:59:59+02:00,8,3,2796,3301,6711,9873,7317,12956,8991,17807,12654,18343,15420,16184,30844,39519,10936,20814,476,696,1326,2639,1894,4447,2719,6552,4110,5865,3943,3850,5439,7363,10041,18987,135843,73813,14605,6461,84004,58,13,12,5
2021-04-17T23:59:59+02:00,8,3,2786,3297,6694,9850,7287,12935,8959,17768,12621,18323,15368,16134,30790,39447,10935,20814,476,693,1326,2637,1893,4443,2715,6547,4107,5861,3942,3848,5434,7362,10040,18986,135489,73776,14604,6461,83901,58,13,12,5
2021-04-16T23:59:59+02:00,8,3,2773,3283,6660,9835,7236,12896,8884,17716,12513,18220,15120,15852,30272,38798,10932,20806,476,690,1321,2632,1884,4441,2709,6541,4099,5853,3936,3842,5417,7333,10038,18984,133960,73675,14597,6450,83226,56,13,11,5
2021-04-15T23:59:59+02:00,8,3,2719,3228,6528,9737,7046,12717,8541,17443,12038,17754,14060,14629,28148,35989,10913,20783,467,684,1317,2606,1869,4418,2686,6513,4056,5800,3879,3768,5385,7281,10030,18971,128027,73357,14321,6312,79913,47,12,11,5
2021-04-14T23:59:59+02:00,7,1,2663,3177,6434,9643,6900,12557,8267,17175,11605,17291,12878,13245,23428,29906,10891,20727,463,677,1302,2596,1856,4399,2664,6488,4014,5763,3832,3716,5323,7226,10000,18933,115621,73055,14289,6158,76863,25,12,10,5
2021-04-13T23:59:59+02:00,7,1,2610,3142,6306,9558,6748,12422,7989,16924,11180,16866,10215,10319,20338,25732,10868,20683,447,653,1255,2553,1805,4337,2556,6387,3832,5601,3619,3531,5174,7087,9991,18910,107172,72707,14094,4996,70620,21,12,10,5
2021-04-12T23:59:59+02:00,7,1,2589,3128,6246,9529,6641,12336,7797,16795,10933,16658,8852,8828,19516,24757,10866,20674,441,644,1236,2537,1789,4313,2522,6347,3781,5549,3555,3483,5139,7046,9986,18888,107046,72567,14039,4658,65046,17,12,10,5
2021-04-11T23:59:59+02:00,7,1,2560,3118,6150,9503,6526,12299,7632,16744,10734,16555,7576,7551,17785,22780,10864,20671,441,644,1235,2535,1789,4312,2522,6347,3777,5544,3550,3482,5133,7044,9986,18888,106976,72556,14033,4646,58026,14,11,10,5
2021-04-10T23:59:59+02:00,7,1,2559,3116,6141,9498,6517,12294,7626,16739,10727,16547,7567,7539,17775,22773,10864,20671,441,640,1232,2532,1788,4309,2520,6343,3774,5543,3541,3468,5125,7030,9986,18888,106891,72495,14033,4639,58017,14,10,10,5
2021-04-09T23:59:59+02:00,7,1,2497,3018,6006,9291,6363,12031,7367,16331,10415,16052,7409,7334,17659,22593,10863,20669,436,635,1214,2519,1763,4291,2487,6293,3695,5462,3423,3358,4984,6935,9981,18886,106417,72408,14004,3930,55465,12,10,10,5
2021-04-08T23:59:59+02:00,7,1,2419,2946,5911,9172,6260,11901,7196,16146,10159,15863,7212,7074,16391,21134,10852,20638,429,629,1200,2485,1737,4254,2460,6220,3641,5396,3344,3311,4903,6830,9959,18840,102757,71953,13650,3662,54855,11,10,10,5
2021-04-07T23:59:59+02:00,7,1,2392,2910,5839,9100,6171,11826,7063,16046,9916,15712,6915,6748,14063,18181,10831,20591,423,628,1189,2472,1724,4230,2446,6180,3573,5337,3272,3258,4844,6768,9950,18811,96584,71667,13490,3416,54219,10,10,9,5
2021-04-06T23:59:59+02:00,7,1,2375,2878,5742,9033,6081,11747,6909,15933,9676,15530,6560,6384,11956,15565,10804,20532,420,621,1181,2445,1713,4207,2420,6142,3508,5273,3186,3208,4798,6715,9944,18793,91535,71422,13190,3132,52971,10,8,9,5
2021-04-05T23:59:59+02:00,7,1,2367,2868,5724,9016,6070,11728,6896,15914,9656,15504,6435,6284,10677,14269,10803,20531,416,614,1177,2430,1707,4191,2404,6110,3475,5232,3157,3171,4777,6670,9937,18775,91452,71230,13153,2995,50129,9,7,9,5
2021-04-04T23:59:59+02:00,7,1,2367,2868,5721,9012,6068,11728,6894,15914,9654,15503,6430,6280,10677,14267,10803,20531,416,613,1177,2429,1707,4191,2403,6110,3475,5232,3156,3171,4775,6670,9936,18774,91443,71223,13150,2994,50116,9,7,9,5
2021-04-03T23:59:59+02:00,7,1,2365,2861,5714,9004,6062,11724,6891,15910,9651,15500,6427,6275,10670,14264,10803,20531,416,613,1177,2429,1707,4191,2403,6110,3475,5231,3156,3171,4775,6670,9936,18774,91386,71222,13148,2994,50110,9,7,9,5
2021-04-02T23:59:59+02:00,7,1,2362,2859,5708,8997,6060,11721,6887,15909,9647,15498,6423,6268,10655,14235,10802,20530,414,611,1176,2429,1706,4190,2402,6110,3474,5224,3131,3154,4765,6661,9936,18774,91300,71146,13145,2993,50109,9,7,8,5
2021-04-01T23:59:59+02:00,7,1,2341,2856,5677,8967,6017,11678,6844,15854,9592,15442,6329,6171,10358,13886,10779,20480,412,595,1173,2423,1699,4179,2387,6093,3448,5203,3066,3105,4702,6585,9858,18656,90306,70577,13122,2990,49837,9,6,8,5
2021-03-31T23:59:59+02:00,7,1,2307,2829,5602,8900,5948,11584,6742,15742,9458,15308,6186,6028,9805,13138,10732,20386,407,589,1167,2412,1693,4163,2380,6080,3428,5169,3034,3072,4652,6526,9800,18554,88315,70123,12906,2988,49469,9,5,8,4
2021-03-30T23:59:59+02:00,7,1,2287,2812,5555,8843,5885,11510,6670,15643,9360,15164,5998,5814,8890,11792,10654,20201,405,586,1163,2408,1680,4146,2362,6058,3394,5124,2975,3003,4561,6428,9668,18313,85219,69415,12526,2847,49332,9,3,6,3
2021-03-29T23:59:59+02:00,6,1,2220,2757,5453,8731,5776,11363,6502,15412,9125,14909,5638,5439,6935,9261,10427,19771,398,582,1152,2397,1666,4134,2337,6031,3364,5068,2905,2937,4440,6322,9460,17973,79097,68444,11719,2710,48902,9,3,5,3
2021-03-28T23:59:59+02:00,6,1,2198,2744,5409,8671,5700,11285,6415,15326,9007,14789,5512,5286,6288,8323,10360,19653,389,576,1137,2381,1641,4107,2290,5971,3308,4977,2821,2857,4328,6184,9385,17833,76785,67992,11460,2185,48720,5,3,5,3
2021-03-27T23:59:59+01:00,6,1,2198,2737,5400,8665,5696,11270,6400,15304,8996,14777,5484,5259,6277,8319,10360,19651,389,576,1135,2380,1640,4102,2286,5968,3299,4970,2816,2854,4312,6160,9303,17684,76677,67682,11460,2184,48655,5,3,5,3
2021-03-26T23:59:59+01:00,6,1,2182,2716,5363,8626,5657,11220,6323,15234,8846,14626,5319,5110,6107,8138,10357,19642,385,568,1128,2367,1624,4073,2258,5932,3265,4916,2755,2790,4124,5901,8588,16486,76331,65006,10622,2146,48512,5,3,5,3
2021-03-25T23:59:59+01:00,6,0,2066,2636,5186,8411,5456,10944,6115,14933,8605,14338,5156,4957,6010,8017,10355,19634,376,554,1108,2341,1601,4043,2212,5874,3190,4837,2656,2683,3747,5406,7425,14713,75874,60836,9670,1924,47274,4,2,5,3
2021-03-24T23:59:59+01:00,6,0,1980,2587,5035,8249,5296,10749,5949,14694,8398,14106,5016,4798,5896,7899,10349,19623,372,543,1095,2313,1569,3988,2153,5809,3101,4737,2519,2569,3316,4789,6008,12465,75493,55767,8505,1573,46625,4,2,5,3
2021-03-23T23:59:59+01:00,6,0,1903,2536,4924,8126,5197,10606,5828,14503,8281,13937,4932,4712,5829,7839,10342,19604,361,518,1076,2278,1536,3930,2109,5719,3019,4645,2431,2475,2863,4146,4055,9186,75097,48917,7757,1425,46244,3,2,5,3
2021-03-22T23:59:59+01:00,6,0,1841,2473,4787,7991,5064,10429,5669,14270,8089,13724,4825,4597,5759,7732,10325,19563,334,501,1047,2240,1491,3856,2043,5608,2917,4493,2315,2323,2331,3451,1461,4935,74594,40156,6722,1186,45821,1,2,5,3
2021-03-21T23:59:59+01:00,6,0,1839,2467,4776,7977,5050,10418,5653,14253,8059,13699,4803,4582,5742,7719,10320,19562,333,501,1042,2226,1482,3827,2025,5570,2892,4443,2274,2274,2289,3410,1444,4889,74569,40014,6669,903,45680,1,2,5,3
2021-03-20T23:59:59+01:00,6,0,1839,2467,4774,7976,5049,10416,5652,14252,8051,13693,4802,4581,5734,7711,10320,19562,333,500,1042,2226,1482,3827,2025,5570,2890,4442,2273,2271,2289,3410,1443,4889,74556,40010,6669,898,45653,1,2,5,3
2021-03-19T23:59:59+01:00,6,0,1787,2226,4265,6698,4641,9434,5382,13695,7829,13291,4676,4483,5665,7644,10319,19562,332,500,1042,2226,1482,3826,2024,5569,2889,4442,2271,2270,2283,3404,1441,4887,74495,39993,6658,891,40443,1,2,5,3
2021-03-18T23:59:59+01:00,6,0,1732,1972,3850,5642,4112,8058,4566,11154,6470,9959,4306,4183,5459,7421,10298,19523,331,497,1035,2213,1475,3801,1997,5530,2864,4418,2250,2254,2258,3375,1436,4878,74060,39801,6593,807,28051,1,2,5,3
2021-03-17T23:59:59+01:00,6,0,1726,1964,3838,5616,4095,8028,4542,11090,6419,9885,4267,4136,5416,7375,10290,19495,328,496,1031,2205,1469,3792,1990,5515,2854,4391,2223,2225,2236,3360,1429,4862,73789,39643,6529,758,27863,1,2,5,3
2021-03-16T23:59:59+01:00,6,0,1703,1930,3779,5535,4026,7922,4415,10928,6212,9687,4043,3946,5273,7216,10283,19471,325,492,1030,2186,1464,3779,1981,5499,2845,4371,2214,2210,2223,3330,1420,4831,73474,39467,5254,728,27640,1,2,5,3
2021-03-15T23:59:59+01:00,6,0,1693,1910,3755,5499,4001,7885,4364,10859,6133,9601,3956,3879,5217,7154,10274,19444,322,488,1021,2170,1456,3773,1965,5463,2827,4343,2199,2178,2198,3265,1409,4792,73242,39246,4889,620,27494,1,0,5,3
2021-03-14T23:59:59+01:00,6,0,1687,1900,3746,5489,3996,7868,4355,10827,6124,9578,3948,3868,5212,7146,10273,19442,322,488,1019,2170,1451,3770,1962,5461,2809,4337,2193,2175,2187,3254,1404,4790,73207,39238,4871,551,27382,1,0,5,3
2021-03-13T23:59:59+01:00,6,0,1683,1894,3731,5466,3989,7858,4335,10816,6110,9562,3945,3865,5209,7143,10273,19442,322,488,1019,2170,1451,3770,1962,5460,2809,4336,2192,2174,2187,3252,1395,4785,73182,39218,4866,551,27274,1,0,5,3
2021-03-12T23:59:59+01:00,5,0,1646,1837,3223,5319,3475,7743,4201,10691,5884,9271,3774,3718,5066,7030,10247,19394,317,466,1015,2140,1443,3746,1943,5389,2756,4252,2013,2019,2127,3203,1388,4779,72964,38451,4131,543,25424,0,0,5,3
2021-03-11T23:59:59+01:00,5,0,1538,1699,2841,5061,3038,7486,3921,10277,5254,8378,3544,3542,4958,6909,10207,19338,316,465,1012,2127,1440,3726,1936,5370,2747,4235,2006,2011,2112,3186,1383,4759,72382,38326,3864,503,21745,0,0,5,3
2021-03-10T23:59:59+01:00,5,0,1508,1666,2802,5017,3000,7427,3864,10190,5145,8261,3419,3436,4840,6794,10159,19271,314,464,1011,2124,1436,3715,1932,5357,2735,4215,1987,2003,2085,3153,1373,4744,71964,38240,3532,406,21303,0,0,5,3
2021-03-09T23:59:59+01:00,5,0,1499,1650,2765,4990,2978,7383,3825,10131,5063,8182,3318,3350,4757,6705,10050,19059,311,463,1007,2118,1429,3702,1906,5335,2693,4185,1944,1978,2031,3124,1361,4734,71360,38210,3260,109,21085,0,0,5,3
2021-03-08T23:59:59+01:00,5,0,1484,1635,2736,4961,2949,7352,3802,10083,5039,8120,3276,3310,4680,6641,9869,18754,310,463,1005,2114,1421,3686,1889,5301,2674,4157,1925,1959,2004,3101,1354,4715,70554,38059,3251,17,20886,0,0,5,3
2021-03-07T23:59:59+01:00,5,0,1471,1625,2707,4917,2915,7304,3767,10022,4996,8059,3241,3276,4614,6539,9792,18609,310,462,1004,2113,1420,3680,1886,5291,2673,4152,1921,1956,2000,3097,1350,4706,70014,38004,3197,15,20643,0,0,5,3
2021-03-06T23:59:59+01:00,5,0,1470,1623,2701,4906,2912,7295,3759,10015,4978,8043,3231,3266,4591,6500,9701,18436,310,462,1002,2110,1420,3678,1880,5282,2671,4150,1916,1949,1995,3095,1349,4703,69617,37956,3197,15,20613,0,0,5,2
2021-03-05T23:59:59+01:00,5,0,1396,1546,2603,4745,2855,7137,3674,9808,4877,7847,3181,3206,4372,6211,8983,17226,310,462,1000,2108,1416,3673,1878,5281,2668,4144,1908,1945,1990,3092,1344,4699,66930,37902,3194,15,19543,0,0,5,2
2021-03-04T23:59:59+01:00,5,0,1222,1440,2435,4546,2687,6866,3506,9464,4619,7505,3065,3079,4007,5752,7787,15383,309,454,991,2085,1400,3633,1850,5228,2640,4097,1880,1920,1957,3037,1316,4653,62665,37434,3191,15,17507,0,0,5,2
2021-03-03T23:59:59+01:00,5,0,1188,1387,2357,4438,2626,6743,3420,9297,4521,7362,2978,3009,3625,5147,6369,13151,305,445,979,2062,1388,3605,1836,5178,2585,4042,1830,1884,1929,3004,1300,4624,57524,36980,3163,15,16932,0,0,4,2
2021-03-02T23:59:59+01:00,5,0,1155,1349,2296,4380,2577,6650,3338,9174,4384,7213,2864,2884,3136,4476,4321,9743,300,436,974,2035,1375,3562,1821,5123,2553,4015,1820,1868,1909,2975,1287,4596,50381,36633,2913,15,16648,0,0,3,2
2021-03-01T23:59:59+01:00,5,0,1096,1320,2234,4318,2504,6563,3243,9046,4242,7025,2733,2748,2562,3727,1543,5199,299,433,967,2023,1364,3544,1813,5108,2540,3999,1802,1857,1893,2956,1276,4567,41170,36425,2521,15,16414,0,0,3,2
2021-02-28T23:59:59+01:00,5,0,1062,1306,2193,4282,2474,6518,3195,8989,4180,6966,2668,2700,2513,3696,1535,5179,299,432,964,2017,1362,3531,1810,5094,2534,3990,1795,1846,1880,2944,1268,4553,41073,36303,2229,15,16156,0,0,3,2
2021-02-27T23:59:59+01:00,5,0,1021,1223,2125,4040,2417,6284,3132,8691,4090,6713,2613,2643,2493,3672,1532,5179,299,432,963,2017,1362,3531,1810,5093,2533,3990,1795,1845,1878,2944,1268,4553,40966,36297,2228,15,14676,0,0,3,2
2021-02-26T23:59:59+01:00,4,0,855,971,1927,3651,2255,5624,2917,7776,3780,5924,2565,2589,2474,3657,1528,5177,299,432,963,2014,1360,3529,1808,5092,2531,3989,1795,1842,1871,2943,1266,4546,40949,36264,2139,15,10583,0,0,3,2
2021-02-25T23:59:59+01:00,4,0,519,814,1649,3452,2076,5318,2721,7379,3553,5623,2483,2509,2433,3596,1524,5162,289,411,938,1964,1330,3459,1777,5011,2502,3925,1770,1814,1831,2897,1238,4505,40753,35648,1877,12,8183,0,0,2,2
2021-02-24T23:59:59+01:00,3,0,498,796,1614,3356,2014,5187,2661,7197,3487,5482,2415,2462,2396,3567,1514,5126,280,407,923,1932,1316,3405,1764,4950,2478,3881,1759,1796,1822,2878,1226,4474,40559,35286,1706,4,7508,0,0,2,2
2021-02-23T23:59:59+01:00,3,0,478,759,1554,3254,1959,5046,2583,7065,3402,5377,2355,2404,2357,3508,1499,5091,278,403,918,1917,1308,3374,1755,4918,2457,3849,1739,1776,1802,2842,1210,4418,40404,34960,1433,3,6855,0,0,2,2
2021-02-22T23:59:59+01:00,2,0,462,728,1500,3154,1920,4907,2524,6846,3341,5233,2345,2306,2341,3428,1493,5046,277,400,915,1905,1300,3347,1738,4882,2442,3819,1720,1757,1774,2811,1195,4369,40187,34649,1168,1,6219,0,0,2,2
2021-02-21T23:59:59+01:00,2,0,454,690,1442,3010,1872,4757,2471,6686,3259,5130,2309,2273,2313,3408,1483,5040,277,399,912,1897,1299,3338,1733,4872,2438,3810,1718,1754,1773,2809,1195,4368,40143,34590,935,1,5519,0,0,2,2
2021-02-20T23:59:59+01:00,2,0,450,684,1434,3006,1867,4757,2468,6683,3254,5126,2306,2272,2313,3407,1481,5040,277,399,912,1896,1299,3337,1733,4872,2437,3809,1717,1753,1770,2809,1194,4366,40138,34578,930,1,5480,0,0,2,2
2021-02-19T23:59:59+01:00,1,0,428,647,1405,2944,1840,4702,2427,6583,3167,5008,2126,2109,2249,3358,1476,5034,275,398,910,1894,1298,3336,1733,4867,2434,3808,1716,1752,1768,2808,1194,4365,39386,34555,910,1,5206,0,0,2,1
2021-02-18T23:59:59+01:00,1,0,402,590,1301,2704,1736,4460,2289,6321,3065,4827,2097,2093,2233,3341,1471,5023,275,392,902,1861,1289,3296,1715,4819,2415,3770,1705,1741,1751,2796,1182,4345,39308,34253,836,1,3808,0,0,2,1
2021-02-17T23:59:59+01:00,1,0,386,558,1263,2573,1679,4285,2219,6080,3006,4678,2078,2074,2209,3321,1457,5013,265,375,866,1775,1246,3167,1655,4660,2339,3635,1626,1672,1675,2685,1129,4223,39152,32993,785,0,2941,0,0,2,1
2021-02-16T23:59:59+01:00,1,0,368,528,1209,2454,1629,4151,2140,5895,2926,4542,2069,2069,2201,3314,1452,5001,258,358,845,1694,1191,3031,1593,4457,2268,3457,1575,1618,1611,2584,1097,4087,39091,31724,754,0,2102,0,0,2,1
2021-02-15T23:59:59+01:00,1,0,358,506,1137,2312,1584,4078,2108,5841,2898,4501,2050,2053,2176,3283,1444,4980,252,339,822,1649,1159,2955,1537,4320,2195,3337,1499,1553,1553,2472,1050,3899,38983,30591,639,0,1686,0,0,2,1
2021-02-14T23:59:59+01:00,1,0,349,500,1113,2257,1521,3917,2067,5749,2867,4462,2044,2050,2164,3273,1441,4973,246,334,804,1621,1143,2915,1495,4268,2157,3307,1483,1532,1528,2435,1033,3853,38964,30154,570,0,1212,0,0,2,1
2021-02-13T23:59:59+01:00,1,0,349,500,1112,2257,1521,3916,2065,5748,2867,4462,2043,2048,2163,3273,1440,4970,246,334,804,1621,1143,2915,1494,4266,2157,3307,1481,1529,1527,2434,1033,3852,38953,30143,570,0,1211,0,0,1,1
2021-02-12T23:59:59+01:00,1,0,342,497,1094,2249,1516,3903,2060,5740,2864,4456,2029,2038,2157,3260,1435,4967,244,333,798,1616,1137,2906,1479,4248,2139,3294,1468,1513,1512,2402,1026,3815,38887,29930,562,0,1158,0,0,1,1
2021-02-11T23:59:59+01:00,1,0,320,473,1031,2154,1463,3776,1966,5476,2779,4337,1998,2005,2117,3192,1405,4909,224,305,748,1512,1057,2682,1354,3891,1951,2988,1278,1302,1339,2124,912,3446,38488,27113,525,0,388,0,0,1,1
2021-02-10T23:59:59+01:00,1,0,314,464,1009,2114,1424,3698,1912,5315,2685,4157,1927,1955,2069,3150,1384,4883,199,260,654,1324,929,2300,1168,3288,1707,2569,1115,1125,1188,1873,794,3082,38074,23575,385,0,1,0,0,1,1
2021-02-09T23:59:59+01:00,1,0,308,453,1001,2083,1409,3646,1868,5248,2619,4102,1869,1915,1997,3095,1363,4861,166,200,555,1062,781,1855,963,2679,1437,2155,963,964,990,1583,670,2634,37772,19657,64,0,1,0,0,1,1
2021-02-08T23:59:59+01:00,1,0,306,451,998,2076,1398,3630,1860,5225,2599,4085,1855,1904,1978,3077,1357,4836,116,165,456,848,617,1438,765,2031,1159,1668,771,788,788,1249,533,2152,37615,15544,19,0,1,0,0,1,1
2021-02-07T23:59:59+01:00,1,0,306,451,997,2075,1397,3625,1857,5222,2592,4082,1849,1895,1962,3069,1353,4828,106,146,407,703,543,1263,685,1816,1062,1520,694,707,705,1125,456,1908,37544,13846,16,0,0,0,0,1,1
2021-02-06T23:59:59+01:00,1,0,306,451,996,2074,1397,3622,1857,5220,2592,4079,1849,1894,1957,3067,1350,4826,105,145,402,700,538,1239,669,1797,1051,1498,691,703,700,1121,455,1904,37521,13719,16,0,0,0,0,1,0
2021-02-05T23:59:59+01:00,1,0,306,450,994,2071,1393,3613,1853,5206,2586,4073,1848,1893,1949,3059,1340,4812,101,137,387,682,521,1209,637,1745,1001,1435,654,653,651,1047,428,1811,37430,13100,16,0,0,0,0,1,0
2021-02-04T23:59:59+01:00,1,0,299,433,983,2040,1374,3560,1834,5129,2571,4025,1832,1872,1922,3024,1320,4779,76,106,286,461,361,817,454,1181,689,976,508,477,506,827,339,1451,36981,9516,16,0,0,0,0,1,0
2021-02-03T23:59:59+01:00,1,0,295,424,965,2014,1358,3522,1820,5080,2537,3982,1812,1849,1907,3000,1306,4762,60,82,239,393,291,638,346,923,531,729,340,331,368,586,247,1063,36617,7168,16,0,0,0,0,1,0
2021-02-02T23:59:59+01:00,1,0,290,417,959,1986,1349,3489,1809,5033,2514,3947,1794,1833,1879,2958,1284,4711,39,63,183,311,243,486,265,739,383,561,236,214,234,391,167,699,36236,5214,16,0,0,0,0,1,0
2021-02-01T23:59:59+01:00,1,0,289,414,954,1978,1346,3473,1801,5012,2505,3928,1786,1822,1864,2943,1279,4697,19,39,136,225,167,312,169,490,240,324,119,109,102,189,77,314,36075,3031,16,0,0,0,0,1,0
2021-01-31T23:59:59+01:00,1,0,288,413,952,1971,1343,3464,1798,4993,2501,3913,1782,1814,1860,2935,1276,4687,18,34,118,197,150,271,152,411,203,279,100,95,94,161,69,274,35974,2626,16,0,0,0,0,1,0
2021-01-30T23:59:59+01:00,1,0,288,413,952,1971,1343,3464,1798,4993,2501,3913,1781,1814,1860,2934,1276,4686,18,34,117,197,150,268,149,408,202,278,99,94,94,161,69,274,35971,2612,16,0,0,0,0,1,0
2021-01-29T23:59:59+01:00,1,0,286,410,951,1969,1342,3456,1792,4984,2498,3910,1775,1807,1851,2922,1269,4664,16,33,116,188,141,260,137,380,170,251,72,70,84,139,62,238,35870,2357,16,0,0,0,0,1,0
2021-01-28T23:59:59+01:00,1,0,282,402,932,1915,1318,3392,1767,4922,2470,3848,1753,1787,1819,2891,1251,4628,0,0,10,19,8,20,11,45,8,22,6,4,7,10,3,15,35362,188,15,0,0,0,0,1,0
2021-01-27T23:59:59+01:00,1,0,276,384,899,1834,1283,3278,1706,4799,2410,3748,1696,1738,1774,2823,1212,4539,0,0,4,6,5,12,7,19,4,12,5,4,7,10,3,14,34388,112,11,0,0,0,0,1,0
2021-01-26T23:59:59+01:00,1,0,271,374,889,1820,1269,3239,1689,4743,2380,3681,1663,1706,1735,2751,1194,4448,0,0,4,6,5,12,7,19,4,12,5,4,7,10,3,14,33845,112,7,0,0,0,0,1,0
2021-01-25T23:59:59+01:00,1,0,261,350,847,1701,1199,3075,1598,4472,2274,3473,1602,1653,1678,2663,1143,4262,0,0,1,3,1,4,4,2,4,5,5,4,6,9,2,14,32248,64,3,0,0,0,0,1,0
2021-01-24T23:59:59+01:00,1,0,258,347,836,1681,1189,3052,1567,4439,2248,3452,1591,1644,1666,2651,1137,4254,0,0,1,2,1,4,4,2,4,5,5,4,6,9,2,14,32009,63,3,0,0,0,0,1,0
2021-01-23T23:59:59+01:00,1,0,258,347,836,1681,1188,3051,1567,4435,2247,3451,1590,1644,1665,2650,1136,4249,0,0,1,2,1,4,4,2,4,5,5,4,6,9,2,14,31992,63,3,0,0,0,0,1,0
2021-01-22T23:59:59+01:00,1,0,257,345,830,1678,1184,3046,1564,4428,2235,3446,1578,1632,1659,2631,1130,4227,0,0,1,2,1,4,4,2,4,5,5,4,6,9,2,14,31867,63,3,0,0,0,0,1,0
2021-01-21T23:59:59+01:00,1,0,246,335,803,1612,1159,2919,1508,4266,2155,3311,1479,1528,1522,2463,1046,4037,0,0,1,2,1,4,4,2,4,5,4,3,5,9,1,14,30386,59,3,0,0,0,0,1,0
2021-01-20T23:59:59+01:00,1,0,224,292,730,1456,1068,2605,1374,3807,1981,2955,1356,1381,1400,2264,969,3796,0,0,1,2,1,4,4,2,3,5,4,3,5,9,1,14,27656,58,2,0,0,0,0,1,0
2021-01-19T23:59:59+01:00,1,0,193,235,630,1207,924,2161,1151,3192,1692,2524,1172,1176,1164,1921,807,3225,0,0,1,1,1,2,4,1,2,5,4,3,5,9,1,14,23372,53,2,0,0,0,0,1,0
2021-01-18T23:59:59+01:00,1,0,136,185,498,946,713,1646,884,2324,1316,1912,911,944,930,1515,630,2575,0,0,0,0,0,0,0,0,1,2,2,1,0,0,0,0,18064,6,1,0,0,0,0,1,0
2021-01-17T23:59:59+01:00,1,0,122,159,439,776,628,1423,782,2071,1201,1722,844,864,845,1376,555,2351,0,0,0,0,0,0,0,0,0,1,0,0,0,0,0,0,16158,1,0,0,0,0,0,1,0
2021-01-16T23:59:59+01:00,1,0,121,158,435,775,626,1415,772,2067,1192,1715,842,859,840,1365,547,2335,0,0,0,0,0,0,0,0,0,0,0,0,0,0,0,0,16065,0,0,0,0,0,0,0,0
2021-01-15T23:59:59+01:00,1,0,110,151,423,754,599,1376,740,1989,1130,1633,798,806,793,1276,516,2211,0,0,0,0,0,0,0,0,0,0,0,0,0,0,0,0,15306,0,0,0,0,0,0,0,0
2021-01-14T23:59:59+01:00,1,0,76,112,302,488,398,891,511,1281,774,1072,584,559,577,943,399,1684,0,0,0,0,0,0,0,0,0,0,0,0,0,0,0,0,10652,0,0,0,0,0,0,0,0
2021-01-13T23:59:59+01:00,1,0,59,85,250,410,322,674,379,982,567,765,369,355,391,637,284,1174,0,0,0,0,0,0,0,0,0,0,0,0,0,0,0,0,7704,0,0,0,0,0,0,0,0
2021-01-12T23:59:59+01:00,0,0,48,69,204,351,258,546,279,808,412,599,248,226,243,424,190,786,0,0,0,0,0,0,0,0,0,0,0,0,0,0,0,0,5691,0,0,0,0,0,0,0,0
2021-01-11T23:59:59+01:00,0,0,32,51,177,301,211,444,220,648,302,422,151,131,140,259,105,452,0,0,0,0,0,0,0,0,0,0,0,0,0,0,0,0,4046,0,0,0,0,0,0,0,0
2021-01-10T23:59:59+01:00,0,0,24,42,155,252,182,366,179,537,252,361,130,110,125,214,93,362,0,0,0,0,0,0,0,0,0,0,0,0,0,0,0,0,3384,0,0,0,0,0,0,0,0
2021-01-09T23:59:59+01:00,0,0,24,42,154,250,181,363,177,531,251,360,129,109,125,214,93,362,0,0,0,0,0,0,0,0,0,0,0,0,0,0,0,0,3365,0,0,0,0,0,0,0,0
2021-01-08T23:59:59+01:00,0,0,22,40,152,241,173,353,164,500,221,334,105,93,119,198,86,335,0,0,0,0,0,0,0,0,0,0,0,0,0,0,0,0,3136,0,0,0,0,0,0,0,0
2021-01-07T23:59:59+01:00,0,0,1,0,4,9,8,15,10,7,18,11,10,11,14,21,3,35,0,0,0,0,0,0,0,0,0,0,0,0,0,0,0,0,177,0,0,0,0,0,0,0,0
2021-01-06T23:59:59+01:00,0,0,0,0,1,3,1,7,5,2,4,6,6,4,7,10,1,16,0,0,0,0,0,0,0,0,0,0,0,0,0,0,0,0,73,0,0,0,0,0,0,0,0
2021-01-05T23:59:59+01:00,0,0,0,0,1,3,1,6,5,2,4,5,6,4,6,10,1,15,0,0,0,0,0,0,0,0,0,0,0,0,0,0,0,0,69,0,0,0,0,0,0,0,0
2021-01-04T23:59:59+01:00,0,0,0,0,1,3,1,5,4,2,4,5,6,4,5,9,1,15,0,0,0,0,0,0,0,0,0,0,0,0,0,0,0,0,65,0,0,0,0,0,0,0,0
2021-01-03T23:59:59+01:00,0,0,0,0,1,2,1,5,4,2,4,5,5,4,5,9,1,15,0,0,0,0,0,0,0,0,0,0,0,0,0,0,0,0,63,0,0,0,0,0,0,0,0
2021-01-02T23:59:59+01:00,0,0,0,0,1,2,1,5,4,2,4,5,5,4,5,9,1,15,0,0,0,0,0,0,0,0,0,0,0,0,0,0,0,0,63,0,0,0,0,0,0,0,0
2021-01-01T23:59:59+01:00,0,0,0,0,1,2,1,4,4,2,4,5,5,4,5,9,1,15,0,0,0,0,0,0,0,0,0,0,0,0,0,0,0,0,62,0,0,0,0,0,0,0,0
2020-12-31T23:59:59+01:00,0,0,0,0,1,2,1,4,4,2,4,5,5,4,5,9,1,15,0,0,0,0,0,0,0,0,0,0,0,0,0,0,0,0,62,0,0,0,0,0,0,0,0
2020-12-30T23:59:59+01:00,0,0,0,0,1,2,1,4,4,2,3,5,5,4,5,9,1,15,0,0,0,0,0,0,0,0,0,0,0,0,0,0,0,0,61,0,0,0,0,0,0,0,0
2020-12-29T23:59:59+01:00,0,0,0,0,1,1,1,2,4,1,2,5,5,4,5,9,1,15,0,0,0,0,0,0,0,0,0,0,0,0,0,0,0,0,56,0,0,0,0,0,0,0,0
2020-12-28T23:59:59+01:00,0,0,0,0,1,1,1,1,2,0,1,5,4,1,1,0,0,2,0,0,0,0,0,0,0,0,0,0,0,0,0,0,0,0,20,0,0,0,0,0,0,0,0
2020-12-27T23:59:59+01:00,0,0,0,0,1,1,1,1,2,0,0,3,2,0,1,0,0,2,0,0,0,0,0,0,0,0,0,0,0,0,0,0,0,0,14,0,0,0,0,0,0,0,0
