Datum,<15_1_m,<15_1_w,15-24_1_m,15-24_1_w,25-34_1_m,25-34_1_w,35-44_1_m,35-44_1_w,45-54_1_m,45-54_1_w,55-64_1_m,55-64_1_w,65-74_1_m,65-74_1_w,75-84_1_m,75-84_1_w,>84_1_m,>84_1_w,<15_2_m,<15_2_w,15-24_2_m,15-24_2_w,25-34_2_m,25-34_2_w,35-44_2_m,35-44_2_w,45-54_2_m,45-54_2_w,55-64_2_m,55-64_2_w,65-74_2_m,65-74_2_w,75-84_2_m,75-84_2_w,>84_2_m,>84_2_w,bp_1,bp_2,mo_1,mo_2,az_1,az_2,ja,unb_1,unb_2
2021-12-07T23:59:59+01:00,10769,10047,47579,44548,62657,56171,61791,59371,71349,70382,79261,78699,55698,61459,38063,49396,11881,22731,6582,6189,41976,39806,57393,50848,57363,54997,67330,66296,76095,75496,54183,59714,37206,48116,11489,21851,665919,613759,80307,77503,105767,101796,39818,52,54
2021-12-06T23:59:59+01:00,10540,9810,47490,44453,62599,56094,61745,59295,71311,70312,79207,78635,55670,61417,38045,49373,11875,22716,6458,6074,41645,39515,57109,50574,57140,54772,67142,66114,75924,75335,54121,59653,37175,48082,11482,21845,664726,611039,80248,77469,105766,101793,39805,52,54
2021-12-05T23:59:59+01:00,10422,9694,47439,44377,62538,56009,61701,59250,71269,70276,79160,78589,55645,61392,38039,49353,11874,22709,6369,6001,41324,39270,56761,50310,56917,54593,66973,65973,75804,75237,54090,59617,37164,48060,11478,21838,663929,608687,80197,77443,105766,101793,39802,52,54
2021-12-04T23:59:59+01:00,10222,9510,47423,44366,62520,55997,61692,59242,71264,70268,79151,78580,55639,61389,38039,49353,11872,22707,6356,5991,41286,39238,56707,50276,56885,54570,66956,65958,75792,75228,54089,59616,37161,48056,11477,21837,663437,608392,80187,77438,105766,101793,39802,52,54
2021-12-03T23:59:59+01:00,9770,9139,47376,44328,62473,55961,61659,59208,71236,70239,79129,78554,55626,61374,38035,49341,11871,22704,6332,5969,41202,39146,56598,50202,56822,54516,66900,65922,75742,75202,54077,59607,37158,48052,11477,21835,662267,607677,80146,77433,105766,101793,39802,52,54
2021-12-02T23:59:59+01:00,9494,8872,47286,44257,62380,55841,61568,59120,71170,70162,79071,78481,55603,61338,38012,49311,11863,22680,6216,5855,40887,38905,56278,49939,56540,54295,66667,65734,75593,75058,54034,59554,37132,48013,11467,21826,660826,604991,80076,77357,105766,101793,39799,52,53
2021-12-01T23:59:59+01:00,9307,8662,47208,44186,62315,55770,61494,59043,71110,70096,79010,78404,55567,61292,37997,49279,11856,22661,6148,5802,40719,38793,56121,49764,56386,54169,66522,65612,75502,74946,53997,59505,37114,47988,11464,21814,659627,603394,80024,77327,105766,101793,39799,51,53
2021-11-30T23:59:59+01:00,9052,8397,47148,44139,62235,55684,61415,58967,71056,70033,78947,78328,55533,61243,37976,49257,11846,22639,6064,5739,40561,38665,55944,49585,56256,54013,66377,65476,75399,74830,53949,59446,37086,47948,11458,21799,658294,601650,79997,77302,105765,101792,39798,51,53
2021-11-29T23:59:59+01:00,8802,8181,47075,44068,62150,55595,61356,58886,71014,69984,78895,78265,55502,61208,37963,49234,11843,22627,6026,5693,40395,38468,55706,49417,56091,53865,66236,65365,75288,74728,53901,59410,37070,47914,11457,21791,657120,599916,79928,77267,105765,101791,39794,51,53
2021-11-28T23:59:59+01:00,8704,8077,47018,44007,62076,55521,61305,58827,70971,69926,78850,78226,55479,61187,37947,49207,11840,22615,6000,5670,40323,38382,55587,49330,56003,53797,66172,65304,75243,74691,53881,59392,37056,47906,11455,21787,656266,599094,79922,77252,105765,101791,39789,51,53
2021-11-27T23:59:59+01:00,8672,8051,46996,43989,62055,55494,61282,58804,70948,69912,78835,78211,55470,61184,37947,49206,11840,22614,5993,5662,40297,38361,55568,49322,55986,53787,66162,65298,75233,74685,53879,59389,37055,47906,11455,21787,655994,598940,79921,77252,105765,101791,39789,51,53
2021-11-26T23:59:59+01:00,8532,7954,46913,43929,62004,55432,61236,58755,70895,69868,78804,78183,55462,61162,37945,49197,11837,22610,5976,5653,40247,38328,55516,49280,55941,53747,66126,65269,75205,74663,53876,59383,37052,47904,11455,21787,655208,598529,79918,77248,105764,101791,39787,51,53
2021-11-25T23:59:59+01:00,8272,7722,46753,43811,61852,55246,61103,58636,70768,69740,78714,78086,55413,61106,37914,49167,11833,22598,5877,5528,39887,37987,55169,48956,55670,53504,65874,65076,75070,74559,53841,59344,37039,47879,11453,21774,653238,595658,79904,77198,105764,101791,39787,51,53
2021-11-24T23:59:59+01:00,8134,7597,46619,43713,61725,55109,60997,58508,70674,69636,78603,77982,55369,61042,37889,49120,11820,22564,5836,5484,39801,37901,55067,48838,55576,53394,65792,64981,75000,74501,53825,59302,37027,47853,11449,21765,651627,594598,79892,77173,105764,101791,39777,51,53
2021-11-23T23:59:59+01:00,7979,7457,46494,43595,61600,54935,60892,58366,70556,69517,78488,77873,55305,60964,37860,49068,11811,22543,5794,5438,39682,37807,54908,48708,55460,53310,65686,64882,74922,74423,53781,59254,37014,47827,11443,21754,649843,593319,79881,77157,105764,101790,39774,51,53
2021-11-22T23:59:59+01:00,7872,7353,46322,43482,61455,54777,60734,58258,70458,69402,78410,77779,55269,60902,37839,49030,11807,22524,5745,5388,39407,37607,54598,48502,55249,53140,65497,64739,74826,74351,53749,59215,37003,47810,11437,21747,648237,591270,79869,77135,105764,101790,39762,51,53
2021-11-21T23:59:59+01:00,7791,7282,46219,43389,61337,54670,60611,58183,70369,69322,78337,77709,55235,60858,37827,49017,11804,22514,5716,5359,39298,37526,54480,48418,55157,53073,65426,64673,74787,74305,53731,59200,36998,47794,11435,21742,647052,590385,79857,77130,105764,101790,39760,51,53
2021-11-20T23:59:59+01:00,7769,7256,46157,43321,61253,54598,60539,58136,70322,69285,78298,77681,55218,60842,37822,49010,11803,22513,5712,5357,39275,37513,54454,48404,55135,53053,65411,64666,74777,74301,53730,59196,36993,47793,11434,21742,646411,590221,79855,77130,105764,101790,39752,51,53
2021-11-19T23:59:59+01:00,7674,7161,45964,43146,61078,54414,60387,57978,70182,69192,78212,77606,55193,60816,37816,48994,11801,22507,5698,5341,39215,37462,54413,48371,55089,53017,65384,64641,74751,74287,53728,59184,36990,47790,11433,21739,644743,589841,79844,77121,105761,101788,39730,51,53
2021-11-18T23:59:59+01:00,7473,6957,45565,42819,60752,54046,60078,57714,69894,68958,78049,77438,55131,60741,37789,48941,11796,22486,5628,5274,38942,37211,54168,48168,54875,52840,65191,64485,74623,74222,53689,59141,36973,47760,11424,21730,641307,587708,79815,77095,105760,101786,39702,51,53
2021-11-17T23:59:59+01:00,7329,6838,45232,42581,60460,53782,59855,57495,69699,68766,77890,77277,55070,60685,37772,48891,11785,22469,5591,5245,38847,37142,54056,48078,54801,52773,65117,64425,74569,74165,53661,59114,36957,47738,11417,21724,638637,586852,79764,77059,105760,101785,39671,51,53
2021-11-16T23:59:59+01:00,7190,6724,44978,42378,60195,53522,59643,57293,69519,68588,77755,77134,55001,60613,37742,48840,11770,22441,5529,5193,38678,36992,53927,47944,54691,52665,65016,64335,74484,74092,53626,59066,36926,47706,11413,21711,636120,585451,79741,77044,105760,101785,39661,51,53
2021-11-15T23:59:59+01:00,7045,6600,44448,41980,59748,53158,59340,57019,69247,68363,77562,76958,54936,60538,37697,48794,11767,22431,5485,5145,38488,36819,53726,47785,54512,52536,64880,64216,74405,74022,53599,59032,36918,47686,11410,21702,632514,583905,79720,77030,105760,101785,39593,51,53
2021-11-14T23:59:59+01:00,6968,6531,44207,41806,59541,52977,59148,56866,69099,68232,77449,76888,54913,60504,37686,48776,11764,22424,5439,5100,38317,36686,53544,47632,54377,52432,64757,64120,74347,73951,53567,59009,36910,47667,11409,21697,630693,582517,79699,77023,105760,101785,39583,51,53
2021-11-13T23:59:59+01:00,6964,6525,44192,41795,59525,52964,59138,56856,69093,68226,77438,76884,54911,60503,37685,48774,11763,22424,5439,5098,38315,36686,53542,47632,54373,52428,64752,64116,74341,73948,53562,59005,36908,47659,11407,21696,630578,582463,79698,77023,105757,101785,39583,51,53
2021-11-12T23:59:59+01:00,6907,6484,44056,41658,59377,52868,59017,56750,69003,68158,77371,76846,54898,60488,37678,48762,11758,22419,5436,5090,38289,36667,53515,47616,54349,52416,64729,64102,74325,73937,53556,58999,36906,47656,11405,21694,629459,582273,79684,77022,105757,101785,39554,51,53
2021-11-11T23:59:59+01:00,6730,6295,43383,41143,58761,52359,58550,56372,68627,67824,77096,76657,54836,60419,37651,48722,11749,22408,5382,5028,38106,36534,53365,47481,54228,52305,64614,64001,74248,73890,53524,58970,36894,47638,11404,21683,624730,581049,79643,76997,105754,101785,39411,51,53
2021-11-10T23:59:59+01:00,6628,6204,42966,40847,58353,52011,58251,56128,68369,67573,76919,76490,54767,60355,37629,48683,11741,22397,5362,5002,38011,36472,53291,47406,54161,52231,64560,63945,74189,73851,53493,58936,36878,47616,11399,21676,621579,580352,79628,76985,105754,101783,39306,51,53
2021-11-09T23:59:59+01:00,6558,6153,42863,40755,58227,51869,58135,55992,68238,67455,76834,76394,54725,60311,37615,48658,11734,22381,5336,4974,37938,36428,53246,47345,54108,52142,64504,63867,74111,73773,53462,58899,36860,47590,11392,21657,620208,579709,79595,76790,105752,101782,39298,51,53
2021-11-08T23:59:59+01:00,6423,6039,42128,40094,57486,51263,57583,55552,67822,67072,76551,76123,54607,60220,37587,48618,11726,22367,5307,4952,37832,36324,53088,47223,54018,52060,64434,63777,74030,73715,53433,58865,36849,47574,11389,21652,614874,578891,79573,76777,105751,101782,39019,51,53
2021-11-07T23:59:59+01:00,6367,6000,41965,39958,57292,51103,57439,55444,67723,66998,76500,76073,54589,60200,37579,48612,11724,22362,5289,4937,37757,36252,53015,47141,53962,52017,64403,63724,74005,73692,53421,58853,36839,47567,11388,21645,613605,578314,79519,76750,105751,101781,39009,51,53
2021-11-06T23:59:59+01:00,6362,5991,41947,39940,57272,51088,57424,55434,67713,66989,76494,76070,54587,60200,37577,48612,11724,22361,5287,4937,37756,36250,53013,47137,53960,52015,64398,63723,74003,73690,53419,58851,36839,47566,11388,21645,613466,578288,79518,76749,105751,101781,39006,51,53
2021-11-05T23:59:59+01:00,6346,5971,41905,39911,57235,51038,57376,55404,67689,66972,76467,76057,54583,60194,37574,48610,11724,22359,5279,4932,37733,36242,53004,47126,53952,52008,64386,63711,73996,73681,53415,58849,36837,47562,11388,21645,613120,578181,79515,76746,105751,101781,38985,51,53
2021-11-04T23:59:59+01:00,6222,5825,41370,39419,56649,50571,56927,55037,67264,66645,76250,75915,54545,60144,37561,48580,11718,22351,5219,4868,37527,36103,52800,46978,53779,51875,64227,63592,73895,73611,53383,58824,36823,47540,11377,21639,609271,577024,79445,76720,105750,101780,38483,51,53
2021-11-03T23:59:59+01:00,6186,5780,41279,39352,56534,50474,56829,54952,67191,66578,76204,75871,54535,60125,37552,48563,11713,22346,5175,4834,37457,36040,52752,46929,53736,51820,64181,63549,73852,73575,53367,58799,36810,47520,11373,21631,608388,576397,79425,76715,105749,101777,38458,51,53
2021-11-02T23:59:59+01:00,6138,5730,41145,39240,56368,50354,56711,54847,67065,66499,76135,75812,54510,60103,37541,48551,11712,22335,5104,4762,37323,35887,52602,46772,53617,51698,64093,63447,73767,73489,53319,58753,36790,47487,11370,21621,607172,574967,79404,76678,105749,101777,38426,51,53
2021-11-01T23:59:59+01:00,6053,5652,40654,38871,55839,50005,56343,54592,66785,66297,75993,75722,54476,60076,37534,48544,11709,22326,5071,4721,37181,35773,52471,46679,53501,51613,63995,63385,73704,73444,53306,58740,36780,47472,11367,21614,604166,574222,79379,76636,105749,101775,38131,51,53
2021-10-31T23:59:59+01:00,6051,5652,40647,38865,55835,50002,56339,54588,66781,66293,75990,75720,54476,60076,37534,48544,11709,22326,5071,4720,37178,35770,52471,46678,53499,51612,63991,63384,73704,73444,53306,58740,36780,47472,11367,21614,604130,574210,79376,76636,105749,101775,38127,51,53
2021-10-30T23:59:59+02:00,6047,5650,40644,38865,55828,49999,56338,54586,66779,66292,75989,75718,54476,60076,37534,48544,11709,22326,5071,4720,37178,35770,52471,46677,53498,51611,63990,63383,73703,73444,53305,58740,36780,47472,11367,21614,604103,574204,79376,76636,105749,101775,38126,51,53
2021-10-29T23:59:59+02:00,6044,5644,40626,38847,55814,49981,56321,54576,66761,66285,75972,75713,54474,60073,37533,48543,11707,22326,5069,4717,37167,35755,52469,46672,53494,51606,63986,63376,73695,73436,53300,58739,36779,47469,11366,21613,603949,574126,79373,76633,105749,101773,38123,51,53
2021-10-28T23:59:59+02:00,5945,5544,40098,38491,55345,49647,55914,54275,66420,66056,75799,75607,54437,60044,37528,48524,11705,22316,5008,4670,36988,35639,52307,46555,53354,51498,63840,63295,73611,73389,53274,58713,36765,47451,11364,21606,600833,573154,79334,76613,105744,101771,37736,51,53
2021-10-27T23:59:59+02:00,5920,5523,40045,38432,55273,49591,55857,54223,66356,66026,75776,75587,54421,60032,37522,48512,11704,22310,4984,4644,36937,35598,52256,46518,53322,51462,63796,63244,73576,73363,53251,58693,36759,47440,11361,21594,600268,572652,79322,76600,105744,101765,37728,51,53
2021-10-26T23:59:59+02:00,5872,5488,39937,38337,55170,49487,55784,54157,66289,65959,75723,75547,54407,60016,37512,48498,11701,22305,4932,4601,36832,35456,52160,46432,53253,51380,63743,63183,73516,73309,53218,58672,36745,47416,11355,21580,599370,571667,79320,76592,105744,101764,37707,51,53
2021-10-25T23:59:59+02:00,5810,5420,39704,38101,54889,49283,55531,53995,66069,65816,75621,75468,54385,59986,37505,48488,11701,22302,4919,4592,36775,35394,52075,46377,53185,51340,63694,63143,73472,73277,53209,58656,36739,47411,11353,21577,597534,571355,79320,76590,105744,101762,37428,51,53
2021-10-24T23:59:59+02:00,5780,5391,39621,38016,54812,49206,55473,53956,66024,65789,75602,75449,54380,59977,37500,48485,11699,22298,4886,4576,36713,35332,52029,46331,53149,51299,63657,63114,73450,73245,53201,58642,36728,47403,11351,21575,596932,570869,79318,76583,105744,101760,37416,51,53
2021-10-23T23:59:59+02:00,5780,5391,39620,38015,54810,49206,55471,53953,66024,65789,75602,75449,54380,59976,37500,48485,11699,22298,4886,4576,36713,35331,52029,46331,53149,51297,63657,63114,73449,73245,53201,58642,36728,47403,11351,21575,596923,570866,79318,76583,105744,101760,37415,51,53
2021-10-22T23:59:59+02:00,5777,5386,39593,37997,54790,49191,55460,53946,66010,65777,75593,75442,54376,59973,37500,48483,11698,22298,4881,4567,36698,35317,52018,46311,53140,51286,63640,63105,73435,73235,53191,58635,36727,47400,11350,21573,596788,570714,79307,76582,105744,101757,37403,51,53
2021-10-21T23:59:59+02:00,5701,5306,39340,37800,54516,49003,55247,53794,65827,65654,75496,75386,54359,59956,37493,48473,11695,22293,4795,4495,36472,35107,51833,46151,52970,51155,63509,62983,73351,73176,53167,58599,36715,47382,11346,21567,595087,569231,79273,76546,105744,101756,37187,51,53
2021-10-20T23:59:59+02:00,5677,5292,39304,37773,54496,48980,55230,53765,65801,65629,75471,75368,54351,59945,37484,48458,11694,22286,4776,4475,36453,35077,51811,46120,52946,51125,63486,62961,73326,73149,53149,58577,36709,47369,11343,21560,594765,568886,79266,76536,105744,101756,37181,51,53
2021-10-19T23:59:59+02:00,5643,5262,39249,37735,54459,48940,55190,53731,65765,65596,75444,75341,54335,59924,37476,48444,11690,22283,4753,4453,36400,35030,51768,46066,52912,51087,63449,62927,73287,73109,53137,58553,36687,47354,11338,21550,594279,568349,79261,76532,105744,101751,37175,51,53
2021-10-18T23:59:59+02:00,5608,5234,39109,37601,54335,48841,55108,53648,65698,65555,75387,75305,54325,59908,37469,48430,11688,22282,4686,4392,36253,34885,51644,45943,52830,50995,63402,62864,73227,73060,53112,58518,36677,47337,11333,21544,593404,567307,79248,76504,105744,101751,37087,51,53
2021-10-17T23:59:59+02:00,5602,5226,39099,37590,54320,48825,55105,53638,65692,65543,75380,75300,54322,59904,37466,48427,11687,22277,4676,4381,36233,34855,51623,45919,52813,50973,63388,62847,73210,73046,53101,58506,36672,47330,11332,21535,593281,567056,79248,76498,105743,101750,37083,51,53
2021-10-16T23:59:59+02:00,5602,5226,39098,37590,54318,48824,55102,53636,65692,65543,75380,75300,54322,59904,37466,48427,11687,22277,4673,4378,36228,34851,51619,45916,52809,50969,63386,62843,73208,73045,53100,58505,36671,47329,11332,21533,593275,567014,79248,76498,105743,101750,37080,51,53
2021-10-15T23:59:59+02:00,5597,5223,39080,37576,54300,48811,55096,53631,65675,65537,75373,75288,54314,59902,37462,48420,11686,22277,4665,4376,36215,34849,51613,45908,52804,50963,63381,62836,73203,73039,53096,58501,36668,47328,11332,21532,593141,566949,79248,76496,105743,101743,37068,51,53
2021-10-14T23:59:59+02:00,5539,5164,38940,37456,54164,48709,55004,53550,65606,65453,75311,75234,54283,59881,37454,48404,11679,22262,4547,4260,35930,34519,51393,45683,52652,50790,63236,62689,73107,72961,53039,58454,36644,47297,11327,21523,592108,564850,79231,76457,105743,101729,36963,51,52
2021-10-13T23:59:59+02:00,5499,5130,38905,37413,54131,48673,54977,53516,65580,65428,75290,75208,54271,59869,37448,48396,11675,22258,4516,4233,35890,34478,51367,45642,52616,50754,63202,62653,73074,72931,53015,58438,36635,47274,11326,21512,591703,564415,79217,76420,105743,101713,36956,51,52
2021-10-12T23:59:59+02:00,5464,5107,38832,37368,54072,48604,54936,53468,65546,65393,75255,75171,54255,59852,37438,48380,11669,22248,4496,4207,35833,34425,51320,45587,52581,50718,63165,62611,73034,72884,52990,58409,36612,47250,11319,21499,591111,563820,79212,76414,105743,101710,36944,51,52
2021-10-11T23:59:59+02:00,5410,5055,38669,37235,53938,48489,54831,53382,65472,65331,75207,75142,54243,59833,37427,48369,11667,22244,4404,4126,35605,34207,51134,45396,52446,50584,63069,62497,72949,72820,52951,58371,36600,47230,11316,21491,590154,562239,79210,76411,105743,101705,36789,51,52
2021-10-10T23:59:59+02:00,5391,5045,38622,37195,53895,48448,54811,53351,65453,65311,75191,75122,54240,59828,37423,48366,11666,22238,4386,4119,35572,34187,51112,45369,52428,50567,63059,62485,72936,72806,52947,58362,36595,47220,11313,21487,589827,562020,79206,76403,105741,101701,36774,51,52
2021-10-09T23:59:59+02:00,5391,5044,38622,37195,53895,48448,54811,53351,65453,65311,75191,75122,54240,59828,37423,48366,11666,22238,4386,4119,35571,34187,51111,45369,52428,50567,63057,62485,72936,72806,52947,58362,36595,47220,11313,21487,589826,562019,79206,76401,105741,101700,36774,51,52
2021-10-08T23:59:59+02:00,5383,5031,38603,37175,53881,48432,54803,53347,65442,65302,75179,75113,54238,59825,37421,48361,11665,22237,4379,4110,35557,34167,51099,45354,52421,50556,63048,62478,72930,72800,52945,58360,36593,47216,11313,21485,589682,561900,79206,76399,105741,101699,36761,51,52
2021-10-07T23:59:59+02:00,5314,4944,38427,37020,53755,48305,54691,53243,65341,65210,75110,75064,54220,59788,37397,48337,11658,22224,4228,3941,35183,33816,50850,45043,52222,50289,62851,62283,72761,72642,52878,58290,36568,47169,11303,21469,588358,559682,79174,75632,105740,101692,36728,51,52
2021-10-06T23:59:59+02:00,5278,4916,38381,36979,53722,48268,54646,53205,65291,65175,75083,75042,54201,59775,37390,48321,11652,22215,4208,3924,35142,33780,50826,45015,52201,50265,62822,62268,72736,72625,52856,58260,36549,47149,11296,21457,587878,559300,79168,75630,105738,101689,36708,51,52
2021-10-05T23:59:59+02:00,5246,4891,38300,36902,53657,48205,54595,53140,65228,65118,75038,74994,54163,59747,37370,48289,11643,22183,4177,3895,35075,33708,50779,44952,52166,50221,62769,62230,72696,72585,52824,58222,36519,47096,11289,21434,587122,558617,79149,75629,105738,101687,36652,51,52
2021-10-04T23:59:59+02:00,5183,4833,38086,36733,53487,48087,54482,53033,65158,65048,74972,74946,54133,59713,37355,48271,11634,22168,4065,3758,34768,33359,50532,44708,51979,50043,62609,62078,72579,72486,52767,58161,36465,47041,11277,21415,586032,556354,79137,75628,105736,101687,36369,51,52
2021-10-03T23:59:59+02:00,5172,4819,38063,36709,53454,48050,54457,53019,65141,65030,74960,74933,54126,59700,37350,48258,11634,22163,4050,3753,34716,33323,50482,44664,51941,49995,62567,62041,72538,72454,52750,58137,36453,47025,11275,21407,585780,555873,79135,75628,105733,101676,36342,51,52
2021-10-02T23:59:59+02:00,5170,4810,38059,36702,53446,48046,54454,53016,65138,65029,74956,74930,54126,59698,37350,48258,11634,22163,4049,3753,34714,33321,50474,44662,51937,49994,62565,62041,72537,72453,52750,58136,36453,47025,11275,21407,585742,555864,79135,75627,105733,101676,36327,51,52
2021-10-01T23:59:59+02:00,5162,4793,38014,36674,53413,48017,54431,52991,65107,65013,74929,74913,54116,59693,37347,48255,11631,22161,4045,3750,34694,33309,50457,44654,51923,49980,62552,62033,72520,72441,52741,58130,36450,47023,11273,21405,585496,555780,79133,75625,105730,101670,36253,51,52
2021-09-30T23:59:59+02:00,5071,4730,37804,36468,53244,47853,54286,52861,65002,64894,74859,74855,54101,59663,37336,48237,11628,22154,3968,3675,34551,33156,50365,44528,51846,49865,62467,61941,72453,72382,52729,58100,36441,46998,11270,21395,583960,555199,79114,75016,105727,101665,36198,50,52
2021-09-29T23:59:59+02:00,5048,4709,37769,36427,53195,47805,54248,52814,64970,64856,74830,74827,54084,59640,37324,48226,11624,22142,3952,3658,34523,33120,50335,44502,51824,49844,62446,61911,72432,72362,52720,58091,36436,46988,11268,21387,583497,554910,79102,75012,105727,101660,36165,50,52
2021-09-28T23:59:59+02:00,5025,4685,37709,36370,53154,47752,54213,52770,64927,64812,74785,74792,54046,59604,37305,48203,11616,22131,3938,3641,34467,33081,50302,44472,51798,49821,62420,61890,72395,72332,52691,58053,36414,46961,11265,21375,582938,554516,79100,75005,105727,101656,36087,50,52
2021-09-27T23:59:59+02:00,4949,4625,37511,36192,52969,47586,54091,52660,64824,64705,74686,74714,54018,59576,37293,48185,11614,22120,3805,3483,34044,32694,49995,44148,51568,49572,62222,61703,72263,72206,52650,57993,36393,46930,11263,21365,581882,552007,79081,75004,105727,101653,35581,50,52
2021-09-26T23:59:59+02:00,4946,4619,37489,36161,52939,47567,54077,52644,64808,64695,74674,74704,54011,59565,37292,48182,11614,22115,3796,3476,34029,32687,49982,44132,51560,49562,62208,61697,72255,72199,52646,57985,36392,46925,11261,21361,581705,551890,79061,74996,105725,101651,35564,50,52
2021-09-25T23:59:59+02:00,4943,4616,37483,36157,52936,47563,54073,52641,64806,64691,74670,74702,54010,59562,37291,48181,11614,22114,3796,3475,34026,32687,49982,44132,51560,49561,62208,61696,72253,72199,52646,57984,36392,46925,11261,21361,581662,551885,79059,74996,105725,101651,35560,50,52
2021-09-24T23:59:59+02:00,4940,4613,37464,36142,52915,47549,54051,52629,64787,64680,74656,74692,54003,59559,37288,48177,11614,22110,3792,3469,34016,32672,49967,44122,51540,49546,62195,61690,72235,72190,52639,57977,36386,46918,11261,21359,581541,551778,79059,74994,105722,101650,35500,50,52
2021-09-23T23:59:59+02:00,4811,4493,37060,35722,52560,47215,53759,52354,64545,64463,74470,74562,53941,59503,37259,48133,11605,22090,3759,3426,33833,32503,49745,43969,51371,49440,62044,61584,72119,72114,52601,57952,36362,46897,11259,21351,579201,551101,79016,74970,105722,101647,34559,50,52
2021-09-22T23:59:59+02:00,4782,4470,37017,35665,52492,47137,53692,52296,64478,64410,74411,74509,53912,59480,37251,48116,11603,22085,3742,3414,33796,32461,49701,43911,51312,49389,61989,61544,72072,72080,52583,57934,36356,46886,11257,21350,578763,550843,79009,74967,105719,101646,34269,49,52
2021-09-21T23:59:59+02:00,4766,4447,36959,35616,52425,47072,53646,52247,64412,64359,74353,74455,53869,59448,37237,48091,11598,22076,3721,3400,33763,32409,49667,43863,51272,49344,61942,61506,72033,72039,52554,57910,36345,46868,11256,21343,578211,550476,79000,74965,105717,101640,34102,49,52
2021-09-20T23:59:59+02:00,4662,4383,36620,35309,52101,46762,53409,52020,64199,64168,74194,74342,53804,59393,37216,48056,11591,22070,3516,3212,33250,31974,49290,43523,50985,49037,61687,61294,71866,71887,52498,57845,36322,46823,11249,21333,576356,547760,78995,74960,105716,101634,33186,49,51
2021-09-19T23:59:59+02:00,4650,4378,36607,35298,52089,46753,53394,52008,64187,64163,74184,74331,53801,59387,37213,48053,11590,22070,3506,3204,33229,31957,49286,43512,50977,49025,61673,61283,71854,71877,52492,57841,36321,46821,11249,21330,576248,547636,78988,74956,105713,101633,33161,49,51
2021-09-18T23:59:59+02:00,4650,4378,36604,35297,52087,46752,53394,52007,64187,64163,74183,74331,53801,59387,37213,48053,11590,22070,3505,3204,33226,31957,49282,43510,50977,49025,61673,61283,71853,71877,52491,57841,36321,46821,11249,21330,576245,547630,78988,74956,105713,101633,33155,49,51
2021-09-17T23:59:59+02:00,4643,4365,36588,35272,52065,46732,53383,51988,64170,64154,74168,74312,53792,59380,37210,48048,11589,22069,3504,3200,33216,31940,49270,43499,50973,49016,61669,61279,71845,71865,52484,57839,36321,46820,11249,21328,576079,547577,78988,74956,105713,101631,33102,49,51
2021-09-16T23:59:59+02:00,4492,4213,36219,34908,51809,46433,53171,51723,63986,63970,74010,74162,53737,59320,37193,48013,11586,22057,3436,3159,33086,31834,49188,43392,50895,48933,61608,61224,71794,71832,52469,57825,36312,46808,11248,21324,573638,546739,78531,74876,105712,101626,33075,49,51
2021-09-15T23:59:59+02:00,4449,4175,36151,34834,51764,46379,53105,51668,63935,63921,73970,74119,53719,59299,37183,48003,11585,22051,3393,3127,33033,31784,49138,43339,50837,48883,61561,61180,71764,71801,52461,57804,36302,46799,11248,21318,573264,546403,78444,74861,105712,101613,32844,49,51
2021-09-14T23:59:59+02:00,4408,4135,36088,34780,51713,46309,53063,51617,63889,63876,73925,74077,53694,59280,37168,47984,11583,22047,3347,3099,32966,31712,49092,43290,50803,48837,61507,61142,71728,71759,52438,57780,36293,46785,11247,21315,572720,545846,78376,74854,105711,101606,32783,49,51
2021-09-13T23:59:59+02:00,4258,3957,35718,34346,51438,45990,52845,51383,63679,63666,73789,73951,53639,59210,37130,47950,11582,22039,3057,2846,32499,31241,48858,43040,50622,48635,61360,60959,71587,71648,52385,57721,36277,46749,11241,21305,570114,542854,77949,74775,105710,101600,32750,49,51
2021-09-12T23:59:59+02:00,4249,3947,35694,34330,51422,45967,52827,51366,63665,63649,73780,73941,53636,59204,37125,47949,11582,22038,3040,2838,32473,31224,48842,43022,50612,48627,61348,60944,71571,71635,52378,57713,36271,46747,11238,21305,569963,542697,77933,74767,105699,101585,32729,49,50
2021-09-11T23:59:59+02:00,4246,3944,35690,34326,51421,45965,52821,51359,63663,63644,73778,73935,53632,59199,37125,47947,11582,22038,3037,2837,32464,31220,48839,43019,50608,48623,61345,60940,71568,71631,52376,57711,36271,46745,11238,21305,569936,542675,77933,74767,105699,101585,32700,49,50
2021-09-10T23:59:59+02:00,4245,3943,35574,34226,51225,45812,52632,51217,63487,63530,73643,73845,53594,59160,37105,47929,11580,22033,3027,2827,32335,31109,48639,42854,50414,48485,61155,60818,71433,71537,52334,57668,36249,46724,11235,21300,569876,542521,77931,74764,105698,101581,31228,49,49
2021-09-09T23:59:59+02:00,4217,3904,35494,34156,51169,45742,52571,51128,63429,63472,73603,73807,53570,59132,37091,47910,11578,22029,2994,2796,32242,31041,48597,42804,50362,48444,61113,60784,71392,71505,52315,57654,36241,46709,11234,21296,569263,542039,77895,74757,105678,101559,31119,49,49
2021-09-08T23:59:59+02:00,4192,3884,35461,34114,51144,45711,52553,51101,63395,63440,73582,73784,53563,59117,37084,47899,11578,22026,2976,2780,32185,31011,48558,42778,50334,48412,61077,60756,71376,71485,52302,57642,36231,46698,11232,21289,568915,541677,77895,74756,105678,101547,31093,49,49
2021-09-07T23:59:59+02:00,4179,3870,35421,34070,51111,45680,52529,51075,63369,63415,73546,73754,53551,59101,37067,47885,11576,22020,2954,2762,32138,30960,48522,42742,50295,48375,61053,60726,71342,71456,52289,57626,36222,46685,11229,21285,568537,541256,77894,74754,105678,101539,31063,49,49
2021-09-06T23:59:59+02:00,4003,3686,34943,33600,50735,45288,52262,50774,63141,63174,73387,73604,53487,59020,37048,47845,11573,22011,2913,2707,31930,30776,48316,42584,50152,48234,60939,60607,71247,71369,52242,57580,36206,46666,11224,21272,565729,540395,77894,74752,105678,101535,30233,49,49
2021-09-05T23:59:59+02:00,3995,3674,34924,33585,50731,45280,52250,50766,63129,63164,73372,73599,53482,59012,37042,47838,11571,22007,2905,2697,31910,30757,48297,42570,50139,48226,60928,60597,71237,71364,52236,57568,36203,46661,11223,21270,565592,540257,77893,74750,105678,101521,30211,49,49
2021-09-04T23:59:59+02:00,3995,3674,34923,33585,50731,45280,52249,50765,63129,63164,73372,73599,53482,59012,37042,47838,11571,22007,2905,2697,31909,30755,48297,42570,50137,48224,60928,60597,71236,71364,52236,57568,36203,46661,11223,21270,565591,540253,77893,74748,105678,101521,30209,49,49
2021-09-03T23:59:59+02:00,3947,3627,34759,33449,50577,45155,52138,50650,62980,63041,73247,73499,53442,58964,37021,47817,11567,22004,2828,2608,31634,30564,48094,42401,49964,48058,60722,60425,71091,71218,52182,57511,36178,46638,11221,21266,565450,540119,77295,73502,105667,101508,29425,49,49
2021-09-02T23:59:59+02:00,3921,3597,34699,33401,50542,45114,52105,50617,62939,63001,73208,73472,53421,58952,37012,47799,11567,21998,2812,2583,31564,30502,48043,42352,49923,48014,60667,60373,71050,71191,52164,57496,36169,46630,11220,21261,565034,539725,77273,73498,105667,101398,29344,49,49
2021-09-01T23:59:59+02:00,3905,3583,34670,33368,50519,45086,52087,50595,62919,62968,73181,73454,53412,58943,37009,47791,11567,21997,2784,2564,31512,30462,48010,42324,49892,47989,60635,60349,71027,71160,52145,57478,36159,46623,11220,21258,564769,539375,77269,73492,105665,101371,29304,49,49
2021-08-31T23:59:59+02:00,3878,3569,34630,33320,50492,45050,52059,50563,62891,62936,73151,73422,53391,58921,37001,47779,11564,21996,2775,2552,31452,30428,47984,42299,49869,47971,60607,60333,71012,71133,52131,57468,36156,46616,11217,21251,564375,539097,77269,73488,105664,101362,29258,49,49
2021-08-30T23:59:59+02:00,3652,3359,34039,32800,50069,44667,51709,50217,62599,62674,72945,73245,53308,58835,36970,47732,11561,21988,2717,2492,31163,30164,47686,42064,49642,47801,60421,60201,70858,71030,52063,57423,36137,46585,11214,21244,561370,537998,77269,73485,105663,101352,28021,48,49
2021-08-29T23:59:59+02:00,3646,3351,34017,32780,50051,44658,51693,50197,62589,62660,72935,73229,53300,58830,36968,47725,11561,21986,2711,2491,31143,30143,47662,42037,49621,47784,60404,60184,70846,71019,52060,57414,36134,46584,11214,21242,561226,537878,77267,73483,105662,101308,27975,48,49
2021-08-28T23:59:59+02:00,3646,3351,34014,32780,50045,44657,51692,50195,62588,62657,72933,73228,53298,58828,36968,47725,11561,21986,2711,2488,31134,30134,47657,42035,49618,47781,60401,60180,70843,71017,52059,57410,36134,46584,11214,21242,561216,537842,77267,73482,105662,101308,27961,48,49
2021-08-27T23:59:59+02:00,3642,3345,34005,32761,50041,44651,51681,50188,62580,62652,72916,73222,53294,58825,36967,47724,11560,21985,2703,2485,31116,30116,47648,42024,49609,47772,60393,60172,70831,71016,52057,57409,36133,46583,11213,21242,561140,537764,77267,73480,105662,101305,27924,48,49
2021-08-26T23:59:59+02:00,3617,3317,33964,32708,50014,44615,51640,50139,62534,62628,72885,73191,53284,58815,36960,47722,11559,21981,2629,2391,30818,29846,47427,41812,49433,47616,60276,60071,70748,70944,52022,57375,36116,46559,11211,21238,560790,535933,77240,73474,105661,101240,27836,48,49
2021-08-25T23:59:59+02:00,3576,3293,33913,32663,49988,44567,51603,50108,62495,62593,72849,73167,53275,58797,36955,47707,11558,21980,2366,2170,30063,29144,46983,41400,49108,47324,60053,59846,70572,70793,51955,57299,36094,46524,11202,21230,560353,531603,77240,73471,105661,101217,27787,48,48
2021-08-24T23:59:59+02:00,3536,3271,33854,32606,49957,44525,51574,50061,62449,62544,72805,73121,53254,58772,36942,47694,11556,21972,2289,2106,29829,28920,46851,41268,48997,47217,59960,59752,70487,70695,51909,57253,36074,46512,11198,21227,559864,530161,77237,73465,105659,101183,27687,48,48
2021-08-23T23:59:59+02:00,3231,3002,33218,31985,49529,44126,51232,49756,62123,62248,72512,72889,53157,58683,36903,47631,11545,21963,2229,2053,29406,28528,46463,40971,48754,47006,59690,59543,70262,70547,51833,57182,36050,46469,11192,21221,556790,528705,77233,73462,105657,101178,26007,48,47
2021-08-22T23:59:59+02:00,3220,2994,33207,31979,49519,44116,51224,49750,62118,62241,72507,72887,53153,58680,36901,47629,11545,21962,2225,2050,29380,28510,46443,40962,48744,46994,59679,59535,70255,70543,51824,57178,36047,46466,11192,21221,556725,528603,77229,73453,105652,101164,25981,47,47
2021-08-21T23:59:59+02:00,3218,2994,33202,31977,49517,44115,51223,49747,62115,62240,72506,72886,53153,58680,36901,47629,11545,21962,2224,2048,29366,28498,46437,40959,48738,46990,59675,59535,70255,70542,51823,57178,36047,46466,11192,21221,556710,528563,77229,73446,105652,101164,25974,47,47
2021-08-20T23:59:59+02:00,3202,2983,33078,31882,49324,43979,51050,49637,61934,62111,72358,72804,53104,58638,36886,47611,11542,21958,2197,2034,28824,28000,45958,40591,48457,46779,59418,59349,70048,70417,51737,57120,36017,46438,11188,21214,556483,526863,77228,73270,105652,100932,24674,46,47
2021-08-19T23:59:59+02:00,3175,2960,33026,31842,49290,43942,51002,49597,61889,62073,72309,72765,53078,58618,36879,47596,11538,21951,2109,1952,27880,27147,45174,39990,48030,46420,59083,59073,69771,70195,51637,57030,35975,46390,11183,21209,556066,522483,77193,72297,105647,100841,24580,46,47
2021-08-18T23:59:59+02:00,3154,2941,32974,31798,49254,43906,50963,49561,61844,62036,72264,72738,53049,58601,36865,47582,11537,21946,2010,1854,26585,25848,44247,39119,47324,45680,58401,58489,69285,69739,51449,56811,35899,46297,11171,21192,555630,516954,77172,69089,105644,100787,24523,46,47
2021-08-17T23:59:59+02:00,3130,2918,32905,31734,49207,43838,50920,49526,61797,61991,72227,72698,53026,58577,36852,47570,11534,21941,1881,1744,25299,24458,43376,38427,46722,45199,57867,58047,68852,69413,51313,56627,35823,46217,11156,21178,555080,511339,77167,67005,105643,100751,24457,46,47
2021-08-16T23:59:59+02:00,3118,2897,32888,31714,49183,43814,50910,49508,61777,61973,72205,72684,53016,58569,36850,47559,11532,21937,1789,1659,23860,23069,42475,37586,46441,44905,57641,57786,68645,69254,51240,56541,35792,46173,11154,21164,554849,504980,77164,66972,105639,100737,24438,46,47
2021-08-15T23:59:59+02:00,3110,2885,32873,31697,49170,43807,50900,49497,61760,61956,72190,72672,53012,58560,36847,47559,11532,21937,1505,1402,21434,20618,41719,37044,46073,44530,57309,57485,68358,68997,51126,56437,35755,46117,11151,21154,554709,496235,77163,66792,105629,100721,24419,46,47
2021-08-14T23:59:59+02:00,3110,2884,32868,31694,49164,43806,50897,49495,61755,61953,72186,72664,53012,58560,36846,47559,11532,21937,1503,1394,21407,20591,41680,37012,46056,44515,57294,57473,68345,68986,51124,56434,35754,46116,11151,21153,554698,496040,77162,66791,105629,100721,24389,46,47
2021-08-13T23:59:59+02:00,3096,2867,32825,31665,49140,43793,50875,49478,61722,61922,72164,72644,53006,58553,36843,47554,11531,21934,1478,1369,21287,20504,41591,36913,45992,44462,57245,57433,68304,68953,51107,56422,35745,46107,11150,21151,554541,495440,77161,66788,105628,100700,24238,46,47
2021-08-12T23:59:59+02:00,3078,2837,32778,31616,49108,43751,50837,49448,61667,61895,72128,72609,52991,58534,36826,47545,11530,21931,1393,1309,20814,20191,40637,36097,45622,44132,57025,57253,68127,68789,51034,56339,35715,46063,11146,21144,554133,491194,77157,66784,105625,100655,24150,46,47
2021-08-11T23:59:59+02:00,3036,2806,32722,31571,49075,43719,50812,49424,61639,61864,72100,72581,52969,58509,36814,47536,11529,21924,1169,1129,19919,19305,39310,34909,45018,43553,56662,56925,67833,68515,50912,56203,35677,46004,11144,21131,553722,483772,77151,66779,105625,100632,24088,46,47
2021-08-10T23:59:59+02:00,3020,2787,32669,31524,49044,43686,50780,49391,61619,61823,72062,72536,52947,58494,36803,47513,11528,21919,923,885,18890,18340,37212,33044,44131,42677,56207,56526,67443,68169,50762,56050,35616,45908,11139,21111,553257,473528,77150,66776,105624,100612,24070,46,47
2021-08-09T23:59:59+02:00,3005,2780,32639,31500,49016,43666,50752,49372,61599,61806,72042,72515,52937,58485,36798,47503,11526,21918,493,474,17467,16928,34234,30625,43463,42044,55798,56163,67109,67841,50620,55901,35566,45859,11134,21093,553004,461350,77148,66771,105619,100600,24044,46,47
2021-08-08T23:59:59+02:00,3002,2780,32626,31486,49004,43659,50747,49366,61588,61798,72038,72514,52936,58482,36798,47500,11526,21917,490,471,17440,16898,34211,30610,43426,42014,55784,56150,67100,67836,50615,55896,35565,45856,11133,21092,552940,461165,77148,66765,105606,100581,24029,46,47
2021-08-07T23:59:59+02:00,3001,2775,32618,31475,49002,43651,50741,49364,61585,61795,72031,72512,52935,58480,36797,47500,11526,21917,487,467,17408,16863,34187,30591,43390,41983,55762,56132,67089,67829,50610,55894,35563,45856,11133,21091,552890,460928,77148,66762,105605,100580,24018,46,47
2021-08-06T23:59:59+02:00,2912,2683,32268,31247,48739,43457,50482,49134,61297,61591,71757,72345,52803,58377,36743,47447,11523,21908,479,465,17197,16719,33473,30107,42918,41614,55418,55904,66780,67651,50480,55800,35514,45819,11130,21084,552816,459244,76038,66470,105601,100577,22214,46,47
2021-08-05T23:59:59+02:00,2866,2644,32108,31127,48647,43368,50404,49079,61244,61546,71705,72304,52777,58358,36734,47429,11521,21906,451,432,16964,16467,31614,28674,41873,40661,55144,55558,66567,67478,50416,55723,35491,45780,11123,21075,551934,452433,76035,66395,105591,100453,22163,46,47
2021-08-04T23:59:59+02:00,2791,2568,31848,30935,48466,43231,50260,48972,61165,61469,71641,72246,52747,58318,36721,47414,11518,21901,425,409,16685,16220,31272,28449,40689,39587,54756,55226,66389,67326,50354,55641,35461,45752,11120,21068,550634,448113,76033,66375,105589,100380,21915,42,46
2021-08-03T23:59:59+02:00,2604,2387,31334,30469,48214,42985,50084,48780,61005,61298,71495,72099,52693,58246,36699,47385,11508,21887,375,345,16246,15774,30682,27920,38956,37966,54067,54580,66055,67013,50259,55512,35414,45700,11115,21058,547687,440435,76031,66367,105586,100361,21828,42,46
2021-08-02T23:59:59+02:00,2493,2292,31017,30182,48012,42803,49931,48652,60898,61192,71407,72016,52660,58214,36677,47366,11507,21884,333,312,15942,15502,30345,27565,36818,36142,53508,54065,65848,66838,50186,55426,35392,45672,11113,21054,545746,433592,76028,66362,105580,100253,21810,41,44
2021-08-01T23:59:59+02:00,2489,2288,31005,30173,47994,42790,49917,48643,60885,61182,71396,72010,52655,58205,36673,47366,11507,21884,320,302,15816,15377,30207,27449,34515,34289,53210,53811,65755,66769,50145,55385,35386,45653,11112,21052,545681,428141,76024,66357,105533,100227,21785,41,43
2021-07-31T23:59:59+02:00,2489,2288,31000,30169,47991,42788,49915,48642,60884,61182,71396,72008,52652,58203,36673,47366,11507,21883,319,302,15801,15364,30172,27421,34502,34280,53192,53803,65743,66764,50141,55381,35386,45652,11111,21051,545661,427983,76024,66356,105532,100223,21780,41,43
2021-07-30T23:59:59+02:00,2475,2283,30952,30122,47959,42767,49891,48618,60850,61152,71360,71990,52643,58192,36673,47366,11507,21881,317,297,15639,15060,29906,27108,34319,34033,52991,53509,65578,66561,50095,55335,35376,45640,11111,21049,545485,427612,76018,66345,105529,98314,21610,41,43
2021-07-29T23:59:59+02:00,2443,2263,30794,30026,47874,42706,49839,48553,60788,61110,71313,71944,52623,58173,36665,47350,11504,21876,294,275,15321,14777,29593,26885,33030,33085,52205,52896,65222,66294,49996,55242,35333,45583,11106,21041,544810,424896,76011,63603,105518,98170,21466,41,43
2021-07-28T23:59:59+02:00,2396,2226,30641,29916,47789,42638,49764,48478,60714,61031,71246,71888,52600,58136,36646,47331,11503,21871,263,255,14916,14399,29151,26569,32659,32753,51495,52281,64829,65967,49901,55139,35298,45526,11090,21022,543857,420734,76007,63548,105510,97787,21401,41,43
2021-07-27T23:59:59+02:00,2318,2153,30401,29649,47638,42461,49621,48341,60602,60907,71146,71800,52541,58075,36618,47292,11496,21863,187,165,14272,13744,28383,25941,31911,32101,50242,51185,64096,65400,49713,54931,35230,45412,11083,21003,542029,412395,75997,63521,105505,97688,21352,41,43
2021-07-26T23:59:59+02:00,2257,2098,30198,29417,47520,42332,49546,48257,60537,60843,71094,71754,52515,58043,36606,47279,11494,21854,150,138,13909,13369,28023,25652,31295,31688,48683,49811,63119,64572,49508,54726,35163,45331,11073,20990,540794,404672,75994,63514,105501,97655,21316,41,43
2021-07-25T23:59:59+02:00,2011,1896,29379,28742,47126,42015,49258,47970,60303,60617,70910,71596,52458,57968,36579,47237,11493,21846,147,136,13814,13308,27925,25586,31211,31620,48562,49747,63031,64520,49485,54708,35156,45322,11073,20989,536605,404027,75994,63506,105494,97492,21272,41,43
2021-07-24T23:59:59+02:00,1930,1828,29123,28512,46977,41908,49139,47869,60145,60499,70780,71516,52409,57938,36561,47216,11491,21846,146,130,13680,13190,27725,25450,31049,31490,48348,49578,62866,64426,49441,54678,35141,45304,11071,20987,535907,403405,75991,63504,105493,97491,20257,41,43
2021-07-23T23:59:59+02:00,1815,1708,28793,28188,46733,41751,48884,47656,59893,60311,70577,71388,52333,57867,36542,47180,11487,21837,136,122,13427,12957,27295,25132,30665,31180,47743,49088,62536,64186,49356,54612,35119,45261,11066,20978,534905,400976,75615,63450,105482,97488,18902,41,43
2021-07-22T23:59:59+02:00,1803,1701,28711,28108,46593,41610,48668,47442,59715,60167,70457,71259,52290,57830,36526,47163,11487,21837,118,117,13197,12691,26954,24798,30311,30860,45814,47525,61729,63485,49260,54510,35081,45218,11063,20968,534585,394259,74466,63298,105439,97261,18838,41,43
2021-07-21T23:59:59+02:00,1769,1659,28447,27900,46205,41272,48076,46886,59131,59687,70000,70869,52119,57671,36469,47105,11478,21824,103,107,12771,12237,26369,24255,29735,30292,42077,44278,60241,62211,49091,54329,35017,45135,11053,20941,534026,382589,71197,62775,105285,96815,18020,41,43
2021-07-20T23:59:59+02:00,1746,1644,28327,27763,46140,41213,48027,46847,59075,59639,69946,70823,52085,57644,36452,47080,11473,21817,87,80,12272,11702,25631,23563,29080,29541,38622,41285,58694,60744,48887,54107,34936,45043,11035,20921,533335,372173,71175,59396,105267,96693,17925,41,43
2021-07-19T23:59:59+02:00,1741,1643,28299,27723,46117,41201,48012,46835,59062,59623,69934,70821,52083,57640,36452,47076,11471,21817,86,78,12223,11670,25564,23528,29044,29505,38577,41252,58653,60717,48883,54099,34935,45040,11032,20920,533188,371847,71174,59379,105250,96638,17899,41,43
2021-07-18T23:59:59+02:00,1737,1636,28274,27698,46092,41191,48000,46825,59055,59614,69927,70813,52081,57639,36451,47075,11471,21816,86,77,12160,11644,25479,23485,28984,29471,38516,41225,58593,60675,48881,54093,34932,45039,11032,20920,533065,371505,71172,59348,105241,96518,17878,41,43
2021-07-17T23:59:59+02:00,1737,1634,28252,27684,46079,41180,47987,46820,59047,59609,69919,70809,52077,57635,36450,47075,11471,21816,84,75,12132,11630,25444,23450,28948,29451,38493,41208,58556,60651,48871,54085,34930,45039,11032,20920,532985,371252,71171,59342,105238,96514,17848,41,43
2021-07-16T23:59:59+02:00,1722,1613,27986,27491,45789,41013,47755,46650,58746,59406,69686,70668,51970,57564,36406,47038,11466,21814,84,72,11881,11435,25108,23207,28640,29221,38092,40933,58046,60228,48734,53972,34878,44989,11026,20916,532668,370042,71170,59339,105105,96237,15801,41,43
2021-07-15T23:59:59+02:00,1624,1500,27522,27106,45528,40778,47606,46536,58605,59293,69582,70581,51929,57521,36391,47015,11465,21807,76,65,11579,11206,24624,22865,28272,28951,37698,40653,55995,58180,48563,53770,34819,44905,11018,20905,530339,363087,71168,59244,105097,96024,15746,41,43
2021-07-14T23:59:59+02:00,1457,1368,26955,26568,45222,40487,47401,46350,58421,59096,69422,70435,51867,57463,36366,46985,11459,21802,70,57,11385,11012,24215,22509,27918,28632,37174,40250,54774,56997,48424,53618,34769,44841,11010,20883,527165,359365,71162,57573,105078,95877,15680,41,43
2021-07-13T23:59:59+02:00,1170,1063,26004,25674,44730,40076,47043,46030,58098,58811,69149,70189,51756,57337,36323,46930,11455,21787,58,42,11041,10669,23684,21956,27294,28042,35791,39061,50634,53087,48059,53231,34638,44690,10993,20854,521783,350071,71155,52364,105075,95773,15573,41,43
2021-07-12T23:59:59+02:00,707,666,24628,24423,44172,39591,46843,45815,57885,58617,68966,70020,51694,57246,36306,46904,11453,21779,50,39,10804,10558,23478,21816,27041,27906,35540,38890,50190,52664,47984,53145,34607,44654,10993,20848,515906,348595,71154,52333,105069,94688,15548,40,43
2021-07-11T23:59:59+02:00,704,661,24608,24402,44141,39569,46825,45802,57871,58604,68952,70017,51692,57243,36303,46900,11452,21779,48,39,10707,10467,23257,21688,26772,27804,35229,38809,49475,52177,46497,51556,34517,44545,10993,20846,515817,348073,71150,52284,105053,89559,15467,40,43
2021-07-10T23:59:59+02:00,702,656,24601,24393,44136,39560,46822,45798,57865,58602,68952,70016,51692,57243,36303,46900,11452,21779,45,38,10694,10455,23235,21667,26758,27792,35207,38804,49461,52172,46482,51540,34515,44544,10993,20846,515777,347962,71148,52283,105052,89503,15457,40,43
2021-07-09T23:59:59+02:00,695,646,24150,23937,43860,39322,46755,45738,57804,58560,68901,69991,51675,57230,36300,46892,11451,21778,45,38,10612,10282,23139,21477,26696,27583,35138,38587,49395,52068,46460,51515,34511,44541,10993,20845,514024,346722,71143,52269,105045,89456,15435,40,43
2021-07-08T23:59:59+02:00,629,580,23066,22937,43065,38724,46505,45537,57597,58417,68704,69852,51597,57164,36272,46869,11449,21770,40,33,10355,10089,22762,21217,26298,27317,34657,38271,48786,51545,46122,51148,34441,44463,10986,20823,509361,343123,71116,52117,104987,88838,15232,40,43
2021-07-07T23:59:59+02:00,576,534,21744,21550,42325,38039,46280,45314,57357,58225,68538,69691,51513,57081,36234,46815,11441,21756,34,29,9981,9779,21890,20623,25186,26524,32819,36903,47865,50656,45622,50610,34334,44323,10978,20805,503982,338179,70943,47740,104966,87916,15084,40,42
2021-07-06T23:59:59+02:00,519,471,20512,20274,41475,37396,45801,44961,56961,57919,68210,69434,51414,56955,36190,46763,11433,21748,26,24,9587,9399,21022,20027,24220,25865,31333,35706,46662,49452,44840,49824,34198,44146,10965,20785,499510,330826,69009,45639,104946,86641,14933,40,42
2021-07-05T23:59:59+02:00,483,443,19098,18901,40608,36597,45582,44734,56777,57716,68049,69307,51358,56899,36169,46734,11431,21741,24,20,9293,9142,20464,19638,23550,25442,30693,35274,45902,48834,44084,49033,34068,43957,10956,20773,493790,325027,69005,45616,104938,85605,14857,39,42
2021-07-04T23:59:59+02:00,476,437,17307,16900,40269,36371,45494,44659,56691,57647,67968,69238,51325,56872,36159,46713,11429,21739,24,20,9231,9088,20323,19575,23377,25364,30429,35196,45105,48704,42717,47680,33989,43883,10954,20767,488967,324559,68979,45571,104922,81466,14788,39,42
2021-07-03T23:59:59+02:00,476,435,17285,16867,40219,36324,45475,44642,56686,57642,67960,69231,51323,56869,36159,46713,11429,21738,23,20,9186,9044,20254,19505,23314,25298,30346,35116,44884,48528,42648,47604,33944,43824,10951,20767,488768,323591,68977,45570,104921,81284,14769,39,42
2021-07-02T23:59:59+02:00,456,412,17168,16756,39754,35940,45359,44543,56632,57601,67911,69200,51311,56864,36153,46701,11429,21737,23,18,9023,8870,19929,19222,22923,24920,29928,34700,44257,47882,42444,47372,33845,43688,10945,20763,487256,320576,68959,44535,104919,80845,14755,39,41
2021-07-01T23:59:59+02:00,404,372,16862,16474,38023,34607,44785,44042,56369,57392,67736,69031,51232,56773,36125,46663,11426,21729,18,13,8646,8473,19065,18510,21953,24064,28540,33505,41222,44905,41446,46285,33230,42960,10928,20734,481778,313056,68883,39653,104897,77298,14449,39,41
2021-06-30T23:59:59+02:00,356,327,16574,16227,35841,32785,44163,43412,56142,57197,67533,68839,51150,56681,36096,46609,11422,21713,17,12,8283,8138,18389,17882,21063,23232,27258,32237,36573,40030,40367,45137,32569,42171,10907,20707,474944,302541,68837,33621,104877,74398,14371,39,41
2021-06-29T23:59:59+02:00,316,290,16348,16024,34848,31704,43710,42967,55961,57034,67362,68690,51073,56608,36057,46565,11414,21706,15,9,7699,7529,17258,16954,19806,22015,25556,30555,33824,36898,37517,42083,31824,41277,10883,20668,470740,286311,68829,33573,104863,68239,14207,39,40
2021-06-28T23:59:59+02:00,307,268,16199,15863,33137,30299,43389,42673,55794,56893,67245,68583,51027,56556,36039,46544,11411,21694,14,7,7395,7269,16699,16578,19413,21698,25046,30167,33233,36395,36139,40590,31035,40343,10879,20657,466331,283261,68804,33521,104842,62829,13906,39,40
2021-06-27T23:59:59+02:00,307,268,16178,15837,32985,30210,43323,42646,55756,56884,67217,68575,51023,56552,36036,46543,11411,21693,13,7,7351,7239,16560,16509,19247,21635,24844,30093,33003,36254,34880,39315,29404,38419,10878,20656,466011,283087,68800,33481,104836,55940,13759,39,40
2021-06-26T23:59:59+02:00,305,266,16154,15808,32961,30194,43277,42602,55731,56867,67211,68572,51022,56551,36034,46542,11411,21693,12,7,7346,7226,16540,16497,19230,21624,24812,30070,32983,36232,34866,39301,29402,38416,10878,20656,465772,282884,68797,33481,104836,55935,13758,39,40
2021-06-25T23:59:59+02:00,298,264,16093,15756,32842,30091,43082,42440,55674,56821,67169,68548,51012,56540,36030,46541,11411,21693,12,7,7157,6948,16254,15988,18959,20966,24442,29137,32594,35508,34704,39083,29379,38385,10878,20656,464920,280188,68792,33470,104819,53623,13736,39,40
2021-06-24T23:59:59+02:00,277,251,15819,15549,32380,29800,41611,41199,55208,56465,66935,68388,50957,56484,36014,46513,11406,21682,11,7,6835,6713,15549,15539,17507,19944,22356,27576,31488,34610,34297,38654,29255,38203,10866,20640,460347,270455,68787,33418,104815,53187,12951,39,39
2021-06-23T23:59:59+02:00,262,234,15536,15250,31875,29397,39512,39375,54665,55922,66685,68168,50868,56375,35974,46467,11401,21669,10,5,6626,6547,15189,15262,16980,19495,21469,26774,29784,33242,33538,37796,29064,37962,10859,20625,453279,262617,68734,33326,104810,52471,12774,39,39
2021-06-22T23:59:59+02:00,240,199,15155,14856,31211,28764,36079,36329,53754,55118,66382,67862,50762,56253,35935,46410,11397,21655,7,4,6443,6333,14787,14932,16177,18772,20051,25459,28177,31584,32736,36817,28523,37353,10841,20593,442353,252490,68700,33239,104803,51354,12467,39,39
2021-06-21T23:59:59+02:00,225,193,14912,14678,30528,28302,33920,34364,53289,54691,66203,67744,50681,56179,35910,46388,11392,21650,7,4,6346,6249,14626,14811,16005,18635,19928,25345,28063,31494,32580,36677,27312,36114,10841,20590,435525,251792,68678,33190,104777,48375,12231,39,39
2021-06-20T23:59:59+02:00,218,192,14786,14587,28628,26964,33309,33915,53200,54595,66134,67707,50658,56151,35902,46384,11391,21648,7,4,5890,5949,13683,14171,15170,18041,19371,24988,27745,31291,32413,36493,27285,36083,10839,20586,431142,246770,68673,33155,104774,48302,11743,38,39
2021-06-19T23:59:59+02:00,212,187,14761,14553,28510,26878,33279,33888,53178,54579,66118,67696,50652,56142,35900,46379,11390,21646,7,4,5677,5790,13121,13766,14564,17560,19041,24785,27550,31120,32334,36393,27268,36069,10839,20586,430728,243248,68671,33150,104774,48299,11738,38,39
2021-06-18T23:59:59+02:00,210,179,14671,14468,28402,26807,32027,32985,52811,54272,65984,67602,50621,56108,35882,46353,11386,21642,7,4,5610,5712,13020,13680,14398,17433,18804,24555,26729,30452,32127,36156,27202,35993,10835,20579,430219,240293,65705,33035,104763,48243,11686,38,39
2021-06-17T23:59:59+02:00,196,163,14291,14202,27813,26553,31538,32724,52022,53706,65559,67336,50540,56007,35848,46312,11380,21629,6,4,5228,5454,12236,13203,13607,16822,17714,23626,24571,28487,31483,35419,27003,35716,10818,20564,427009,231268,65697,32757,104739,47559,10338,37,39
2021-06-16T23:59:59+02:00,167,135,13860,13793,27351,26194,31094,32368,51211,53003,65104,66946,50421,55887,35819,46255,11369,21617,6,4,4863,5015,11520,12532,12814,16125,16610,22500,21597,25619,30411,34210,26706,35313,10803,20524,422140,217209,65651,32725,104731,47163,10036,37,39
2021-06-15T23:59:59+02:00,105,82,13226,13168,26604,25618,30315,31774,49958,51937,64393,66421,50243,55689,35752,46144,11360,21598,6,4,4365,4387,10554,11593,11659,14745,14879,20798,18165,22310,29036,32771,26318,34791,10778,20480,414434,198574,65629,32608,104725,46855,9563,37,39
2021-06-14T23:59:59+02:00,75,61,12820,12792,26194,25294,29650,31307,48164,50467,63342,65588,50027,55463,35675,46068,11352,21586,6,4,4264,4331,10377,11461,11515,14613,14700,20676,17968,22150,28962,32690,26300,34763,10774,20477,406558,198126,65619,32337,104725,46542,8987,37,39
2021-06-13T23:59:59+02:00,74,60,12775,12747,26121,25257,29587,31281,48108,50442,63307,65564,50022,55460,35673,46064,11351,21583,6,4,4108,4252,10050,11329,11191,14502,14399,20563,17566,21805,27446,31045,26159,34568,10770,20466,406349,197369,65543,27658,104718,46333,8830,37,39
2021-06-12T23:59:59+02:00,74,59,12757,12730,26106,25246,29575,31268,48048,50371,63264,65529,50021,55457,35673,46064,11351,21583,6,4,4105,4244,10035,11312,11182,14487,14380,20546,17544,21796,27405,31000,26154,34563,10770,20466,406052,197182,65542,27656,104716,46292,8830,37,39
2021-06-11T23:59:59+02:00,72,56,12657,12603,25979,25131,29450,31141,47809,50145,63132,65410,49997,55431,35662,46053,11349,21581,6,4,4012,3973,9517,10121,10753,13577,14091,19987,17272,21318,26996,30575,26062,34481,10767,20464,404775,196132,65532,27650,104675,41515,8640,37,39
2021-06-10T23:59:59+02:00,64,49,12415,12382,25655,24845,29104,30872,46734,49129,62397,64840,49912,55335,35628,46001,11339,21568,6,3,3742,3603,8748,8877,9860,11933,12784,17220,15479,17707,25271,28650,25765,34174,10761,20440,399882,190590,65475,27211,104473,28781,8403,37,38
2021-06-09T23:59:59+02:00,50,37,12118,12060,25244,24441,28707,30478,44720,47305,61308,63900,49808,55212,35581,45947,11334,21550,6,3,3491,3478,8321,8622,9348,11613,12267,16826,14766,17105,21431,24326,25537,33872,10749,20414,391898,178985,65346,26862,104471,28242,8049,37,37
2021-06-08T23:59:59+02:00,44,26,11686,11519,24573,23816,28048,29812,41549,44460,59530,62263,49637,55021,35507,45856,11324,21528,6,3,3282,3342,7920,8368,8727,11240,11605,16405,14106,16460,16043,18364,25145,33347,10731,20384,379208,163770,65283,26527,104461,27937,7211,37,33
2021-06-07T23:59:59+02:00,39,19,11522,11323,24221,23539,27764,29604,38922,42529,59100,61900,49603,54990,35495,45835,11322,21522,6,3,3186,3271,7616,8199,8408,11063,11032,15953,13602,15981,15965,18284,25114,33296,10729,20377,373536,163451,64856,24705,104452,27527,6369,37,33
2021-06-06T23:59:59+02:00,36,18,11386,11218,23902,23306,27553,29431,37328,41346,58975,61822,49579,54961,35488,45821,11322,21520,6,3,3086,3219,7341,8108,8140,10893,10289,15269,13002,15360,15812,18172,25100,33273,10727,20377,373132,163329,61481,21537,104441,27357,5922,37,32
2021-06-05T23:59:59+02:00,34,17,11367,11198,23857,23265,27516,29404,37298,41332,58875,61738,49569,54954,35486,45819,11322,21517,6,3,3073,3207,7315,8072,8108,10874,10256,15253,12955,15337,15690,18007,25095,33265,10726,20376,372787,162883,61478,21536,104441,27341,5826,37,32
2021-06-04T23:59:59+02:00,34,15,11185,10939,23496,22796,27237,29008,36868,40883,58254,61198,49535,54913,35477,45801,11320,21511,6,2,3048,3192,7287,8052,8084,10854,10225,15229,12920,15304,15477,17798,25084,33244,10724,20375,370980,162291,59209,21523,104427,27243,5818,37,30
2021-06-03T23:59:59+02:00,32,14,10965,10721,23031,22405,26809,28674,35768,40055,55491,58849,49405,54752,35434,45737,11315,21496,5,2,2956,3113,7078,7897,7627,10555,9193,14594,11667,14597,14291,16325,24904,33027,10712,20356,367021,158921,54286,17784,104376,26930,5235,36,29
2021-06-02T23:59:59+02:00,32,14,10926,10683,22994,22371,26775,28646,35732,40014,55362,58691,49392,54726,35428,45730,11315,21495,5,2,2913,3082,7021,7875,7565,10517,9033,14552,11439,14532,12930,14836,24786,32854,10708,20349,366424,155079,54280,17773,104375,26906,5212,36,29
2021-06-01T23:59:59+02:00,19,7,10507,10335,22336,21860,26090,28067,35009,39432,52359,55543,49003,54318,35309,45567,11299,21469,5,2,2457,2725,5667,7192,6292,9941,7632,13880,10301,13569,8612,9263,24306,32171,10685,20295,355658,136855,54098,17403,104356,26326,4382,36,29
2021-05-31T23:59:59+02:00,18,6,10227,10106,21760,21463,25682,27817,34686,39229,50906,54143,48904,54194,35275,45526,11292,21461,5,2,2348,2607,5377,6946,6028,9718,7266,13640,10043,13408,8561,9201,24280,32122,10677,20282,350914,136076,54051,17282,104331,25760,3364,36,29
2021-05-30T23:59:59+02:00,17,6,10170,10056,21665,21422,25617,27782,34574,39159,50540,53802,48879,54169,35269,45520,11290,21458,5,2,2310,2577,5270,6866,5928,9649,7078,13552,9816,13311,8514,9151,24264,32115,10676,20277,349724,135477,54029,17107,104314,25455,3293,36,29
2021-05-29T23:59:59+02:00,16,6,10156,10044,21631,21402,25600,27769,34553,39146,50527,53784,48875,54165,35266,45519,11290,21458,5,2,2289,2527,5227,6738,5867,9516,6961,13354,9677,13089,8443,9059,24197,32048,10675,20276,349566,135194,54029,17054,104293,24389,3284,36,29
2021-05-28T23:59:59+02:00,16,6,10095,9975,21555,21290,25518,27648,34475,39046,50448,53685,48852,54147,35257,45511,11290,21454,5,2,2207,2260,4614,6203,5241,8796,6594,12391,9181,12094,8264,8860,23825,31566,10674,20273,348707,133684,54016,16957,104234,19104,3277,35,28
2021-05-27T23:59:59+02:00,15,6,9825,9727,21027,20913,24973,27287,33951,38668,49834,53074,48680,53956,35187,45437,11286,21434,3,2,1964,1992,4040,5685,4564,8193,6083,11620,8232,10766,7758,8199,22258,29410,10658,20251,344415,128005,53603,15826,104130,14721,3098,35,28
2021-05-26T23:59:59+02:00,15,6,9546,9479,20309,20348,24100,26616,32688,37641,49069,52370,48426,53667,35111,45326,11274,21410,3,1,1906,1919,3941,5558,4430,8027,5876,11358,7906,10382,7193,7470,19816,25975,10638,20207,339697,119493,50637,15574,104077,14556,2956,35,27
2021-05-25T23:59:59+02:00,14,6,9281,9243,19894,19991,23661,26222,32175,37123,48175,51392,48128,53349,35024,45185,11262,21381,3,1,1841,1869,3821,5458,4290,7876,5667,11132,7590,10059,6566,6627,15672,20574,10617,20149,334104,107237,50554,15531,104003,14206,2811,35,27
2021-05-24T23:59:59+02:00,14,6,9065,9083,19325,19698,22886,25834,30666,36110,47950,51221,48036,53249,34995,45155,11260,21380,3,1,1815,1851,3773,5427,4224,7834,5601,11072,7513,10002,6539,6601,15658,20565,10617,20149,332515,107113,46764,15517,103942,13911,2678,35,26
2021-05-23T23:59:59+02:00,14,6,8857,8876,18970,19405,22463,25487,30245,35789,47359,50709,47602,52794,34892,45009,11252,21371,3,1,1813,1850,3764,5422,4219,7828,5590,11064,7502,9992,6533,6589,15658,20563,10617,20149,327688,107048,46762,15515,103940,13892,2676,35,26
2021-05-22T23:59:59+02:00,14,6,8825,8838,18919,19361,22416,25456,30192,35758,47251,50638,47583,52771,34889,45000,11249,21371,3,1,1811,1846,3750,5409,4215,7822,5585,11057,7495,9988,6530,6586,15655,20562,10617,20149,327139,107008,46762,15515,103940,13870,2662,35,26
2021-05-21T23:59:59+02:00,13,6,8548,8483,18477,18846,22052,24811,29765,34949,46762,49969,47494,52646,34851,44957,11246,21366,3,1,1746,1806,3673,5371,4170,7786,5552,11010,7452,9938,6500,6560,15576,20465,10616,20148,321922,106688,46731,15514,103916,13507,2638,35,26
2021-05-20T23:59:59+02:00,12,6,7976,7938,17532,18052,21044,23896,28444,33745,45013,48142,47054,52184,34743,44802,11228,21347,3,1,1446,1642,3362,5080,3904,7398,5252,10532,7069,9484,6265,6301,14258,18916,10593,20109,310311,102915,46643,15028,103688,11165,2482,35,25
2021-05-19T23:59:59+02:00,12,6,7710,7625,16928,17449,20141,23019,27211,32483,43216,46052,46523,51629,34592,44580,11207,21315,3,1,1380,1559,3162,4866,3693,7145,5025,10180,6772,9154,5979,5965,12039,16053,10575,20048,299158,96650,46599,14549,103642,10111,2265,35,24
2021-05-18T23:59:59+02:00,11,6,7182,7085,15778,16428,18872,21772,25704,30852,40525,42816,45693,50682,34356,44276,11182,21273,3,1,1357,1534,3101,4793,3617,7024,4890,10048,6591,8942,5713,5688,10329,13871,10551,19994,283373,91495,45396,14496,103532,9873,2159,34,24
2021-05-17T23:59:59+02:00,11,6,7103,7021,15593,16315,18655,21605,25302,30523,38773,41178,45582,50601,34308,44211,11172,21249,3,1,1323,1511,3044,4746,3552,6964,4820,9944,6495,8841,5671,5648,10315,13853,10547,19986,283144,91422,40630,14215,103486,9687,1916,33,24
2021-05-16T23:59:59+02:00,10,5,6988,6968,15470,16226,18524,21497,25120,30408,35789,38410,45546,50566,34286,44187,11169,21244,3,1,1300,1492,3000,4706,3502,6905,4735,9874,6401,8761,5640,5611,10302,13837,10545,19983,282859,91371,34480,13949,103365,9577,1677,33,24
2021-05-15T23:59:59+02:00,10,5,6963,6937,15409,16169,18478,21454,25052,30363,35753,38369,45523,50539,34279,44182,11169,21244,3,1,1287,1465,2968,4635,3483,6836,4716,9793,6378,8710,5634,5607,10297,13836,10545,19983,282372,91313,34479,13944,103351,9232,1664,33,24
2021-05-14T23:59:59+02:00,10,4,6790,6566,15059,15673,18164,21034,24714,29902,35506,38019,45494,50508,34269,44177,11169,21242,3,1,1227,1404,2887,4532,3430,6734,4651,9641,6295,8580,5605,5562,10284,13826,10545,19982,281299,91222,34327,13923,101045,8424,1597,33,23
2021-05-13T23:59:59+02:00,10,4,6434,6239,14303,15090,17453,20400,23853,29161,34737,37347,45207,50164,34190,44054,11165,21231,3,1,1057,1318,2691,4419,3313,6611,4509,9468,6171,8432,5562,5523,10266,13808,10541,19977,274882,91059,33995,13842,100828,7441,1307,31,21
2021-05-12T23:59:59+02:00,10,4,6037,5968,13331,14422,16436,19595,23186,28723,34430,37063,45025,49968,34159,44023,11162,21228,3,1,1053,1316,2684,4411,3295,6606,4504,9458,6162,8427,5554,5516,10263,13803,10539,19976,268642,90994,33983,13830,100824,7436,1291,31,20
2021-05-11T23:59:59+02:00,10,4,5659,5743,12740,13969,14638,18153,20229,26198,32114,34734,43969,48709,33833,43551,11133,21178,3,0,991,1241,2566,4236,3185,6366,4386,9169,6045,8200,5482,5436,10221,13741,10531,19958,251345,90515,33703,13610,100377,6504,1109,31,19
2021-05-10T23:59:59+02:00,10,4,5510,5643,12469,13842,14283,17928,19424,25628,30737,33711,43439,48094,33775,43462,11125,21159,3,0,948,1182,2467,4073,3091,6166,4260,8906,5921,8001,5443,5403,10209,13724,10527,19949,245859,90401,33490,13549,100068,5509,795,31,19
2021-05-09T23:59:59+02:00,10,4,5107,5405,11286,13313,13282,17566,18394,25296,30192,33421,43383,48021,33749,43448,11122,21151,3,0,923,1150,2368,3966,3002,6028,4129,8730,5827,7897,5434,5389,10202,13719,10522,19945,240540,90353,33415,13507,99726,4918,438,31,18
2021-05-08T23:59:59+02:00,10,4,5095,5397,11264,13293,13257,17546,18364,25264,30151,33377,43375,48010,33748,43444,11122,21151,3,0,919,1143,2355,3959,2997,6028,4125,8724,5824,7894,5431,5386,10199,13714,10522,19945,240270,90327,33413,13507,99725,4883,433,31,18
2021-05-07T23:59:59+02:00,10,4,4994,5312,11036,13125,12968,17324,17757,24663,29201,32484,43181,47769,33692,43372,11118,21145,3,0,889,1112,2321,3904,2952,5978,4072,8670,5740,7841,5383,5338,10186,13705,10522,19944,237760,90190,31526,13503,99617,4627,222,30,18
2021-05-06T23:59:59+02:00,10,4,4579,5027,10367,12707,12208,16657,16159,23218,26654,30089,42480,47021,33525,43135,11102,21124,3,0,830,1055,2187,3656,2784,5668,3877,8198,5542,7519,5331,5284,10163,13677,10520,19938,228988,90005,28183,13191,98800,2953,65,30,18
2021-05-05T23:59:59+02:00,10,4,4271,4796,9764,12260,11487,16071,15058,22189,23804,27326,41498,45914,33242,42749,11084,21082,3,0,814,1031,2124,3532,2726,5512,3784,7987,5446,7383,5280,5229,10125,13636,10518,19935,215951,89734,27997,13053,98577,2205,55,29,18
2021-05-04T23:59:59+02:00,10,4,3923,4344,9099,11568,10713,15231,13754,20939,20200,23919,40149,44452,32868,42226,11061,21043,3,0,796,1000,2055,3416,2655,5377,3691,7834,5349,7259,5241,5183,10094,13607,10516,19932,198899,89508,27979,12754,98549,1680,48,28,18
2021-05-03T23:59:59+02:00,10,4,3680,3925,8691,11074,10231,14606,13217,20284,19475,23269,39882,44200,32789,42122,11058,21028,3,0,782,970,1987,3315,2596,5269,3630,7719,5297,7172,5225,5170,10078,13589,10513,19927,193035,89362,27967,12743,98484,1088,31,28,18
2021-05-02T23:59:59+02:00,10,4,3678,3923,8670,11065,10221,14596,13195,20272,19457,23257,39878,44197,32788,42121,11057,21028,3,0,778,952,1956,3234,2549,5173,3583,7594,5277,7107,5221,5166,10077,13585,10513,19925,192935,89342,27954,12711,98475,598,25,28,17
2021-05-01T23:59:59+02:00,10,4,3675,3916,8657,11051,10212,14585,13187,20269,19443,23249,39878,44194,32787,42121,11057,21028,3,0,776,952,1954,3234,2548,5173,3583,7594,5277,7107,5221,5166,10077,13585,10512,19925,192844,89340,27952,12708,98475,598,24,28,17
2021-04-30T23:59:59+02:00,10,3,3652,3891,8613,11016,10168,14545,13125,20229,19341,23096,39609,43870,32766,42100,11056,21028,3,0,771,946,1939,3226,2547,5165,3579,7587,5275,7100,5218,5163,10073,13584,10512,19925,191916,89313,27682,12705,98469,556,23,28,16
2021-04-29T23:59:59+02:00,10,3,3384,3716,8177,10746,9619,14259,12625,19864,18603,22365,36544,40418,32503,41734,11045,20992,3,0,758,932,1889,3165,2497,5099,3513,7446,5184,7000,5177,5128,10050,13541,10510,19919,186349,89104,21850,12549,98361,123,20,27,15
2021-04-28T23:59:59+02:00,10,3,3217,3650,7909,10636,9223,14085,12244,19629,18118,21930,32757,36102,32285,41433,11032,20970,3,0,741,915,1862,3126,2452,5050,3475,7389,5118,6936,5111,5066,9998,13482,10507,19909,175179,88888,21697,12108,98315,115,15,27,14
2021-04-27T23:59:59+02:00,9,3,3137,3584,7646,10507,8870,13911,11758,19404,17636,21438,27185,29909,31909,40927,11011,20937,3,0,731,901,1830,3090,2415,5004,3421,7330,5063,6860,5061,4996,9962,13429,10503,19900,159815,88674,21675,11685,98249,112,15,27,13
2021-04-26T23:59:59+02:00,9,3,3080,3547,7502,10442,8702,13850,11528,19338,17111,21050,27148,29875,31895,40912,11011,20937,3,0,708,869,1760,3031,2347,4948,3353,7237,4965,6754,4961,4921,9883,13345,10501,19897,159225,88539,21457,10806,97217,111,15,26,12
2021-04-25T23:59:59+02:00,9,3,3043,3530,7342,10391,8465,13800,11195,19294,16278,20581,25594,28210,31841,40848,11011,20934,3,0,708,868,1754,3026,2339,4945,3347,7229,4961,6745,4957,4916,9875,13334,10501,19897,158738,88515,21448,10768,92142,95,15,26,12
2021-04-24T23:59:59+02:00,9,3,3039,3523,7327,10376,8453,13792,11180,19284,16255,20563,25548,28147,31838,40842,11010,20933,3,0,708,868,1754,3025,2339,4945,3345,7229,4961,6745,4957,4914,9873,13333,10501,19897,158523,88507,21444,10768,92114,95,15,26,12
2021-04-23T23:59:59+02:00,9,3,3021,3505,7286,10332,8406,13751,11112,19224,16193,20498,25126,27643,31805,40786,11007,20930,3,0,698,860,1736,3016,2323,4915,3293,7190,4861,6647,4817,4791,9701,13134,10495,19882,157330,88212,21307,10030,91959,94,15,26,11
2021-04-22T23:59:59+02:00,8,3,2940,3426,7093,10147,7867,13343,9899,18426,14637,19448,23108,25210,31592,40518,10988,20900,3,0,633,810,1623,2903,2196,4749,3133,7017,4676,6446,4660,4617,9188,12476,10458,19803,152512,86290,16007,9000,90996,75,15,23,11
2021-04-21T23:59:59+02:00,8,3,2888,3378,6968,10059,7655,13187,9530,18185,14164,19000,20590,22069,31290,40129,10969,20874,3,0,583,785,1544,2824,2109,4657,3006,6874,4513,6282,4476,4437,8616,11708,10412,19710,145492,84485,15231,7961,90185,67,15,23,11
2021-04-20T23:59:59+02:00,8,3,2848,3339,6861,9969,7516,13074,9278,17965,13671,18608,17198,18004,30975,39653,10952,20839,3,0,553,749,1471,2760,2022,4577,2903,6752,4378,6120,4287,4241,7746,10488,10342,19559,136628,81541,14984,7324,89111,62,15,23,9
2021-04-19T23:59:59+02:00,8,3,2833,3330,6813,9928,7463,13038,9202,17892,13532,18490,16861,17621,30941,39617,10950,20834,3,0,494,709,1348,2664,1922,4479,2768,6594,4180,5929,4032,3940,5886,8039,10123,19154,136299,75647,14788,6536,88231,58,15,23,8
2021-04-18T23:59:59+02:00,8,3,2817,3316,6736,9902,7358,12986,9004,17826,12692,18360,15447,16212,30873,39554,10946,20827,3,0,488,703,1337,2656,1907,4468,2735,6565,4119,5878,3956,3869,5470,7404,10075,19070,136076,74139,14645,6487,84108,54,15,23,8
2021-04-17T23:59:59+02:00,8,3,2806,3311,6717,9879,7327,12965,8972,17787,12659,18340,15395,16162,30820,39484,10945,20827,3,0,488,700,1337,2654,1906,4464,2731,6560,4116,5874,3954,3866,5465,7403,10074,19069,135720,74102,14641,6485,84008,54,15,23,8
2021-04-16T23:59:59+02:00,8,3,2793,3297,6684,9864,7273,12923,8897,17735,12551,18236,15146,15880,30301,38835,10942,20819,3,0,487,697,1332,2650,1897,4460,2725,6554,4108,5865,3948,3860,5448,7374,10072,19067,134185,74000,14633,6472,83332,52,15,22,8
2021-04-15T23:59:59+02:00,8,3,2740,3242,6552,9767,7083,12745,8553,17462,12076,17769,14086,14655,28178,36023,10923,20796,3,0,478,691,1328,2624,1883,4436,2702,6524,4066,5813,3890,3785,5415,7320,10064,19054,128253,73677,14358,6335,80014,42,14,22,8
2021-04-14T23:59:59+02:00,7,1,2684,3190,6457,9672,6937,12585,8280,17194,11642,17309,12904,13269,23458,29941,10902,20740,3,0,474,684,1314,2614,1870,4417,2680,6499,4024,5775,3842,3732,5352,7264,10033,19016,115848,73371,14323,6179,76966,22,14,21,7
2021-04-13T23:59:59+02:00,7,1,2633,3154,6329,9587,6784,12450,8002,16943,11215,16884,10239,10341,20369,25764,10878,20696,3,0,457,660,1267,2570,1818,4354,2573,6399,3842,5612,3630,3547,5200,7125,10024,18993,107393,73021,14130,5014,70718,18,14,21,7
2021-04-12T23:59:59+02:00,7,1,2612,3140,6269,9558,6677,12364,7809,16814,10966,16673,8875,8847,19546,24790,10876,20687,3,0,451,652,1248,2552,1801,4329,2539,6360,3792,5560,3566,3499,5165,7084,10019,18971,107262,72881,14075,4673,65139,16,14,21,7
2021-04-11T23:59:59+02:00,7,1,2584,3129,6171,9532,6561,12327,7644,16763,10763,16568,7600,7570,17815,22811,10874,20684,3,0,450,652,1247,2550,1801,4328,2539,6360,3788,5555,3561,3498,5159,7082,10019,18971,107186,72868,14068,4661,58116,14,13,21,7
2021-04-10T23:59:59+02:00,7,1,2582,3127,6161,9527,6552,12322,7638,16758,10756,16560,7591,7558,17805,22804,10874,20684,3,0,450,648,1244,2546,1800,4325,2537,6356,3784,5554,3552,3484,5151,7067,10019,18971,107099,72804,14068,4654,58107,14,12,21,7
2021-04-09T23:59:59+02:00,7,1,2520,3028,6025,9320,6397,12060,7383,16352,10443,16064,7432,7350,17686,22625,10873,20682,3,0,445,643,1226,2533,1774,4307,2505,6305,3705,5472,3433,3374,5008,6969,10014,18969,106619,72713,14038,3941,55558,12,12,21,7
2021-04-08T23:59:59+02:00,7,1,2441,2957,5929,9200,6293,11930,7211,16168,10187,15876,7234,7089,16419,21164,10863,20651,3,0,437,637,1210,2499,1748,4270,2476,6233,3650,5406,3355,3327,4927,6864,9992,18923,102956,72258,13685,3670,54947,11,11,21,7
2021-04-07T23:59:59+02:00,7,1,2413,2921,5856,9128,6200,11856,7078,16066,9944,15724,6936,6762,14091,18211,10842,20604,3,0,431,635,1199,2486,1735,4246,2462,6193,3582,5347,3282,3273,4868,6802,9983,18893,96780,71970,13524,3422,54306,10,11,19,7
2021-04-06T23:59:59+02:00,7,1,2396,2891,5756,9061,6110,11776,6924,15953,9701,15542,6580,6400,11978,15588,10815,20545,3,0,427,628,1190,2458,1724,4223,2436,6155,3517,5283,3196,3224,4822,6750,9977,18875,91718,71723,13224,3140,53054,10,9,19,6
2021-04-05T23:59:59+02:00,7,1,2388,2880,5736,9044,6099,11757,6908,15933,9681,15515,6454,6300,10700,14290,10814,20544,3,0,423,620,1186,2443,1718,4207,2420,6123,3484,5242,3167,3185,4801,6705,9970,18857,91633,71528,13186,3003,50206,9,8,18,6
2021-04-04T23:59:59+02:00,7,1,2388,2879,5733,9040,6097,11757,6906,15933,9679,15514,6449,6295,10700,14288,10814,20544,3,0,423,619,1186,2442,1718,4207,2419,6123,3484,5242,3166,3185,4798,6705,9969,18855,91623,71519,13183,3002,50193,9,8,17,6
2021-04-03T23:59:59+02:00,7,1,2384,2872,5726,9032,6091,11752,6901,15929,9676,15511,6446,6290,10693,14285,10814,20544,3,0,423,619,1186,2442,1718,4207,2419,6123,3484,5241,3166,3185,4798,6705,9969,18855,91563,71518,13180,3002,50186,9,8,17,6
2021-04-02T23:59:59+02:00,7,1,2382,2870,5721,9025,6088,11749,6896,15928,9671,15508,6442,6283,10678,14256,10813,20543,3,0,420,617,1185,2442,1717,4206,2417,6123,3483,5234,3141,3168,4788,6696,9969,18855,91475,71440,13177,3001,50185,9,8,16,6
2021-04-01T23:59:59+02:00,7,1,2361,2867,5691,8995,6045,11706,6855,15873,9615,15452,6348,6186,10380,13907,10790,20494,3,0,418,601,1182,2436,1710,4195,2401,6106,3456,5213,3073,3117,4725,6619,9891,18737,90483,70863,13154,2998,49913,9,7,16,6
2021-03-31T23:59:59+02:00,7,1,2327,2840,5616,8927,5976,11611,6753,15761,9481,15319,6205,6043,9828,13157,10743,20400,3,0,412,595,1176,2424,1703,4179,2394,6093,3436,5179,3041,3084,4675,6561,9833,18635,88490,70409,12939,2996,49546,9,4,16,5
2021-03-30T23:59:59+02:00,7,1,2307,2822,5569,8868,5913,11535,6679,15662,9384,15175,6017,5827,8913,11809,10665,20217,3,0,410,590,1172,2420,1690,4162,2375,6071,3402,5135,2983,3015,4583,6463,9701,18393,85390,69699,12557,2854,49406,9,3,14,3
2021-03-29T23:59:59+02:00,6,1,2240,2767,5466,8755,5803,11386,6511,15432,9148,14920,5656,5452,6959,9273,10439,19787,3,0,402,587,1161,2409,1676,4150,2349,6044,3372,5079,2913,2947,4460,6357,9493,18053,79263,68726,11749,2714,48973,9,3,13,3
2021-03-28T23:59:59+02:00,6,1,2218,2754,5422,8694,5728,11308,6423,15346,9030,14800,5530,5299,6310,8333,10372,19669,3,0,392,579,1145,2393,1649,4123,2302,5983,3316,4989,2829,2867,4344,6211,9417,17912,76946,68257,11490,2188,48791,5,3,13,1
2021-03-27T23:59:59+01:00,6,1,2217,2747,5413,8688,5724,11293,6408,15324,9019,14787,5502,5272,6299,8330,10372,19667,3,0,392,579,1143,2392,1648,4118,2298,5980,3307,4982,2823,2864,4328,6186,9335,17763,76837,67945,11490,2187,48726,5,3,13,1
2021-03-26T23:59:59+01:00,6,1,2200,2726,5376,8650,5685,11242,6330,15253,8869,14637,5335,5122,6128,8148,10369,19658,3,0,388,571,1135,2379,1632,4089,2270,5944,3273,4928,2762,2800,4139,5926,8616,16564,76489,65261,10650,2149,48582,5,3,11,1
2021-03-25T23:59:59+01:00,6,0,2083,2646,5198,8434,5483,10965,6124,14950,8627,14348,5171,4969,6031,8026,10366,19650,3,0,379,556,1115,2353,1609,4059,2224,5886,3198,4849,2663,2693,3761,5430,7452,14791,76028,61085,9695,1929,47341,4,2,11,1
2021-03-24T23:59:59+01:00,6,0,1999,2598,5047,8273,5321,10771,5958,14711,8420,14117,5030,4810,5916,7908,10360,19639,3,0,375,544,1102,2325,1576,4004,2165,5820,3109,4748,2526,2579,3327,4808,6026,12526,75644,55978,8531,1578,46696,4,2,11,1
2021-03-23T23:59:59+01:00,6,0,1923,2546,4934,8150,5220,10628,5836,14520,8301,13948,4947,4724,5848,7848,10353,19620,3,0,364,518,1082,2290,1543,3946,2121,5730,3027,4656,2437,2485,2874,4163,4070,9237,75248,49111,7777,1429,46314,3,2,11,1
2021-03-22T23:59:59+01:00,6,0,1861,2482,4796,8015,5084,10451,5675,14288,8109,13735,4839,4609,5778,7740,10336,19580,2,0,337,501,1054,2252,1498,3872,2055,5619,2925,4504,2320,2332,2340,3462,1467,4967,74744,40315,6739,1188,45889,1,2,10,1
2021-03-21T23:59:59+01:00,6,0,1859,2476,4785,8002,5069,10440,5659,14270,8079,13710,4817,4594,5761,7727,10331,19579,2,0,336,501,1049,2238,1489,3843,2037,5581,2899,4454,2279,2283,2298,3421,1450,4921,74719,40173,6686,904,45747,1,2,10,1
2021-03-20T23:59:59+01:00,6,0,1859,2476,4783,8001,5068,10438,5658,14269,8071,13704,4815,4591,5753,7718,10331,19579,2,0,336,500,1049,2238,1489,3843,2037,5581,2897,4453,2278,2280,2298,3421,1449,4921,74704,40169,6684,899,45720,1,2,10,1
2021-03-19T23:59:59+01:00,6,0,1805,2232,4275,6720,4661,9455,5388,13709,7849,13301,4688,4491,5682,7651,10330,19579,2,0,335,500,1049,2238,1489,3842,2036,5580,2896,4453,2276,2279,2292,3414,1447,4918,74640,40150,6670,892,40500,1,2,10,1
2021-03-18T23:59:59+01:00,6,0,1749,1978,3859,5663,4132,8078,4572,11168,6488,9965,4318,4189,5475,7427,10309,19540,2,0,334,497,1042,2225,1480,3817,2009,5542,2871,4429,2255,2263,2267,3385,1442,4909,74200,39957,6606,808,28099,1,2,9,1
2021-03-17T23:59:59+01:00,6,0,1743,1969,3847,5636,4115,8048,4548,11102,6437,9890,4278,4142,5431,7381,10301,19512,1,0,331,496,1038,2217,1474,3808,2002,5527,2861,4402,2228,2234,2245,3370,1435,4893,73929,39799,6540,759,27906,1,2,9,1
2021-03-16T23:59:59+01:00,6,0,1718,1936,3787,5553,4044,7942,4421,10940,6229,9692,4053,3952,5288,7222,10294,19488,1,0,328,492,1037,2198,1469,3795,1993,5511,2852,4382,2218,2219,2232,3340,1426,4862,73614,39622,5261,729,27679,1,2,9,1
2021-03-15T23:59:59+01:00,6,0,1708,1915,3763,5516,4018,7904,4370,10871,6149,9606,3966,3885,5231,7160,10285,19461,1,0,325,488,1028,2182,1461,3789,1977,5475,2834,4354,2203,2187,2207,3275,1415,4823,73379,39401,4893,621,27533,1,0,9,1
2021-03-14T23:59:59+01:00,6,0,1702,1905,3755,5506,4013,7887,4361,10840,6140,9583,3958,3874,5225,7152,10284,19459,1,0,325,488,1026,2182,1456,3786,1974,5473,2816,4348,2197,2184,2196,3264,1410,4821,73343,39393,4876,552,27422,1,0,9,1
2021-03-13T23:59:59+01:00,6,0,1698,1899,3740,5482,4006,7876,4341,10829,6125,9567,3955,3871,5222,7149,10284,19459,1,0,325,488,1026,2182,1456,3786,1974,5472,2816,4347,2196,2183,2196,3262,1401,4814,73316,39371,4871,552,27313,1,0,9,1
2021-03-12T23:59:59+01:00,5,0,1660,1841,3232,5336,3490,7759,4207,10704,5899,9275,3785,3724,5078,7035,10258,19410,1,0,320,466,1022,2152,1448,3761,1954,5401,2763,4262,2016,2028,2136,3212,1394,4808,73092,38599,4135,544,25462,0,0,9,1
2021-03-11T23:59:59+01:00,5,0,1554,1702,2850,5075,3050,7501,3926,10290,5266,8382,3555,3549,4969,6913,10218,19354,1,0,318,465,1019,2139,1445,3741,1947,5382,2754,4245,2009,2020,2121,3195,1388,4787,72505,38471,3868,504,21779,0,0,7,1
2021-03-10T23:59:59+01:00,5,0,1522,1668,2810,5030,3012,7442,3870,10202,5156,8265,3429,3443,4851,6798,10170,19287,1,0,316,464,1018,2136,1441,3730,1943,5368,2742,4224,1990,2012,2094,3162,1378,4772,72085,38383,3535,407,21333,0,0,7,1
2021-03-09T23:59:59+01:00,5,0,1512,1652,2773,5001,2990,7398,3831,10142,5074,8186,3328,3355,4767,6709,10061,19075,1,0,313,463,1014,2127,1434,3717,1917,5346,2700,4194,1947,1987,2040,3133,1366,4762,71475,38350,3264,110,21114,0,0,6,1
2021-03-08T23:59:59+01:00,5,0,1496,1637,2744,4972,2961,7367,3807,10094,5050,8124,3286,3315,4690,6647,9880,18771,1,0,312,463,1012,2123,1426,3701,1900,5313,2681,4166,1928,1968,2013,3110,1359,4743,70669,38200,3256,18,20915,0,0,6,1
2021-03-07T23:59:59+01:00,5,0,1483,1626,2714,4929,2926,7319,3771,10033,5008,8065,3252,3281,4624,6545,9802,18625,1,0,312,462,1011,2122,1425,3695,1897,5303,2680,4161,1924,1965,2009,3106,1355,4734,70128,38145,3202,16,20673,0,0,5,1
2021-03-06T23:59:59+01:00,5,0,1482,1625,2709,4917,2923,7310,3763,10026,4990,8049,3242,3271,4601,6506,9711,18453,1,0,312,462,1009,2119,1425,3693,1891,5294,2678,4159,1919,1957,2003,3104,1354,4731,69732,38095,3202,16,20644,0,0,5,0
2021-03-05T23:59:59+01:00,5,0,1409,1549,2610,4756,2866,7152,3678,9819,4890,7853,3192,3211,4381,6216,8990,17243,1,0,312,462,1007,2117,1421,3688,1889,5293,2675,4153,1911,1953,1998,3101,1349,4727,67039,38041,3199,16,19577,0,0,5,0
2021-03-04T23:59:59+01:00,5,0,1235,1442,2444,4556,2697,6881,3510,9475,4632,7511,3075,3085,4016,5757,7795,15399,1,0,310,454,998,2093,1405,3648,1861,5240,2647,4105,1883,1928,1965,3046,1321,4681,62773,37570,3196,16,17541,0,0,5,0
2021-03-03T23:59:59+01:00,5,0,1201,1389,2368,4448,2636,6758,3424,9308,4534,7367,2988,3015,3633,5151,6375,13167,1,0,306,445,987,2070,1393,3620,1847,5190,2592,4050,1833,1892,1937,3013,1305,4650,57626,37115,3168,16,16969,0,0,4,0
2021-03-02T23:59:59+01:00,5,0,1168,1350,2307,4389,2587,6666,3342,9184,4397,7218,2873,2890,3145,4480,4325,9757,1,0,301,435,982,2043,1380,3578,1832,5135,2560,4023,1823,1876,1917,2985,1291,4622,50478,36768,2917,16,16685,0,0,3,0
2021-03-01T23:59:59+01:00,5,0,1108,1321,2245,4328,2513,6578,3247,9055,4255,7030,2739,2754,2569,3731,1546,5207,1,0,300,432,975,2031,1369,3560,1824,5120,2547,4007,1805,1865,1901,2965,1280,4593,41252,36559,2526,16,16450,0,0,3,0
2021-02-28T23:59:59+01:00,5,0,1072,1306,2204,4292,2483,6533,3199,8998,4193,6972,2674,2706,2520,3700,1538,5187,1,0,300,431,972,2024,1367,3547,1821,5106,2541,3998,1798,1854,1888,2953,1272,4578,41156,36435,2232,16,16191,0,0,3,0
2021-02-27T23:59:59+01:00,5,0,1031,1224,2136,4051,2425,6299,3136,8700,4103,6719,2619,2649,2500,3676,1535,5187,1,0,300,431,971,2024,1367,3547,1821,5105,2540,3998,1798,1853,1886,2952,1272,4578,41048,36428,2231,16,14713,0,0,3,0
2021-02-26T23:59:59+01:00,4,0,865,974,1938,3662,2264,5638,2920,7782,3793,5927,2571,2595,2481,3660,1531,5184,1,0,300,431,971,2020,1365,3545,1819,5104,2538,3997,1798,1850,1879,2951,1270,4571,41029,36394,2142,16,10615,0,0,3,0
2021-02-25T23:59:59+01:00,4,0,532,817,1661,3462,2084,5333,2723,7385,3565,5626,2489,2515,2440,3599,1527,5169,1,0,291,410,946,1967,1334,3474,1787,5023,2509,3933,1773,1822,1839,2905,1241,4531,40833,35773,1880,13,8216,0,0,2,0
2021-02-24T23:59:59+01:00,3,0,511,798,1626,3364,2020,5201,2663,7203,3498,5485,2421,2468,2403,3570,1517,5133,1,0,282,405,930,1936,1320,3420,1774,4962,2485,3888,1762,1804,1830,2886,1229,4500,40638,35410,1709,4,7535,0,0,2,0
2021-02-23T23:59:59+01:00,3,0,490,760,1566,3260,1965,5060,2585,7072,3413,5380,2360,2410,2364,3511,1502,5098,1,0,280,401,925,1920,1313,3390,1765,4930,2464,3855,1742,1784,1810,2850,1213,4444,40481,35084,1435,3,6881,0,0,2,0
2021-02-22T23:59:59+01:00,2,0,474,729,1512,3160,1925,4920,2526,6853,3352,5235,2349,2311,2348,3431,1496,5053,1,0,279,398,922,1908,1305,3363,1747,4894,2449,3824,1722,1765,1782,2819,1198,4395,40264,34770,1169,1,6241,0,0,2,0
2021-02-21T23:59:59+01:00,2,0,465,690,1453,3016,1877,4770,2474,6693,3269,5132,2313,2278,2320,3411,1486,5047,1,0,279,397,919,1900,1304,3354,1742,4883,2445,3815,1720,1763,1781,2817,1198,4394,40220,34711,936,1,5538,0,0,2,0
2021-02-20T23:59:59+01:00,2,0,459,684,1444,3012,1872,4770,2471,6690,3264,5128,2310,2277,2320,3410,1484,5046,1,0,279,397,919,1899,1304,3353,1742,4883,2443,3814,1719,1762,1778,2817,1197,4392,40214,34698,931,1,5496,0,0,2,0
2021-02-19T23:59:59+01:00,1,0,436,647,1415,2950,1844,4713,2430,6590,3177,5010,2129,2114,2256,3361,1479,5040,1,0,277,396,918,1897,1303,3352,1742,4878,2440,3813,1718,1761,1776,2816,1197,4391,39460,34675,911,1,5219,0,0,2,0
2021-02-18T23:59:59+01:00,1,0,408,590,1310,2709,1740,4470,2293,6328,3073,4829,2100,2098,2240,3344,1474,5029,1,0,277,390,911,1864,1294,3312,1724,4830,2421,3775,1707,1749,1759,2804,1185,4371,39381,34373,837,1,3816,0,0,2,0
2021-02-17T23:59:59+01:00,1,0,391,558,1272,2578,1683,4295,2223,6087,3013,4680,2081,2079,2216,3324,1460,5019,1,0,266,373,875,1777,1250,3183,1664,4671,2346,3640,1628,1679,1682,2690,1131,4250,39226,33106,786,0,2946,0,0,2,0
2021-02-16T23:59:59+01:00,1,0,373,528,1219,2458,1633,4161,2144,5902,2932,4544,2072,2074,2208,3317,1454,5006,1,0,258,356,854,1695,1195,3045,1601,4468,2273,3461,1577,1624,1618,2587,1099,4113,39162,31825,755,0,2107,0,0,2,0
2021-02-15T23:59:59+01:00,1,0,363,506,1148,2318,1588,4086,2112,5849,2904,4503,2053,2058,2183,3286,1446,4985,1,0,252,337,830,1650,1163,2969,1545,4329,2200,3341,1500,1558,1560,2474,1052,3923,39055,30684,640,0,1692,0,0,2,0
2021-02-14T23:59:59+01:00,1,0,354,500,1124,2263,1525,3925,2071,5756,2873,4464,2047,2055,2171,3276,1443,4978,1,0,246,332,812,1621,1147,2929,1503,4277,2162,3311,1484,1537,1535,2437,1035,3877,39036,30246,571,0,1217,0,0,2,0
2021-02-13T23:59:59+01:00,1,0,354,500,1123,2263,1525,3924,2069,5755,2873,4464,2046,2053,2170,3276,1442,4975,1,0,246,332,811,1621,1147,2929,1502,4275,2162,3311,1482,1534,1534,2436,1035,3876,39025,30234,571,0,1216,0,0,1,0
2021-02-12T23:59:59+01:00,1,0,346,496,1105,2255,1520,3911,2064,5747,2870,4458,2032,2043,2164,3263,1437,4972,1,0,244,331,805,1616,1141,2920,1486,4257,2144,3298,1469,1518,1519,2404,1028,3839,38959,30020,563,0,1161,0,0,1,0
2021-02-11T23:59:59+01:00,1,0,323,472,1041,2159,1467,3784,1970,5483,2785,4339,2001,2010,2124,3195,1407,4914,1,0,223,303,754,1511,1061,2696,1360,3900,1955,2992,1280,1305,1345,2124,913,3467,38560,27190,526,0,388,0,0,1,0
2021-02-10T23:59:59+01:00,1,0,317,463,1020,2120,1428,3706,1916,5321,2691,4159,1930,1960,2076,3153,1385,4888,1,0,198,260,661,1323,932,2307,1174,3297,1712,2572,1117,1126,1193,1873,793,3093,38145,23632,386,0,2,0,0,1,0
2021-02-09T23:59:59+01:00,1,0,311,451,1012,2089,1413,3654,1872,5255,2625,4104,1872,1920,2004,3098,1364,4866,1,0,165,200,560,1062,782,1860,967,2684,1442,2158,965,965,994,1582,669,2641,37843,19697,65,0,2,0,0,1,0
2021-02-08T23:59:59+01:00,1,0,309,449,1009,2082,1402,3638,1864,5232,2605,4087,1858,1909,1985,3081,1358,4841,1,0,116,165,459,847,618,1441,768,2035,1163,1670,773,789,792,1246,532,2158,37687,15573,20,0,2,0,0,1,0
2021-02-07T23:59:59+01:00,1,0,309,449,1007,2081,1401,3633,1861,5229,2598,4084,1852,1900,1969,3073,1354,4833,1,0,106,146,410,703,544,1266,688,1819,1066,1522,696,708,709,1122,455,1914,37616,13875,17,0,0,0,0,1,0
2021-02-06T23:59:59+01:00,1,0,309,449,1006,2080,1401,3630,1861,5227,2598,4081,1852,1899,1964,3071,1351,4831,1,0,105,145,405,700,539,1242,672,1800,1055,1501,693,704,704,1118,454,1910,37593,13748,17,0,0,0,0,1,0
2021-02-05T23:59:59+01:00,1,0,309,448,1004,2076,1397,3621,1857,5213,2592,4075,1851,1898,1956,3062,1341,4817,1,0,101,137,389,682,522,1212,640,1748,1005,1438,656,653,655,1044,427,1816,37500,13126,17,0,0,0,0,1,0
2021-02-04T23:59:59+01:00,1,0,301,431,993,2044,1378,3567,1837,5136,2577,4027,1835,1877,1929,3027,1321,4784,1,0,77,106,288,461,363,819,456,1186,693,979,510,478,507,825,339,1454,37047,9542,17,0,0,0,0,1,0
2021-02-03T23:59:59+01:00,1,0,297,422,974,2018,1362,3529,1823,5087,2543,3984,1815,1854,1914,3003,1307,4768,1,0,60,82,243,393,293,641,347,925,533,729,341,333,369,585,247,1067,36683,7189,17,0,0,0,0,1,0
2021-02-02T23:59:59+01:00,1,0,292,415,968,1989,1354,3496,1812,5040,2520,3949,1797,1838,1886,2961,1285,4717,0,0,40,63,186,310,245,488,265,741,385,560,237,216,235,390,167,703,36302,5231,17,0,0,0,0,1,0
2021-02-01T23:59:59+01:00,1,0,291,413,963,1981,1351,3481,1804,5019,2511,3930,1789,1827,1872,2946,1281,4702,0,0,20,39,137,224,169,313,169,492,241,323,119,109,102,189,78,314,36144,3038,17,0,0,0,0,1,0
2021-01-31T23:59:59+01:00,1,0,290,412,961,1973,1348,3472,1801,5000,2507,3916,1785,1819,1868,2938,1278,4692,0,0,19,34,119,196,151,271,152,411,203,278,100,95,94,161,70,274,36043,2628,17,0,0,0,0,1,0
2021-01-30T23:59:59+01:00,1,0,290,412,961,1973,1348,3472,1801,5000,2507,3916,1784,1819,1868,2937,1278,4691,0,0,19,34,118,196,151,268,149,408,202,278,99,94,94,161,70,274,36040,2615,17,0,0,0,0,1,0
2021-01-29T23:59:59+01:00,1,0,288,409,960,1971,1347,3464,1795,4991,2504,3913,1778,1812,1859,2925,1271,4669,0,0,17,33,116,186,142,260,137,380,170,251,72,70,84,139,63,238,35939,2358,17,0,0,0,0,1,0
2021-01-28T23:59:59+01:00,1,0,285,400,941,1916,1323,3400,1770,4929,2476,3850,1756,1790,1827,2894,1252,4633,0,0,1,0,11,20,8,20,11,45,8,22,6,4,7,10,3,15,35427,191,15,0,0,0,0,1,0
2021-01-27T23:59:59+01:00,1,0,279,382,908,1835,1287,3286,1709,4806,2416,3750,1699,1741,1782,2825,1212,4545,0,0,1,0,6,6,5,12,7,19,4,12,4,4,7,10,3,14,34451,114,11,0,0,0,0,1,0
2021-01-26T23:59:59+01:00,1,0,274,372,898,1820,1273,3246,1691,4750,2385,3683,1666,1708,1743,2752,1194,4453,0,0,1,0,6,6,5,12,7,19,4,12,4,4,7,10,3,14,33901,114,7,0,0,0,0,1,0
2021-01-25T23:59:59+01:00,1,0,263,348,857,1701,1203,3082,1600,4479,2279,3475,1605,1655,1686,2664,1144,4266,0,0,1,0,2,3,1,4,4,2,4,5,4,4,6,9,2,14,32304,65,3,0,0,0,0,1,0
2021-01-24T23:59:59+01:00,1,0,259,345,846,1681,1193,3059,1569,4446,2253,3454,1594,1646,1674,2652,1138,4258,0,0,1,0,2,2,1,4,4,2,4,5,4,4,6,9,2,14,32064,64,3,0,0,0,0,1,0
2021-01-23T23:59:59+01:00,1,0,259,345,845,1681,1192,3058,1569,4442,2252,3453,1593,1646,1673,2651,1137,4253,0,0,1,0,2,2,1,4,4,2,4,5,4,4,6,9,2,14,32046,64,3,0,0,0,0,1,0
2021-01-22T23:59:59+01:00,1,0,258,343,838,1678,1188,3053,1566,4435,2239,3448,1581,1634,1667,2632,1131,4231,0,0,1,0,2,2,1,4,4,2,4,5,4,4,6,9,2,14,31920,64,3,0,0,0,0,0,0
2021-01-21T23:59:59+01:00,1,0,246,332,811,1610,1163,2926,1510,4273,2159,3313,1482,1530,1530,2464,1046,4040,0,0,1,0,1,2,1,4,4,2,4,5,4,3,5,9,1,14,30433,60,3,0,0,0,0,0,0
2021-01-20T23:59:59+01:00,1,0,224,291,737,1455,1071,2608,1377,3814,1986,2958,1359,1382,1406,2266,968,3799,0,0,1,0,1,2,1,4,4,2,3,5,4,3,5,9,1,14,27700,59,2,0,0,0,0,0,0
2021-01-19T23:59:59+01:00,1,0,193,234,635,1207,926,2163,1154,3197,1697,2527,1174,1178,1170,1922,806,3227,0,0,1,0,1,1,1,2,4,1,2,5,4,3,5,9,1,14,23409,54,2,0,0,0,0,0,0
2021-01-18T23:59:59+01:00,1,0,137,185,502,947,714,1647,886,2327,1320,1915,912,946,935,1516,630,2576,0,0,0,0,0,0,0,0,0,0,1,2,2,1,0,0,0,0,18095,6,1,0,0,0,0,0,0
2021-01-17T23:59:59+01:00,1,0,123,160,443,776,629,1424,784,2074,1205,1724,845,867,851,1378,556,2356,0,0,0,0,0,0,0,0,0,0,0,1,0,0,0,0,0,0,16196,1,0,0,0,0,0,0,0
2021-01-16T23:59:59+01:00,1,0,122,159,439,775,627,1416,774,2070,1196,1718,843,862,846,1367,548,2340,0,0,0,0,0,0,0,0,0,0,0,0,0,0,0,0,0,0,16103,0,0,0,0,0,0,0,0
2021-01-15T23:59:59+01:00,1,0,111,152,426,754,600,1377,742,1992,1134,1636,799,808,799,1278,517,2215,0,0,0,0,0,0,0,0,0,0,0,0,0,0,0,0,0,0,15341,0,0,0,0,0,0,0,0
2021-01-14T23:59:59+01:00,1,0,78,113,305,488,399,891,512,1285,776,1074,584,560,580,943,399,1686,0,0,0,0,0,0,0,0,0,0,0,0,0,0,0,0,0,0,10674,0,0,0,0,0,0,0,0
2021-01-13T23:59:59+01:00,1,0,60,86,255,410,323,675,379,982,569,764,368,357,394,638,284,1176,0,0,0,0,0,0,0,0,0,0,0,0,0,0,0,0,0,0,7721,0,0,0,0,0,0,0,0
2021-01-12T23:59:59+01:00,0,0,49,70,207,350,259,548,279,809,414,599,248,228,245,426,191,788,0,0,0,0,0,0,0,0,0,0,0,0,0,0,0,0,0,0,5710,0,0,0,0,0,0,0,0
2021-01-11T23:59:59+01:00,0,0,33,51,179,300,212,445,220,649,304,422,151,131,140,259,106,452,0,0,0,0,0,0,0,0,0,0,0,0,0,0,0,0,0,0,4054,0,0,0,0,0,0,0,0
2021-01-10T23:59:59+01:00,0,0,25,42,157,251,183,367,179,537,254,361,130,110,125,214,94,362,0,0,0,0,0,0,0,0,0,0,0,0,0,0,0,0,0,0,3391,0,0,0,0,0,0,0,0
2021-01-09T23:59:59+01:00,0,0,25,42,156,249,182,364,177,531,253,360,129,109,125,214,94,362,0,0,0,0,0,0,0,0,0,0,0,0,0,0,0,0,0,0,3372,0,0,0,0,0,0,0,0
2021-01-08T23:59:59+01:00,0,0,23,40,153,239,174,354,164,500,223,334,105,93,119,198,87,335,0,0,0,0,0,0,0,0,0,0,0,0,0,0,0,0,0,0,3141,0,0,0,0,0,0,0,0
2021-01-07T23:59:59+01:00,0,0,2,0,6,10,8,15,10,7,18,11,10,11,14,21,3,35,0,0,0,0,0,0,0,0,0,0,0,0,0,0,0,0,0,0,181,0,0,0,0,0,0,0,0
2021-01-06T23:59:59+01:00,0,0,1,0,3,4,1,7,5,2,4,6,6,4,7,10,1,16,0,0,0,0,0,0,0,0,0,0,0,0,0,0,0,0,0,0,77,0,0,0,0,0,0,0,0
2021-01-05T23:59:59+01:00,0,0,1,0,3,3,1,6,5,2,4,5,6,4,6,10,1,15,0,0,0,0,0,0,0,0,0,0,0,0,0,0,0,0,0,0,72,0,0,0,0,0,0,0,0
2021-01-04T23:59:59+01:00,0,0,1,0,2,3,1,5,4,2,4,5,6,4,5,9,1,15,0,0,0,0,0,0,0,0,0,0,0,0,0,0,0,0,0,0,67,0,0,0,0,0,0,0,0
2021-01-03T23:59:59+01:00,0,0,1,0,2,2,1,5,4,2,4,5,5,4,5,9,1,15,0,0,0,0,0,0,0,0,0,0,0,0,0,0,0,0,0,0,65,0,0,0,0,0,0,0,0
2021-01-02T23:59:59+01:00,0,0,1,0,2,2,1,5,4,2,4,5,5,4,5,9,1,15,0,0,0,0,0,0,0,0,0,0,0,0,0,0,0,0,0,0,65,0,0,0,0,0,0,0,0
2021-01-01T23:59:59+01:00,0,0,1,0,2,2,1,4,4,2,4,5,5,4,5,9,1,15,0,0,0,0,0,0,0,0,0,0,0,0,0,0,0,0,0,0,64,0,0,0,0,0,0,0,0
2020-12-31T23:59:59+01:00,0,0,1,0,2,2,1,4,4,2,4,5,5,4,5,9,1,15,0,0,0,0,0,0,0,0,0,0,0,0,0,0,0,0,0,0,64,0,0,0,0,0,0,0,0
2020-12-30T23:59:59+01:00,0,0,1,0,2,2,1,4,4,2,3,5,5,4,5,9,1,15,0,0,0,0,0,0,0,0,0,0,0,0,0,0,0,0,0,0,63,0,0,0,0,0,0,0,0
2020-12-29T23:59:59+01:00,0,0,0,0,1,1,1,2,4,1,2,5,5,4,5,9,1,15,0,0,0,0,0,0,0,0,0,0,0,0,0,0,0,0,0,0,56,0,0,0,0,0,0,0,0
2020-12-28T23:59:59+01:00,0,0,0,0,1,1,1,1,2,0,1,5,4,1,1,0,0,2,0,0,0,0,0,0,0,0,0,0,0,0,0,0,0,0,0,0,20,0,0,0,0,0,0,0,0
2020-12-27T23:59:59+01:00,0,0,0,0,1,1,1,1,2,0,0,3,2,0,1,0,0,2,0,0,0,0,0,0,0,0,0,0,0,0,0,0,0,0,0,0,14,0,0,0,0,0,0,0,0
