Datum,<24_1_m,<24_1_w,25-34_1_m,25-34_1_w,35-44_1_m,35-44_1_w,45-54_1_m,45-54_1_w,55-64_1_m,55-64_1_w,65-74_1_m,65-74_1_w,75-84_1_m,75-84_1_w,>84_1_m,>84_1_w,<24_2_m,<24_2_w,25-34_2_m,25-34_2_w,35-44_2_m,35-44_2_w,45-54_2_m,45-54_2_w,55-64_2_m,55-64_2_w,65-74_2_m,65-74_2_w,75-84_2_m,75-84_2_w,>84_2_m,>84_2_w,bp_1,bp_2,mo_1,mo_2,az_1,az_2,ja
2021-06-29T23:59:59+02:00,16196,15860,33896,30977,42792,42200,55281,56524,66659,68171,50655,56172,35647,46178,11026,20987,7386,7285,16761,16598,19243,21471,24914,29964,33091,36256,36861,41341,31214,40630,10486,19920,463085,279467,68302,32986,104164,67298,13670
2021-06-28T23:59:59+02:00,16054,15699,32281,29646,42495,41921,55152,56396,66548,68068,50611,56125,35632,46159,11024,20976,7090,7032,16227,16229,18863,21163,24438,29592,32523,35766,35531,39917,30458,39721,10482,19913,458949,276485,68280,32937,104140,62105,13418
2021-06-27T23:59:59+02:00,16035,15679,32131,29562,42434,41894,55116,56387,66522,68060,50607,56121,35629,46158,11024,20975,7053,7008,16096,16167,18700,21102,24238,29519,32296,35631,34284,38652,28838,37808,10481,19912,458635,276316,68278,32904,104134,55278,13287
2021-06-26T23:59:59+02:00,16012,15659,32106,29546,42391,41855,55093,56373,66516,68057,50605,56120,35627,46157,11024,20975,7049,6996,16077,16155,18685,21094,24206,29497,32275,35610,34271,38640,28836,37805,10481,19912,458420,276126,68276,32904,104134,55273,13286
2021-06-25T23:59:59+02:00,15956,15617,31994,29449,42202,41699,55037,56329,66477,68033,50595,56109,35623,46156,11024,20975,6865,6720,15798,15655,18424,20449,23842,28567,31892,34893,34110,38426,28813,37775,10481,19912,457619,273486,68274,32895,104117,52976,13265
2021-06-24T23:59:59+02:00,15693,15415,31563,29169,40751,40470,54588,55984,66257,67883,50543,56055,35608,46130,11019,20966,6576,6502,15133,15225,17022,19477,21825,27048,30812,34012,33714,38010,28695,37602,10470,19898,453139,264042,68274,32853,104113,52558,12568
2021-06-23T23:59:59+02:00,15411,15120,31103,28803,38779,38764,54071,55470,66014,67675,50457,55950,35571,46084,11014,20953,6387,6344,14785,14960,16509,19036,20996,26284,29209,32741,32992,37210,28505,37362,10463,19883,446504,256654,68227,32765,104110,51849,12398
2021-06-22T23:59:59+02:00,15025,14706,30439,28181,35459,35844,53181,54681,65717,67378,50352,55831,35535,46029,11011,20939,6212,6134,14397,14639,15723,18330,19594,24990,27621,31096,32209,36254,27987,36770,10445,19853,435906,246663,68197,32685,104105,50806,12100
2021-06-21T23:59:59+02:00,14775,14532,29837,27771,33335,33920,52732,54274,65548,67267,50275,55759,35510,46008,11007,20934,6120,6055,14239,14526,15556,18200,19476,24881,27519,31014,32061,36118,26808,35561,10445,19851,429373,246014,68175,32639,104072,47913,11864
2021-06-20T23:59:59+02:00,14658,14457,28254,26693,32827,33556,52653,54195,65493,67239,50259,55739,35503,46006,11007,20932,5733,5815,13412,13976,14864,17719,19042,24614,27266,30858,31924,35970,26782,35530,10443,19847,425878,241953,68173,32617,104042,47847,11378
2021-06-19T23:59:59+02:00,14627,14420,28139,26613,32797,33529,52632,54179,65477,67228,50253,55730,35501,46001,11006,20930,5528,5665,12881,13581,14285,17268,18731,24426,27078,30691,31849,35873,26766,35516,10443,19847,425475,238596,68172,32615,104042,47844,11373
2021-06-18T23:59:59+02:00,14543,14330,28041,26548,31600,32649,52277,53879,65348,67138,50223,55697,35484,45977,11002,20926,5464,5592,12785,13498,14124,17148,18496,24201,26263,30033,31647,35638,26700,35442,10439,19840,424997,235676,65310,32517,104032,47794,11323
2021-06-17T23:59:59+02:00,14194,14071,27531,26333,31181,32410,51540,53344,64971,66888,50153,55605,35454,45938,10996,20915,5115,5337,12076,13048,13392,16555,17444,23297,24145,28094,31017,34916,26510,35170,10422,19826,422009,226800,65303,32239,104007,47120,10205
2021-06-16T23:59:59+02:00,13776,13667,27087,25997,30758,32066,50757,52668,64537,66512,50043,55489,35425,45881,10986,20903,4756,4906,11361,12380,12614,15874,16363,22190,21234,25273,29966,33732,26217,34771,10407,19785,417381,212976,65261,32211,104001,46733,9909
2021-06-15T23:59:59+02:00,13106,13023,26351,25438,29998,31488,49525,51617,63832,65992,49866,55297,35356,45769,10977,20884,4263,4282,10402,11452,11477,14516,14649,20506,17824,21991,28605,32305,25833,34254,10381,19742,409840,194517,65242,32101,103997,46424,9440
2021-06-14T23:59:59+02:00,12676,12635,25949,25115,29341,31032,47740,50154,62785,65161,49650,55073,35279,45693,10969,20872,4165,4229,10228,11327,11338,14386,14473,20388,17635,21835,28535,32226,25814,34227,10378,19741,402025,194099,65233,31829,103993,46124,8873
2021-06-13T23:59:59+02:00,12634,12591,25876,25084,29278,31005,47688,50130,62750,65138,49643,55070,35277,45690,10968,20869,4015,4152,9911,11201,11022,14277,14182,20282,17257,21498,27046,30616,25676,34034,10374,19730,401829,193372,65161,27259,103986,45927,8715
2021-06-12T23:59:59+02:00,12617,12574,25862,25074,29267,30993,47629,50061,62708,65102,49642,55067,35277,45690,10968,20869,4013,4142,9895,11187,11014,14263,14163,20265,17237,21489,27005,30571,25671,34028,10374,19730,401539,193188,65161,27258,103985,45886,8715
2021-06-11T23:59:59+02:00,12518,12442,25737,24961,29148,30871,47397,49838,62576,64983,49618,55041,35267,45679,10966,20867,3923,3876,9379,10005,10585,13358,13874,19713,16964,21014,26602,30152,25582,33947,10371,19728,400286,192154,65153,27254,103945,41140,8525
2021-06-10T23:59:59+02:00,12275,12234,25426,24682,28813,30610,46349,48836,61854,64424,49536,54947,35234,45627,10957,20854,3662,3515,8615,8770,9695,11726,12585,16989,15194,17458,24900,28240,25287,33649,10366,19704,395524,186710,65102,26819,103742,28536,8290
2021-06-09T23:59:59+02:00,11974,11908,25023,24276,28429,30222,44359,47027,60775,63490,49438,54828,35189,45575,10952,20837,3418,3398,8205,8520,9191,11409,12081,16606,14502,16873,21088,23958,25063,33349,10355,19679,387632,175266,64981,26479,103741,28002,7948
2021-06-08T23:59:59+02:00,11545,11381,24373,23660,27774,29566,41228,44211,59027,61872,49269,54643,35118,45486,10942,20816,3210,3262,7809,8265,8583,11037,11425,16193,13853,16234,15784,18080,24676,32827,10337,19652,375146,160262,64919,26125,103730,27724,7116
2021-06-07T23:59:59+02:00,11382,11192,24030,23387,27499,29363,38622,42303,58603,61513,49235,54612,35105,45465,10940,20810,3116,3195,7505,8090,8270,10863,10859,15748,13355,15760,15708,18003,24648,32777,10335,19645,369561,159953,64504,24319,103721,27330,6275
2021-06-06T23:59:59+02:00,11252,11089,23719,23164,27294,29193,37035,41122,58479,61435,49210,54585,35097,45451,10940,20808,3016,3147,7239,8002,8007,10704,10139,15079,12768,15147,15560,17892,24635,32755,10333,19645,369168,159839,61155,21215,103712,27176,5838
2021-06-05T23:59:59+02:00,11234,11071,23678,23128,27259,29168,37008,41107,58381,61350,49199,54579,35095,45449,10940,20805,3004,3136,7216,7971,7978,10688,10109,15064,12729,15123,15439,17728,24630,32747,10332,19644,368840,159414,61153,21214,103711,27163,5747
2021-06-04T23:59:59+02:00,11051,10812,23316,22666,26988,28772,36582,40661,57763,60813,49164,54538,35085,45431,10939,20799,2980,3120,7187,7955,7957,10670,10082,15039,12695,15089,15230,17523,24619,32726,10330,19643,367035,158837,58907,21201,103697,27066,5741
2021-06-03T23:59:59+02:00,10837,10599,22865,22278,26566,28440,35505,39838,55025,58481,49039,54385,35043,45368,10934,20784,2890,3040,6983,7811,7507,10384,9066,14420,11473,14398,14058,16071,24443,32510,10318,19624,363178,155539,54000,17532,103646,26762,5163
2021-06-02T23:59:59+02:00,10802,10567,22830,22244,26534,28416,35474,39797,54900,58324,49025,54363,35037,45361,10934,20783,2850,3013,6928,7793,7450,10351,8913,14381,11253,14337,12716,14603,24324,32338,10313,19617,362598,151760,53994,17521,103646,26746,5153
2021-06-01T23:59:59+02:00,10387,10222,22181,21738,25855,27843,34758,39229,51920,55198,48640,53964,34920,45204,10918,20757,2395,2657,5584,7115,6187,9779,7529,13718,10128,13384,8425,9082,23852,31662,10290,19559,351952,133688,53824,17155,103627,26172,4331
2021-05-31T23:59:59+02:00,10112,9991,21612,21343,25452,27595,34438,39027,50474,53806,48541,53840,34887,45163,10911,20749,2285,2535,5300,6870,5927,9560,7165,13478,9872,13225,8374,9020,23826,31616,10282,19546,347241,132924,53788,17036,103604,25613,3308
2021-05-30T23:59:59+02:00,10057,9943,21526,21306,25387,27561,34327,38956,50113,53468,48517,53815,34881,45157,10909,20746,2250,2505,5195,6792,5825,9494,6977,13389,9648,13131,8332,8975,23810,31609,10281,19541,346062,132336,53770,16863,103595,25313,3242
2021-05-29T23:59:59+02:00,10041,9932,21493,21289,25371,27549,34306,38943,50101,53450,48513,53811,34878,45156,10909,20746,2230,2452,5152,6667,5764,9363,6861,13192,9511,12911,8259,8886,23744,31542,10280,19540,345911,132063,53770,16812,103574,24246,3233
2021-05-28T23:59:59+02:00,9984,9864,21417,21180,25296,27433,34230,38843,50023,53352,48492,53793,34870,45146,10909,20742,2147,2191,4535,6128,5147,8641,6491,12229,9017,11919,8085,8694,23377,31061,10279,19537,345070,130577,53759,16714,103519,18961,3226
2021-05-27T23:59:59+02:00,9720,9617,20890,20805,24762,27079,33710,38468,49414,52750,48324,53607,34800,45072,10906,20723,1906,1926,3958,5608,4475,8041,5986,11466,8084,10613,7584,8038,21823,28911,10264,19515,340839,124953,53349,15586,103410,14610,3049
2021-05-26T23:59:59+02:00,9448,9380,20171,20245,23900,26413,32457,37442,48658,52054,48072,53318,34725,44958,10895,20699,1851,1855,3867,5482,4342,7880,5780,11206,7762,10235,7024,7313,19406,25501,10244,19472,336182,116525,50380,15331,103360,14451,2913
2021-05-25T23:59:59+02:00,9182,9148,19764,19890,23465,26023,31953,36937,47772,51085,47782,53009,34645,44818,10883,20671,1786,1807,3744,5384,4208,7733,5573,10984,7454,9921,6406,6481,15322,20176,10224,19414,330673,104454,50299,15287,103287,14108,2768
2021-05-24T23:59:59+02:00,8972,8997,19204,19604,22697,25635,30450,35926,47551,50914,47690,52908,34616,44789,10881,20670,1761,1792,3699,5350,4146,7692,5508,10924,7378,9866,6381,6457,15308,20168,10224,19414,329114,104340,46521,15275,103233,13817,2636
2021-05-23T23:59:59+02:00,8764,8791,18848,19315,22277,25287,30028,35607,46964,50405,47260,52453,34514,44643,10873,20661,1759,1791,3691,5345,4142,7688,5499,10916,7370,9860,6377,6446,15308,20166,10224,19414,324304,104291,46520,15273,103232,13798,2634
2021-05-22T23:59:59+02:00,8733,8754,18799,19272,22231,25256,29977,35577,46855,50335,47241,52431,34511,44634,10870,20661,1758,1788,3680,5333,4138,7682,5495,10910,7363,9856,6375,6444,15306,20166,10224,19414,323765,104260,46520,15273,103231,13778,2621
2021-05-21T23:59:59+02:00,8464,8405,18360,18761,21876,24619,29551,34772,46369,49672,47154,52308,34473,44591,10867,20656,1695,1747,3602,5295,4097,7648,5463,10866,7323,9808,6347,6418,15228,20070,10223,19413,318601,103949,46491,15273,103207,13422,2599
2021-05-20T23:59:59+02:00,7892,7858,17413,17979,20881,23709,28242,33583,44637,47861,46716,51850,34365,44439,10849,20638,1396,1589,3295,5006,3832,7261,5170,10389,6945,9358,6117,6166,13929,18542,10200,19374,307080,100235,46407,14795,102981,11095,2444
2021-05-19T23:59:59+02:00,7631,7545,16817,17384,19994,22845,27023,32340,42867,45799,46189,51302,34218,44225,10828,20607,1332,1508,3091,4791,3630,7010,4949,10038,6654,9030,5845,5841,11738,15715,10183,19312,296085,94065,46367,14329,102936,10047,2226
2021-05-18T23:59:59+02:00,7106,7003,15669,16365,18741,21605,25524,30722,40192,42599,45366,50367,33982,43921,10803,20565,1311,1483,3032,4721,3554,6892,4816,9908,6476,8819,5581,5568,10052,13554,10160,19257,280403,88970,45162,14279,102843,9813,2122
2021-05-17T23:59:59+02:00,7027,6943,15486,16255,18526,21436,25125,30397,38448,40967,45256,50289,33934,43855,10793,20544,1278,1461,2978,4677,3491,6833,4748,9806,6381,8719,5540,5528,10039,13537,10157,19249,280190,88907,40407,13998,102800,9633,1884
2021-05-16T23:59:59+02:00,6913,6890,15369,16167,18397,21331,24948,30284,35477,38210,45221,50254,33912,43831,10790,20539,1254,1445,2935,4637,3443,6776,4663,9739,6286,8640,5510,5490,10028,13521,10155,19246,279913,88860,34291,13733,102681,9527,1648
2021-05-15T23:59:59+02:00,6890,6860,15308,16110,18351,21291,24881,30241,35441,38170,45198,50227,33905,43826,10790,20539,1243,1419,2903,4564,3424,6707,4644,9658,6264,8590,5505,5485,10024,13520,10155,19246,279434,88806,34291,13729,102667,9180,1636
2021-05-14T23:59:59+02:00,6715,6492,14963,15617,18038,20875,24549,29782,35196,37819,45169,50196,33895,43821,10790,20537,1185,1358,2826,4463,3378,6605,4580,9508,6182,8461,5475,5441,10011,13511,10155,19245,278386,88727,34145,13710,100352,8376,1571
2021-05-13T23:59:59+02:00,6367,6177,14214,15035,17337,20249,23699,29044,34429,37154,44882,49854,33815,43697,10786,20526,1010,1273,2631,4354,3260,6485,4441,9342,6061,8319,5432,5403,9996,13495,10151,19240,272017,88583,33824,13629,100139,7396,1285
2021-05-12T23:59:59+02:00,5969,5906,13243,14369,16321,19450,23036,28610,34124,36875,44699,49660,33784,43666,10783,20523,1008,1271,2625,4349,3243,6481,4436,9332,6054,8315,5427,5398,9994,13490,10150,19239,265796,88529,33815,13620,100135,7391,1272
2021-05-11T23:59:59+02:00,5597,5681,12664,13925,14526,18014,20089,26092,31812,34554,43649,48400,33461,43192,10755,20474,950,1197,2510,4179,3137,6260,4319,9052,5939,8094,5355,5320,9952,13430,10142,19222,248553,88068,33539,13406,99698,6489,1095
2021-05-10T23:59:59+02:00,5451,5584,12394,13801,14177,17792,19288,25521,30435,33535,43117,47791,33404,43105,10747,20454,909,1139,2411,4018,3043,6057,4197,8791,5818,7898,5320,5291,9940,13414,10138,19213,243086,87966,33329,13346,99397,5501,784
2021-05-09T23:59:59+02:00,5045,5342,11200,13271,13176,17429,18267,25192,29893,33244,43061,47719,33379,43090,10744,20448,886,1109,2312,3916,2953,5919,4066,8619,5724,7793,5312,5278,9933,13411,10133,19211,237758,87932,33258,13304,99058,4913,426
2021-05-08T23:59:59+02:00,5034,5333,11181,13251,13155,17415,18240,25159,29853,33202,43053,47708,33378,43086,10744,20448,882,1103,2299,3909,2947,5919,4062,8613,5721,7790,5309,5275,9930,13406,10133,19211,237505,87905,33257,13304,99057,4879,421
2021-05-07T23:59:59+02:00,4935,5250,10953,13084,12863,17199,17637,24560,28904,32307,42861,47468,33322,43014,10740,20442,855,1072,2264,3855,2901,5873,4007,8558,5637,7736,5262,5229,9918,13397,10133,19210,235015,87773,31369,13300,98951,4630,204
2021-05-06T23:59:59+02:00,4522,4973,10287,12668,12104,16538,16036,23121,26366,29927,42159,46723,33156,42781,10724,20419,799,1017,2128,3605,2734,5567,3813,8086,5442,7416,5211,5176,9895,13369,10131,19201,226291,87592,28022,12987,98148,2968,43
2021-05-05T23:59:59+02:00,4209,4747,9694,12227,11389,15963,14940,22100,23525,27178,41184,45620,32877,42394,10706,20377,785,995,2065,3480,2677,5412,3720,7876,5345,7280,5162,5121,9860,13333,10129,19198,213329,87333,27839,12849,97927,2221,35
2021-05-04T23:59:59+02:00,3867,4290,9024,11533,10618,15127,13636,20850,19923,23774,39839,44162,32504,41875,10683,20338,767,965,1999,3365,2608,5279,3630,7725,5250,7158,5125,5075,9831,13304,10127,19195,196290,87124,27821,12554,97903,1696,29
2021-05-03T23:59:59+02:00,3625,3867,8616,11039,10143,14503,13102,20196,19205,23131,39574,43911,32425,41771,10680,20323,753,936,1932,3260,2552,5172,3570,7611,5200,7071,5111,5064,9816,13287,10124,19190,190444,86985,27809,12546,97841,1101,17
2021-05-02T23:59:59+02:00,3622,3865,8598,11032,10134,14496,13080,20184,19188,23122,39573,43910,32424,41770,10679,20323,749,919,1903,3179,2506,5077,3523,7486,5180,7006,5107,5061,9815,13283,10124,19188,190356,86968,27797,12517,97834,608,13
2021-05-01T23:59:59+02:00,3620,3858,8586,11018,10126,14487,13073,20182,19177,23113,39573,43908,32424,41770,10679,20323,749,919,1902,3179,2506,5077,3523,7486,5180,7006,5107,5061,9815,13283,10123,19188,190274,86967,27797,12517,97834,608,12
2021-04-30T23:59:59+02:00,3597,3834,8541,10984,10083,14447,13011,20143,19074,22962,39307,43585,32403,41749,10678,20323,746,915,1889,3172,2505,5068,3520,7479,5178,6999,5104,5058,9811,13282,10123,19188,189352,86943,27528,12514,97829,568,12
2021-04-29T23:59:59+02:00,3334,3664,8111,10716,9536,14163,12523,19785,18344,22241,36246,40131,32141,41381,10666,20284,733,901,1841,3110,2457,5002,3455,7338,5086,6900,5067,5025,9790,13242,10121,19182,183838,86747,21691,12357,97726,135,11
2021-04-28T23:59:59+02:00,3174,3598,7850,10605,9135,13989,12149,19550,17860,21806,32454,35814,31922,41081,10654,20263,716,884,1815,3072,2412,4953,3418,7282,5022,6838,5005,4968,9738,13185,10118,19173,172678,86541,21540,11930,97679,121,7
2021-04-27T23:59:59+02:00,3092,3533,7592,10475,8785,13815,11665,19327,17382,21316,26904,29638,31545,40574,10633,20231,706,870,1784,3035,2378,4908,3365,7225,4966,6762,4954,4901,9703,13134,10115,19164,157367,86338,21518,11507,97615,118,7
2021-04-26T23:59:59+02:00,3039,3500,7452,10411,8621,13756,11435,19259,16861,20930,26871,29606,31531,40559,10633,20231,685,839,1716,2975,2312,4852,3299,7136,4872,6661,4857,4826,9621,13052,10113,19161,156794,86215,21300,10637,96594,118,7
2021-04-25T23:59:59+02:00,3003,3483,7291,10360,8386,13706,11106,19215,16101,20479,25345,27973,31476,40496,10633,20228,685,837,1710,2971,2305,4849,3294,7128,4869,6652,4854,4821,9613,13040,10113,19161,156314,86192,21290,10600,91670,103,7
2021-04-24T23:59:59+02:00,2999,3477,7275,10347,8375,13698,11092,19206,16084,20461,25302,27910,31473,40490,10632,20227,685,837,1710,2970,2305,4849,3293,7128,4869,6652,4854,4820,9611,13039,10113,19161,156113,86186,21286,10600,91642,103,7
2021-04-23T23:59:59+02:00,2981,3461,7236,10307,8331,13653,11027,19146,16024,20397,24880,27407,31440,40435,10629,20224,677,830,1692,2961,2289,4820,3241,7091,4771,6555,4716,4697,9443,12842,10107,19146,154934,85899,21147,9869,91490,103,7
2021-04-22T23:59:59+02:00,2903,3379,7047,10125,7790,13249,9822,18355,14473,19359,22876,24992,31229,40167,10610,20196,612,778,1577,2848,2166,4657,3080,6921,4588,6355,4565,4526,8933,12190,10071,19067,150174,83998,15856,8846,90535,83,7
2021-04-21T23:59:59+02:00,2850,3332,6925,10037,7582,13097,9457,18116,14006,18912,20372,21862,30931,39779,10591,20171,563,755,1500,2771,2081,4567,2954,6778,4429,6191,4380,4347,8364,11431,10028,18978,143176,82215,15092,7819,89745,76,7
2021-04-20T23:59:59+02:00,2811,3293,6819,9948,7447,12987,9206,17899,13516,18521,16988,17811,30617,39304,10574,20135,533,721,1427,2708,1994,4489,2854,6663,4295,6030,4196,4153,7510,10229,9960,18826,134336,79323,14847,7187,88686,71,7
2021-04-19T23:59:59+02:00,2798,3286,6773,9908,7395,12953,9131,17823,13378,18406,16659,17431,30584,39271,10573,20131,474,681,1312,2615,1899,4396,2728,6510,4104,5843,3945,3854,5688,7816,9747,18430,134021,73536,14652,6433,87820,66,7
2021-04-18T23:59:59+02:00,2782,3273,6697,9882,7289,12906,8938,17756,12551,18280,15259,16034,30516,39209,10570,20124,469,676,1303,2607,1884,4386,2696,6481,4044,5794,3870,3784,5278,7194,9702,18347,133806,72058,14510,6388,83743,62,7
2021-04-17T23:59:59+02:00,2772,3269,6680,9859,7258,12884,8906,17717,12519,18260,15206,15986,30463,39137,10569,20124,469,674,1303,2606,1883,4382,2692,6476,4041,5790,3869,3782,5273,7193,9701,18346,133450,72023,14509,6388,83643,62,7
2021-04-16T23:59:59+02:00,2759,3255,6647,9844,7207,12845,8832,17664,12411,18158,14962,15713,29946,38491,10566,20116,469,672,1297,2601,1874,4380,2687,6470,4034,5783,3864,3776,5256,7163,9701,18344,131935,71928,14502,6377,82972,59,7
2021-04-15T23:59:59+02:00,2708,3198,6515,9744,7019,12668,8494,17393,11942,17695,13914,14506,27837,35691,10548,20093,460,666,1293,2576,1858,4357,2664,6442,3993,5730,3807,3701,5224,7112,9693,18332,126033,71613,14227,6240,79698,48,7
2021-04-14T23:59:59+02:00,2651,3147,6421,9649,6879,12508,8223,17127,11516,17236,12738,13125,23129,29623,10529,20039,457,661,1280,2567,1846,4340,2642,6418,3950,5693,3761,3651,5165,7058,9665,18295,113672,71327,14195,6089,76666,26,7
2021-04-13T23:59:59+02:00,2600,3113,6294,9566,6730,12378,7950,16880,11099,16824,10105,10220,20083,25484,10506,19997,441,636,1232,2524,1793,4280,2535,6316,3770,5532,3548,3466,5018,6922,9656,18273,105297,70988,14001,4925,70524,22,7
2021-04-12T23:59:59+02:00,2579,3099,6236,9538,6624,12291,7761,16752,10853,16623,8746,8740,19263,24515,10505,19988,435,627,1213,2509,1777,4259,2503,6275,3718,5480,3485,3417,4983,6881,9651,18251,105178,70853,13948,4587,64980,17,7
2021-04-11T23:59:59+02:00,2551,3091,6140,9511,6509,12254,7596,16702,10654,16519,7477,7464,17537,22541,10503,19985,435,627,1212,2507,1777,4259,2502,6275,3716,5476,3481,3416,4977,6879,9651,18251,105110,70842,13942,4577,57975,15,7
2021-04-10T23:59:59+02:00,2550,3089,6130,9506,6500,12249,7591,16697,10647,16511,7469,7452,17528,22535,10503,19985,434,624,1210,2504,1776,4257,2500,6272,3713,5475,3472,3402,4969,6865,9651,18251,105029,70784,13941,4570,57966,15,6
2021-04-09T23:59:59+02:00,2488,2991,5996,9298,6344,11987,7333,16289,10335,16012,7313,7248,17411,22355,10502,19983,429,619,1192,2492,1750,4242,2470,6223,3635,5395,3358,3292,4830,6776,9646,18248,104560,70704,13911,3874,55408,13,6
2021-04-08T23:59:59+02:00,2410,2919,5899,9178,6241,11859,7162,16103,10081,15825,7119,6990,16151,20893,10491,19954,422,615,1180,2462,1725,4207,2443,6156,3584,5331,3286,3247,4751,6671,9624,18203,100913,70276,13557,3613,54799,12,6
2021-04-07T23:59:59+02:00,2384,2884,5826,9107,6155,11787,7030,16004,9839,15674,6824,6663,13835,17942,10470,19905,417,614,1170,2449,1712,4184,2429,6120,3518,5274,3215,3195,4696,6610,9616,18176,94759,70007,13396,3371,54168,11,6
2021-04-06T23:59:59+02:00,2368,2852,5731,9042,6065,11709,6877,15891,9600,15492,6468,6301,11747,15343,10444,19846,414,608,1163,2425,1700,4161,2403,6082,3453,5209,3131,3145,4652,6555,9611,18159,89750,69766,13096,3090,52925,10,5
2021-04-05T23:59:59+02:00,2361,2843,5713,9025,6054,11690,6864,15872,9580,15467,6344,6203,10471,14058,10444,19845,410,600,1159,2410,1694,4145,2386,6052,3420,5168,3101,3108,4632,6510,9605,18143,89674,69577,13060,2953,50096,9,4
2021-04-04T23:59:59+02:00,2361,2843,5711,9022,6052,11690,6862,15872,9578,15467,6339,6199,10471,14056,10444,19845,410,599,1159,2409,1694,4145,2385,6052,3420,5168,3101,3108,4630,6510,9605,18143,89665,69573,13060,2952,50083,9,4
2021-04-03T23:59:59+02:00,2360,2835,5703,9015,6047,11686,6859,15869,9575,15465,6336,6194,10465,14053,10444,19845,410,599,1159,2409,1694,4145,2385,6052,3420,5167,3101,3108,4630,6510,9605,18143,89609,69572,13060,2952,50078,9,4
2021-04-02T23:59:59+02:00,2359,2833,5697,9010,6045,11683,6855,15868,9571,15463,6332,6188,10451,14024,10443,19844,408,597,1158,2409,1693,4144,2384,6052,3419,5160,3075,3091,4620,6501,9605,18143,89528,69495,13057,2951,50077,9,4
2021-04-01T23:59:59+02:00,2339,2830,5668,8980,6003,11641,6812,15814,9515,15407,6239,6090,10154,13678,10420,19796,406,583,1156,2403,1686,4133,2368,6036,3393,5139,3015,3046,4561,6430,9530,18030,88539,68954,13035,2948,49808,9,4
2021-03-31T23:59:59+02:00,2304,2802,5593,8915,5935,11548,6710,15702,9383,15272,6094,5948,9603,12937,10376,19706,401,577,1150,2392,1679,4117,2362,6024,3374,5105,2983,3013,4514,6371,9473,17929,86562,68506,12821,2946,49442,9,3
2021-03-30T23:59:59+02:00,2284,2786,5547,8857,5873,11473,6639,15605,9286,15130,5908,5734,8697,11598,10301,19522,399,575,1147,2388,1666,4100,2344,6002,3341,5061,2926,2945,4426,6272,9343,17691,83490,67807,12440,2807,49307,9,3
2021-03-29T23:59:59+02:00,2216,2732,5444,8746,5766,11324,6472,15376,9056,14877,5552,5362,6753,9066,10081,19101,392,571,1136,2380,1653,4088,2319,5976,3312,5005,2858,2880,4310,6169,9142,17360,77412,66867,11628,2672,48881,9,3
2021-03-28T23:59:59+02:00,2195,2719,5401,8686,5690,11247,6385,15290,8938,14757,5428,5210,6113,8137,10015,18985,383,565,1122,2364,1628,4061,2272,5915,3256,4913,2773,2801,4193,6022,9070,17223,75120,66406,11370,2146,48703,6,3
2021-03-27T23:59:59+01:00,2195,2714,5390,8680,5685,11232,6370,15269,8927,14744,5400,5183,6103,8133,10015,18984,383,565,1120,2363,1627,4056,2268,5912,3247,4906,2768,2798,4178,5997,8990,17075,75013,66099,11370,2145,48638,6,3
2021-03-26T23:59:59+01:00,2179,2694,5353,8642,5647,11183,6291,15199,8778,14593,5237,5034,5933,7954,10013,18976,379,557,1114,2350,1611,4028,2240,5876,3213,4853,2707,2735,3993,5741,8283,15898,74669,63462,10535,2107,48499,6,3
2021-03-25T23:59:59+01:00,2062,2613,5177,8428,5446,10907,6086,14901,8539,14305,5076,4880,5837,7835,10010,18968,371,544,1093,2325,1587,4000,2195,5819,3141,4778,2609,2633,3621,5248,7147,14157,74215,59371,9589,1889,47263,5,3
2021-03-24T23:59:59+01:00,1976,2565,5029,8268,5287,10716,5925,14663,8337,14073,4936,4722,5722,7718,10004,18958,367,533,1080,2297,1554,3945,2136,5754,3054,4677,2476,2522,3198,4631,5742,11934,73841,54348,8427,1544,46628,5,3
2021-03-23T23:59:59+01:00,1900,2513,4919,8146,5189,10574,5804,14470,8222,13906,4854,4636,5656,7658,9996,18940,356,509,1060,2262,1521,3887,2092,5666,2974,4586,2386,2428,2747,3997,3850,8714,73448,47633,7682,1396,46250,3,3
2021-03-22T23:59:59+01:00,1836,2454,4785,8012,5056,10400,5646,14237,8030,13693,4751,4524,5586,7548,9982,18896,329,492,1032,2225,1476,3815,2028,5557,2874,4435,2272,2277,2232,3320,1345,4596,72955,39138,6644,1162,45834,2,3
2021-03-21T23:59:59+01:00,1835,2448,4774,7997,5042,10390,5631,14220,8001,13669,4728,4509,5569,7536,9978,18896,328,492,1026,2211,1467,3786,2010,5519,2848,4385,2231,2229,2191,3279,1328,4551,72932,38998,6593,879,45696,2,2
2021-03-20T23:59:59+01:00,1835,2448,4773,7996,5041,10388,5630,14220,7994,13663,4727,4508,5561,7528,9978,18896,328,492,1026,2211,1467,3786,2010,5519,2847,4384,2230,2226,2191,3279,1328,4551,72922,38996,6593,875,45669,2,2
2021-03-19T23:59:59+01:00,1782,2199,4257,6703,4634,9407,5360,13663,7771,13257,4604,4411,5492,7462,9978,18896,327,492,1026,2211,1467,3785,2010,5518,2846,4384,2228,2225,2186,3273,1327,4549,72854,38981,6582,869,40438,2,2
2021-03-18T23:59:59+01:00,1727,1948,3841,5642,4104,8028,4543,11129,6418,9929,4241,4114,5289,7242,9957,18856,326,489,1019,2198,1460,3760,1985,5479,2821,4360,2207,2209,2161,3244,1322,4540,72423,38790,6518,786,28065,2,2
2021-03-17T23:59:59+01:00,1721,1940,3831,5616,4087,7997,4519,11065,6368,9857,4204,4067,5250,7196,9951,18832,323,488,1015,2190,1454,3751,1978,5464,2811,4334,2180,2181,2140,3229,1315,4525,72163,38637,6459,737,27877,2,2
2021-03-16T23:59:59+01:00,1699,1906,3773,5536,4016,7890,4390,10903,6162,9657,3981,3878,5108,7038,9945,18810,321,484,1014,2171,1449,3739,1969,5450,2802,4315,2172,2167,2127,3201,1307,4496,71853,38472,5181,708,27656,2,2
2021-03-15T23:59:59+01:00,1689,1886,3748,5502,3991,7853,4339,10834,6084,9573,3897,3811,5055,6978,9938,18785,318,480,1005,2154,1441,3734,1953,5414,2784,4287,2157,2135,2102,3140,1299,4458,71629,38255,4822,604,27512,2,0
2021-03-14T23:59:59+01:00,1683,1876,3740,5492,3986,7837,4330,10803,6076,9551,3890,3802,5050,6970,9937,18783,317,480,1003,2154,1437,3731,1950,5412,2767,4281,2151,2133,2091,3130,1295,4456,71597,38248,4806,539,27403,1,0
2021-03-13T23:59:59+01:00,1680,1871,3727,5470,3978,7829,4311,10793,6062,9537,3887,3799,5047,6967,9937,18783,317,480,1003,2154,1437,3731,1950,5411,2767,4280,2150,2132,2091,3128,1287,4451,71575,38229,4801,539,27302,1,0
2021-03-12T23:59:59+01:00,1640,1815,3212,5324,3464,7715,4177,10667,5837,9246,3720,3653,4905,6858,9912,18735,312,458,999,2124,1429,3707,1931,5341,2714,4195,1974,1978,2031,3078,1280,4445,71364,37465,4077,531,25439,0,0
2021-03-11T23:59:59+01:00,1533,1680,2831,5063,3027,7461,3897,10254,5211,8359,3496,3477,4799,6741,9874,18685,311,458,996,2111,1426,3687,1924,5322,2705,4178,1968,1970,2017,3061,1275,4427,70801,37344,3815,492,21772,0,0
2021-03-10T23:59:59+01:00,1503,1649,2792,5017,2992,7402,3842,10168,5102,8242,3370,3373,4684,6626,9830,18619,309,457,994,2108,1424,3676,1920,5309,2694,4158,1951,1963,1991,3029,1264,4413,70394,37263,3484,397,21333,0,0
2021-03-09T23:59:59+01:00,1495,1633,2761,4992,2971,7358,3804,10108,5023,8162,3273,3290,4604,6537,9723,18408,306,456,991,2102,1417,3664,1894,5287,2652,4128,1908,1938,1941,3001,1252,4403,69801,37235,3216,105,21125,0,0
2021-03-08T23:59:59+01:00,1480,1620,2731,4968,2945,7328,3781,10060,4999,8100,3233,3250,4532,6474,9547,18106,306,456,989,2098,1409,3648,1877,5254,2633,4101,1892,1921,1915,2979,1246,4384,69014,37094,3207,14,20933,0,0
2021-03-07T23:59:59+01:00,1467,1610,2702,4923,2911,7280,3748,9998,4958,8041,3198,3217,4467,6373,9471,17962,306,455,989,2097,1408,3643,1874,5244,2632,4096,1888,1918,1911,2975,1243,4377,68482,37044,3153,12,20691,0,0
2021-03-06T23:59:59+01:00,1466,1608,2696,4912,2908,7271,3740,9991,4940,8025,3188,3207,4445,6334,9383,17792,306,455,987,2094,1408,3641,1868,5235,2630,4094,1883,1910,1905,2973,1243,4374,68092,36994,3153,12,20661,0,0
2021-03-05T23:59:59+01:00,1393,1530,2598,4750,2851,7114,3655,9784,4839,7829,3138,3147,4226,6047,8676,16599,306,455,985,2092,1403,3636,1866,5234,2626,4088,1874,1906,1900,2970,1238,4371,65439,36938,3150,12,19587,0,0
2021-03-04T23:59:59+01:00,1220,1427,2428,4547,2680,6845,3487,9439,4581,7489,3022,3024,3864,5589,7508,14776,305,447,976,2069,1387,3596,1838,5182,2598,4042,1846,1881,1867,2915,1211,4325,61232,36473,3147,12,17547,0,0
2021-03-03T23:59:59+01:00,1187,1374,2350,4440,2620,6727,3400,9277,4485,7346,2937,2955,3491,4991,6118,12585,302,438,966,2047,1375,3569,1824,5132,2544,3988,1799,1846,1843,2886,1196,4297,56179,36040,3121,12,16983,0,0
2021-03-02T23:59:59+01:00,1153,1338,2290,4384,2569,6636,3320,9156,4350,7197,2822,2829,3007,4324,4117,9218,297,429,961,2022,1363,3528,1811,5082,2512,3963,1789,1832,1824,2860,1185,4270,49133,35716,2872,12,16705,0,0
2021-03-01T23:59:59+01:00,1094,1308,2230,4322,2497,6550,3227,9030,4208,7009,2690,2692,2441,3585,1401,4756,296,426,954,2010,1352,3509,1803,5066,2501,3947,1773,1822,1807,2841,1173,4242,40084,35510,2486,12,16470,0,0
2021-02-28T23:59:59+01:00,1060,1294,2188,4285,2467,6507,3179,8973,4146,6950,2623,2645,2392,3554,1393,4736,296,425,952,2005,1350,3496,1800,5052,2495,3939,1766,1811,1794,2830,1165,4227,39986,35391,2194,12,16212,0,0
2021-02-27T23:59:59+01:00,1017,1212,2123,4041,2409,6273,3115,8675,4055,6695,2568,2588,2372,3530,1390,4736,296,425,951,2005,1350,3496,1800,5051,2494,3939,1766,1810,1792,2830,1165,4227,39880,35385,2193,12,14726,0,0
2021-02-26T23:59:59+01:00,848,958,1921,3650,2246,5607,2898,7754,3745,5903,2519,2535,2354,3515,1387,4734,296,425,951,2002,1348,3494,1798,5050,2492,3938,1766,1807,1786,2829,1163,4220,39865,35353,2105,12,10604,0,0
2021-02-25T23:59:59+01:00,507,801,1641,3451,2063,5303,2702,7362,3519,5601,2438,2459,2314,3454,1383,4720,286,404,925,1953,1319,3425,1768,4969,2463,3874,1741,1780,1747,2786,1136,4180,39670,34745,1850,11,8198,0,0
2021-02-24T23:59:59+01:00,487,783,1606,3355,2001,5173,2642,7179,3453,5458,2373,2412,2278,3425,1374,4686,277,400,911,1921,1305,3371,1755,4910,2439,3829,1730,1762,1738,2767,1124,4153,39481,34389,1681,3,7523,0,0
2021-02-23T23:59:59+01:00,468,747,1545,3253,1946,5034,2564,7048,3367,5353,2313,2353,2241,3369,1359,4655,276,396,906,1906,1299,3342,1746,4879,2418,3798,1710,1742,1718,2732,1109,4100,39335,34074,1409,3,6871,0,0
2021-02-22T23:59:59+01:00,451,716,1490,3154,1907,4896,2506,6830,3305,5209,2305,2256,2226,3290,1355,4610,275,393,902,1895,1291,3315,1729,4843,2404,3768,1691,1723,1692,2703,1094,4054,39124,33771,1145,1,6237,0,0
2021-02-21T23:59:59+01:00,443,678,1432,3012,1860,4746,2454,6671,3223,5105,2269,2223,2199,3270,1345,4605,275,392,899,1887,1290,3306,1726,4833,2400,3759,1689,1720,1691,2701,1094,4053,39085,33714,912,1,5538,0,0
2021-02-20T23:59:59+01:00,439,673,1424,3008,1854,4746,2451,6668,3219,5101,2266,2222,2199,3269,1344,4605,275,392,899,1886,1290,3305,1726,4833,2399,3758,1688,1719,1688,2701,1093,4051,39081,33702,908,1,5499,0,0
2021-02-19T23:59:59+01:00,417,636,1395,2946,1827,4692,2410,6569,3132,4983,2088,2061,2136,3220,1339,4599,273,391,898,1884,1289,3304,1726,4828,2396,3757,1686,1717,1686,2700,1093,4050,38333,33677,889,1,5228,0,0
2021-02-18T23:59:59+01:00,392,580,1290,2703,1722,4448,2272,6307,3030,4801,2059,2044,2120,3203,1334,4591,273,385,890,1851,1280,3265,1708,4780,2377,3721,1674,1707,1670,2688,1081,4032,38259,33381,815,1,3822,0,0
2021-02-17T23:59:59+01:00,377,549,1251,2574,1667,4273,2203,6066,2971,4652,2040,2025,2097,3183,1319,4582,264,368,855,1766,1237,3136,1647,4621,2303,3586,1598,1638,1595,2579,1033,3915,38103,32140,764,1,2962,0,0
2021-02-16T23:59:59+01:00,360,519,1197,2453,1617,4132,2124,5878,2890,4514,2031,2021,2089,3177,1314,4571,256,351,835,1686,1182,3000,1586,4417,2231,3412,1548,1585,1534,2479,1005,3785,38044,30891,734,1,2109,0,0
2021-02-15T23:59:59+01:00,350,497,1124,2309,1572,4059,2092,5825,2862,4473,2012,2005,2068,3147,1307,4551,249,333,812,1641,1151,2926,1530,4285,2160,3296,1473,1521,1479,2370,962,3606,37939,29793,624,1,1690,0,0
2021-02-14T23:59:59+01:00,342,492,1101,2253,1509,3895,2050,5733,2831,4434,2006,2003,2057,3138,1305,4545,242,328,794,1614,1135,2887,1488,4233,2122,3266,1457,1500,1455,2334,945,3564,37922,29363,559,1,1213,0,0
2021-02-13T23:59:59+01:00,342,492,1100,2253,1509,3894,2048,5732,2831,4434,2005,2001,2056,3138,1305,4542,242,328,794,1614,1135,2887,1487,4232,2122,3266,1455,1497,1454,2333,945,3563,37911,29353,559,1,1212,0,0
2021-02-12T23:59:59+01:00,338,489,1083,2244,1504,3880,2043,5723,2828,4428,1991,1991,2050,3125,1300,4539,241,327,788,1609,1129,2878,1470,4213,2103,3253,1442,1481,1439,2301,938,3529,37844,29140,551,1,1161,0,0
2021-02-11T23:59:59+01:00,318,466,1019,2146,1450,3753,1949,5460,2743,4309,1963,1960,2010,3061,1275,4483,221,301,739,1504,1049,2657,1346,3858,1920,2947,1254,1274,1270,2026,832,3174,37462,26372,514,0,389,0,0
2021-02-10T23:59:59+01:00,312,457,996,2106,1412,3674,1895,5298,2648,4127,1894,1910,1966,3023,1257,4457,197,256,646,1317,923,2276,1158,3265,1680,2534,1096,1102,1124,1786,725,2837,37054,22922,377,0,1,0,0
2021-02-09T23:59:59+01:00,306,447,988,2074,1396,3621,1852,5231,2581,4071,1836,1874,1898,2970,1236,4435,164,197,548,1060,776,1833,954,2660,1417,2126,949,943,939,1512,608,2423,36754,19109,61,0,1,0,0
2021-02-08T23:59:59+01:00,305,445,985,2067,1386,3605,1844,5208,2563,4055,1821,1862,1880,2952,1229,4410,113,164,448,850,614,1425,761,2019,1147,1653,767,775,750,1201,488,1975,36599,15150,17,0,1,0,0
2021-02-07T23:59:59+01:00,305,445,984,2066,1385,3598,1841,5205,2556,4052,1815,1853,1864,2945,1224,4404,104,145,398,704,540,1252,682,1804,1050,1506,694,695,675,1083,422,1757,36528,13511,14,0,0,0,0
2021-02-06T23:59:59+01:00,305,445,983,2065,1385,3595,1841,5203,2556,4049,1815,1852,1859,2943,1221,4402,104,144,393,701,535,1228,666,1785,1039,1485,691,691,670,1079,421,1753,36505,13385,14,0,0,0,0
2021-02-05T23:59:59+01:00,305,444,981,2063,1382,3586,1837,5189,2550,4043,1814,1851,1851,2935,1212,4389,100,137,378,683,518,1199,634,1733,991,1422,654,641,624,1005,395,1662,36418,12776,14,0,0,0,0
2021-02-04T23:59:59+01:00,298,427,969,2031,1363,3533,1818,5112,2534,3995,1798,1831,1825,2900,1195,4358,75,106,279,461,357,808,450,1171,682,964,506,468,486,795,309,1328,35973,9245,14,0,0,0,0
2021-02-03T23:59:59+01:00,294,418,952,2004,1347,3495,1805,5063,2500,3951,1778,1808,1809,2876,1182,4344,59,82,233,395,288,629,345,916,522,718,339,324,350,567,222,969,35612,6958,14,0,0,0,0
2021-02-02T23:59:59+01:00,290,411,947,1977,1339,3462,1794,5017,2477,3916,1760,1792,1783,2835,1161,4297,37,63,178,312,241,482,264,734,376,552,236,207,223,375,152,633,35244,5065,14,0,0,0,0
2021-02-01T23:59:59+01:00,289,408,942,1970,1336,3446,1786,4997,2469,3898,1753,1781,1768,2820,1155,4284,19,39,132,227,167,307,170,489,237,321,121,105,98,185,71,282,35088,2970,14,0,0,0,0
2021-01-31T23:59:59+01:00,288,407,940,1962,1333,3437,1783,4978,2465,3883,1749,1773,1764,2813,1152,4275,18,34,114,199,150,266,153,409,200,277,102,91,90,157,63,248,34988,2571,14,0,0,0,0
2021-01-30T23:59:59+01:00,288,407,940,1962,1333,3437,1783,4978,2465,3883,1748,1773,1764,2812,1152,4274,18,34,114,199,150,264,150,407,199,276,101,90,90,157,63,248,34985,2560,14,0,0,0,0
2021-01-29T23:59:59+01:00,286,404,939,1960,1332,3429,1777,4969,2462,3880,1742,1766,1755,2801,1145,4253,16,33,113,190,141,256,138,379,168,249,74,66,81,136,56,216,34886,2312,14,0,0,0,0
2021-01-28T23:59:59+01:00,281,396,921,1904,1308,3365,1752,4907,2434,3818,1720,1747,1724,2770,1127,4218,0,0,8,19,9,17,12,46,7,21,8,3,8,9,2,13,34379,182,13,0,0,0,0
2021-01-27T23:59:59+01:00,276,378,888,1824,1274,3252,1690,4784,2374,3718,1664,1699,1680,2705,1092,4135,0,0,4,6,5,11,8,20,3,12,7,3,8,9,2,12,33424,110,9,0,0,0,0
2021-01-26T23:59:59+01:00,270,369,879,1811,1260,3214,1673,4727,2344,3655,1633,1667,1643,2635,1075,4051,0,0,4,6,5,11,8,20,3,12,7,3,8,9,2,12,32899,110,7,0,0,0,0
2021-01-25T23:59:59+01:00,259,345,837,1693,1191,3051,1583,4457,2239,3446,1574,1614,1589,2550,1028,3881,0,0,1,3,1,3,5,3,3,5,7,3,7,8,2,12,31335,63,2,0,0,0,0
2021-01-24T23:59:59+01:00,256,342,826,1674,1181,3029,1552,4424,2213,3425,1564,1606,1579,2539,1022,3874,0,0,1,2,1,3,5,3,3,5,6,3,7,8,2,12,31104,61,2,0,0,0,0
2021-01-23T23:59:59+01:00,256,342,826,1674,1180,3028,1552,4420,2212,3424,1563,1606,1578,2538,1021,3869,0,0,1,2,1,3,5,3,3,5,6,3,7,8,2,12,31087,61,2,0,0,0,0
2021-01-22T23:59:59+01:00,255,340,820,1671,1176,3023,1549,4413,2200,3419,1551,1594,1572,2519,1016,3850,0,0,1,2,1,3,5,3,3,5,6,3,7,8,2,12,30966,61,2,0,0,0,0
2021-01-21T23:59:59+01:00,244,331,792,1605,1151,2898,1493,4253,2121,3284,1453,1491,1439,2355,937,3669,0,0,1,2,1,3,4,2,3,5,4,2,6,8,1,12,29514,54,2,0,0,0,0
2021-01-20T23:59:59+01:00,221,287,719,1449,1061,2584,1357,3796,1948,2933,1332,1346,1321,2167,868,3461,0,0,1,2,1,3,4,2,3,5,4,2,6,8,1,12,26848,54,2,0,0,0,0
2021-01-19T23:59:59+01:00,190,231,621,1203,916,2140,1138,3181,1666,2503,1149,1149,1096,1834,723,2940,0,0,1,1,1,2,4,1,2,5,4,2,5,8,1,12,22678,49,2,0,0,0,0
2021-01-18T23:59:59+01:00,132,184,487,945,708,1631,875,2319,1299,1902,902,924,879,1459,568,2351,0,0,0,0,0,0,0,0,1,2,2,1,0,0,0,0,17564,6,1,0,0,0,0
2021-01-17T23:59:59+01:00,119,158,427,774,623,1411,776,2066,1186,1712,838,845,798,1323,507,2143,0,0,0,0,0,0,0,0,0,1,0,0,0,0,0,0,15706,1,0,0,0,0,0
2021-01-16T23:59:59+01:00,119,157,423,773,621,1403,766,2062,1178,1706,836,840,793,1312,499,2128,0,0,0,0,0,0,0,0,0,0,0,0,0,0,0,0,15616,0,0,0,0,0,0
2021-01-15T23:59:59+01:00,109,151,411,753,595,1365,734,1984,1117,1625,792,788,749,1226,469,2010,0,0,0,0,0,0,0,0,0,0,0,0,0,0,0,0,14878,0,0,0,0,0,0
2021-01-14T23:59:59+01:00,75,111,294,486,394,879,506,1277,763,1064,578,546,547,905,359,1526,0,0,0,0,0,0,0,0,0,0,0,0,0,0,0,0,10310,0,0,0,0,0,0
2021-01-13T23:59:59+01:00,58,85,242,409,318,662,377,977,558,757,363,344,367,616,250,1057,0,0,0,0,0,0,0,0,0,0,0,0,0,0,0,0,7440,0,0,0,0,0,0
2021-01-12T23:59:59+01:00,46,69,197,351,256,538,278,803,405,592,244,218,229,407,169,704,0,0,0,0,0,0,0,0,0,0,0,0,0,0,0,0,5506,0,0,0,0,0,0
2021-01-11T23:59:59+01:00,32,50,172,303,210,437,217,646,296,420,150,126,130,249,91,402,0,0,0,0,0,0,0,0,0,0,0,0,0,0,0,0,3931,0,0,0,0,0,0
2021-01-10T23:59:59+01:00,24,41,150,254,180,360,179,535,247,359,129,106,115,204,79,325,0,0,0,0,0,0,0,0,0,0,0,0,0,0,0,0,3287,0,0,0,0,0,0
2021-01-09T23:59:59+01:00,24,41,150,252,179,359,178,530,246,358,128,105,115,204,79,325,0,0,0,0,0,0,0,0,0,0,0,0,0,0,0,0,3273,0,0,0,0,0,0
2021-01-08T23:59:59+01:00,22,40,148,243,171,349,165,499,217,332,104,89,110,189,72,303,0,0,0,0,0,0,0,0,0,0,0,0,0,0,0,0,3053,0,0,0,0,0,0
2021-01-07T23:59:59+01:00,1,0,4,9,8,13,10,6,16,11,10,9,15,21,3,32,0,0,0,0,0,0,0,0,0,0,0,0,0,0,0,0,168,0,0,0,0,0,0
2021-01-06T23:59:59+01:00,0,0,1,3,1,5,5,2,3,6,6,2,8,10,1,14,0,0,0,0,0,0,0,0,0,0,0,0,0,0,0,0,67,0,0,0,0,0,0
2021-01-05T23:59:59+01:00,0,0,1,3,1,5,5,2,3,5,6,2,7,9,1,13,0,0,0,0,0,0,0,0,0,0,0,0,0,0,0,0,63,0,0,0,0,0,0
2021-01-04T23:59:59+01:00,0,0,1,3,1,4,4,2,3,5,6,2,5,8,1,13,0,0,0,0,0,0,0,0,0,0,0,0,0,0,0,0,58,0,0,0,0,0,0
2021-01-03T23:59:59+01:00,0,0,1,2,1,4,4,2,3,5,5,2,5,8,1,13,0,0,0,0,0,0,0,0,0,0,0,0,0,0,0,0,56,0,0,0,0,0,0
2021-01-02T23:59:59+01:00,0,0,1,2,1,4,4,2,3,5,5,2,5,8,1,13,0,0,0,0,0,0,0,0,0,0,0,0,0,0,0,0,56,0,0,0,0,0,0
2021-01-01T23:59:59+01:00,0,0,1,2,1,3,4,2,3,5,5,2,5,8,1,13,0,0,0,0,0,0,0,0,0,0,0,0,0,0,0,0,55,0,0,0,0,0,0
2020-12-31T23:59:59+01:00,0,0,1,2,1,3,4,2,3,5,5,2,5,8,1,13,0,0,0,0,0,0,0,0,0,0,0,0,0,0,0,0,55,0,0,0,0,0,0
2020-12-30T23:59:59+01:00,0,0,1,2,1,3,4,2,3,5,5,2,5,8,1,13,0,0,0,0,0,0,0,0,0,0,0,0,0,0,0,0,55,0,0,0,0,0,0
2020-12-29T23:59:59+01:00,0,0,1,1,1,2,4,1,2,5,5,2,5,8,1,13,0,0,0,0,0,0,0,0,0,0,0,0,0,0,0,0,51,0,0,0,0,0,0
2020-12-28T23:59:59+01:00,0,0,1,1,1,1,2,0,1,5,4,1,1,0,0,2,0,0,0,0,0,0,0,0,0,0,0,0,0,0,0,0,20,0,0,0,0,0,0
2020-12-27T23:59:59+01:00,0,0,1,1,1,1,2,0,0,3,2,0,1,0,0,2,0,0,0,0,0,0,0,0,0,0,0,0,0,0,0,0,14,0,0,0,0,0,0
