Datum,<15_1_m,<15_1_w,15-24_1_m,15-24_1_w,25-34_1_m,25-34_1_w,35-44_1_m,35-44_1_w,45-54_1_m,45-54_1_w,55-64_1_m,55-64_1_w,65-74_1_m,65-74_1_w,75-84_1_m,75-84_1_w,>84_1_m,>84_1_w,<15_2_m,<15_2_w,15-24_2_m,15-24_2_w,25-34_2_m,25-34_2_w,35-44_2_m,35-44_2_w,45-54_2_m,45-54_2_w,55-64_2_m,55-64_2_w,65-74_2_m,65-74_2_w,75-84_2_m,75-84_2_w,>84_2_m,>84_2_w,bp_1,bp_2,mo_1,mo_2,az_1,az_2,ja,unb_1,unb_2
2021-11-16T23:59:59+01:00,7174,6697,44843,42244,60047,53367,59517,57187,69396,68511,77654,77076,54968,60585,37725,48822,11770,22423,5522,5179,38599,36906,53849,47838,54606,52575,64920,64262,74392,74025,53561,59004,36891,47652,11405,21679,635156,584714,79679,76960,105671,101684,39462,44,45
2021-11-15T23:59:59+01:00,7030,6575,44323,41851,59608,53005,59220,56918,69128,68292,77463,76901,54904,60510,37682,48777,11767,22414,5478,5131,38409,36737,53647,47679,54427,52447,64783,64146,74315,73957,53534,58970,36883,47633,11403,21671,631611,583181,79659,76951,105671,101684,39389,44,45
2021-11-14T23:59:59+01:00,6954,6507,44082,41680,59403,52828,59034,56769,68982,68166,77358,76831,54881,60477,37671,48761,11764,22407,5434,5087,38241,36607,53468,47530,54295,52345,64661,64051,74260,73887,53502,58947,36875,47614,11402,21666,629825,581817,79640,76945,105671,101684,39381,44,45
2021-11-13T23:59:59+01:00,6950,6501,44067,41669,59388,52815,59024,56759,68976,68160,77346,76827,54879,60476,37670,48759,11763,22407,5434,5085,38240,36607,53466,47530,54291,52341,64657,64046,74254,73884,53497,58943,36873,47605,11400,21665,629710,581763,79639,76945,105668,101684,39381,44,45
2021-11-12T23:59:59+01:00,6895,6462,43938,41541,59252,52723,58910,56656,68890,68097,77282,76789,54866,60462,37664,48747,11758,22402,5431,5077,38216,36589,53443,47516,54267,52329,64635,64033,74238,73873,53491,58937,36871,47602,11398,21663,628648,581583,79626,76943,105668,101684,39354,44,45
2021-11-11T23:59:59+01:00,6728,6279,43289,41041,58663,52229,58457,56290,68525,67769,77009,76604,54805,60393,37637,48708,11749,22391,5380,5018,38037,36461,53301,47384,54150,52224,64522,63935,74163,73825,53459,58908,36858,47583,11397,21652,624066,580395,79584,76920,105665,101684,39213,44,45
2021-11-10T23:59:59+01:00,6628,6188,42880,40746,58263,51882,58158,56048,68271,67520,76831,76439,54737,60328,37614,48670,11741,22380,5360,4992,37943,36402,53228,47310,54084,52152,64469,63880,74103,73785,53430,58874,36840,47561,11392,21645,620940,579703,79569,76908,105665,101682,39112,44,45
2021-11-09T23:59:59+01:00,6558,6137,42778,40658,58138,51743,58043,55916,68144,67407,76750,76344,54695,60286,37600,48644,11734,22365,5334,4966,37869,36358,53182,47250,54032,52065,64413,63802,74025,73708,53399,58837,36822,47535,11385,21626,619597,579065,79537,76713,105664,101681,39104,44,45
2021-11-08T23:59:59+01:00,6421,6025,42053,40008,57405,51148,57496,55479,67734,67028,76473,76076,54576,60196,37572,48603,11727,22351,5305,4944,37765,36259,53024,47132,53945,51985,64344,63716,73944,73651,53370,58803,36811,47519,11382,21621,614325,578266,79518,76701,105663,101681,38827,44,45
2021-11-07T23:59:59+01:00,6366,5989,41891,39872,57219,50995,57356,55370,67637,66955,76423,76027,54558,60176,37563,48599,11725,22347,5288,4929,37691,36188,52952,47051,53890,51942,64315,63666,73919,73628,53359,58791,36803,47514,11381,21614,613083,577700,79467,76679,105663,101680,38817,44,45
2021-11-06T23:59:59+01:00,6361,5980,41874,39854,57199,50982,57341,55360,67628,66946,76417,76024,54556,60176,37561,48599,11725,22346,5286,4929,37690,36186,52950,47048,53888,51940,64310,63665,73917,73626,53357,58789,36803,47513,11381,21614,612948,577675,79466,76678,105663,101680,38814,44,45
2021-11-05T23:59:59+01:00,6345,5960,41834,39825,57162,50932,57294,55330,67604,66928,76389,76011,54552,60170,37558,48597,11725,22344,5278,4924,37666,36178,52941,47037,53880,51933,64298,63653,73910,73617,53353,58787,36801,47509,11381,21614,612604,577568,79463,76675,105663,101680,38792,44,45
2021-11-04T23:59:59+01:00,6222,5817,41301,39342,56578,50473,56850,54967,67183,66605,76175,75872,54514,60122,37545,48566,11719,22336,5218,4861,37462,36040,52741,46890,53708,51802,64138,63534,73809,73548,53321,58762,36787,47490,11370,21609,608796,576421,79395,76649,105662,101679,38296,44,45
2021-11-03T23:59:59+01:00,6187,5772,41207,39276,56464,50378,56757,54886,67113,66539,76130,75829,54504,60103,37537,48550,11714,22331,5174,4827,37390,35978,52692,46842,53665,51746,64092,63491,73767,73511,53305,58737,36775,47471,11366,21601,607932,575795,79376,76644,105661,101676,38270,44,45
2021-11-02T23:59:59+01:00,6140,5723,41076,39165,56299,50259,56641,54780,66986,66461,76059,75769,54477,60079,37524,48538,11713,22321,5103,4755,37257,35826,52541,46686,53549,51626,64006,63391,73682,73425,53259,58694,36756,47438,11363,21591,606722,574380,79350,76609,105661,101676,38238,44,45
2021-11-01T23:59:59+01:00,6056,5645,40585,38797,55777,49911,56279,54526,66707,66259,75919,75678,54442,60051,37517,48531,11710,22313,5070,4714,37117,35711,52411,46594,53435,51542,63909,63329,73620,73380,53246,58681,36746,47423,11360,21584,603730,573640,79327,76568,105661,101674,37945,44,45
2021-10-31T23:59:59+01:00,6054,5645,40580,38791,55774,49908,56274,54522,66704,66256,75917,75676,54442,60051,37517,48531,11710,22313,5070,4714,37115,35708,52411,46593,53433,51541,63908,63329,73620,73380,53246,58681,36746,47423,11360,21584,603698,573633,79324,76568,105661,101674,37942,44,45
2021-10-30T23:59:59+02:00,6050,5643,40577,38791,55767,49905,56273,54520,66702,66255,75917,75674,54442,60051,37517,48531,11710,22313,5070,4714,37115,35708,52411,46592,53432,51540,63907,63328,73620,73380,53245,58681,36746,47423,11360,21584,603672,573628,79324,76568,105661,101674,37941,44,45
2021-10-29T23:59:59+02:00,6047,5637,40559,38775,55753,49887,56257,54511,66684,66248,75900,75669,54440,60048,37516,48530,11708,22313,5068,4711,37106,35696,52410,46587,53428,51535,63904,63322,73612,73372,53240,58680,36745,47420,11359,21583,603523,573558,79320,76565,105661,101672,37938,44,45
2021-10-28T23:59:59+02:00,5948,5537,40039,38419,55287,49556,55851,54210,66345,66021,75728,75562,54403,60019,37511,48510,11706,22303,5008,4664,36931,35578,52250,46472,53289,51427,63757,63241,73528,73325,53215,58654,36731,47402,11357,21576,600424,572593,79281,76544,105656,101671,37552,44,45
2021-10-27T23:59:59+02:00,5923,5516,39988,38360,55217,49501,55794,54159,66280,65993,75702,75543,54387,60007,37505,48498,11705,22297,4984,4638,36880,35538,52200,46437,53258,51391,63713,63190,73493,73299,53192,58634,36725,47391,11354,21564,599861,572095,79272,76532,105656,101665,37544,44,45
2021-10-26T23:59:59+02:00,5875,5481,39880,38266,55116,49398,55722,54093,66213,65926,75650,75503,54372,59991,37493,48482,11702,22293,4932,4595,36776,35396,52104,46352,53190,51309,63660,63129,73433,73245,53159,58613,36711,47366,11348,21550,598963,571111,79271,76524,105656,101664,37524,44,45
2021-10-25T23:59:59+02:00,5813,5413,39650,38033,54835,49196,55470,53932,65996,65783,75547,75425,54350,59961,37486,48472,11702,22290,4919,4586,36720,35335,52018,46298,53122,51269,63612,63089,73388,73214,53150,58597,36705,47361,11346,21547,597139,570799,79271,76522,105656,101664,37246,44,45
2021-10-24T23:59:59+02:00,5783,5384,39566,37949,54757,49119,55412,53894,65950,65756,75527,75406,54345,59952,37481,48469,11701,22286,4886,4570,36658,35273,51974,46253,53087,51228,63575,63060,73366,73182,53142,58584,36694,47353,11344,21545,596536,570318,79269,76515,105656,101662,37234,44,45
2021-10-23T23:59:59+02:00,5783,5384,39565,37949,54755,49119,55410,53891,65950,65756,75527,75406,54345,59951,37481,48469,11701,22286,4886,4570,36658,35272,51974,46253,53087,51226,63575,63060,73366,73182,53142,58584,36694,47353,11344,21545,596528,570316,79269,76515,105656,101662,37233,44,45
2021-10-22T23:59:59+02:00,5780,5379,39539,37931,54736,49106,55399,53884,65936,65743,75518,75399,54341,59948,37481,48467,11700,22286,4881,4561,36642,35258,51962,46234,53078,51215,63559,63053,73352,73173,53132,58577,36693,47350,11343,21543,596397,570166,79258,76514,105655,101660,37221,44,45
2021-10-21T23:59:59+02:00,5704,5300,39287,37736,54466,48918,55190,53732,65753,65622,75420,75344,54324,59931,37475,48457,11697,22280,4796,4489,36416,35052,51778,46076,52909,51084,63428,62932,73268,73114,53107,58541,36681,47332,11339,21537,594708,568691,79224,76477,105655,101659,37007,44,45
2021-10-20T23:59:59+02:00,5681,5286,39251,37710,54446,48897,55175,53704,65727,65597,75395,75326,54316,59920,37466,48442,11696,22273,4777,4469,36397,35022,51756,46044,52885,51054,63405,62910,73243,73087,53089,58518,36675,47319,11336,21530,594392,568344,79218,76467,105655,101659,37001,44,45
2021-10-19T23:59:59+02:00,5647,5256,39198,37675,54409,48857,55139,53674,65696,65565,75370,75300,54300,59900,37458,48427,11692,22270,4754,4447,36342,34975,51714,45990,52851,51015,63367,62876,73204,73047,53077,58494,36654,47304,11331,21520,593929,567805,79212,76463,105655,101654,36995,44,45
2021-10-18T23:59:59+02:00,5613,5228,39059,37544,54288,48761,55058,53592,65631,65526,75314,75266,54290,59884,37451,48413,11690,22269,4687,4386,36194,34831,51590,45868,52769,50924,63320,62813,73145,72999,53052,58459,36644,47287,11326,21514,593072,566768,79200,76433,105655,101654,36908,44,45
2021-10-17T23:59:59+02:00,5607,5221,39048,37533,54274,48745,55054,53582,65626,65515,75307,75262,54287,59880,37448,48411,11690,22264,4677,4375,36174,34802,51569,45844,52752,50902,63306,62796,73127,72985,53041,58447,36638,47280,11325,21505,592953,566516,79200,76427,105655,101653,36904,44,45
2021-10-16T23:59:59+02:00,5607,5221,39047,37533,54272,48744,55051,53580,65626,65515,75307,75262,54287,59880,37448,48411,11690,22264,4674,4372,36169,34798,51565,45841,52748,50898,63304,62792,73125,72984,53040,58446,36637,47279,11325,21503,592947,566474,79200,76427,105655,101653,36901,44,45
2021-10-15T23:59:59+02:00,5602,5218,39029,37520,54256,48733,55045,53575,65609,65509,75300,75250,54279,59878,37444,48404,11689,22264,4666,4370,36156,34796,51559,45834,52743,50892,63299,62785,73121,72978,53036,58442,36634,47278,11325,21502,592817,566410,79200,76425,105655,101646,36890,44,45
2021-10-14T23:59:59+02:00,5544,5160,38894,37401,54121,48632,54953,53493,65540,65425,75237,75195,54248,59857,37436,48387,11682,22249,4549,4254,35873,34468,51339,45609,52592,50719,63153,62639,73025,72900,52979,58395,36610,47247,11320,21493,591788,564315,79183,76386,105655,101633,36786,44,44
2021-10-13T23:59:59+02:00,5504,5126,38859,37358,54087,48596,54926,53458,65515,65400,75216,75168,54236,59845,37429,48379,11678,22245,4518,4227,35833,34427,51313,45568,52556,50683,63119,62603,72992,72870,52955,58379,36601,47224,11319,21482,591379,563880,79170,76349,105655,101617,36779,44,44
2021-10-12T23:59:59+02:00,5470,5103,38786,37313,54027,48527,54885,53410,65482,65366,75180,75129,54221,59828,37419,48363,11672,22235,4498,4202,35777,34374,51266,45513,52520,50647,63082,62561,72952,72823,52930,58350,36578,47200,11313,21469,590784,563286,79168,76344,105655,101614,36767,44,44
2021-10-11T23:59:59+02:00,5416,5051,38623,37180,53892,48412,54779,53326,65407,65304,75132,75100,54209,59809,37408,48352,11670,22231,4406,4121,35550,34158,51079,45325,52386,50513,62985,62447,72866,72759,52891,58312,36564,47172,11308,21456,589829,561694,79166,76342,105655,101609,36609,44,44
2021-10-10T23:59:59+02:00,5397,5041,38576,37141,53851,48371,54758,53295,65390,65285,75116,75080,54206,59804,37404,48349,11669,22225,4387,4114,35516,34137,51058,45298,52368,50496,62975,62435,72853,72745,52887,58303,36559,47162,11305,21452,589503,561472,79163,76334,105655,101605,36595,44,44
2021-10-09T23:59:59+02:00,5397,5040,38576,37141,53851,48371,54758,53295,65390,65285,75116,75080,54206,59804,37404,48349,11669,22225,4387,4114,35515,34137,51058,45298,52368,50496,62973,62435,72853,72745,52887,58303,36559,47162,11305,21452,589502,561471,79163,76333,105655,101604,36595,44,44
2021-10-08T23:59:59+02:00,5389,5027,38558,37122,53838,48356,54751,53291,65379,65276,75104,75071,54204,59801,37402,48344,11668,22224,4380,4105,35501,34118,51046,45283,52362,50485,62964,62428,72847,72739,52885,58301,36557,47158,11305,21450,589362,561353,79163,76331,105655,101603,36583,44,44
2021-10-07T23:59:59+02:00,5320,4942,38382,36969,53712,48231,54638,53189,65280,65186,75035,75022,54185,59764,37377,48320,11661,22210,4229,3936,35125,33769,50797,44972,52163,50217,62768,62232,72678,72581,52818,58231,36530,47108,11292,21425,588043,559118,79134,75563,105654,101596,36550,44,44
2021-10-06T23:59:59+02:00,5284,4914,38337,36928,53680,48194,54594,53151,65230,65151,75008,75000,54166,59750,37370,48304,11655,22201,4209,3919,35084,33733,50774,44943,52142,50194,62739,62217,72653,72564,52796,58201,36511,47088,11285,21413,587565,558737,79129,75562,105652,101593,36529,44,44
2021-10-05T23:59:59+02:00,5252,4889,38256,36854,53615,48131,54543,53086,65166,65094,74964,74953,54128,59722,37350,48273,11645,22168,4178,3890,35017,33663,50727,44880,52107,50150,62686,62179,72613,72524,52764,58163,36481,47035,11277,21390,586811,558054,79110,75561,105652,101591,36474,44,44
2021-10-04T23:59:59+02:00,5189,4831,38040,36684,53443,48013,54428,52983,65096,65024,74898,74905,54098,59688,37335,48255,11636,22153,4066,3754,34710,33314,50481,44635,51919,49973,62526,62027,72496,72425,52707,58102,36426,46979,11265,21371,585717,555790,79098,75560,105651,101591,36191,44,44
2021-10-03T23:59:59+02:00,5178,4817,38017,36660,53410,47978,54403,52969,65079,65006,74887,74892,54091,59675,37330,48242,11636,22148,4050,3750,34659,33278,50431,44591,51881,49925,62484,61988,72456,72393,52690,58078,36414,46963,11263,21363,585467,555308,79096,75560,105648,101580,36165,44,44
2021-10-02T23:59:59+02:00,5176,4808,38013,36653,53403,47974,54400,52967,65076,65005,74883,74889,54091,59674,37330,48242,11636,22148,4049,3750,34657,33276,50423,44589,51877,49925,62482,61988,72455,72392,52690,58077,36414,46963,11263,21363,585431,555299,79096,75559,105648,101580,36151,44,44
2021-10-01T23:59:59+02:00,5168,4791,37967,36625,53370,47948,54377,52942,65045,64990,74856,74872,54081,59669,37327,48239,11633,22146,4045,3747,34638,33264,50405,44581,51863,49911,62469,61980,72438,72380,52681,58071,36411,46961,11261,21361,585187,555215,79094,75557,105646,101574,36077,44,44
2021-09-30T23:59:59+02:00,5077,4728,37759,36422,53202,47786,54234,52814,64940,64871,74786,74814,54066,59639,37316,48222,11630,22139,3968,3672,34495,33113,50312,44454,51787,49797,62384,61887,72371,72321,52669,58041,36403,46936,11258,21351,583661,554634,79076,74948,105643,101569,36024,43,44
2021-09-29T23:59:59+02:00,5054,4707,37724,36381,53155,47738,54196,52767,64908,64833,74756,74786,54049,59616,37305,48211,11626,22127,3952,3655,34467,33077,50285,44428,51765,49776,62363,61857,72349,72301,52660,58032,36398,46926,11256,21343,583199,554346,79064,74944,105643,101564,35992,43,44
2021-09-28T23:59:59+02:00,5031,4683,37663,36324,53115,47688,54161,52725,64864,64790,74711,74751,54011,59580,37286,48189,11618,22116,3938,3639,34411,33039,50253,44400,51739,49754,62337,61837,72312,72271,52631,57994,36376,46899,11253,21331,582641,553954,79062,74938,105643,101559,35919,43,44
2021-09-27T23:59:59+02:00,4956,4623,37467,36146,52931,47522,54039,52615,64761,64683,74614,74672,53982,59552,37274,48171,11616,22105,3805,3480,33988,32651,49946,44076,51510,49505,62139,61651,72182,72145,52590,57934,36355,46868,11251,21321,581585,551439,79041,74937,105643,101558,35419,43,44
2021-09-26T23:59:59+02:00,4953,4617,37445,36116,52902,47504,54025,52599,64745,64673,74602,74662,53975,59541,37273,48168,11616,22100,3796,3473,33973,32644,49934,44061,51504,49496,62125,61645,72174,72138,52586,57926,36354,46863,11249,21317,581411,551327,79021,74929,105641,101556,35402,43,44
2021-09-25T23:59:59+02:00,4950,4614,37439,36112,52899,47500,54021,52596,64743,64669,74598,74660,53974,59538,37272,48167,11616,22099,3796,3472,33970,32644,49933,44061,51504,49495,62125,61644,72172,72138,52586,57925,36354,46863,11249,21317,581368,551321,79019,74929,105641,101556,35398,43,44
2021-09-24T23:59:59+02:00,4947,4611,37420,36098,52878,47487,54000,52584,64724,64658,74585,74650,53967,59535,37269,48163,11616,22095,3792,3466,33960,32629,49918,44052,51484,49480,62112,61638,72154,72129,52579,57918,36348,46856,11249,21315,581251,551215,79019,74927,105638,101555,35338,43,44
2021-09-23T23:59:59+02:00,4817,4491,37015,35679,52526,47154,53708,52311,64481,64441,74400,74520,53905,59479,37240,48119,11607,22075,3759,3424,33775,32459,49699,43899,51315,49376,61961,61533,72038,72053,52543,57893,36324,46835,11247,21307,578918,550544,78976,74905,105638,101552,34395,43,44
2021-09-22T23:59:59+02:00,4788,4468,36973,35623,52458,47077,53641,52251,64414,64388,74341,74468,53876,59456,37232,48102,11605,22070,3742,3412,33739,32416,49656,43842,51256,49325,61906,61493,71991,72020,52525,57875,36318,46824,11245,21306,578480,550286,78968,74902,105635,101551,34108,42,44
2021-09-21T23:59:59+02:00,4772,4445,36916,35574,52391,47012,53596,52201,64348,64337,74283,74414,53833,59424,37218,48076,11600,22061,3721,3398,33707,32364,49622,43795,51217,49280,61860,61455,71952,71979,52494,57851,36307,46806,11244,21299,577926,549918,78959,74900,105633,101546,33943,42,44
2021-09-20T23:59:59+02:00,4668,4381,36579,35270,52067,46703,53360,51978,64136,64147,74124,74301,53768,59370,37197,48041,11593,22055,3516,3210,33196,31931,49244,43459,50932,48976,61605,61244,71785,71827,52438,57786,36284,46761,11237,21289,576079,547209,78954,74895,105632,101540,33033,42,43
2021-09-19T23:59:59+02:00,4655,4376,36566,35259,52056,46695,53346,51966,64124,64142,74114,74290,53765,59364,37194,48038,11592,22055,3506,3202,33175,31914,49240,43449,50924,48964,61591,61233,71773,71817,52432,57782,36283,46759,11237,21286,575973,547086,78947,74891,105629,101539,33008,42,43
2021-09-18T23:59:59+02:00,4655,4376,36564,35258,52054,46694,53346,51965,64124,64142,74113,74290,53765,59364,37194,48038,11592,22055,3505,3202,33172,31914,49236,43447,50924,48964,61591,61233,71772,71817,52431,57782,36283,46759,11237,21286,575971,547080,78947,74891,105629,101539,33002,42,43
2021-09-17T23:59:59+02:00,4648,4363,36548,35234,52032,46676,53335,51946,64107,64133,74098,74271,53756,59357,37191,48033,11591,22054,3504,3198,33162,31897,49224,43437,50920,48955,61587,61229,71764,71805,52424,57780,36283,46758,11237,21284,575807,547027,78947,74891,105629,101537,32950,42,43
2021-09-16T23:59:59+02:00,4497,4212,36178,34871,51776,46376,53123,51681,63923,63948,73940,74121,53701,59297,37174,47998,11588,22042,3436,3157,33034,31791,49142,43330,50841,48873,61526,61174,71713,71772,52409,57766,36274,46746,11236,21280,573365,546191,78490,74811,105628,101532,32923,42,43
2021-09-15T23:59:59+02:00,4454,4174,36110,34797,51731,46323,53057,51625,63874,63899,73900,74078,53683,59276,37164,47988,11587,22036,3393,3125,32980,31741,49092,43278,50784,48823,61480,61130,71683,71741,52401,57745,36264,46737,11236,21274,572991,545855,78403,74796,105628,101519,32694,42,43
2021-09-14T23:59:59+02:00,4413,4134,36047,34743,51681,46252,53015,51574,63828,63853,73855,74036,53658,59257,37149,47969,11585,22032,3347,3097,32914,31670,49047,43229,50750,48777,61426,61092,71647,71700,52378,57721,36255,46723,11235,21271,572447,545300,78333,74790,105627,101512,32634,42,43
2021-09-13T23:59:59+02:00,4263,3955,35675,34309,51407,45934,52796,51340,63618,63643,73719,73910,53603,59187,37111,47935,11584,22024,3057,2845,32446,31198,48813,42979,50568,48576,61279,60909,71505,71589,52325,57662,36239,46687,11229,21261,569840,542306,77905,74711,105626,101506,32601,42,43
2021-09-12T23:59:59+02:00,4254,3945,35652,34293,51391,45911,52778,51323,63604,63626,73710,73900,53600,59181,37106,47934,11584,22023,3040,2837,32420,31180,48797,42961,50558,48568,61268,60894,71489,71577,52318,57654,36233,46685,11226,21261,569690,542150,77889,74703,105615,101491,32580,42,42
2021-09-11T23:59:59+02:00,4251,3942,35648,34289,51390,45909,52772,51316,63602,63621,73708,73894,53596,59176,37106,47932,11584,22023,3037,2836,32411,31176,48794,42958,50554,48564,61265,60890,71486,71574,52316,57652,36233,46683,11226,21261,569663,542129,77889,74703,105615,101491,32551,42,42
2021-09-10T23:59:59+02:00,4250,3941,35534,34188,51194,45756,52579,51174,63426,63506,73574,73804,53558,59137,37086,47914,11582,22018,3027,2826,32284,31064,48594,42793,50356,48427,61076,60767,71352,71480,52274,57609,36211,46662,11223,21256,569603,541975,77887,74700,105614,101489,31076,42,41
2021-09-09T23:59:59+02:00,4222,3902,35454,34120,51138,45685,52518,51086,63368,63448,73534,73766,53535,59109,37072,47895,11580,22014,2994,2795,32190,30996,48550,42744,50304,48386,61035,60733,71311,71447,52255,57595,36203,46647,11222,21252,568992,541492,77852,74693,105595,101467,30966,42,41
2021-09-08T23:59:59+02:00,4197,3882,35420,34078,51113,45654,52500,51060,63334,63415,73513,73743,53528,59094,37065,47884,11580,22011,2976,2779,32131,30966,48511,42718,50276,48355,60999,60705,71295,71427,52242,57582,36193,46636,11219,21234,568643,541116,77852,74692,105595,101455,30940,42,41
2021-09-07T23:59:59+02:00,4184,3868,35380,34034,51081,45623,52476,51034,63309,63391,73478,73714,53516,59078,37049,47870,11578,22005,2954,2761,32084,30917,48476,42682,50236,48318,60975,60675,71263,71399,52229,57566,36184,46623,11216,21230,568269,540698,77851,74690,105595,101447,30912,42,41
2021-09-06T23:59:59+02:00,4008,3684,34900,33563,50703,45232,52210,50732,63081,63151,73319,73563,53453,58997,37030,47830,11575,21996,2913,2706,31877,30734,48272,42525,50093,48177,60861,60556,71168,71310,52183,57520,36168,46604,11211,21217,565456,539839,77851,74688,105595,101443,30084,42,41
2021-09-05T23:59:59+02:00,4000,3672,34881,33548,50699,45224,52198,50724,63069,63141,73304,73558,53448,58989,37024,47823,11573,21992,2905,2696,31857,30715,48253,42510,50080,48169,60850,60546,71158,71305,52177,57508,36166,46599,11210,21215,565319,539701,77850,74686,105595,101429,30062,42,41
2021-09-04T23:59:59+02:00,4000,3672,34880,33548,50698,45224,52197,50723,63069,63141,73304,73558,53448,58989,37024,47823,11573,21992,2905,2696,31856,30713,48253,42510,50078,48167,60850,60546,71157,71305,52177,57508,36166,46599,11210,21215,565317,539697,77850,74684,105595,101429,30060,42,41
2021-09-03T23:59:59+02:00,3952,3625,34716,33414,50544,45099,52086,50605,62920,63018,73179,73458,53408,58941,37003,47802,11569,21989,2828,2607,31581,30521,48050,42341,49906,48000,60644,60374,71012,71159,52123,57451,36141,46576,11208,21211,565177,539564,77251,73437,105584,101416,29275,42,41
2021-09-02T23:59:59+02:00,3926,3595,34656,33366,50509,45058,52054,50572,62880,62978,73140,73431,53388,58929,36994,47784,11569,21983,2812,2582,31511,30460,48000,42293,49865,47956,60589,60322,70971,71132,52105,57436,36132,46568,11207,21206,564764,539172,77229,73433,105584,101307,29194,42,41
2021-09-01T23:59:59+02:00,3910,3581,34628,33333,50486,45031,52036,50550,62860,62945,73113,73413,53379,58920,36991,47776,11569,21982,2784,2563,31461,30421,47967,42266,49834,47931,60557,60298,70948,71101,52086,57417,36122,46561,11207,21203,564500,538825,77225,73427,105583,101280,29154,42,41
2021-08-31T23:59:59+02:00,3883,3568,34588,33285,50460,44995,52008,50518,62832,62913,73083,73381,53358,58898,36983,47763,11566,21982,2775,2551,31401,30388,47940,42241,49811,47913,60529,60282,70933,71074,52072,57407,36119,46554,11204,21197,564108,538548,77225,73423,105582,101271,29108,42,41
2021-08-30T23:59:59+02:00,3657,3358,34000,32767,50036,44614,51658,50172,62541,62651,72877,73203,53275,58812,36952,47716,11563,21974,2717,2492,31117,30124,47641,42007,49585,47743,60345,60150,70779,70970,52004,57361,36100,46523,11201,21190,561104,537451,77225,73420,105581,101261,27876,41,41
2021-08-29T23:59:59+02:00,3651,3350,33978,32747,50019,44605,51642,50153,62531,62637,72867,73187,53267,58807,36950,47709,11563,21972,2711,2491,31096,30103,47618,41980,49564,47726,60328,60133,70767,70958,52001,57352,36097,46522,11201,21188,560961,537329,77223,73418,105580,101217,27831,41,41
2021-08-28T23:59:59+02:00,3651,3350,33975,32747,50014,44604,51641,50151,62530,62634,72865,73186,53265,58805,36950,47709,11563,21972,2711,2488,31087,30094,47613,41978,49561,47723,60325,60129,70764,70956,52000,57348,36097,46522,11201,21188,560952,537293,77223,73417,105580,101217,27817,41,41
2021-08-27T23:59:59+02:00,3647,3344,33966,32728,50011,44600,51630,50144,62523,62629,72848,73180,53261,58802,36949,47708,11562,21971,2703,2485,31069,30076,47605,41968,49552,47714,60318,60121,70752,70955,51998,57347,36096,46521,11200,21188,560877,537215,77223,73415,105580,101214,27783,41,41
2021-08-26T23:59:59+02:00,3622,3316,33925,32676,49984,44564,51589,50095,62477,62605,72816,73150,53251,58792,36942,47706,11561,21967,2629,2391,30772,29807,47386,41756,49376,47558,60202,60020,70668,70884,51964,57314,36079,46497,11198,21184,560527,535390,77196,73409,105579,101149,27696,41,41
2021-08-25T23:59:59+02:00,3581,3292,33874,32631,49958,44518,51553,50066,62438,62570,72780,73126,53242,58774,36937,47691,11560,21966,2366,2170,30015,29105,46942,41343,49049,47266,59978,59795,70492,70733,51897,57238,36057,46462,11189,21176,560095,531053,77196,73406,105579,101126,27647,41,41
2021-08-24T23:59:59+02:00,3541,3269,33815,32572,49927,44476,51525,50018,62393,62521,72736,73079,53221,58749,36924,47678,11558,21958,2289,2106,29781,28882,46810,41211,48941,47159,59886,59701,70407,70634,51851,57191,36037,46450,11185,21173,559603,529614,77193,73400,105577,101092,27547,41,41
2021-08-23T23:59:59+02:00,3236,3002,33176,31950,49501,44077,51183,49712,62067,62224,72443,72847,53124,58660,36885,47615,11547,21949,2229,2053,29360,28489,46424,40913,48699,46947,59616,59491,70183,70487,51775,57120,36013,46407,11179,21167,556530,528163,77189,73397,105575,101087,25864,41,41
2021-08-22T23:59:59+02:00,3225,2994,33165,31944,49491,44067,51175,49706,62062,62217,72438,72845,53120,58657,36883,47613,11547,21948,2225,2050,29335,28471,46404,40904,48689,46936,59605,59483,70176,70483,51766,57116,36010,46404,11179,21167,556464,528062,77185,73388,105570,101073,25839,40,41
2021-08-21T23:59:59+02:00,3223,2994,33160,31942,49489,44066,51174,49703,62059,62216,72437,72844,53120,58657,36883,47613,11547,21948,2224,2048,29321,28459,46399,40900,48683,46932,59601,59483,70176,70482,51765,57116,36010,46404,11179,21167,556449,528022,77185,73381,105570,101073,25832,40,41
2021-08-20T23:59:59+02:00,3207,2983,33036,31847,49297,43929,51001,49594,61878,62087,72291,72762,53072,58615,36868,47595,11544,21944,2197,2034,28780,27960,45920,40530,48402,46722,59344,59298,69971,70357,51680,57058,35980,46376,11175,21160,556222,526321,77185,73206,105570,100841,24535,39,41
2021-08-19T23:59:59+02:00,3180,2960,32984,31807,49263,43893,50953,49555,61833,62049,72242,72723,53046,58595,36861,47580,11540,21937,2109,1952,27838,27106,45136,39928,47977,46362,59009,59024,69695,70136,51580,56969,35938,46328,11170,21155,555806,521948,77150,72232,105565,100749,24442,39,41
2021-08-18T23:59:59+02:00,3159,2941,32934,31763,49228,43858,50914,49519,61789,62012,72197,72696,53017,58578,36847,47566,11539,21932,2010,1854,26545,25807,44210,39055,47271,45622,58328,58440,69210,69680,51392,56749,35861,46235,11158,21138,555373,516420,77129,69024,105562,100693,24387,39,41
2021-08-17T23:59:59+02:00,3135,2918,32865,31699,49182,43790,50871,49484,61742,61966,72161,72655,52994,58554,36834,47554,11536,21927,1881,1744,25258,24416,43334,38365,46670,45141,57794,57998,68777,69354,51257,56565,35785,46156,11142,21124,554823,510803,77124,66939,105561,100657,24321,39,41
2021-08-16T23:59:59+02:00,3123,2897,32848,31680,49159,43767,50862,49466,61722,61948,72139,72640,52984,58546,36832,47543,11534,21923,1789,1659,23821,23026,42432,37522,46391,44847,57568,57736,68569,69195,51184,56479,35754,46112,11140,21110,554593,504441,77121,66906,105559,100644,24302,39,41
2021-08-15T23:59:59+02:00,3115,2885,32834,31662,49148,43761,50852,49455,61706,61932,72124,72628,52980,58537,36829,47543,11534,21923,1505,1402,21393,20573,41678,36980,46024,44472,57237,57437,68283,68938,51072,56377,35717,46056,11137,21100,554456,495700,77120,66727,105549,100628,24285,39,41
2021-08-14T23:59:59+02:00,3115,2884,32829,31659,49142,43759,50849,49453,61701,61929,72120,72621,52980,58537,36828,47543,11534,21923,1503,1394,21367,20546,41640,36948,46007,44457,57222,57425,68270,68927,51070,56374,35716,46055,11137,21099,554446,495507,77118,66726,105549,100628,24255,39,41
2021-08-13T23:59:59+02:00,3101,2867,32786,31630,49118,43746,50827,49436,61668,61898,72098,72601,52974,58530,36825,47538,11533,21920,1478,1369,21247,20459,41551,36850,45945,44405,57174,57385,68229,68894,51053,56362,35707,46047,11136,21097,554289,494913,77117,66723,105548,100607,24104,39,41
2021-08-12T23:59:59+02:00,3083,2837,32739,31581,49086,43704,50790,49407,61614,61871,72062,72566,52959,58511,36808,47529,11532,21917,1393,1309,20775,20147,40599,36038,45576,44075,56956,57206,68052,68730,50980,56279,35677,46003,11131,21090,553881,490675,77113,66719,105545,100562,24019,39,41
2021-08-11T23:59:59+02:00,3041,2806,32683,31536,49053,43670,50765,49383,61587,61840,72034,72538,52937,58485,36796,47520,11531,21910,1169,1129,19879,19264,39270,34849,44971,43496,56595,56878,67759,68456,50858,56142,35639,45944,11129,21077,553466,483250,77107,66714,105545,100540,23959,39,41
2021-08-10T23:59:59+02:00,3025,2787,32630,31491,49022,43640,50736,49350,61567,61799,71996,72493,52915,58469,36785,47497,11530,21905,923,885,18849,18299,37171,32981,44084,42619,56140,56478,67368,68109,50708,55989,35578,45848,11124,21057,553008,472995,77106,66712,105544,100521,23941,39,41
2021-08-09T23:59:59+02:00,3010,2780,32601,31467,48995,43620,50708,49331,61547,61782,71976,72472,52905,58460,36780,47487,11528,21904,493,474,17426,16887,34185,30561,43418,41986,55732,56115,67035,67782,50564,55840,35527,45798,11119,21039,552757,460808,77104,66708,105539,100509,23915,39,41
2021-08-08T23:59:59+02:00,3007,2780,32587,31454,48983,43613,50703,49325,61536,61774,71972,72471,52904,58457,36780,47484,11528,21903,490,471,17398,16857,34164,30546,43381,41956,55718,56102,67026,67777,50559,55835,35526,45795,11118,21038,552693,460624,77104,66702,105526,100490,23900,39,41
2021-08-07T23:59:59+02:00,3006,2775,32579,31443,48981,43605,50697,49324,61533,61771,71965,72469,52903,58455,36779,47484,11528,21903,487,467,17366,16824,34138,30526,43345,41925,55696,56084,67015,67770,50554,55833,35524,45795,11118,21037,552643,460386,77104,66699,105526,100489,23889,39,41
2021-08-06T23:59:59+02:00,2917,2683,32231,31215,48722,43411,50439,49094,61245,61566,71692,72302,52771,58352,36725,47432,11525,21894,479,465,17157,16680,33426,30043,42874,41556,55354,55857,66707,67592,50424,55739,35475,45759,11115,21030,552571,458704,75993,66409,105522,100486,22092,39,41
2021-08-05T23:59:59+02:00,2871,2644,32072,31096,48630,43323,50358,49039,61192,61521,71640,72261,52746,58333,36716,47415,11523,21892,451,432,16924,16428,31565,28608,41829,40601,55079,55511,66494,67419,50361,55662,35452,45720,11108,21021,551691,451887,75990,66335,105512,100361,22041,39,41
2021-08-04T23:59:59+02:00,2796,2568,31809,30904,48442,43186,50208,48928,61114,61444,71577,72205,52716,58293,36703,47400,11520,21887,425,409,16641,16180,31219,28384,40638,39526,54690,55179,66317,67267,50298,55580,35422,45692,11105,21014,550391,447567,75989,66316,105510,100288,21775,36,40
2021-08-03T23:59:59+02:00,2609,2387,31294,30438,48192,42939,50032,48736,60953,61273,71431,72058,52662,58221,36681,47371,11510,21873,375,345,16203,15732,30630,27856,38902,37905,53999,54533,65983,66955,50202,55451,35375,45640,11100,21004,547441,439882,75987,66309,105507,100269,21690,36,40
2021-08-02T23:59:59+02:00,2498,2292,30980,30153,47991,42756,49879,48608,60846,61167,71343,71976,52629,58189,36659,47352,11509,21870,333,312,15898,15461,30293,27502,36759,36080,53440,54018,65776,66780,50130,55366,35353,45612,11098,21000,545501,433033,75984,66304,105502,100159,21675,36,40
2021-08-01T23:59:59+02:00,2494,2289,30968,30144,47972,42743,49866,48599,60833,61157,71333,71970,52624,58180,36655,47352,11509,21870,320,302,15773,15336,30156,27386,34457,34226,53143,53765,65683,66711,50089,55326,35346,45593,11097,20998,545439,427585,75980,66299,105455,100134,21649,36,40
2021-07-31T23:59:59+02:00,2494,2289,30963,30140,47970,42741,49864,48599,60832,61157,71333,71968,52621,58177,36655,47352,11509,21869,319,302,15759,15324,30121,27359,34445,34219,53125,53757,65671,66706,50085,55321,35346,45592,11096,20997,545420,427432,75980,66298,105454,100130,21644,36,40
2021-07-30T23:59:59+02:00,2480,2284,30916,30094,47938,42720,49840,48575,60798,61127,71297,71950,52612,58166,36655,47352,11509,21867,317,297,15597,15020,29854,27045,34263,33971,52924,53463,65505,66503,50039,55275,35336,45580,11096,20995,545246,427059,75974,66288,105451,98219,21474,36,40
2021-07-29T23:59:59+02:00,2448,2264,30759,30000,47854,42659,49788,48508,60736,61086,71250,71904,52592,58147,36647,47336,11506,21862,294,275,15279,14738,29538,26824,32976,33023,52139,52850,65149,66235,49940,55182,35293,45523,11091,20987,544575,424346,75967,63547,105440,98074,21329,36,40
2021-07-28T23:59:59+02:00,2401,2227,30606,29890,47770,42591,49714,48434,60663,61007,71183,71847,52568,58109,36629,47317,11505,21857,264,255,14874,14361,29097,26509,32605,32692,51429,52236,64757,65909,49845,55079,35259,45466,11075,20968,543624,420196,75963,63492,105432,97688,21264,36,40
2021-07-27T23:59:59+02:00,2323,2154,30366,29623,47619,42412,49569,48296,60551,60883,71083,71759,52510,58049,36601,47278,11497,21849,188,165,14229,13706,28332,25880,31854,32038,50176,51140,64022,65342,49657,54872,35191,45351,11068,20948,541794,411849,75953,63466,105426,97590,21214,36,40
2021-07-26T23:59:59+02:00,2262,2099,30163,29392,47501,42283,49494,48212,60486,60819,71031,71713,52484,58017,36589,47265,11495,21840,151,138,13866,13331,27973,25589,31238,31624,48618,49765,63045,64514,49452,54666,35123,45270,11058,20935,540559,404119,75950,63460,105422,97558,21179,36,40
2021-07-25T23:59:59+02:00,2016,1897,29342,28717,47107,41966,49207,47925,60252,60594,70847,71555,52428,57942,36562,47223,11494,21832,148,136,13773,13270,27876,25524,31154,31556,48498,49701,62958,64463,49429,54648,35116,45261,11058,20934,536371,403479,75950,63452,105415,97397,21135,36,40
2021-07-24T23:59:59+02:00,1935,1829,29085,28486,46957,41860,49090,47824,60094,60476,70718,71475,52379,57912,36544,47203,11492,21832,147,130,13639,13153,27676,25388,30992,31426,48284,49532,62794,64369,49385,54618,35101,45244,11056,20932,535675,402861,75947,63449,105414,97396,20120,36,40
2021-07-23T23:59:59+02:00,1820,1709,28755,28160,46713,41704,48836,47611,59842,60290,70515,71348,52304,57841,36525,47167,11488,21823,137,122,13386,12919,27244,25069,30609,31118,47680,49045,62465,64130,49301,54552,35079,45201,11051,20923,534672,400434,75572,63395,105403,97393,18769,36,40
2021-07-22T23:59:59+02:00,1808,1702,28674,28080,46573,41564,48620,47399,59664,60146,70396,71219,52261,57804,36509,47150,11488,21823,119,117,13157,12656,26906,24736,30255,30798,45751,47482,61659,63429,49205,54450,35041,45157,11048,20913,534355,393721,74423,63244,105359,97166,18708,36,40
2021-07-21T23:59:59+02:00,1774,1660,28412,27873,46185,41226,48027,46843,59079,59666,69940,70830,52089,57644,36451,47093,11479,21810,104,107,12733,12207,26323,24193,29679,30230,42015,44236,60172,62156,49036,54269,34977,45075,11038,20886,533795,382058,71152,62726,105205,96718,17894,36,40
2021-07-20T23:59:59+02:00,1751,1645,28292,27737,46121,41169,47979,46804,59023,59618,69886,70784,52055,57616,36434,47068,11474,21803,88,80,12233,11672,25585,23503,29024,29479,38561,41242,58625,60691,48832,54046,34895,44982,11020,20866,533107,371642,71130,59346,105187,96596,17800,36,40
2021-07-19T23:59:59+02:00,1746,1644,28266,27697,46099,41157,47965,46792,59010,59602,69874,70782,52053,57612,36434,47064,11472,21803,87,78,12186,11639,25518,23468,28989,29445,38516,41209,58584,60664,48828,54038,34894,44979,11017,20865,532962,371315,71129,59330,105170,96543,17776,36,40
2021-07-18T23:59:59+02:00,1742,1637,28241,27672,46075,41147,47953,46783,59004,59593,69867,70774,52051,57611,36433,47063,11472,21802,87,77,12123,11613,25433,23426,28929,29412,38455,41182,58524,60622,48826,54034,34891,44978,11017,20865,532841,370976,71127,59299,105162,96424,17755,36,40
2021-07-17T23:59:59+02:00,1742,1635,28218,27658,46061,41135,47942,46778,58996,59587,69860,70770,52047,57607,36432,47063,11472,21802,85,75,12095,11599,25399,23390,28896,29393,38432,41164,58488,60598,48816,54026,34889,44978,11017,20865,532758,370725,71126,59295,105161,96420,17725,36,40
2021-07-16T23:59:59+02:00,1727,1614,27953,27465,45772,40970,47711,46609,58695,59385,69628,70629,51941,57536,36388,47027,11467,21800,85,72,11845,11404,25064,23150,28591,29164,38031,40889,57980,60175,48679,53913,34837,44928,11011,20861,532443,369518,71125,59291,105028,96144,15686,36,40
2021-07-15T23:59:59+02:00,1629,1501,27489,27080,45510,40736,47565,46496,58555,59272,69526,70543,51900,57494,36373,47004,11466,21793,77,65,11545,11173,24583,22811,28225,28894,37638,40608,55929,58127,48508,53711,34778,44844,11003,20850,530122,362566,71123,59198,105020,95933,15632,36,40
2021-07-14T23:59:59+02:00,1462,1369,26923,26541,45205,40446,47360,46311,58371,59075,69365,70397,51838,57435,36348,46974,11460,21788,71,57,11352,10978,24174,22454,27872,28575,37115,40206,54708,56946,48370,53560,34727,44780,10995,20828,526947,358845,71117,57528,105001,95787,15568,36,40
2021-07-13T23:59:59+02:00,1175,1064,25971,25646,44712,40035,47001,45990,58048,58790,69092,70151,51727,57309,36305,46919,11456,21773,59,42,11008,10636,23643,21901,27249,27987,35734,39016,50570,53037,48006,53172,34596,44631,10978,20799,521558,349557,71111,52321,104998,95684,15462,36,40
2021-07-12T23:59:59+02:00,711,667,24595,24393,44152,39550,46801,45775,57835,58596,68909,69979,51665,57218,36288,46893,11454,21765,51,39,10770,10527,23440,21762,26995,27851,35483,38846,50127,52616,47931,53086,34565,44595,10978,20793,515673,348085,71110,52293,104992,94600,15437,35,40
2021-07-11T23:59:59+02:00,708,662,24576,24372,44120,39530,46783,45762,57821,58583,68895,69976,51663,57215,36285,46889,11453,21765,49,39,10675,10438,23218,21636,26729,27752,35172,38764,49411,52129,46445,51495,34475,44487,10978,20791,515585,347571,71106,52245,104976,89470,15357,35,40
2021-07-10T23:59:59+02:00,706,657,24568,24366,44115,39521,46780,45759,57815,58582,68895,69975,51663,57215,36285,46889,11453,21765,46,38,10662,10427,23196,21615,26715,27741,35150,38759,49397,52124,46431,51479,34473,44486,10978,20791,515550,347462,71104,52244,104974,89415,15347,35,40
2021-07-09T23:59:59+02:00,699,647,24117,23906,43836,39281,46713,45699,57755,58541,68843,69950,51646,57202,36282,46881,11452,21764,46,38,10581,10256,23100,21426,26654,27531,35082,38542,49331,52020,46409,51454,34469,44483,10978,20790,513788,346224,71100,52231,104967,89370,15325,35,40
2021-07-08T23:59:59+02:00,633,581,23030,22904,43040,38683,46463,45497,57548,58398,68646,69811,51568,57136,36254,46858,11450,21756,41,33,10322,10066,22723,21171,26258,27265,34602,38227,48721,51496,46071,51087,34399,44405,10971,20768,509119,342636,71073,52078,104909,88751,15121,35,40
2021-07-07T23:59:59+02:00,581,535,21709,21516,42302,37997,46238,45275,57308,58206,68480,69651,51484,57053,36217,46804,11442,21742,34,29,9949,9757,21849,20578,25147,26472,32765,36857,47801,50609,45571,50549,34292,44265,10962,20750,503741,337694,70900,47695,104888,87831,14977,35,39
2021-07-06T23:59:59+02:00,524,472,20475,20236,41448,37353,45761,44923,56912,57900,68152,69394,51386,56927,36173,46753,11434,21733,26,24,9556,9377,20981,19982,24181,25813,31279,35662,46599,49405,44790,49764,34156,44090,10949,20730,499260,330346,68965,45594,104868,86556,14829,35,39
2021-07-05T23:59:59+02:00,487,444,19063,18862,40583,36550,45544,44696,56728,57697,67991,69267,51330,56871,36152,46724,11432,21726,24,20,9264,9121,20424,19596,23512,25390,30639,35234,45841,48787,44035,48973,34026,43901,10940,20718,493534,324555,68963,45572,104861,85523,14756,34,39
2021-07-04T23:59:59+02:00,480,438,17273,16860,40243,36322,45456,44621,56642,57628,67912,69199,51298,56845,36142,46703,11430,21724,24,20,9202,9068,20284,19533,23340,25312,30380,35156,45046,48657,42670,47620,33947,43827,10938,20712,488712,324094,68937,45527,104846,81389,14687,34,39
2021-07-03T23:59:59+02:00,480,436,17251,16829,40194,36275,45437,44604,56637,57623,67905,69192,51296,56842,36142,46703,11430,21723,23,20,9158,9024,20216,19464,23278,25246,30297,35076,44825,48481,42601,47544,33902,43768,10935,20712,488516,323128,68935,45526,104845,81208,14669,34,39
2021-07-02T23:59:59+02:00,460,413,17134,16719,39729,35892,45321,44504,56583,57582,67857,69161,51284,56837,36136,46691,11430,21722,23,18,8996,8852,19891,19181,22886,24867,29879,34660,44200,47834,42397,47315,33803,43632,10929,20708,487007,320116,68917,44492,104843,80771,14654,34,38
2021-07-01T23:59:59+02:00,408,373,16826,16435,37994,34561,44747,44005,56322,57372,67683,68992,51204,56746,36108,46653,11426,21714,18,13,8619,8453,19028,18469,21917,24012,28494,33468,41167,44860,41399,46231,33188,42905,10912,20679,481524,312610,68843,39609,104821,77228,14347,34,38
2021-06-30T23:59:59+02:00,360,328,16537,16188,35810,32739,44124,43376,56098,57177,67479,68800,51123,56654,36079,46599,11422,21698,17,12,8259,8119,18353,17841,21027,23179,27213,32201,36519,39986,40318,45083,32526,42116,10891,20652,474687,302097,68798,33578,104801,74328,14271,34,38
2021-06-29T23:59:59+02:00,320,291,16311,15987,34815,31656,43672,42931,55916,57013,67307,68651,51047,56581,36040,46555,11414,21691,15,9,7675,7512,17223,16912,19769,21962,25511,30521,33773,36856,37465,42034,31782,41223,10868,20614,470481,285879,68790,33528,104787,68174,14106,34,37
2021-06-28T23:59:59+02:00,311,269,16160,15827,33105,30248,43351,42637,55750,56872,67192,68543,51001,56529,36022,46534,11411,21679,14,7,7371,7254,16667,16535,19376,21647,25003,30133,33184,36355,36087,40543,30994,40288,10864,20603,466063,282829,68765,33475,104766,62771,13813,34,37
2021-06-27T23:59:59+02:00,311,269,16139,15801,32954,30161,43288,42610,55715,56863,67166,68535,50997,56525,36019,46533,11411,21678,13,7,7327,7225,16531,16468,19212,21585,24803,30059,32957,36215,34828,39269,29366,38365,10863,20602,465744,282658,68761,33436,104761,55889,13675,34,37
2021-06-26T23:59:59+02:00,309,267,16115,15773,32931,30143,43242,42566,55690,56847,67160,68532,50996,56523,36016,46532,11411,21678,12,7,7323,7212,16511,16457,19196,21574,24770,30036,32937,36195,34814,39255,29364,38362,10863,20602,465505,282459,68757,33436,104761,55884,13674,34,37
2021-06-25T23:59:59+02:00,302,265,16054,15722,32809,30042,43049,42406,55633,56801,67118,68508,50986,56512,36012,46531,11411,21678,12,7,7135,6934,16226,15949,18927,20918,24399,29103,32549,35472,34653,39037,29341,38331,10863,20602,464657,279769,68753,33425,104744,53576,13651,34,37
2021-06-24T23:59:59+02:00,281,252,15780,15516,32353,29751,41578,41162,55166,56445,66885,68347,50931,56456,35996,46503,11406,21668,11,7,6813,6700,15526,15502,17474,19896,22316,27542,31448,34575,34247,38609,29217,38149,10851,20587,460083,270044,68748,33372,104740,53146,12871,34,37
2021-06-23T23:59:59+02:00,265,235,15498,15222,31847,29350,39475,39339,54622,55901,66634,68127,50842,56347,35956,46457,11401,21655,10,5,6607,6534,15162,15226,16948,19447,21431,26740,29745,33208,33489,37754,29025,37908,10844,20572,453012,262212,68697,33280,104735,52431,12695,34,37
2021-06-22T23:59:59+02:00,243,200,15117,14829,31183,28718,36038,36292,53709,55097,66332,67822,50735,56225,35917,46400,11397,21641,7,4,6426,6320,14759,14896,16143,18727,20012,25424,28138,31552,32687,36778,28485,37302,10826,20540,442078,252087,68665,33195,104728,51317,12390,34,37
2021-06-21T23:59:59+02:00,228,194,14873,14651,30496,28254,33877,34327,53244,54671,66153,67704,50654,56151,35891,46378,11392,21636,7,4,6329,6236,14598,14776,15971,18589,19891,25311,28029,31464,32531,36638,27275,36066,10826,20537,435245,251398,68643,33146,104697,48342,12155,34,37
2021-06-20T23:59:59+02:00,221,193,14748,14561,28594,26913,33267,33878,53155,54575,66084,67667,50631,56123,35883,46374,11391,21634,6,4,5872,5937,13652,14135,15137,17996,19334,24953,27712,31261,32364,36457,27248,36035,10824,20533,430859,246375,68639,33111,104694,48270,11667,33,37
2021-06-19T23:59:59+02:00,215,188,14723,14528,28477,26828,33238,33851,53133,54559,66068,67656,50625,56114,35881,46369,11390,21632,6,4,5659,5777,13092,13727,14529,17517,19005,24751,27517,31090,32285,36357,27231,36021,10824,20533,430449,242852,68637,33107,104694,48267,11662,33,37
2021-06-18T23:59:59+02:00,213,179,14633,14444,28370,26758,31987,32948,52766,54252,65934,67562,50594,56080,35863,46343,11386,21628,6,4,5592,5699,12991,13642,14364,17391,18769,24522,26697,30422,32078,36120,27165,35945,10820,20526,429941,239900,65671,32993,104684,48212,11611,33,37
2021-06-17T23:59:59+02:00,199,163,14256,14179,27781,26505,31499,32687,51977,53685,65509,67296,50513,55979,35829,46302,11380,21615,5,4,5212,5441,12208,13167,13575,16779,17677,23592,24537,28459,31436,35383,26966,35668,10803,20511,426733,230877,65665,32716,104660,47529,10264,32,37
2021-06-16T23:59:59+02:00,170,135,13828,13772,27318,26149,31054,32331,51165,52983,65054,66906,50394,55859,35800,46245,11369,21603,5,4,4845,5003,11491,12498,12781,16084,16573,22469,21565,25592,30364,34174,26668,35264,10788,20470,421868,216819,65619,32687,104652,47132,9964,32,36
2021-06-15T23:59:59+02:00,107,82,13196,13146,26573,25571,30275,31737,49912,51918,64341,66381,50216,55661,35733,46133,11360,21584,5,4,4348,4376,10526,11561,11626,14705,14844,20766,18133,22285,28990,32736,26281,34742,10763,20426,414154,198195,65599,32569,104647,46823,9494,32,36
2021-06-14T23:59:59+02:00,77,61,12790,12772,26161,25246,29613,31270,48120,50448,63290,65548,50000,55435,35656,46057,11352,21572,5,4,4247,4320,10350,11428,11484,14573,14667,20643,17940,22125,28917,32655,26263,34714,10759,20423,406279,197750,65589,32297,104647,46513,8921,32,36
2021-06-13T23:59:59+02:00,76,60,12746,12729,26090,25210,29550,31244,48067,50423,63255,65524,49994,55432,35654,46053,11351,21569,5,4,4091,4241,10022,11297,11161,14462,14370,20530,17539,21781,27403,31011,26123,34519,10755,20412,406077,197000,65513,27621,104640,46304,8765,32,36
2021-06-12T23:59:59+02:00,76,59,12728,12712,26074,25200,29538,31232,48007,50352,63213,65489,49993,55429,35654,46053,11351,21569,5,4,4088,4232,10007,11280,11152,14447,14351,20513,17517,21772,27362,30966,26118,34514,10755,20412,405781,196812,65513,27619,104638,46263,8765,32,36
2021-06-11T23:59:59+02:00,74,56,12627,12585,25947,25085,29415,31106,47769,50125,63081,65370,49969,55403,35643,46042,11349,21567,5,4,3995,3960,9489,10091,10723,13537,14063,19956,17244,21295,26953,30542,26026,34432,10752,20410,404505,195766,65503,27614,104597,41485,8576,32,36
2021-06-10T23:59:59+02:00,66,49,12385,12365,25623,24800,29069,30837,46694,49109,62346,64800,49884,55307,35609,45990,11339,21554,5,3,3725,3594,8722,8846,9831,11895,12760,17193,15453,17686,25230,28619,25729,34125,10746,20386,399613,190235,65446,27175,104395,28763,8340,32,35
2021-06-09T23:59:59+02:00,52,37,12091,12041,25214,24394,28671,30444,44680,47285,61256,63862,49779,55183,35563,45936,11334,21536,5,3,3475,3469,8298,8594,9318,11575,12243,16800,14740,17086,21392,24296,25502,33823,10734,20360,391624,178639,65319,26826,104393,28224,7990,32,34
2021-06-08T23:59:59+02:00,46,26,11659,11501,24544,23771,28012,29779,41508,44440,59479,62226,49608,54991,35489,45845,11324,21514,5,3,3265,3333,7897,8339,8699,11202,11580,16381,14081,16439,16009,18334,25111,33298,10716,20330,378938,163428,65256,26493,104383,27918,7153,32,30
2021-06-07T23:59:59+02:00,41,19,11496,11304,24193,23494,27727,29571,38882,42513,59052,61864,49574,54960,35477,45824,11322,21508,5,3,3170,3262,7591,8167,8379,11025,11007,15929,13576,15960,15932,18254,25080,33247,10714,20323,373275,163107,64829,24668,104374,27508,6311,32,30
2021-06-06T23:59:59+02:00,38,18,11360,11199,23870,23263,27515,29399,37287,41329,58927,61786,49550,54931,35469,45810,11322,21506,5,3,3070,3210,7315,8078,8112,10856,10267,15247,12976,15338,15780,18142,25066,33224,10712,20323,372868,162990,61451,21502,104363,27338,5865,32,29
2021-06-05T23:59:59+02:00,36,17,11342,11179,23826,23223,27480,29372,37259,41315,58827,61701,49539,54924,35467,45808,11322,21503,5,3,3058,3198,7291,8044,8081,10838,10236,15232,12931,15314,15657,17977,25061,33216,10711,20322,372524,162550,61448,21501,104363,27322,5773,32,29
2021-06-04T23:59:59+02:00,36,15,11160,10920,23467,22758,27202,28977,36831,40867,58207,61161,49505,54883,35457,45790,11320,21497,5,2,3034,3183,7262,8026,8057,10820,10205,15208,12897,15280,15445,17769,25050,33195,10709,20321,370726,161962,59179,21488,104349,27224,5767,32,27
2021-06-03T23:59:59+02:00,34,14,10941,10702,23006,22368,26776,28643,35731,40040,55445,58812,49376,54724,35414,45726,11315,21482,5,2,2942,3104,7053,7871,7600,10523,9174,14575,11645,14573,14261,16297,24871,32977,10697,20302,366775,158596,54257,17753,104298,26910,5187,32,26
2021-06-02T23:59:59+02:00,34,14,10903,10665,22969,22335,26741,28617,35698,39999,55317,58654,49362,54699,35408,45719,11315,21481,5,2,2900,3074,6997,7850,7538,10488,9018,14534,11418,14509,12903,14809,24753,32804,10693,20295,366178,154761,54251,17742,104297,26888,5173,31,26
2021-06-01T23:59:59+02:00,21,7,10486,10316,22312,21824,26056,28037,34977,39419,52314,55506,48973,54291,35289,45556,11299,21455,5,2,2444,2716,5644,7170,6264,9913,7619,13862,10282,13546,8589,9238,24273,32123,10670,20242,355415,136551,54068,17372,104278,26307,4346,31,26
2021-05-31T23:59:59+02:00,20,6,10207,10086,21736,21430,25647,27788,34654,39216,50862,54108,48874,54167,35255,45516,11292,21447,5,2,2333,2597,5354,6928,6000,9692,7254,13622,10025,13385,8538,9176,24247,32074,10662,20229,350675,135776,54024,17251,104253,25742,3328,31,26
2021-05-30T23:59:59+02:00,19,6,10150,10037,21643,21390,25582,27754,34542,39146,50496,53766,48849,54143,35249,45510,11290,21444,5,2,2296,2567,5249,6850,5900,9624,7066,13534,9798,13288,8492,9126,24231,32067,10661,20224,349486,135181,54003,17077,104237,25437,3259,31,26
2021-05-29T23:59:59+02:00,18,6,10136,10025,21610,21371,25565,27741,34521,39133,50483,53748,48845,54139,35246,45509,11290,21444,5,2,2276,2515,5206,6723,5840,9494,6949,13336,9659,13066,8421,9034,24164,32000,10660,20223,349330,134899,54003,17025,104216,24373,3250,31,26
2021-05-28T23:59:59+02:00,18,6,10076,9955,21533,21259,25484,27620,34443,39033,50403,53650,48823,54121,35237,45501,11290,21440,5,2,2194,2249,4592,6188,5218,8776,6581,12373,9164,12071,8243,8835,23792,31519,10659,20220,348472,133398,53990,16928,104157,19087,3243,30,25
2021-05-27T23:59:59+02:00,17,6,9808,9708,21006,20883,24940,27259,33919,38655,49790,53040,48652,53930,35168,45427,11286,21420,3,2,1953,1983,4016,5669,4542,8174,6072,11603,8217,10746,7737,8174,22226,29366,10643,20198,344187,127727,53579,15795,104051,14710,3067,30,25
2021-05-26T23:59:59+02:00,17,6,9532,9460,20287,20318,24067,26588,32656,37629,49026,52335,48398,53641,35092,45316,11274,21396,3,1,1896,1910,3919,5542,4410,8009,5864,11342,7891,10362,7174,7448,19782,25932,10623,20154,339470,119220,50608,15542,103998,14544,2932,30,24
2021-05-25T23:59:59+02:00,16,6,9268,9224,19875,19962,23628,26196,32144,37111,48132,51356,48100,53322,35004,45174,11262,21367,3,1,1830,1860,3800,5443,4271,7861,5655,11118,7577,10039,6548,6606,15639,20536,10603,20096,333876,106980,50526,15499,103926,14194,2789,30,24
2021-05-24T23:59:59+02:00,15,6,9052,9065,19306,19670,22855,25808,30635,36097,47907,51185,48008,53222,34975,45144,11260,21366,3,1,1804,1842,3754,5411,4206,7819,5589,11058,7501,9982,6522,6581,15625,20527,10603,20096,332292,106859,46732,15485,103866,13901,2656,30,23
2021-05-23T23:59:59+02:00,15,6,8844,8858,18951,19379,22432,25460,30212,35776,47316,50672,47575,52767,34872,44998,11252,21357,3,1,1802,1841,3744,5407,4201,7813,5578,11050,7490,9973,6517,6570,15625,20525,10603,20096,327465,106798,46730,15483,103864,13882,2653,30,23
2021-05-22T23:59:59+02:00,15,6,8813,8821,18900,19336,22385,25428,30159,35745,47209,50602,47556,52744,34869,44989,11249,21357,3,1,1801,1837,3732,5395,4197,7807,5573,11044,7483,9969,6514,6568,15622,20524,10603,20096,326920,106762,46730,15483,103863,13861,2640,30,23
2021-05-21T23:59:59+02:00,14,6,8538,8466,18460,18823,22023,24783,29731,34936,46722,49935,47467,52619,34831,44946,11246,21352,3,1,1736,1796,3655,5356,4152,7771,5540,10997,7441,9920,6484,6542,15544,20427,10602,20095,321713,106443,46699,15482,103839,13497,2617,30,23
2021-05-20T23:59:59+02:00,13,6,7965,7922,17518,18030,21016,23868,28410,33733,44975,48110,47027,52157,34723,44790,11228,21333,3,1,1436,1633,3347,5069,3886,7384,5241,10518,7058,9467,6249,6284,14224,18879,10578,20056,310109,102673,46611,14997,103610,11156,2464,30,23
2021-05-19T23:59:59+02:00,13,6,7700,7608,16914,17428,20113,22990,27178,32472,43178,46021,46496,51601,34573,44567,11207,21301,3,1,1370,1547,3148,4855,3678,7130,5015,10166,6762,9137,5965,5950,12005,16019,10560,19995,298956,96414,46570,14521,103564,10103,2246,30,22
2021-05-18T23:59:59+02:00,12,6,7174,7070,15761,16406,18842,21742,25671,30842,40489,42788,45666,50654,34337,44263,11182,21259,3,1,1347,1521,3088,4784,3603,7009,4880,10034,6581,8925,5698,5672,10298,13839,10536,19941,283172,91263,45366,14470,103457,9865,2140,29,22
2021-05-17T23:59:59+02:00,12,6,7096,7007,15577,16295,18626,21574,25270,30514,38739,41150,45555,50574,34289,44198,11172,21235,3,1,1314,1498,3031,4737,3538,6950,4810,9930,6486,8824,5656,5632,10284,13821,10532,19933,282949,91190,40600,14189,103413,9681,1898,29,22
2021-05-16T23:59:59+02:00,11,5,6981,6954,15456,16207,18497,21467,25090,30399,35756,38381,45519,50539,34267,44174,11169,21230,3,1,1291,1479,2987,4697,3490,6892,4727,9860,6392,8745,5625,5595,10272,13805,10530,19930,282666,91142,34450,13923,103293,9570,1664,29,22
2021-05-15T23:59:59+02:00,11,5,6956,6924,15395,16149,18451,21425,25022,30354,35720,38340,45496,50512,34260,44169,11169,21230,3,1,1278,1454,2955,4626,3471,6823,4708,9779,6369,8694,5619,5591,10267,13804,10530,19930,282180,91085,34449,13919,103279,9225,1651,29,22
2021-05-14T23:59:59+02:00,11,4,6783,6553,15047,15654,18137,21006,24684,29893,35475,37990,45467,50481,34250,44164,11169,21228,3,1,1219,1394,2875,4523,3421,6720,4644,9628,6286,8564,5590,5546,10254,13794,10530,19929,281114,90998,34299,13898,100968,8418,1586,29,21
2021-05-13T23:59:59+02:00,11,4,6428,6226,14291,15073,17428,20372,23824,29150,34707,37319,45180,50137,34171,44041,11165,21217,3,1,1048,1309,2680,4410,3304,6599,4503,9456,6164,8419,5547,5508,10237,13777,10526,19924,274699,90840,33966,13817,100752,7439,1300,27,19
2021-05-12T23:59:59+02:00,11,4,6030,5954,13319,14402,16407,19569,23159,28713,34399,37035,44998,49941,34140,44010,11162,21214,3,1,1045,1307,2673,4403,3286,6595,4498,9446,6156,8414,5539,5502,10235,13772,10524,19923,268450,90778,33955,13805,100748,7434,1287,27,18
2021-05-11T23:59:59+02:00,11,4,5652,5729,12729,13951,14604,18127,20206,26188,32084,34707,43943,48681,33815,43538,11133,21164,3,0,983,1232,2555,4228,3176,6356,4380,9158,6039,8189,5467,5422,10193,13710,10516,19905,251156,90297,33676,13588,100302,6505,1105,27,17
2021-05-10T23:59:59+02:00,11,4,5502,5630,12457,13824,14250,17902,19403,25618,30709,33684,43412,48066,33757,43449,11125,21145,3,0,940,1173,2456,4063,3082,6155,4255,8895,5916,7990,5429,5389,10181,13693,10512,19896,245674,90184,33465,13528,99991,5508,791,27,17
2021-05-09T23:59:59+02:00,11,4,5099,5391,11271,13297,13249,17540,18376,25286,30164,33394,43356,47993,33731,43435,11122,21137,3,0,915,1142,2358,3956,2993,6017,4123,8719,5822,7886,5420,5375,10174,13688,10507,19892,240354,90137,33392,13486,99650,4918,433,27,16
2021-05-08T23:59:59+02:00,11,4,5087,5383,11249,13277,13223,17521,18346,25254,30123,33350,43348,47982,33730,43431,11122,21137,3,0,911,1135,2345,3949,2988,6017,4119,8713,5819,7883,5417,5372,10171,13683,10507,19892,240084,90111,33390,13486,99649,4883,428,27,16
2021-05-07T23:59:59+02:00,11,4,4986,5300,11020,13109,12937,17300,17739,24654,29173,32456,43154,47741,33674,43359,11118,21131,3,0,881,1104,2311,3894,2945,5968,4066,8659,5735,7830,5370,5324,10158,13674,10507,19891,237579,89975,31501,13482,99541,4628,219,26,16
2021-05-06T23:59:59+02:00,11,4,4573,5015,10350,12692,12178,16633,16142,23210,26625,30063,42453,46992,33507,43122,11102,21110,3,0,822,1048,2177,3647,2776,5658,3871,8185,5536,7507,5318,5270,10135,13646,10505,19885,228810,89790,28159,13168,98726,2954,61,26,16
2021-05-05T23:59:59+02:00,11,4,4264,4785,9749,12247,11458,16050,15041,22182,23772,27301,41471,45886,33224,42735,11084,21068,3,0,806,1024,2114,3522,2718,5502,3777,7974,5440,7371,5269,5215,10098,13607,10503,19882,215775,89524,27976,13030,98505,2204,51,25,16
2021-05-04T23:59:59+02:00,11,4,3915,4333,9083,11556,10686,15210,13737,20929,20167,23893,40123,44425,32850,42211,11061,21029,3,0,788,993,2046,3406,2647,5367,3684,7821,5343,7247,5230,5169,10068,13578,10501,19879,198720,89300,27958,12731,98477,1679,44,24,16
2021-05-03T23:59:59+02:00,11,4,3672,3915,8675,11063,10205,14585,13203,20274,19443,23244,39857,44173,32771,42107,11058,21014,3,0,774,963,1979,3305,2588,5259,3624,7706,5291,7160,5214,5156,10052,13560,10498,19874,192864,89156,27946,12720,98413,1087,27,24,16
2021-05-02T23:59:59+02:00,11,4,3670,3913,8654,11054,10195,14575,13182,20262,19425,23234,39854,44172,32770,42106,11057,21014,3,0,770,947,1948,3224,2541,5163,3577,7581,5271,7096,5210,5152,10051,13556,10498,19872,192768,89138,27932,12688,98406,597,22,24,15
2021-05-01T23:59:59+02:00,11,4,3667,3905,8641,11040,10186,14564,13174,20260,19412,23225,39854,44170,32769,42106,11057,21014,3,0,769,947,1947,3224,2540,5163,3577,7581,5271,7096,5210,5152,10051,13556,10497,19872,192678,89137,27930,12686,98406,597,21,24,15
2021-04-30T23:59:59+02:00,11,3,3644,3880,8596,11005,10142,14525,13112,20221,19310,23072,39585,43847,32748,42085,11056,21014,3,0,764,942,1932,3216,2539,5155,3574,7574,5269,7089,5207,5149,10047,13555,10497,19872,191751,89110,27661,12683,98400,556,20,24,15
2021-04-29T23:59:59+02:00,11,3,3374,3706,8159,10733,9594,14240,12613,19856,18573,22341,36521,40396,32486,41719,11045,20978,3,0,751,928,1883,3155,2490,5089,3508,7434,5178,6989,5167,5114,10024,13512,10495,19866,186191,88903,21824,12527,98292,123,18,23,15
2021-04-28T23:59:59+02:00,11,3,3207,3640,7892,10622,9198,14065,12233,19621,18088,21906,32734,36079,32268,41417,11032,20956,3,0,734,912,1857,3116,2445,5041,3470,7377,5113,6925,5101,5052,9972,13453,10492,19856,175019,88690,21670,12087,98247,115,13,23,14
2021-04-27T23:59:59+02:00,10,3,3126,3574,7632,10493,8846,13891,11749,19396,17608,21414,27165,29884,31892,40910,11011,20923,3,0,724,898,1825,3079,2409,4995,3416,7318,5058,6849,5051,4982,9937,13400,10488,19847,159660,88476,21648,11665,98183,112,13,23,13
2021-04-26T23:59:59+02:00,10,3,3069,3538,7488,10429,8678,13831,11518,19330,17083,21027,27129,29850,31878,40895,11011,20923,3,0,701,866,1757,3020,2340,4940,3347,7227,4960,6744,4951,4907,9859,13316,10486,19844,159074,88343,21430,10788,97151,111,13,22,13
2021-04-25T23:59:59+02:00,10,3,3032,3521,7328,10378,8442,13781,11186,19287,16249,20557,25575,28186,31824,40831,11011,20920,3,0,701,865,1751,3015,2333,4937,3341,7219,4956,6735,4947,4902,9851,13305,10486,19844,158587,88320,21421,10750,92078,95,13,22,13
2021-04-24T23:59:59+02:00,10,3,3028,3515,7313,10363,8430,13773,11172,19277,16227,20539,25529,28123,31821,40825,11010,20919,3,0,701,865,1751,3014,2333,4937,3340,7219,4956,6735,4947,4901,9849,13304,10486,19844,158375,88314,21417,10750,92050,95,13,22,13
2021-04-23T23:59:59+02:00,10,3,3011,3498,7273,10319,8383,13731,11105,19218,16166,20474,25108,27618,31788,40769,11007,20916,3,0,691,857,1733,3005,2317,4908,3289,7181,4856,6638,4807,4778,9677,13105,10480,19829,157185,88020,21280,10015,91897,94,13,22,12
2021-04-22T23:59:59+02:00,9,3,2930,3419,7079,10133,7844,13324,9895,18420,14609,19425,23090,25183,31575,40499,10988,20886,3,0,626,807,1619,2893,2190,4742,3129,7008,4672,6437,4650,4604,9165,12447,10443,19750,152367,86099,15980,8986,90932,75,13,19,12
2021-04-21T23:59:59+02:00,9,3,2878,3371,6956,10046,7634,13168,9527,18179,14138,18978,20575,22048,31275,40110,10969,20860,3,0,577,782,1539,2814,2103,4651,3002,6865,4509,6273,4466,4424,8593,11678,10397,19657,145362,84293,15207,7948,90123,67,13,19,12
2021-04-20T23:59:59+02:00,9,3,2838,3332,6849,9957,7497,13057,9275,17961,13645,18586,17183,17983,30961,39636,10952,20826,3,0,547,747,1467,2750,2017,4570,2899,6743,4374,6112,4277,4228,7723,10458,10327,19506,136505,81350,14963,7313,89050,62,13,19,10
2021-04-19T23:59:59+02:00,9,3,2823,3323,6802,9917,7444,13021,9199,17887,13507,18468,16849,17601,30927,39600,10950,20821,3,0,488,707,1346,2654,1917,4472,2764,6584,4176,5921,4022,3927,5869,8013,10108,19101,136182,75466,14766,6526,88171,58,13,19,9
2021-04-18T23:59:59+02:00,9,3,2807,3309,6724,9891,7339,12970,9001,17820,12669,18338,15435,16193,30859,39538,10946,20814,3,0,482,701,1335,2646,1902,4461,2731,6555,4115,5871,3946,3856,5456,7381,10060,19017,135960,73964,14623,6478,84050,54,13,19,9
2021-04-17T23:59:59+02:00,9,3,2797,3305,6707,9868,7309,12949,8969,17781,12636,18318,15383,16143,30805,39466,10945,20814,3,0,482,698,1335,2644,1901,4457,2727,6550,4112,5867,3945,3854,5451,7380,10059,19016,135606,73927,14622,6478,83947,54,13,19,9
2021-04-16T23:59:59+02:00,9,3,2784,3291,6673,9853,7256,12910,8894,17729,12528,18214,15135,15861,30286,38817,10942,20806,3,0,481,695,1330,2639,1892,4455,2721,6544,4104,5859,3939,3848,5434,7351,10057,19014,134075,73825,14614,6467,83271,52,13,18,9
2021-04-15T23:59:59+02:00,9,3,2730,3236,6541,9755,7066,12731,8551,17456,12051,17748,14075,14639,28161,36007,10923,20783,3,0,472,689,1326,2613,1878,4431,2698,6516,4061,5806,3882,3774,5401,7297,10049,19001,128139,73504,14338,6329,79958,43,12,18,9
2021-04-14T23:59:59+02:00,8,1,2674,3184,6447,9660,6920,12571,8277,17188,11618,17286,12892,13256,23439,29926,10902,20727,3,0,468,682,1312,2603,1865,4412,2676,6491,4019,5768,3834,3722,5339,7241,10018,18963,115737,73200,14303,6173,76907,23,12,17,8
2021-04-13T23:59:59+02:00,8,1,2623,3148,6319,9575,6767,12436,7999,16937,11192,16861,10227,10331,20348,25751,10879,20683,3,0,451,658,1265,2560,1814,4349,2568,6390,3837,5605,3622,3537,5189,7102,10009,18940,107285,72850,14108,5010,70663,19,12,17,8
2021-04-12T23:59:59+02:00,8,1,2602,3134,6259,9546,6660,12350,7806,16808,10943,16651,8863,8836,19525,24775,10877,20674,3,0,445,650,1245,2543,1797,4324,2534,6350,3787,5553,3558,3489,5154,7061,10004,18918,107155,72710,14053,4669,65081,16,12,17,8
2021-04-11T23:59:59+02:00,8,1,2575,3124,6163,9520,6544,12313,7641,16757,10744,16549,7587,7558,17794,22797,10875,20671,3,0,445,650,1244,2541,1797,4323,2534,6350,3783,5548,3553,3488,5148,7059,10004,18918,107085,72698,14046,4657,58062,14,11,17,8
2021-04-10T23:59:59+02:00,8,1,2574,3122,6154,9515,6535,12308,7635,16752,10737,16541,7578,7546,17784,22790,10875,20671,3,0,445,646,1241,2538,1796,4320,2532,6346,3780,5547,3544,3474,5140,7044,10004,18918,107000,72636,14046,4650,58053,14,10,17,8
2021-04-09T23:59:59+02:00,8,1,2512,3024,6019,9308,6380,12046,7377,16345,10424,16045,7420,7341,17667,22611,10874,20669,3,0,440,641,1223,2525,1770,4302,2499,6296,3701,5465,3426,3364,4998,6948,9999,18916,106524,72546,14016,3940,55504,12,10,17,8
2021-04-08T23:59:59+02:00,8,1,2433,2952,5924,9188,6277,11916,7206,16160,10168,15856,7222,7081,16398,21149,10863,20638,3,0,433,635,1207,2491,1744,4265,2471,6224,3647,5399,3348,3317,4917,6843,9977,18870,102858,72093,13662,3669,54893,11,10,17,8
2021-04-07T23:59:59+02:00,8,1,2406,2916,5851,9116,6184,11841,7073,16060,9925,15705,6923,6754,14070,18198,10842,20591,3,0,427,633,1196,2478,1731,4241,2457,6184,3579,5340,3276,3264,4858,6781,9968,18840,96684,71806,13501,3422,54254,10,10,15,8
2021-04-06T23:59:59+02:00,8,1,2389,2886,5754,9049,6094,11761,6919,15947,9685,15523,6566,6390,11958,15579,10815,20532,3,0,423,626,1188,2451,1720,4218,2431,6146,3514,5276,3190,3214,4812,6728,9962,18822,91625,71560,13201,3138,53007,10,8,15,8
2021-04-05T23:59:59+02:00,8,1,2381,2876,5735,9032,6083,11742,6905,15927,9665,15497,6440,6290,10680,14283,10814,20531,3,0,419,619,1184,2436,1714,4202,2415,6114,3481,5235,3161,3176,4791,6683,9955,18804,91541,71367,13164,3001,50163,9,7,15,8
2021-04-04T23:59:59+02:00,8,1,2381,2876,5732,9028,6081,11742,6903,15927,9663,15496,6435,6285,10680,14281,10814,20531,3,0,419,618,1184,2435,1714,4202,2414,6114,3481,5235,3160,3176,4788,6683,9954,18803,91532,71359,13161,3000,50150,9,7,14,8
2021-04-03T23:59:59+02:00,8,1,2378,2869,5725,9020,6075,11737,6899,15923,9660,15493,6432,6280,10673,14278,10814,20531,3,0,419,618,1184,2435,1714,4202,2414,6114,3481,5234,3160,3176,4788,6683,9954,18803,91473,71358,13159,3000,50143,9,7,14,8
2021-04-02T23:59:59+02:00,8,1,2375,2867,5720,9013,6073,11734,6895,15922,9656,15491,6428,6273,10658,14249,10813,20530,3,0,417,616,1183,2435,1713,4201,2412,6114,3480,5227,3135,3159,4778,6674,9954,18803,91388,71281,13156,2999,50142,9,7,13,8
2021-04-01T23:59:59+02:00,8,1,2354,2864,5689,8983,6030,11691,6853,15867,9601,15435,6334,6176,10362,13900,10790,20481,3,0,415,600,1180,2429,1706,4190,2396,6097,3453,5206,3069,3110,4715,6598,9876,18685,90396,70709,13133,2996,49871,9,6,13,8
2021-03-31T23:59:59+02:00,8,1,2321,2837,5614,8915,5961,11596,6751,15755,9467,15301,6191,6033,9810,13151,10743,20387,3,0,410,594,1174,2417,1700,4174,2389,6084,3433,5172,3037,3077,4665,6539,9818,18583,88404,70255,12917,2994,49504,9,4,13,7
2021-03-30T23:59:59+02:00,8,1,2301,2819,5567,8856,5898,11520,6677,15656,9370,15158,6003,5818,8897,11803,10665,20203,3,0,408,589,1170,2413,1687,4157,2370,6062,3399,5128,2979,3008,4574,6441,9686,18341,85304,69546,12537,2852,49365,9,3,11,5
2021-03-29T23:59:59+02:00,7,1,2234,2764,5465,8743,5788,11373,6509,15425,9134,14903,5644,5443,6945,9268,10438,19773,3,0,400,586,1159,2402,1673,4145,2345,6035,3369,5072,2909,2941,4451,6335,9478,18000,79181,68573,11729,2713,48934,9,3,10,5
2021-03-28T23:59:59+02:00,7,1,2212,2751,5421,8682,5713,11295,6421,15339,9016,14783,5518,5290,6297,8329,10371,19655,3,0,390,578,1143,2386,1646,4118,2298,5975,3313,4982,2825,2861,4337,6196,9402,17860,76866,68114,11470,2187,48752,5,3,10,4
2021-03-27T23:59:59+01:00,7,1,2211,2744,5413,8676,5709,11280,6406,15317,9005,14771,5490,5263,6286,8325,10371,19653,3,0,390,578,1141,2385,1645,4113,2294,5972,3304,4975,2819,2858,4321,6171,9320,17711,76758,67802,11470,2186,48687,5,3,10,4
2021-03-26T23:59:59+01:00,7,1,2194,2723,5376,8637,5670,11230,6329,15247,8855,14621,5325,5114,6116,8143,10368,19644,3,0,386,570,1133,2372,1629,4084,2266,5936,3270,4921,2758,2794,4132,5911,8603,16512,76411,65120,10633,2148,48543,5,3,10,4
2021-03-25T23:59:59+01:00,7,0,2077,2643,5199,8422,5469,10953,6121,14942,8614,14332,5161,4961,6019,8021,10365,19636,3,0,377,555,1113,2346,1606,4054,2220,5878,3195,4842,2659,2687,3754,5416,7440,14738,75952,60945,9678,1928,47300,4,2,10,4
2021-03-24T23:59:59+01:00,7,0,1992,2595,5048,8261,5308,10759,5955,14703,8407,14101,5021,4802,5905,7903,10359,19625,3,0,373,543,1100,2318,1573,3999,2161,5812,3106,4742,2522,2573,3322,4798,6020,12488,75571,55866,8514,1577,46654,4,2,10,4
2021-03-23T23:59:59+01:00,7,0,1915,2544,4937,8138,5207,10618,5834,14511,8289,13932,4938,4718,5838,7843,10352,19606,3,0,362,517,1081,2283,1540,3941,2117,5722,3024,4650,2433,2479,2868,4153,4067,9202,75175,49005,7767,1428,46273,3,2,10,4
2021-03-22T23:59:59+01:00,7,0,1853,2480,4799,8003,5073,10441,5674,14278,8097,13719,4831,4603,5768,7735,10335,19565,2,0,335,500,1053,2245,1495,3867,2051,5612,2922,4498,2316,2326,2335,3454,1464,4939,74671,40220,6729,1187,45850,1,2,9,4
2021-03-21T23:59:59+01:00,7,0,1851,2474,4788,7989,5059,10430,5658,14261,8067,13694,4809,4588,5751,7723,10330,19564,2,0,334,500,1048,2231,1486,3838,2033,5574,2897,4448,2275,2277,2293,3413,1447,4893,74646,40078,6677,904,45709,1,2,9,4
2021-03-20T23:59:59+01:00,7,0,1851,2474,4786,7988,5058,10428,5657,14260,8059,13688,4808,4587,5743,7714,10330,19564,2,0,334,499,1048,2231,1486,3838,2033,5574,2895,4447,2274,2274,2293,3413,1446,4893,74632,40074,6677,899,45682,1,2,9,4
2021-03-19T23:59:59+01:00,7,0,1799,2229,4277,6708,4650,9446,5388,13702,7838,13286,4681,4487,5673,7647,10329,19564,2,0,333,499,1048,2231,1486,3838,2032,5573,2894,4447,2272,2273,2287,3406,1444,4891,74569,40057,6666,892,40465,1,2,9,4
2021-03-18T23:59:59+01:00,7,0,1744,1976,3863,5652,4121,8070,4572,11160,6477,9953,4312,4185,5468,7423,10308,19526,2,0,332,496,1041,2218,1478,3813,2005,5534,2869,4423,2251,2257,2262,3377,1439,4882,74133,39864,6602,808,28072,1,2,8,4
2021-03-17T23:59:59+01:00,7,0,1738,1967,3851,5626,4104,8040,4548,11095,6426,9879,4273,4138,5425,7377,10300,19498,1,0,329,495,1037,2210,1472,3804,1998,5519,2859,4396,2224,2228,2240,3362,1432,4866,73862,39706,6538,759,27882,1,2,8,4
2021-03-16T23:59:59+01:00,7,0,1714,1934,3791,5544,4034,7934,4420,10933,6218,9681,4049,3948,5282,7218,10293,19474,1,0,326,491,1036,2191,1467,3791,1989,5503,2850,4376,2214,2213,2227,3332,1423,4835,73549,39529,5260,729,27655,1,2,8,4
2021-03-15T23:59:59+01:00,7,0,1704,1914,3767,5507,4008,7896,4369,10864,6139,9595,3962,3881,5225,7156,10284,19447,1,0,323,487,1027,2175,1459,3785,1973,5467,2832,4348,2199,2181,2202,3267,1412,4796,73316,39308,4892,621,27509,1,0,8,4
2021-03-14T23:59:59+01:00,7,0,1698,1904,3758,5497,4003,7879,4360,10833,6130,9572,3954,3870,5219,7148,10283,19445,1,0,323,487,1025,2175,1454,3782,1970,5465,2814,4342,2193,2178,2191,3256,1407,4794,73280,39300,4874,552,27398,1,0,8,4
2021-03-13T23:59:59+01:00,7,0,1694,1898,3743,5474,3996,7869,4340,10822,6116,9556,3951,3867,5216,7145,10283,19445,1,0,323,487,1025,2175,1454,3782,1970,5464,2814,4341,2192,2177,2191,3254,1398,4789,73255,39280,4869,552,27290,1,0,8,4
2021-03-12T23:59:59+01:00,6,0,1657,1840,3234,5328,3480,7752,4206,10697,5890,9265,3781,3720,5073,7032,10257,19397,1,0,318,465,1021,2145,1446,3757,1951,5393,2761,4257,2012,2023,2131,3205,1391,4783,73034,38512,4134,544,25439,0,0,8,4
2021-03-11T23:59:59+01:00,6,0,1550,1701,2851,5068,3042,7495,3925,10282,5257,8373,3553,3545,4964,6911,10217,19341,1,0,317,464,1018,2132,1443,3737,1944,5374,2752,4240,2005,2015,2116,3188,1386,4763,72449,38387,3868,504,21757,0,0,7,4
2021-03-10T23:59:59+01:00,6,0,1518,1667,2812,5023,3004,7436,3868,10194,5147,8256,3427,3439,4846,6797,10169,19274,1,0,315,463,1017,2129,1439,3726,1940,5360,2740,4220,1986,2007,2089,3155,1376,4748,72029,38300,3536,407,21311,0,0,7,4
2021-03-09T23:59:59+01:00,6,0,1508,1651,2775,4995,2982,7392,3829,10134,5065,8177,3326,3352,4763,6708,10060,19062,1,0,312,462,1013,2122,1432,3713,1914,5338,2698,4190,1943,1982,2035,3126,1364,4738,71422,38269,3264,110,21092,0,0,7,4
2021-03-08T23:59:59+01:00,6,0,1492,1636,2746,4966,2953,7361,3806,10086,5041,8115,3284,3312,4686,6644,9879,18758,1,0,311,462,1011,2118,1424,3697,1897,5304,2679,4162,1924,1963,2008,3103,1357,4719,70616,38118,3255,18,20893,0,0,7,4
2021-03-07T23:59:59+01:00,6,0,1479,1625,2716,4923,2918,7313,3770,10025,4999,8056,3249,3278,4620,6542,9801,18612,1,0,311,461,1010,2117,1423,3691,1894,5294,2678,4157,1920,1960,2004,3099,1353,4710,70074,38063,3201,16,20651,0,0,6,4
2021-03-06T23:59:59+01:00,6,0,1478,1624,2711,4911,2915,7304,3762,10018,4981,8040,3239,3268,4597,6503,9710,18440,1,0,311,461,1008,2114,1423,3689,1888,5285,2676,4155,1915,1952,1998,3097,1352,4707,69678,38013,3201,16,20622,0,0,6,3
2021-03-05T23:59:59+01:00,6,0,1405,1548,2612,4750,2858,7145,3677,9811,4881,7844,3189,3208,4377,6213,8990,17230,1,0,311,461,1006,2112,1419,3684,1886,5284,2673,4149,1907,1948,1993,3094,1347,4703,66986,37959,3198,16,19554,0,0,6,3
2021-03-04T23:59:59+01:00,6,0,1233,1442,2446,4551,2689,6874,3509,9468,4623,7503,3073,3082,4012,5754,7796,15386,1,0,309,453,997,2088,1403,3644,1858,5231,2645,4101,1879,1923,1960,3039,1319,4657,62721,37488,3195,16,17525,0,0,6,3
2021-03-03T23:59:59+01:00,6,0,1199,1388,2370,4443,2628,6751,3423,9301,4525,7360,2986,3012,3629,5148,6376,13151,1,0,305,444,986,2065,1391,3616,1844,5181,2590,4046,1829,1887,1932,3006,1303,4628,57572,37035,3167,16,16952,0,0,5,3
2021-03-02T23:59:59+01:00,6,0,1166,1349,2309,4384,2579,6659,3341,9177,4388,7211,2871,2887,3140,4477,4326,9741,1,0,300,435,981,2038,1378,3574,1829,5126,2558,4019,1819,1871,1912,2977,1289,4600,50424,36688,2916,16,16667,0,0,4,3
2021-03-01T23:59:59+01:00,6,0,1107,1320,2247,4322,2506,6573,3246,9049,4247,7023,2737,2750,2565,3727,1545,5195,1,0,299,432,974,2026,1367,3556,1821,5111,2545,4003,1801,1860,1896,2958,1278,4571,41201,36480,2524,16,16436,0,0,4,3
2021-02-28T23:59:59+01:00,6,0,1071,1305,2206,4287,2476,6528,3198,8992,4185,6964,2672,2702,2516,3696,1537,5175,1,0,299,431,971,2019,1365,3543,1818,5097,2539,3994,1794,1849,1883,2946,1270,4556,41104,36356,2231,16,16177,0,0,4,3
2021-02-27T23:59:59+01:00,6,0,1030,1223,2137,4046,2418,6294,3135,8694,4096,6711,2617,2645,2496,3672,1534,5175,1,0,299,431,970,2019,1365,3543,1818,5096,2538,3994,1794,1848,1881,2946,1270,4556,40996,36350,2230,16,14699,0,0,4,3
2021-02-26T23:59:59+01:00,5,0,864,971,1939,3657,2257,5633,2919,7778,3786,5921,2569,2591,2477,3656,1530,5173,1,0,299,431,970,2016,1363,3541,1816,5095,2536,3993,1794,1845,1874,2945,1268,4549,40978,36317,2141,16,10603,0,0,4,3
2021-02-25T23:59:59+01:00,5,0,530,815,1662,3457,2078,5328,2723,7381,3560,5620,2487,2511,2436,3595,1526,5158,1,0,290,410,945,1965,1332,3470,1784,5014,2507,3929,1769,1817,1834,2899,1239,4508,40782,35697,1879,13,8208,0,0,3,3
2021-02-24T23:59:59+01:00,4,0,509,796,1627,3359,2016,5197,2663,7199,3494,5479,2419,2464,2399,3566,1516,5122,1,0,281,405,929,1934,1318,3416,1771,4953,2483,3884,1758,1799,1825,2880,1227,4477,40588,35334,1708,4,7530,0,0,3,3
2021-02-23T23:59:59+01:00,4,0,488,758,1567,3256,1961,5056,2585,7067,3409,5374,2358,2406,2360,3508,1501,5087,1,0,279,401,924,1918,1311,3386,1762,4921,2462,3851,1738,1779,1805,2844,1211,4421,40432,35008,1435,3,6875,0,0,3,3
2021-02-22T23:59:59+01:00,3,0,472,727,1513,3157,1921,4917,2526,6848,3348,5230,2348,2307,2344,3428,1495,5042,1,0,278,398,921,1906,1303,3359,1744,4885,2447,3821,1719,1760,1777,2813,1196,4372,40216,34696,1169,1,6238,0,0,3,3
2021-02-21T23:59:59+01:00,3,0,463,688,1455,3012,1873,4767,2473,6688,3266,5126,2312,2274,2316,3408,1485,5036,1,0,278,397,918,1898,1302,3350,1739,4875,2443,3812,1717,1758,1776,2811,1196,4371,40172,34638,936,1,5534,0,0,3,3
2021-02-20T23:59:59+01:00,3,0,457,682,1446,3008,1868,4767,2470,6685,3261,5122,2309,2273,2316,3407,1483,5036,1,0,278,397,918,1897,1302,3349,1739,4875,2441,3811,1716,1757,1773,2811,1195,4369,40167,34625,931,1,5492,0,0,3,3
2021-02-19T23:59:59+01:00,2,0,434,645,1417,2946,1840,4711,2429,6585,3174,5004,2128,2111,2252,3358,1478,5030,1,0,276,396,917,1895,1301,3348,1739,4870,2438,3810,1715,1756,1771,2810,1195,4368,39414,34602,911,1,5216,0,0,3,3
2021-02-18T23:59:59+01:00,2,0,407,588,1312,2706,1736,4469,2291,6323,3070,4822,2099,2095,2236,3341,1473,5019,1,0,276,390,909,1861,1292,3308,1721,4822,2419,3772,1704,1745,1754,2798,1183,4348,39336,34299,837,1,3813,0,0,3,3
2021-02-17T23:59:59+01:00,2,0,390,556,1274,2575,1679,4294,2222,6082,3010,4673,2080,2076,2212,3321,1459,5009,1,0,266,373,873,1775,1249,3179,1661,4663,2344,3637,1625,1675,1678,2686,1130,4226,39180,33038,786,0,2945,0,0,3,3
2021-02-16T23:59:59+01:00,2,0,372,526,1221,2456,1629,4160,2143,5897,2930,4537,2071,2071,2204,3314,1454,4997,1,0,258,356,852,1693,1194,3042,1598,4460,2273,3459,1574,1621,1614,2584,1098,4090,39120,31764,755,0,2106,0,0,3,3
2021-02-15T23:59:59+01:00,2,0,362,504,1149,2316,1584,4085,2111,5843,2902,4496,2052,2055,2179,3283,1446,4976,1,0,252,337,829,1648,1162,2966,1542,4321,2200,3339,1498,1556,1556,2472,1051,3901,39012,30628,640,0,1690,0,0,3,3
2021-02-14T23:59:59+01:00,2,0,353,498,1125,2260,1521,3924,2070,5750,2871,4457,2046,2052,2167,3273,1443,4969,1,0,246,332,811,1620,1146,2926,1500,4269,2162,3309,1482,1535,1531,2435,1034,3855,38993,30191,571,0,1214,0,0,3,3
2021-02-13T23:59:59+01:00,2,0,353,498,1124,2260,1521,3923,2068,5749,2871,4457,2045,2050,2166,3273,1442,4966,1,0,246,332,811,1620,1146,2926,1499,4267,2161,3309,1480,1532,1530,2434,1034,3854,38982,30180,571,0,1213,0,0,2,2
2021-02-12T23:59:59+01:00,2,0,345,495,1106,2252,1516,3910,2063,5741,2868,4451,2031,2040,2160,3260,1437,4963,1,0,244,331,805,1615,1140,2917,1483,4249,2142,3296,1467,1516,1515,2402,1027,3817,38916,29966,563,0,1159,0,0,2,1
2021-02-11T23:59:59+01:00,2,0,322,471,1043,2156,1463,3783,1969,5478,2784,4332,2000,2007,2120,3192,1407,4905,1,0,224,303,756,1510,1060,2693,1358,3892,1953,2990,1278,1303,1342,2122,913,3446,38517,27143,526,0,389,0,0,2,1
2021-02-10T23:59:59+01:00,2,0,316,462,1021,2116,1424,3705,1915,5317,2690,4152,1929,1957,2072,3150,1385,4879,1,0,199,260,663,1321,932,2305,1172,3289,1709,2570,1115,1125,1190,1871,794,3083,38102,23598,386,0,2,0,0,2,1
2021-02-09T23:59:59+01:00,2,0,310,451,1013,2085,1409,3653,1871,5251,2624,4097,1871,1917,2000,3095,1364,4857,1,0,166,200,562,1060,782,1858,965,2679,1439,2156,963,964,991,1580,670,2634,37801,19669,65,0,2,0,0,2,1
2021-02-08T23:59:59+01:00,2,0,308,449,1010,2078,1398,3637,1863,5228,2604,4080,1857,1906,1981,3077,1358,4832,1,0,116,165,461,845,618,1439,767,2031,1160,1669,770,788,790,1246,533,2152,37644,15550,20,0,2,0,0,2,1
2021-02-07T23:59:59+01:00,2,0,308,449,1008,2077,1397,3632,1860,5225,2597,4077,1851,1897,1965,3069,1354,4824,1,0,106,146,412,701,544,1264,687,1815,1063,1521,694,707,707,1122,456,1909,37573,13854,17,0,0,0,0,2,1
2021-02-06T23:59:59+01:00,2,0,308,449,1007,2076,1397,3629,1860,5223,2597,4074,1851,1896,1960,3067,1351,4822,1,0,105,145,407,698,539,1240,671,1796,1052,1499,691,703,702,1118,455,1905,37550,13727,17,0,0,0,0,2,0
2021-02-05T23:59:59+01:00,2,0,308,448,1005,2073,1393,3620,1856,5209,2591,4068,1850,1895,1952,3059,1341,4808,1,0,101,137,391,680,522,1210,639,1744,1002,1436,654,652,653,1044,428,1811,37459,13105,17,0,0,0,0,2,0
2021-02-04T23:59:59+01:00,2,0,300,431,994,2043,1374,3566,1836,5132,2576,4020,1834,1874,1925,3024,1321,4775,1,0,76,106,290,459,362,818,456,1182,690,978,508,476,506,825,340,1451,37008,9524,17,0,0,0,0,2,0
2021-02-03T23:59:59+01:00,2,0,296,422,975,2017,1358,3528,1822,5083,2542,3977,1814,1851,1910,3000,1307,4758,1,0,60,82,244,391,292,639,347,924,532,729,340,331,368,586,248,1064,36643,7178,17,0,0,0,0,2,0
2021-02-02T23:59:59+01:00,2,0,291,415,969,1988,1350,3495,1811,5036,2519,3942,1796,1835,1882,2959,1285,4707,0,0,40,63,187,309,244,486,266,739,384,560,236,214,234,391,168,700,36263,5221,17,0,0,0,0,2,0
2021-02-01T23:59:59+01:00,2,0,290,412,964,1980,1347,3480,1803,5015,2510,3923,1788,1824,1867,2944,1280,4693,0,0,20,39,138,223,168,312,170,490,240,323,119,109,102,189,78,313,36103,3033,17,0,0,0,0,2,0
2021-01-31T23:59:59+01:00,2,0,289,411,962,1972,1344,3471,1800,4996,2506,3909,1784,1816,1863,2936,1277,4683,0,0,19,34,120,195,151,271,153,411,203,278,100,95,94,161,70,274,36002,2629,17,0,0,0,0,2,0
2021-01-30T23:59:59+01:00,2,0,289,411,962,1972,1344,3471,1800,4996,2506,3909,1783,1816,1863,2935,1277,4682,0,0,19,34,119,195,151,268,150,408,202,278,99,94,94,161,70,274,35999,2616,17,0,0,0,0,2,0
2021-01-29T23:59:59+01:00,2,0,287,408,961,1970,1343,3463,1794,4987,2503,3906,1777,1809,1854,2923,1270,4660,0,0,17,33,117,186,142,260,138,380,170,251,72,70,84,139,63,238,35898,2360,17,0,0,0,0,2,0
2021-01-28T23:59:59+01:00,2,0,284,399,942,1915,1319,3399,1769,4925,2475,3843,1755,1788,1822,2892,1251,4624,0,0,1,0,11,19,8,20,12,45,8,22,6,4,7,10,3,15,35387,191,15,0,0,0,0,2,0
2021-01-27T23:59:59+01:00,2,0,278,381,909,1834,1284,3285,1708,4802,2415,3743,1698,1739,1777,2824,1212,4535,0,0,1,0,5,6,5,12,8,19,4,12,4,4,7,10,3,14,34413,114,11,0,0,0,0,2,0
2021-01-26T23:59:59+01:00,2,0,273,371,899,1819,1270,3245,1690,4746,2385,3676,1665,1707,1738,2752,1194,4444,0,0,1,0,5,6,5,12,8,19,4,12,4,4,7,10,3,14,33867,114,7,0,0,0,0,2,0
2021-01-25T23:59:59+01:00,1,0,262,346,856,1700,1200,3081,1599,4473,2279,3468,1604,1654,1681,2664,1144,4258,0,0,1,0,1,3,1,4,4,2,4,5,4,4,6,9,2,14,32265,64,3,0,0,0,0,2,0
2021-01-24T23:59:59+01:00,1,0,259,343,845,1680,1190,3058,1568,4440,2253,3447,1593,1645,1669,2652,1138,4250,0,0,1,0,1,2,1,4,4,2,4,5,4,4,6,9,2,14,32026,63,3,0,0,0,0,2,0
2021-01-23T23:59:59+01:00,1,0,259,343,844,1680,1189,3057,1568,4436,2252,3446,1592,1645,1668,2651,1137,4245,0,0,1,0,1,2,1,4,4,2,4,5,4,4,6,9,2,14,32008,63,3,0,0,0,0,2,0
2021-01-22T23:59:59+01:00,1,0,258,341,838,1677,1185,3052,1565,4429,2239,3441,1580,1633,1662,2632,1131,4223,0,0,1,0,1,2,1,4,4,2,4,5,4,4,6,9,2,14,31883,63,3,0,0,0,0,1,0
2021-01-21T23:59:59+01:00,1,0,247,331,811,1610,1160,2925,1509,4267,2159,3306,1481,1529,1525,2464,1047,4033,0,0,1,0,1,2,1,4,4,2,4,5,4,3,5,9,1,14,30401,60,3,0,0,0,0,1,0
2021-01-20T23:59:59+01:00,1,0,225,290,737,1454,1069,2608,1376,3808,1985,2951,1358,1381,1401,2265,969,3793,0,0,1,0,1,2,1,4,4,2,3,5,4,3,5,9,1,14,27668,59,2,0,0,0,0,1,0
2021-01-19T23:59:59+01:00,1,0,194,233,636,1206,924,2163,1153,3191,1695,2520,1174,1176,1166,1921,807,3221,0,0,1,0,1,1,1,2,4,1,2,5,4,3,5,9,1,14,23379,54,2,0,0,0,0,0,0
2021-01-18T23:59:59+01:00,1,0,137,185,503,946,713,1647,885,2324,1319,1911,912,944,931,1515,631,2570,0,0,0,0,0,0,0,0,0,0,1,2,2,1,0,0,0,0,18073,6,1,0,0,0,0,0,0
2021-01-17T23:59:59+01:00,1,0,123,160,444,774,628,1424,783,2071,1204,1723,846,865,847,1377,557,2350,0,0,0,0,0,0,0,0,0,0,0,1,0,0,0,0,0,0,16177,1,0,0,0,0,0,0,0
2021-01-16T23:59:59+01:00,1,0,122,159,440,773,626,1416,773,2067,1195,1717,844,860,842,1366,549,2334,0,0,0,0,0,0,0,0,0,0,0,0,0,0,0,0,0,0,16084,0,0,0,0,0,0,0,0
2021-01-15T23:59:59+01:00,1,0,111,152,427,752,599,1377,741,1989,1133,1635,800,806,795,1277,518,2209,0,0,0,0,0,0,0,0,0,0,0,0,0,0,0,0,0,0,15322,0,0,0,0,0,0,0,0
2021-01-14T23:59:59+01:00,1,0,77,113,306,486,398,892,512,1283,776,1073,585,558,578,942,401,1682,0,0,0,0,0,0,0,0,0,0,0,0,0,0,0,0,0,0,10663,0,0,0,0,0,0,0,0
2021-01-13T23:59:59+01:00,1,0,60,86,255,408,322,675,379,982,569,764,369,355,392,638,286,1173,0,0,0,0,0,0,0,0,0,0,0,0,0,0,0,0,0,0,7714,0,0,0,0,0,0,0,0
2021-01-12T23:59:59+01:00,0,0,49,70,208,349,258,547,279,808,413,598,248,226,243,425,192,785,0,0,0,0,0,0,0,0,0,0,0,0,0,0,0,0,0,0,5698,0,0,0,0,0,0,0,0
2021-01-11T23:59:59+01:00,0,0,33,51,180,299,211,444,220,648,303,421,151,131,139,259,106,451,0,0,0,0,0,0,0,0,0,0,0,0,0,0,0,0,0,0,4047,0,0,0,0,0,0,0,0
2021-01-10T23:59:59+01:00,0,0,25,42,158,250,182,366,179,537,254,360,130,110,124,214,94,362,0,0,0,0,0,0,0,0,0,0,0,0,0,0,0,0,0,0,3387,0,0,0,0,0,0,0,0
2021-01-09T23:59:59+01:00,0,0,25,42,157,248,181,363,177,531,253,359,129,109,124,214,94,362,0,0,0,0,0,0,0,0,0,0,0,0,0,0,0,0,0,0,3368,0,0,0,0,0,0,0,0
2021-01-08T23:59:59+01:00,0,0,23,40,154,239,173,353,164,500,223,333,105,93,118,198,87,335,0,0,0,0,0,0,0,0,0,0,0,0,0,0,0,0,0,0,3138,0,0,0,0,0,0,0,0
2021-01-07T23:59:59+01:00,0,0,2,0,5,9,8,15,10,7,18,11,10,11,14,21,3,35,0,0,0,0,0,0,0,0,0,0,0,0,0,0,0,0,0,0,179,0,0,0,0,0,0,0,0
2021-01-06T23:59:59+01:00,0,0,1,0,2,3,1,7,5,2,4,6,6,4,7,10,1,16,0,0,0,0,0,0,0,0,0,0,0,0,0,0,0,0,0,0,75,0,0,0,0,0,0,0,0
2021-01-05T23:59:59+01:00,0,0,1,0,2,3,1,6,5,2,4,5,6,4,6,10,1,15,0,0,0,0,0,0,0,0,0,0,0,0,0,0,0,0,0,0,71,0,0,0,0,0,0,0,0
2021-01-04T23:59:59+01:00,0,0,1,0,1,3,1,5,4,2,4,5,6,4,5,9,1,15,0,0,0,0,0,0,0,0,0,0,0,0,0,0,0,0,0,0,66,0,0,0,0,0,0,0,0
2021-01-03T23:59:59+01:00,0,0,1,0,1,2,1,5,4,2,4,5,5,4,5,9,1,15,0,0,0,0,0,0,0,0,0,0,0,0,0,0,0,0,0,0,64,0,0,0,0,0,0,0,0
2021-01-02T23:59:59+01:00,0,0,1,0,1,2,1,5,4,2,4,5,5,4,5,9,1,15,0,0,0,0,0,0,0,0,0,0,0,0,0,0,0,0,0,0,64,0,0,0,0,0,0,0,0
2021-01-01T23:59:59+01:00,0,0,1,0,1,2,1,4,4,2,4,5,5,4,5,9,1,15,0,0,0,0,0,0,0,0,0,0,0,0,0,0,0,0,0,0,63,0,0,0,0,0,0,0,0
2020-12-31T23:59:59+01:00,0,0,1,0,1,2,1,4,4,2,4,5,5,4,5,9,1,15,0,0,0,0,0,0,0,0,0,0,0,0,0,0,0,0,0,0,63,0,0,0,0,0,0,0,0
2020-12-30T23:59:59+01:00,0,0,1,0,1,2,1,4,4,2,3,5,5,4,5,9,1,15,0,0,0,0,0,0,0,0,0,0,0,0,0,0,0,0,0,0,62,0,0,0,0,0,0,0,0
2020-12-29T23:59:59+01:00,0,0,0,0,1,1,1,2,4,1,2,5,5,4,5,9,1,15,0,0,0,0,0,0,0,0,0,0,0,0,0,0,0,0,0,0,56,0,0,0,0,0,0,0,0
2020-12-28T23:59:59+01:00,0,0,0,0,1,1,1,1,2,0,1,5,4,1,1,0,0,2,0,0,0,0,0,0,0,0,0,0,0,0,0,0,0,0,0,0,20,0,0,0,0,0,0,0,0
2020-12-27T23:59:59+01:00,0,0,0,0,1,1,1,1,2,0,0,3,2,0,1,0,0,2,0,0,0,0,0,0,0,0,0,0,0,0,0,0,0,0,0,0,14,0,0,0,0,0,0,0,0
