Datum,<15_1_m,<15_1_w,15-24_1_m,15-24_1_w,25-34_1_m,25-34_1_w,35-44_1_m,35-44_1_w,45-54_1_m,45-54_1_w,55-64_1_m,55-64_1_w,65-74_1_m,65-74_1_w,75-84_1_m,75-84_1_w,>84_1_m,>84_1_w,<15_2_m,<15_2_w,15-24_2_m,15-24_2_w,25-34_2_m,25-34_2_w,35-44_2_m,35-44_2_w,45-54_2_m,45-54_2_w,55-64_2_m,55-64_2_w,65-74_2_m,65-74_2_w,75-84_2_m,75-84_2_w,>84_2_m,>84_2_w,bp_1,bp_2,mo_1,mo_2,az_1,az_2,ja,unb_1,unb_2
2021-12-11T23:59:59+01:00,12269,11493,47928,44890,62989,56569,62064,59682,71559,70649,79462,78922,55808,61595,38126,49495,11906,22783,7024,6575,42993,40720,58347,51740,58161,55701,68017,66920,76583,75944,54366,59913,37255,48241,11508,21897,671895,622456,80592,77710,105792,101817,39867,54,55
2021-12-10T23:59:59+01:00,11400,10683,47847,44819,62931,56483,62011,59631,71513,70600,79424,78886,55780,61574,38118,49472,11902,22776,6928,6483,42754,40488,58138,51551,57991,55540,67847,66789,76505,75862,54342,59888,37249,48221,11506,21894,669614,620544,80536,77695,105792,101817,39865,54,55
2021-12-09T23:59:59+01:00,11134,10437,47715,44680,62822,56329,61922,59512,71444,70520,79358,78792,55740,61520,38094,49437,11890,22750,6742,6318,42393,40151,57802,51212,57702,55279,67599,66555,76337,75696,54276,59816,37228,48174,11502,21878,667949,617296,80451,77634,105792,101814,39861,54,55
2021-12-08T23:59:59+01:00,10934,10216,47656,44618,62737,56240,61855,59434,71391,70441,79312,78739,55714,61493,38078,49416,11883,22735,6647,6230,42180,39996,57616,51023,57530,55129,67440,66404,76190,75566,54219,59759,37213,48133,11493,21859,666833,615373,80365,77526,105792,101814,39859,54,55
2021-12-07T23:59:59+01:00,10806,10087,47603,44562,62696,56198,61819,59404,71366,70403,79278,78715,55710,61479,38064,49400,11883,22731,6590,6195,41995,39829,57430,50876,57392,55023,67349,66317,76116,75513,54200,59725,37206,48121,11493,21856,666184,613978,80327,77521,105792,101814,39858,54,55
2021-12-06T23:59:59+01:00,10554,9823,47509,44464,62636,56120,61773,59326,71326,70332,79220,78648,55681,61436,38044,49376,11877,22716,6463,6077,41656,39530,57134,50597,57161,54796,67159,66135,75939,75349,54135,59662,37175,48086,11486,21850,664913,611192,80268,77487,105791,101811,39845,54,55
2021-12-05T23:59:59+01:00,10435,9705,47458,44388,62576,56035,61729,59280,71284,70296,79173,78602,55656,61411,38038,49355,11876,22709,6372,6004,41334,39284,56784,50333,56936,54615,66989,65992,75818,75249,54103,59625,37164,48064,11482,21843,664112,608822,80217,77461,105791,101811,39842,54,55
2021-12-04T23:59:59+01:00,10235,9521,47442,44377,62558,56023,61720,59272,71279,70288,79164,78593,55650,61408,38038,49355,11874,22707,6359,5994,41295,39252,56729,50299,56904,54592,66972,65977,75806,75240,54102,59624,37161,48060,11481,21842,663620,608525,80207,77456,105791,101811,39842,54,55
2021-12-03T23:59:59+01:00,9783,9150,47394,44339,62509,55987,61687,59238,71251,70259,79142,78567,55637,61393,38034,49343,11873,22704,6335,5972,41211,39161,56620,50225,56841,54538,66916,65941,75755,75214,54090,59615,37158,48056,11481,21840,662447,607810,80166,77451,105791,101811,39842,54,55
2021-12-02T23:59:59+01:00,9505,8883,47303,44267,62414,55867,61594,59150,71185,70180,79083,78494,55614,61356,38011,49313,11865,22681,6219,5857,40896,38919,56300,49962,56559,54317,66683,65753,75605,75070,54047,59562,37132,48017,11471,21831,660995,605121,80096,77375,105791,101811,39839,54,54
2021-12-01T23:59:59+01:00,9318,8673,47225,44196,62349,55796,61519,59073,71125,70114,79022,78416,55578,61310,37996,49281,11858,22662,6151,5804,40728,38806,56143,49787,56405,54191,66538,65631,75514,74959,54010,59513,37114,47992,11468,21819,659794,603524,80044,77345,105791,101811,39839,53,54
2021-11-30T23:59:59+01:00,9063,8408,47165,44149,62268,55710,61440,58995,71071,70051,78959,78339,55544,61261,37975,49259,11848,22640,6066,5741,40570,38678,55966,49607,56275,54035,66392,65494,75410,74844,53962,59454,37087,47952,11462,21804,658460,601779,80014,77318,105790,101810,39838,53,54
2021-11-29T23:59:59+01:00,8813,8191,47092,44078,62183,55621,61381,58914,71029,70002,78907,78276,55513,61226,37962,49236,11845,22628,6028,5695,40404,38481,55728,49439,56110,53887,66251,65383,75299,74742,53914,59418,37071,47918,11461,21796,657285,600045,79945,77283,105790,101809,39834,53,54
2021-11-28T23:59:59+01:00,8715,8087,47035,44017,62109,55547,61330,58855,70986,69944,78862,78237,55490,61205,37946,49209,11842,22616,6002,5672,40332,38395,55608,49352,56021,53818,66186,65322,75254,74705,53894,59400,37057,47910,11459,21792,656431,599219,79939,77268,105790,101809,39829,53,54
2021-11-27T23:59:59+01:00,8683,8061,47013,43999,62088,55520,61307,58832,70963,69930,78847,78222,55481,61202,37946,49208,11842,22615,5995,5664,40306,38374,55589,49344,56004,53808,66176,65316,75244,74699,53892,59397,37056,47910,11459,21792,656159,599065,79938,77268,105790,101809,39829,53,54
2021-11-26T23:59:59+01:00,8543,7963,46930,43939,62037,55458,61261,58783,70910,69886,78817,78194,55473,61180,37944,49199,11839,22611,5978,5655,40256,38341,55537,49302,55959,53768,66140,65287,75216,74677,53889,59391,37053,47908,11459,21792,655373,598654,79935,77264,105789,101809,39827,53,54
2021-11-25T23:59:59+01:00,8282,7732,46770,43821,61885,55273,61127,58664,70784,69757,78727,78097,55424,61124,37913,49169,11835,22599,5879,5530,39896,37998,55189,48977,55688,53524,65888,65092,75081,74573,53854,59352,37040,47883,11457,21779,653403,595776,79921,77214,105789,101809,39827,53,54
2021-11-24T23:59:59+01:00,8144,7607,46636,43723,61757,55136,61021,58535,70690,69653,78616,77993,55380,61060,37888,49122,11822,22565,5838,5486,39810,37911,55087,48859,55594,53413,65806,64994,75011,74514,53838,59310,37028,47857,11453,21770,651790,594710,79909,77189,105789,101809,39817,53,54
2021-11-23T23:59:59+01:00,7989,7467,46511,43605,61632,54963,60917,58393,70571,69534,78501,77884,55316,60982,37859,49070,11813,22544,5796,5440,39690,37818,54928,48729,55478,53329,65700,64895,74933,74436,53794,59262,37015,47831,11447,21759,650006,593431,79899,77173,105789,101808,39814,53,54
2021-11-22T23:59:59+01:00,7882,7363,46339,43492,61487,54805,60759,58284,70473,69420,78423,77790,55280,60920,37838,49032,11809,22525,5747,5390,39415,37618,54618,48522,55267,53159,65510,64750,74837,74364,53762,59223,37004,47814,11441,21752,648400,591378,79887,77151,105789,101808,39802,53,54
2021-11-21T23:59:59+01:00,7799,7292,46236,43399,61369,54698,60636,58209,70384,69340,78350,77720,55246,60876,37826,49019,11806,22515,5718,5361,39306,37536,54500,48438,55175,53092,65439,64684,74798,74318,53744,59208,36999,47798,11439,21747,647213,590492,79875,77146,105789,101808,39800,53,54
2021-11-20T23:59:59+01:00,7777,7266,46174,43331,61285,54626,60564,58162,70337,69303,78311,77692,55229,60860,37821,49012,11805,22514,5714,5359,39283,37523,54474,48424,55153,53072,65424,64677,74788,74314,53743,59204,36994,47797,11438,21747,646572,590328,79873,77146,105789,101808,39792,53,54
2021-11-19T23:59:59+01:00,7681,7171,45980,43155,61109,54442,60412,58004,70197,69209,78225,77617,55204,60834,37815,48996,11803,22508,5700,5343,39222,37472,54433,48391,55107,53034,65397,64652,74762,74300,53741,59192,36991,47794,11437,21744,644899,589945,79862,77137,105786,101806,39770,53,54
2021-11-18T23:59:59+01:00,7478,6965,45580,42828,60782,54073,60102,57738,69908,68975,78061,77448,55142,60759,37789,48943,11798,22487,5630,5276,38949,37221,54188,48188,54893,52857,65203,64496,74634,74235,53702,59149,36975,47763,11428,21735,641452,587812,79833,77111,105785,101804,39741,53,54
2021-11-17T23:59:59+01:00,7334,6843,45245,42589,60488,53806,59878,57518,69713,68783,77902,77288,55081,60702,37772,48892,11787,22470,5593,5247,38853,37152,54076,48098,54819,52790,65129,64436,74580,74178,53674,59122,36959,47741,11421,21729,638774,586955,79776,77075,105785,101803,39710,53,54
2021-11-16T23:59:59+01:00,7196,6729,44990,42386,60221,53545,59664,57315,69532,68603,77768,77144,55011,60628,37742,48840,11772,22442,5531,5195,38684,37002,53947,47964,54709,52682,65028,64346,74495,74105,53639,59074,36928,47709,11417,21716,636244,585554,79753,77060,105785,101803,39700,53,54
2021-11-15T23:59:59+01:00,7050,6603,44460,41988,59774,53181,59361,57042,69259,68376,77575,76968,54946,60552,37697,48794,11769,22432,5487,5147,38493,36828,53746,47804,54531,52552,64892,64227,74416,74035,53612,59040,36920,47689,11414,21707,632632,584006,79732,77045,105785,101803,39632,53,54
2021-11-14T23:59:59+01:00,6972,6534,44219,41814,59566,53000,59168,56889,69111,68245,77462,76898,54923,60518,37686,48776,11766,22425,5441,5102,38322,36695,53564,47651,54395,52448,64769,64131,74358,73964,53580,59017,36912,47670,11413,21702,630808,582617,79711,77038,105785,101803,39622,53,54
2021-11-13T23:59:59+01:00,6968,6528,44204,41803,59550,52987,59158,56879,69105,68239,77451,76894,54921,60517,37685,48774,11765,22425,5441,5100,38320,36695,53562,47651,54391,52444,64764,64127,74352,73961,53575,59013,36910,47662,11411,21701,630693,582563,79710,77038,105782,101803,39622,53,54
2021-11-12T23:59:59+01:00,6911,6487,44068,41666,59402,52891,59037,56773,69015,68171,77383,76856,54908,60502,37678,48762,11760,22420,5438,5092,38294,36676,53535,47635,54367,52432,64741,64113,74336,73950,53569,59008,36908,47659,11409,21699,629573,582374,79696,77037,105782,101803,39593,53,54
2021-11-11T23:59:59+01:00,6733,6298,43393,41151,58784,52382,58569,56394,68639,67837,77108,76667,54846,60433,37651,48722,11751,22409,5384,5030,38111,36543,53384,47500,54245,52321,64626,64012,74259,73903,53537,58979,36896,47641,11408,21688,624839,581150,79655,77012,105779,101803,39448,53,54
2021-11-10T23:59:59+01:00,6630,6207,42976,40855,58375,52033,58270,56149,68381,67586,76931,76499,54777,60369,37629,48683,11743,22398,5364,5004,38016,36481,53309,47425,54178,52246,64572,63956,74200,73863,53506,58945,36880,47619,11403,21681,621686,580453,79640,77000,105779,101801,39340,53,54
2021-11-09T23:59:59+01:00,6559,6156,42872,40763,58249,51891,58154,56012,68250,67467,76846,76402,54735,60325,37615,48658,11736,22382,5338,4976,37943,36437,53264,47364,54125,52157,64516,63878,74122,73785,53475,58908,36862,47593,11396,21662,620311,579810,79606,76805,105777,101800,39332,53,54
2021-11-08T23:59:59+01:00,6424,6042,42137,40102,57508,51285,57602,55571,67835,67083,76562,76131,54617,60234,37587,48618,11728,22368,5309,4954,37838,36333,53106,47242,54035,52075,64446,63787,74041,73727,53446,58874,36851,47577,11393,21657,614977,578993,79583,76792,105776,101800,39052,53,54
2021-11-07T23:59:59+01:00,6368,6003,41974,39966,57313,51125,57457,55462,67736,67009,76510,76081,54599,60214,37579,48612,11726,22363,5291,4939,37763,36261,53033,47160,53979,52032,64415,63734,74016,73704,53434,58862,36841,47570,11392,21650,613704,578416,79529,76765,105776,101799,39042,53,54
2021-11-06T23:59:59+01:00,6363,5994,41956,39948,57293,51110,57442,55452,67726,67000,76504,76078,54597,60214,37577,48612,11726,22362,5289,4939,37762,36259,53031,47156,53977,52030,64410,63733,74014,73702,53432,58860,36841,47569,11392,21650,613565,578390,79528,76764,105776,101799,39039,53,54
2021-11-05T23:59:59+01:00,6347,5974,41914,39919,57256,51060,57394,55422,67702,66983,76477,76065,54592,60208,37574,48610,11726,22360,5281,4934,37738,36251,53022,47145,53969,52023,64398,63721,74007,73693,53428,58858,36839,47565,11392,21650,613218,578282,79525,76761,105776,101799,39018,53,54
2021-11-04T23:59:59+01:00,6223,5828,41377,39427,56669,50593,56945,55054,67277,66656,76260,75923,54554,60158,37561,48580,11720,22352,5221,4870,37532,36112,52818,46997,53796,51890,64239,63602,73905,73623,53396,58833,36825,47542,11381,21642,609365,577121,79455,76735,105775,101798,38516,53,54
2021-11-03T23:59:59+01:00,6187,5783,41286,39360,56554,50496,56847,54969,67204,66589,76214,75879,54544,60139,37552,48563,11715,22347,5177,4836,37462,36049,52770,46948,53753,51834,64193,63559,73862,73587,53380,58808,36812,47522,11377,21634,608482,576493,79435,76730,105774,101795,38491,53,54
2021-11-02T23:59:59+01:00,6139,5733,41151,39249,56388,50376,56729,54864,67078,66510,76145,75820,54519,60117,37541,48551,11714,22336,5106,4764,37328,35895,52620,46791,53634,51712,64105,63457,73777,73501,53332,58762,36792,47489,11374,21624,607266,575062,79414,76693,105774,101795,38459,53,54
2021-11-01T23:59:59+01:00,6054,5655,40660,38879,55858,50027,56362,54609,66798,66307,76003,75730,54485,60090,37534,48544,11711,22327,5073,4723,37186,35781,52489,46698,53518,51627,64007,63395,73714,73456,53319,58749,36782,47474,11371,21617,604258,574317,79389,76651,105774,101793,38164,53,54
2021-10-31T23:59:59+01:00,6052,5655,40653,38873,55854,50024,56358,54605,66793,66303,76000,75728,54485,60090,37534,48544,11711,22327,5073,4722,37183,35778,52489,46697,53516,51626,64003,63393,73714,73456,53319,58749,36782,47474,11371,21617,604221,574304,79386,76651,105774,101793,38160,53,54
2021-10-30T23:59:59+02:00,6048,5653,40650,38873,55847,50021,56357,54603,66791,66302,75999,75726,54485,60090,37534,48544,11711,22327,5073,4722,37183,35778,52489,46696,53515,51625,64002,63392,73713,73456,53318,58749,36782,47474,11371,21617,604194,574298,79386,76651,105774,101793,38159,53,54
2021-10-29T23:59:59+02:00,6045,5647,40632,38855,55833,50003,56340,54592,66773,66295,75982,75721,54483,60086,37533,48543,11709,22327,5071,4719,37172,35763,52487,46690,53511,51620,63998,63385,73705,73448,53313,58748,36781,47471,11370,21616,604038,574219,79383,76648,105774,101791,38156,53,54
2021-10-28T23:59:59+02:00,5946,5547,40104,38498,55364,49669,55933,54293,66432,66066,75809,75615,54446,60057,37528,48524,11707,22317,5009,4672,36992,35647,52325,46573,53370,51511,63852,63304,73621,73401,53287,58722,36767,47453,11368,21609,600922,573242,79344,76628,105769,101789,37770,53,54
2021-10-27T23:59:59+02:00,5921,5526,40051,38439,55292,49613,55876,54241,66368,66037,75786,75595,54430,60045,37522,48512,11706,22311,4985,4646,36941,35606,52274,46536,53338,51475,63808,63254,73586,73375,53264,58702,36761,47442,11365,21597,600358,572740,79332,76616,105769,101783,37762,53,54
2021-10-26T23:59:59+02:00,5873,5491,39943,38345,55189,49509,55803,54175,66301,65970,75733,75555,54416,60029,37512,48498,11703,22306,4933,4603,36836,35464,52177,46449,53269,51393,63755,63193,73526,73321,53231,58681,36747,47418,11359,21583,599461,571754,79330,76607,105769,101782,37741,53,54
2021-10-25T23:59:59+02:00,5811,5423,39710,38109,54908,49305,55550,54013,66081,65827,75631,75476,54394,59999,37505,48488,11703,22303,4920,4594,36779,35402,52091,46394,53201,51352,63706,63153,73482,73289,53222,58665,36741,47413,11357,21580,597625,571440,79330,76605,105769,101780,37462,53,54
2021-10-24T23:59:59+02:00,5781,5394,39627,38024,54831,49227,55492,53974,66036,65800,75612,75457,54389,59990,37500,48485,11701,22299,4887,4578,36717,35340,52045,46347,53165,51311,63669,63124,73460,73257,53214,58651,36730,47405,11355,21578,597022,570953,79328,76598,105769,101778,37450,53,54
2021-10-23T23:59:59+02:00,5781,5394,39626,38023,54829,49227,55490,53971,66036,65800,75612,75457,54389,59989,37500,48485,11701,22299,4887,4578,36717,35339,52045,46347,53165,51309,63669,63124,73459,73257,53214,58651,36730,47405,11355,21578,597013,570950,79328,76598,105769,101778,37449,53,54
2021-10-22T23:59:59+02:00,5778,5389,39599,38005,54809,49212,55479,53964,66022,65788,75603,75450,54385,59986,37500,48483,11700,22299,4882,4569,36702,35325,52034,46327,53156,51298,63652,63115,73445,73247,53204,58644,36729,47402,11354,21576,596878,570798,79317,76597,105769,101775,37437,53,54
2021-10-21T23:59:59+02:00,5702,5309,39346,37808,54535,49024,55266,53812,65839,65665,75506,75394,54368,59969,37493,48473,11697,22294,4796,4497,36476,35115,51849,46167,52986,51167,63521,62993,73361,73188,53180,58608,36717,47384,11350,21570,595177,569315,79283,76561,105769,101774,37221,53,54
2021-10-20T23:59:59+02:00,5678,5295,39310,37781,54515,49001,55249,53783,65813,65640,75481,75376,54360,59958,37484,48458,11696,22287,4777,4477,36457,35085,51827,46136,52962,51136,63498,62971,73336,73161,53162,58586,36711,47371,11347,21563,594855,568969,79276,76551,105769,101774,37215,53,54
2021-10-19T23:59:59+02:00,5644,5265,39255,37743,54478,48961,55209,53749,65777,65607,75454,75349,54344,59937,37476,48444,11692,22284,4754,4455,36404,35037,51784,46082,52928,51098,63461,62937,73297,73121,53150,58562,36689,47356,11342,21553,594369,568431,79271,76547,105769,101769,37209,53,54
2021-10-18T23:59:59+02:00,5609,5237,39115,37609,54354,48862,55127,53666,65709,65565,75397,75313,54334,59921,37469,48430,11690,22283,4687,4394,36257,34892,51660,45959,52846,51006,63414,62874,73237,73072,53125,58527,36679,47339,11337,21547,593492,567389,79258,76519,105769,101769,37121,53,54
2021-10-17T23:59:59+02:00,5603,5229,39105,37598,54339,48846,55124,53656,65703,65553,75390,75308,54331,59917,37466,48427,11689,22278,4677,4383,36237,34862,51639,45935,52829,50984,63400,62857,73220,73058,53114,58515,36674,47332,11336,21538,593369,567138,79258,76513,105768,101768,37117,53,54
2021-10-16T23:59:59+02:00,5603,5229,39104,37598,54337,48845,55121,53654,65703,65553,75390,75308,54331,59917,37466,48427,11689,22278,4674,4380,36232,34858,51635,45932,52825,50980,63398,62853,73218,73057,53113,58514,36673,47331,11336,21536,593363,567096,79258,76513,105768,101768,37114,53,54
2021-10-15T23:59:59+02:00,5598,5226,39086,37584,54319,48832,55115,53649,65686,65547,75383,75296,54323,59915,37462,48420,11688,22278,4666,4378,36219,34856,51629,45924,52820,50974,63393,62846,73213,73051,53109,58510,36670,47330,11336,21535,593229,567031,79258,76511,105768,101761,37102,53,54
2021-10-14T23:59:59+02:00,5540,5167,38946,37464,54184,48730,55023,53568,65617,65463,75321,75242,54292,59894,37454,48404,11681,22263,4548,4262,35934,34526,51409,45699,52668,50801,63248,62699,73117,72973,53052,58463,36646,47299,11331,21526,592197,564932,79241,76472,105768,101747,36997,53,53
2021-10-13T23:59:59+02:00,5500,5133,38911,37421,54151,48694,54996,53534,65591,65438,75300,75216,54280,59882,37448,48396,11677,22259,4517,4235,35894,34485,51383,45658,52632,50765,63214,62663,73084,72943,53028,58447,36637,47276,11330,21515,591792,564497,79227,76435,105768,101731,36990,53,53
2021-10-12T23:59:59+02:00,5465,5110,38837,37376,54092,48625,54955,53486,65557,65403,75265,75179,54264,59865,37438,48380,11671,22249,4497,4209,35837,34432,51336,45603,52597,50729,63177,62621,73044,72896,53003,58418,36614,47252,11323,21502,591200,563902,79221,76429,105768,101728,36978,53,53
2021-10-11T23:59:59+02:00,5411,5058,38674,37243,53958,48510,54850,53400,65483,65341,75217,75150,54252,59846,37427,48369,11669,22245,4405,4128,35609,34214,51150,45412,52462,50595,63081,62507,72959,72832,52964,58380,36602,47232,11320,21494,590243,562321,79219,76426,105768,101723,36823,53,53
2021-10-10T23:59:59+02:00,5392,5048,38627,37203,53915,48469,54830,53369,65464,65321,75201,75130,54249,59841,37423,48366,11668,22239,4387,4121,35576,34194,51128,45385,52444,50578,63071,62495,72946,72818,52960,58371,36597,47222,11317,21490,589916,562102,79215,76418,105766,101719,36808,53,53
2021-10-09T23:59:59+02:00,5392,5047,38627,37203,53915,48469,54830,53369,65464,65321,75201,75130,54249,59841,37423,48366,11668,22239,4387,4121,35575,34194,51127,45385,52444,50578,63069,62495,72946,72818,52960,58371,36597,47222,11317,21490,589915,562101,79215,76416,105766,101718,36808,53,53
2021-10-08T23:59:59+02:00,5384,5034,38608,37183,53901,48453,54822,53364,65453,65312,75189,75121,54247,59838,37421,48361,11667,22238,4380,4112,35561,34174,51115,45370,52437,50567,63060,62488,72940,72812,52958,58369,36595,47218,11317,21488,589770,561982,79215,76414,105766,101717,36795,53,53
2021-10-07T23:59:59+02:00,5315,4947,38432,37028,53775,48326,54710,53259,65352,65220,75120,75072,54229,59801,37397,48337,11660,22225,4229,3943,35187,33823,50866,45059,52238,50300,62863,62293,72771,72654,52891,58299,36570,47171,11307,21472,588446,559764,79182,75647,105765,101710,36762,53,53
2021-10-06T23:59:59+02:00,5279,4919,38386,36987,53742,48289,54665,53221,65302,65185,75094,75050,54210,59788,37390,48321,11654,22216,4209,3926,35146,33787,50842,45031,52217,50276,62833,62278,72746,72637,52869,58269,36551,47151,11300,21460,587967,559381,79176,75645,105763,101707,36742,53,53
2021-10-05T23:59:59+02:00,5247,4894,38305,36910,53677,48226,54614,53156,65239,65128,75049,75002,54172,59760,37370,48289,11645,22184,4178,3897,35079,33715,50795,44968,52182,50232,62780,62240,72706,72597,52837,58231,36521,47098,11293,21437,587211,558698,79157,75644,105763,101705,36686,53,53
2021-10-04T23:59:59+02:00,5184,4836,38091,36741,53506,48108,54501,53048,65169,65058,74983,74954,54142,59726,37355,48271,11636,22169,4066,3760,34772,33366,50548,44724,51995,50054,62620,62088,72589,72499,52780,58170,36467,47043,11281,21418,586119,556436,79145,75643,105761,101705,36403,53,53
2021-10-03T23:59:59+02:00,5173,4822,38067,36717,53473,48071,54476,53034,65152,65040,74971,74941,54135,59713,37350,48258,11636,22164,4051,3755,34720,33330,50498,44680,51957,50006,62578,62051,72548,72467,52763,58146,36455,47027,11279,21410,585866,555955,79143,75643,105758,101694,36376,53,53
2021-10-02T23:59:59+02:00,5171,4813,38063,36710,53465,48067,54473,53031,65149,65039,74967,74938,54135,59711,37350,48258,11636,22164,4050,3755,34718,33328,50490,44678,51953,50005,62576,62051,72547,72466,52763,58145,36455,47027,11279,21410,585828,555946,79143,75642,105758,101694,36361,53,53
2021-10-01T23:59:59+02:00,5163,4796,38018,36682,53432,48037,54450,53006,65118,65023,74940,74921,54125,59706,37347,48255,11633,22162,4046,3752,34698,33316,50473,44670,51939,49991,62563,62043,72530,72454,52754,58139,36452,47025,11277,21408,585581,555862,79141,75640,105755,101688,36287,53,53
2021-09-30T23:59:59+02:00,5072,4733,37808,36476,53263,47873,54305,52876,65013,64904,74870,74863,54110,59676,37336,48237,11630,22155,3969,3677,34555,33162,50380,44544,51862,49876,62478,61951,72463,72395,52742,58109,36443,47000,11274,21398,584045,555279,79122,75031,105752,101683,36232,52,53
2021-09-29T23:59:59+02:00,5049,4712,37773,36435,53214,47825,54267,52829,64981,64866,74841,74835,54093,59653,37324,48226,11626,22143,3953,3660,34527,33126,50350,44518,51840,49855,62457,61921,72442,72375,52733,58100,36438,46990,11272,21390,583582,554990,79110,75027,105752,101678,36199,52,53
2021-09-28T23:59:59+02:00,5026,4688,37713,36378,53173,47772,54232,52785,64938,64822,74796,74800,54055,59617,37305,48203,11618,22132,3939,3643,34471,33087,50317,44488,51814,49832,62431,61900,72405,72345,52704,58062,36416,46963,11269,21378,583023,554596,79108,75020,105752,101674,36121,52,53
2021-09-27T23:59:59+02:00,4950,4628,37515,36199,52988,47605,54110,52674,64835,64715,74697,74722,54027,59589,37293,48185,11617,22121,3806,3485,34048,32700,50010,44164,51584,49583,62233,61713,72273,72219,52663,58002,36395,46932,11267,21368,581965,552087,79089,75019,105752,101671,35615,52,53
2021-09-26T23:59:59+02:00,4947,4622,37493,36168,52958,47586,54096,52658,64819,64705,74685,74712,54020,59578,37292,48182,11617,22116,3797,3478,34033,32693,49997,44147,51576,49573,62219,61707,72265,72212,52659,57994,36394,46927,11265,21364,581788,551970,79069,75011,105750,101669,35598,52,52
2021-09-25T23:59:59+02:00,4944,4619,37487,36164,52955,47582,54092,52655,64817,64701,74681,74710,54019,59575,37291,48181,11617,22115,3797,3477,34030,32693,49997,44147,51576,49572,62219,61706,72263,72212,52659,57993,36394,46927,11265,21364,581745,551965,79067,75011,105750,101669,35594,52,52
2021-09-24T23:59:59+02:00,4941,4616,37468,36149,52934,47568,54070,52643,64798,64690,74667,74700,54012,59572,37288,48177,11617,22111,3793,3471,34020,32678,49982,44137,51556,49557,62206,61700,72245,72203,52652,57986,36388,46920,11265,21362,581624,551858,79067,75009,105747,101668,35534,52,52
2021-09-23T23:59:59+02:00,4811,4496,37062,35729,52577,47234,53777,52366,64556,64473,74481,74570,53950,59516,37259,48133,11608,22091,3760,3428,33836,32509,49758,43984,51387,49451,62055,61594,72129,72127,52614,57961,36364,46899,11263,21354,579278,551180,79024,74985,105747,101665,34591,52,52
2021-09-22T23:59:59+02:00,4782,4473,37019,35672,52509,47156,53710,52308,64489,64420,74422,74517,53921,59493,37251,48116,11606,22086,3743,3416,33799,32467,49714,43926,51328,49400,62000,61554,72082,72093,52596,57943,36358,46888,11261,21353,578840,550922,79017,74982,105744,101664,34301,51,52
2021-09-21T23:59:59+02:00,4766,4450,36961,35623,52442,47091,53664,52259,64422,64369,74364,74463,53878,59461,37237,48091,11601,22077,3722,3402,33766,32415,49680,43878,51288,49355,61952,61516,72043,72052,52567,57919,36347,46870,11260,21346,578288,550555,79008,74980,105742,101658,34133,51,52
2021-09-20T23:59:59+02:00,4662,4386,36622,35316,52118,46781,53426,52032,64209,64178,74205,74350,53813,59406,37216,48056,11594,22071,3517,3214,33253,31980,49303,43538,51000,49048,61697,61304,71876,71900,52511,57854,36324,46825,11253,21336,576433,547839,79003,74975,105741,101652,33216,51,51
2021-09-19T23:59:59+02:00,4650,4381,36609,35305,52106,46772,53411,52020,64197,64173,74195,74339,53810,59400,37213,48053,11593,22071,3507,3206,33232,31962,49299,43527,50992,49036,61683,61293,71864,71890,52505,57850,36323,46823,11253,21333,576325,547714,78996,74971,105738,101651,33191,51,51
2021-09-18T23:59:59+02:00,4650,4381,36606,35304,52104,46771,53411,52019,64197,64173,74194,74339,53810,59400,37213,48053,11593,22071,3506,3206,33229,31962,49295,43525,50992,49036,61683,61293,71863,71890,52504,57850,36323,46823,11253,21333,576322,547708,78996,74971,105738,101651,33185,51,51
2021-09-17T23:59:59+02:00,4643,4368,36590,35279,52082,46751,53400,52000,64180,64164,74179,74320,53801,59393,37210,48048,11592,22070,3505,3202,33219,31945,49283,43514,50988,49027,61679,61289,71855,71878,52497,57848,36323,46822,11253,21331,576156,547655,78996,74971,105738,101649,33132,51,51
2021-09-16T23:59:59+02:00,4492,4216,36221,34915,51826,46451,53187,51735,63996,63980,74021,74170,53746,59333,37193,48013,11589,22058,3437,3161,33089,31839,49201,43406,50909,48944,61618,61234,71804,71845,52481,57834,36314,46810,11252,21327,573715,546816,78539,74891,105737,101644,33103,51,51
2021-09-15T23:59:59+02:00,4449,4178,36153,34841,51781,46396,53121,51680,63945,63931,73981,74127,53728,59312,37183,48003,11588,22052,3394,3129,33036,31789,49151,43353,50851,48894,61571,61190,71774,71814,52473,57813,36304,46801,11252,21321,573341,546480,78451,74876,105737,101631,32872,51,51
2021-09-14T23:59:59+02:00,4408,4138,36090,34787,51731,46326,53079,51629,63899,63886,73936,74085,53703,59293,37168,47984,11586,22048,3348,3101,32969,31717,49105,43304,50817,48848,61517,61152,71738,71771,52450,57789,36295,46787,11251,21318,572798,545922,78383,74869,105736,101624,32811,51,51
2021-09-13T23:59:59+02:00,4258,3960,35720,34353,51456,46007,52861,51395,63689,63676,73800,73959,53648,59223,37130,47950,11585,22040,3058,2848,32502,31246,48871,43054,50636,48646,61370,60969,71597,71660,52397,57730,36279,46751,11245,21308,570192,542930,77956,74790,105735,101618,32778,51,51
2021-09-12T23:59:59+02:00,4249,3950,35696,34337,51440,45984,52843,51378,63675,63659,73791,73949,53645,59217,37125,47949,11585,22039,3041,2840,32476,31229,48854,43036,50626,48638,61358,60954,71581,71647,52390,57722,36273,46749,11242,21308,570041,542772,77940,74782,105724,101603,32757,51,50
2021-09-11T23:59:59+02:00,4246,3947,35692,34333,51439,45982,52837,51371,63673,63654,73789,73943,53641,59212,37125,47947,11585,22039,3038,2839,32467,31225,48851,43033,50622,48634,61355,60950,71578,71643,52388,57720,36273,46747,11242,21308,570014,542750,77940,74782,105724,101603,32728,51,50
2021-09-10T23:59:59+02:00,4245,3946,35576,34233,51243,45829,52648,51229,63497,63540,73654,73853,53603,59173,37105,47929,11583,22034,3028,2829,32338,31114,48651,42868,50428,48496,61165,60828,71443,71549,52346,57677,36251,46726,11239,21303,569954,542596,77938,74779,105723,101599,31256,51,49
2021-09-09T23:59:59+02:00,4217,3907,35496,34163,51187,45759,52587,51140,63439,63482,73614,73815,53579,59145,37091,47910,11581,22030,2995,2798,32245,31046,48609,42818,50376,48455,61123,60794,71402,71517,52327,57663,36243,46711,11238,21299,569341,542114,77902,74772,105703,101577,31147,51,49
2021-09-08T23:59:59+02:00,4192,3887,35463,34120,51162,45728,52569,51113,63405,63450,73593,73792,53572,59130,37084,47899,11581,22027,2977,2782,32188,31016,48570,42792,50348,48423,61087,60766,71386,71497,52314,57651,36233,46700,11236,21292,568992,541752,77902,74771,105703,101565,31121,51,49
2021-09-07T23:59:59+02:00,4179,3873,35423,34076,51129,45697,52545,51087,63379,63425,73557,73762,53560,59114,37067,47885,11579,22021,2955,2764,32141,30965,48534,42756,50309,48386,61063,60736,71352,71468,52301,57635,36224,46687,11233,21288,568614,541331,77901,74769,105703,101557,31091,51,49
2021-09-06T23:59:59+02:00,4003,3689,34945,33606,50753,45305,52278,50786,63151,63184,73397,73612,53496,59033,37048,47845,11576,22012,2914,2709,31933,30781,48328,42598,50166,48245,60949,60617,71256,71381,52254,57589,36208,46668,11228,21275,565806,540470,77901,74767,105703,101553,30260,51,49
2021-09-05T23:59:59+02:00,3995,3677,34926,33591,50749,45297,52266,50778,63139,63174,73382,73607,53491,59025,37042,47838,11574,22008,2906,2699,31913,30762,48309,42584,50153,48237,60938,60607,71246,71376,52248,57577,36205,46663,11227,21273,565669,540332,77900,74765,105703,101539,30238,51,49
2021-09-04T23:59:59+02:00,3995,3677,34925,33591,50749,45297,52265,50777,63139,63174,73382,73607,53491,59025,37042,47838,11574,22008,2906,2699,31912,30760,48309,42584,50151,48235,60938,60607,71245,71376,52248,57577,36205,46663,11227,21273,565668,540328,77900,74763,105703,101539,30236,51,49
2021-09-03T23:59:59+02:00,3947,3630,34761,33455,50595,45172,52154,50662,62990,63051,73257,73507,53451,58977,37021,47817,11570,22005,2829,2610,31637,30569,48106,42415,49978,48069,60732,60435,71100,71230,52194,57520,36180,46640,11225,21269,565527,540194,77302,73517,105692,101526,29452,51,49
2021-09-02T23:59:59+02:00,3921,3600,34701,33407,50560,45131,52121,50629,62949,63011,73218,73480,53430,58965,37012,47799,11570,21999,2812,2585,31567,30507,48055,42366,49937,48025,60677,60383,71059,71203,52176,57505,36171,46632,11224,21264,565111,539799,77280,73513,105692,101416,29371,51,49
2021-09-01T23:59:59+02:00,3905,3586,34672,33374,50537,45103,52103,50607,62929,62978,73191,73462,53421,58956,37009,47791,11570,21998,2784,2566,31515,30467,48022,42338,49906,48000,60645,60359,71036,71172,52157,57487,36161,46625,11224,21261,564846,539449,77276,73507,105690,101389,29331,51,49
2021-08-31T23:59:59+02:00,3878,3572,34632,33325,50510,45067,52075,50575,62901,62946,73161,73430,53400,58934,37001,47779,11567,21997,2775,2554,31455,30433,47996,42313,49883,47982,60617,60343,71021,71145,52143,57477,36158,46618,11221,21254,564451,539171,77276,73503,105689,101380,29285,51,49
2021-08-30T23:59:59+02:00,3652,3362,34041,32805,50087,44684,51725,50229,62609,62684,72955,73253,53317,58848,36970,47732,11564,21989,2717,2494,31166,30169,47698,42078,49656,47812,60431,60211,70867,71042,52075,57432,36139,46587,11218,21247,561446,538072,77276,73500,105688,101370,28048,50,49
2021-08-29T23:59:59+02:00,3646,3354,34019,32785,50069,44674,51709,50209,62599,62670,72945,73237,53309,58843,36968,47725,11564,21987,2711,2493,31146,30148,47674,42051,49635,47795,60414,60194,70855,71031,52072,57423,36136,46586,11218,21245,561301,537952,77274,73498,105687,101326,28002,50,49
2021-08-28T23:59:59+02:00,3646,3354,34016,32785,50062,44673,51708,50207,62599,62667,72943,73236,53307,58841,36968,47725,11564,21987,2711,2490,31137,30139,47668,42049,49632,47792,60412,60190,70852,71029,52071,57419,36136,46586,11218,21245,561291,537916,77274,73497,105687,101326,27988,50,49
2021-08-27T23:59:59+02:00,3642,3348,34007,32766,50058,44666,51696,50200,62591,62662,72926,73230,53303,58838,36967,47724,11563,21986,2703,2487,31119,30121,47659,42036,49622,47783,60404,60182,70840,71028,52069,57418,36135,46585,11217,21245,561215,537837,77274,73495,105687,101323,27949,50,49
2021-08-26T23:59:59+02:00,3617,3320,33966,32713,50031,44630,51655,50151,62545,62638,72895,73199,53293,58828,36960,47722,11562,21982,2629,2393,30821,29851,47438,41824,49446,47627,60287,60081,70757,70956,52034,57384,36118,46561,11215,21241,560865,536006,77247,73489,105686,101258,27861,50,49
2021-08-25T23:59:59+02:00,3576,3296,33915,32668,50005,44582,51618,50120,62506,62603,72859,73175,53283,58810,36955,47707,11561,21981,2366,2172,30066,29149,46994,41412,49121,47335,60064,59856,70581,70805,51967,57308,36096,46526,11206,21233,560427,531676,77247,73486,105686,101235,27812,50,48
2021-08-24T23:59:59+02:00,3536,3274,33856,32611,49974,44540,51589,50073,62460,62554,72815,73128,53262,58785,36942,47694,11559,21973,2289,2108,29832,28925,46862,41280,49010,47228,59971,59762,70496,70707,51921,57262,36076,46514,11202,21230,559937,530234,77244,73480,105684,101201,27712,50,48
2021-08-23T23:59:59+02:00,3231,3005,33220,31990,49546,44141,51247,49768,62134,62258,72522,72896,53165,58697,36903,47631,11548,21964,2229,2055,29409,28533,46474,40983,48767,47017,59701,59553,70271,70559,51845,57192,36052,46471,11196,21224,556863,528778,77240,73477,105682,101196,26033,50,47
2021-08-22T23:59:59+02:00,3220,2997,33209,31984,49536,44131,51239,49762,62129,62251,72517,72894,53161,58694,36901,47629,11548,21963,2225,2052,29383,28515,46454,40974,48757,47005,59690,59545,70264,70555,51836,57188,36049,46468,11196,21224,556798,528676,77236,73468,105677,101182,26007,49,47
2021-08-21T23:59:59+02:00,3218,2997,33204,31982,49534,44130,51238,49759,62126,62250,72516,72893,53161,58694,36901,47629,11548,21963,2224,2050,29369,28503,46448,40971,48751,47001,59686,59545,70264,70554,51835,57188,36049,46468,11196,21224,556783,528636,77236,73461,105677,101182,26000,49,47
2021-08-20T23:59:59+02:00,3202,2986,33080,31887,49341,43994,51065,49649,61945,62121,72368,72811,53112,58652,36886,47611,11545,21959,2197,2036,28827,28005,45969,40603,48470,46790,59429,59359,70057,70429,51749,57130,36019,46440,11192,21217,556556,526936,77235,73285,105677,100950,24700,48,47
2021-08-19T23:59:59+02:00,3175,2963,33028,31847,49307,43957,51016,49609,61900,62083,72319,72772,53086,58632,36879,47596,11541,21952,2109,1954,27883,27152,45185,40002,48042,46431,59094,59083,69780,70207,51649,57040,35977,46392,11187,21212,556139,522556,77200,72312,105672,100859,24605,48,47
2021-08-18T23:59:59+02:00,3154,2944,32976,31802,49270,43921,50977,49572,61855,62046,72274,72746,53057,58615,36865,47582,11540,21947,2010,1854,26588,25853,44258,39131,47336,45691,58412,58499,69293,69751,51461,56821,35901,46299,11175,21195,555701,517024,77179,69104,105669,100805,24548,48,47
2021-08-17T23:59:59+02:00,3130,2921,32907,31738,49223,43853,50934,49537,61808,62001,72237,72706,53034,58591,36852,47570,11537,21942,1881,1744,25302,24463,43387,38439,46734,45209,57878,58057,68860,69425,51325,56637,35825,46219,11160,21181,555151,511408,77174,67020,105668,100769,24482,48,47
2021-08-16T23:59:59+02:00,3118,2900,32890,31718,49199,43829,50924,49519,61788,61983,72215,72692,53024,58583,36850,47559,11535,21938,1789,1659,23863,23074,42486,37598,46453,44916,57652,57796,68653,69266,51252,56551,35794,46175,11158,21167,554920,505050,77171,66987,105664,100755,24463,48,47
2021-08-15T23:59:59+02:00,3110,2888,32875,31701,49185,43822,50914,49508,61771,61966,72200,72680,53020,58574,36847,47559,11535,21938,1505,1402,21437,20623,41729,37056,46085,44541,57320,57495,68366,69009,51138,56447,35757,46119,11155,21157,554780,496305,77170,66807,105654,100739,24443,48,47
2021-08-14T23:59:59+02:00,3110,2887,32870,31698,49179,43821,50911,49506,61766,61963,72196,72672,53020,58574,36846,47559,11535,21938,1503,1394,21410,20596,41690,37024,46068,44526,57305,57483,68353,68998,51136,56444,35756,46118,11155,21156,554769,496110,77169,66806,105654,100739,24413,48,47
2021-08-13T23:59:59+02:00,3096,2870,32827,31669,49155,43808,50889,49489,61733,61932,72174,72652,53014,58567,36843,47554,11534,21935,1478,1369,21290,20509,41601,36925,46004,44473,57256,57443,68312,68965,51119,56432,35747,46109,11154,21154,554612,495510,77168,66803,105653,100718,24262,48,47
2021-08-12T23:59:59+02:00,3078,2840,32780,31620,49123,43766,50851,49459,61678,61905,72138,72617,52999,58549,36826,47545,11533,21932,1394,1309,20817,20196,40647,36109,45635,44143,57036,57263,68136,68801,51046,56349,35717,46065,11150,21147,554205,491267,77164,66799,105650,100673,24174,48,47
2021-08-11T23:59:59+02:00,3036,2809,32724,31575,49090,43734,50826,49435,61650,61874,72110,72589,52977,58524,36814,47536,11532,21925,1170,1129,19922,19310,39319,34921,45031,43564,56673,56935,67842,68527,50924,56213,35679,46006,11148,21134,553794,483844,77158,66794,105650,100650,24112,48,47
2021-08-10T23:59:59+02:00,3020,2790,32671,31528,49059,43701,50794,49402,61630,61833,72072,72544,52955,58509,36803,47513,11531,21920,924,885,18893,18345,37221,33056,44144,42688,56218,56536,67453,68181,50774,56060,35618,45910,11143,21114,553329,473601,77157,66791,105649,100630,24094,48,47
2021-08-09T23:59:59+02:00,3005,2783,32641,31504,49031,43681,50766,49383,61610,61816,72052,72523,52945,58500,36798,47503,11529,21919,494,474,17470,16933,34243,30638,43476,42055,55809,56173,67119,67853,50632,55911,35568,45861,11138,21096,553076,461424,77155,66786,105644,100618,24068,48,47
2021-08-08T23:59:59+02:00,3002,2783,32628,31490,49019,43674,50761,49377,61599,61808,72048,72522,52944,58497,36798,47500,11529,21918,491,471,17443,16903,34220,30623,43439,42025,55795,56160,67110,67848,50627,55906,35567,45858,11137,21095,553012,461239,77155,66780,105631,100599,24053,48,47
2021-08-07T23:59:59+02:00,3001,2778,32620,31479,49017,43666,50755,49375,61596,61805,72041,72520,52943,58495,36797,47500,11529,21918,488,467,17411,16868,34196,30604,43403,41994,55773,56142,67099,67841,50622,55904,35565,45858,11137,21094,552962,461002,77155,66777,105630,100598,24042,48,47
2021-08-06T23:59:59+02:00,2912,2686,32270,31251,48754,43472,50496,49145,61308,61601,71766,72353,52811,58392,36743,47447,11526,21909,480,465,17200,16724,33482,30120,42931,41625,55429,55914,66790,67663,50492,55810,35516,45821,11134,21087,552887,459318,76045,66485,105626,100595,22238,48,47
2021-08-05T23:59:59+02:00,2866,2647,32110,31131,48662,43383,50418,49089,61254,61556,71714,72312,52785,58373,36734,47429,11524,21907,452,432,16967,16472,31623,28687,41886,40671,55154,55568,66577,67490,50428,55733,35493,45782,11127,21078,552005,452507,76042,66410,105616,100471,22185,48,47
2021-08-04T23:59:59+02:00,2791,2571,31850,30939,48480,43246,50274,48982,61175,61479,71650,72254,52755,58333,36721,47414,11521,21902,426,409,16688,16225,31279,28462,40702,39597,54766,55236,66399,67338,50366,55651,35463,45754,11124,21071,550705,448185,76040,66390,105614,100398,21936,44,47
2021-08-03T23:59:59+02:00,2604,2390,31337,30473,48228,43000,50098,48790,61015,61308,71503,72107,52701,58261,36699,47385,11511,21888,376,345,16248,15779,30689,27933,38969,37976,54077,54590,66064,67025,50271,55522,35416,45702,11119,21061,547759,440506,76038,66382,105611,100379,21848,44,47
2021-08-02T23:59:59+02:00,2493,2295,31020,30186,48026,42818,49945,48662,60908,61202,71415,72024,52668,58229,36677,47366,11510,21885,334,312,15944,15507,30351,27577,36831,36152,53518,54075,65857,66850,50198,55436,35394,45674,11117,21057,545818,433661,76035,66377,105605,100271,21830,43,45
2021-08-01T23:59:59+02:00,2489,2291,31008,30177,48008,42805,49931,48653,60896,61192,71404,72018,52663,58220,36673,47366,11510,21885,321,302,15818,15382,30213,27461,34528,34299,53221,53821,65764,66781,50157,55395,35388,45655,11116,21055,545753,428210,76031,66372,105558,100245,21806,43,44
2021-07-31T23:59:59+02:00,2489,2291,31003,30173,48005,42803,49929,48652,60895,61192,71404,72016,52660,58218,36673,47366,11510,21884,320,302,15803,15369,30178,27433,34515,34290,53203,53813,65751,66776,50153,55391,35388,45654,11115,21054,545733,428051,76031,66371,105557,100241,21801,43,44
2021-07-30T23:59:59+02:00,2475,2286,30955,30126,47973,42782,49905,48628,60861,61162,71368,71998,52651,58207,36673,47366,11510,21882,318,297,15641,15065,29912,27120,34332,34043,53002,53519,65586,66573,50107,55345,35378,45642,11115,21052,545557,427680,76025,66360,105554,98332,21631,43,44
2021-07-29T23:59:59+02:00,2443,2266,30797,30030,47888,42721,49853,48563,60799,61120,71321,71952,52631,58188,36665,47350,11507,21877,294,275,15323,14782,29599,26897,33043,33095,52216,52906,65230,66306,50008,55252,35335,45585,11110,21044,544882,424963,76018,63618,105543,98188,21487,43,44
2021-07-28T23:59:59+02:00,2396,2227,30644,29920,47803,42653,49778,48488,60725,61041,71254,71896,52608,58151,36646,47332,11506,21872,263,255,14917,14404,29157,26581,32672,32763,51506,52291,64836,65979,49913,55149,35300,45528,11094,21025,543928,420799,76014,63563,105535,97805,21422,43,44
2021-07-27T23:59:59+02:00,2318,2154,30404,29653,47652,42476,49635,48351,60613,60917,71154,71808,52549,58090,36618,47293,11499,21864,187,165,14273,13749,28389,25953,31924,32111,50253,51195,64103,65412,49725,54941,35232,45414,11087,21006,542100,412460,76004,63536,105530,97706,21373,43,44
2021-07-26T23:59:59+02:00,2257,2099,30201,29421,47534,42347,49560,48267,60548,60853,71102,71762,52523,58058,36606,47280,11497,21855,150,138,13910,13374,28029,25662,31308,31698,48693,49821,63125,64584,49520,54736,35165,45333,11077,20993,540865,404733,76001,63529,105526,97673,21337,43,44
2021-07-25T23:59:59+02:00,2011,1897,29382,28746,47140,42030,49272,47981,60314,60627,70918,71604,52466,57983,36579,47238,11496,21847,147,136,13814,13313,27931,25596,31224,31629,48572,49757,63037,64532,49497,54717,35158,45324,11077,20992,536677,404086,76001,63521,105519,97509,21293,43,44
2021-07-24T23:59:59+02:00,1930,1829,29126,28516,46991,41923,49153,47880,60156,60509,70789,71524,52417,57953,36561,47217,11494,21847,146,130,13680,13195,27731,25460,31062,31499,48358,49588,62873,64438,49453,54686,35143,45306,11075,20990,535979,403464,75998,63519,105518,97507,20279,43,44
2021-07-23T23:59:59+02:00,1815,1709,28796,28192,46747,41766,48898,47667,59904,60321,70586,71396,52341,57882,36542,47181,11490,21838,136,122,13427,12961,27301,25142,30678,31189,47753,49097,62543,64198,49368,54620,35121,45263,11070,20981,534977,401033,75622,63465,105507,97504,18924,43,44
2021-07-22T23:59:59+02:00,1803,1702,28714,28112,46607,41625,48682,47453,59726,60177,70466,71267,52298,57845,36526,47164,11490,21838,118,117,13197,12695,26960,24808,30323,30868,45824,47534,61736,63497,49272,54518,35083,45220,11067,20971,534657,394315,74473,63313,105464,97276,18860,43,44
2021-07-21T23:59:59+02:00,1769,1660,28450,27904,46219,41287,48090,46897,59142,59697,70009,70877,52127,57686,36469,47106,11481,21825,103,107,12771,12241,26374,24265,29747,30300,42085,44288,60248,62223,49103,54337,35019,45137,11057,20944,534098,382644,71204,62789,105310,96830,18042,43,44
2021-07-20T23:59:59+02:00,1746,1645,28330,27767,46154,41228,48041,46858,59086,59649,69955,70831,52093,57659,36452,47081,11476,21818,87,80,12272,11706,25636,23573,29091,29548,38629,41295,58701,60756,48899,54115,34938,45045,11039,20924,533407,372226,71182,59409,105292,96708,17947,43,44
2021-07-19T23:59:59+02:00,1741,1644,28302,27727,46131,41216,48026,46846,59073,59633,69943,70829,52091,57655,36452,47077,11474,21818,86,78,12223,11674,25569,23538,29055,29512,38583,41262,58660,60729,48895,54107,34937,45042,11036,20923,533260,371899,71181,59392,105275,96653,17921,43,44
2021-07-18T23:59:59+02:00,1737,1637,28277,27702,46106,41206,48014,46836,59066,59624,69936,70821,52089,57654,36451,47076,11474,21817,86,77,12160,11648,25484,23495,28995,29478,38522,41235,58599,60687,48893,54100,34934,45041,11036,20923,533137,371555,71179,59361,105266,96533,17900,43,44
2021-07-17T23:59:59+02:00,1737,1635,28255,27688,46093,41195,48001,46831,59058,59619,69928,70817,52085,57650,36450,47076,11474,21817,84,75,12132,11634,25449,23460,28959,29458,38499,41218,58562,60663,48883,54092,34932,45041,11036,20923,533057,371302,71178,59355,105263,96529,17870,43,44
2021-07-16T23:59:59+02:00,1722,1614,27989,27495,45803,41028,47769,46661,58757,59416,69695,70676,51978,57579,36406,47039,11469,21815,84,72,11881,11439,25113,23217,28651,29228,38098,40943,58052,60240,48746,53978,34879,44991,11030,20919,532740,370090,71177,59352,105130,96252,15823,43,44
2021-07-15T23:59:59+02:00,1624,1500,27525,27110,45541,40793,47620,46547,58616,59303,69591,70589,51937,57536,36391,47016,11468,21808,76,65,11579,11209,24630,22875,28282,28958,37704,40663,56000,58192,48575,53776,34820,44907,11022,20908,530409,363133,71175,59257,105122,96039,15768,43,44
2021-07-14T23:59:59+02:00,1457,1368,26958,26572,45235,40502,47415,46361,58432,59106,69431,70443,51875,57478,36366,46986,11462,21803,70,57,11385,11015,24221,22519,27928,28639,37180,40260,54779,57009,48436,53624,34770,44843,11014,20886,527235,359411,71169,57586,105103,95892,15702,43,44
2021-07-13T23:59:59+02:00,1170,1063,26007,25678,44743,40091,47057,46041,58109,58821,69158,70197,51764,57352,36323,46931,11458,21788,58,42,11041,10672,23690,21966,27304,28049,35797,39070,50640,53098,48071,53237,34639,44692,10997,20857,521853,350117,71162,52376,105100,95788,15595,43,44
2021-07-12T23:59:59+02:00,707,666,24631,24427,44184,39606,46857,45826,57896,58628,68975,70028,51702,57261,36306,46905,11456,21780,50,39,10804,10561,23484,21826,27051,27913,35546,38899,50196,52674,47996,53151,34608,44656,10997,20851,515976,348641,71161,52345,105094,94702,15570,42,44
2021-07-11T23:59:59+02:00,704,661,24611,24406,44153,39584,46839,45813,57882,58615,68961,70025,51700,57258,36303,46901,11455,21780,48,39,10707,10470,23263,21698,26782,27811,35235,38818,49480,52187,46509,51562,34518,44547,10997,20849,515887,348119,71157,52296,105078,89572,15489,42,44
2021-07-10T23:59:59+02:00,702,656,24604,24397,44148,39575,46836,45809,57876,58613,68961,70024,51700,57258,36303,46901,11455,21780,45,38,10694,10458,23241,21677,26768,27799,35213,38813,49466,52182,46494,51546,34516,44546,10997,20849,515847,348008,71155,52295,105077,89516,15479,42,44
2021-07-09T23:59:59+02:00,695,646,24153,23941,43872,39337,46769,45749,57815,58571,68910,69999,51684,57245,36300,46893,11454,21779,45,38,10612,10285,23145,21487,26706,27590,35144,38596,49400,52078,46471,51521,34512,44543,10997,20848,514094,346768,71150,52281,105071,89468,15457,42,44
2021-07-08T23:59:59+02:00,629,580,23069,22941,43077,38739,46519,45548,57608,58428,68713,69860,51606,57179,36272,46870,11452,21771,40,33,10355,10092,22768,21227,26308,27324,34664,38281,48791,51555,46133,51154,34442,44465,10990,20826,509431,343171,71123,52129,105013,88850,15254,42,44
2021-07-07T23:59:59+02:00,576,534,21747,21554,42337,38054,46294,45325,57368,58236,68547,69699,51522,57096,36234,46816,11444,21757,34,29,9982,9782,21896,20633,25195,26531,32826,36912,47870,50666,45633,50616,34335,44325,10982,20808,504052,338226,70950,47753,104992,87927,15106,42,43
2021-07-06T23:59:59+02:00,519,471,20515,20278,41487,37411,45815,44972,56972,57930,68219,69442,51423,56970,36190,46764,11436,21749,26,24,9588,9402,21028,20037,24229,25873,31340,35715,46667,49462,44851,49831,34199,44148,10969,20788,499580,330874,69016,45652,104972,86653,14955,42,43
2021-07-05T23:59:59+02:00,483,443,19101,18905,40620,36612,45596,44745,56788,57727,68058,69315,51367,56914,36169,46735,11434,21742,24,20,9294,9145,20470,19648,23559,25450,30700,35283,45907,48844,44095,49040,34069,43959,10960,20776,493860,325075,69012,45629,104964,85617,14879,41,43
2021-07-04T23:59:59+02:00,476,437,17310,16904,40281,36386,45508,44670,56702,57658,67977,69246,51334,56887,36159,46714,11432,21740,24,20,9232,9090,20329,19585,23386,25372,30437,35205,45110,48714,42728,47687,33990,43885,10958,20770,489037,324607,68986,45584,104948,81478,14810,41,43
2021-07-03T23:59:59+02:00,476,435,17288,16871,40231,36339,45489,44653,56697,57653,67969,69239,51332,56884,36159,46714,11432,21739,23,20,9187,9046,20260,19515,23323,25306,30354,35125,44889,48538,42659,47611,33945,43826,10955,20770,488838,323639,68984,45583,104947,81296,14791,41,43
2021-07-02T23:59:59+02:00,456,412,17171,16760,39766,35955,45373,44554,56643,57612,67920,69208,51320,56879,36153,46702,11432,21738,23,18,9024,8872,19935,19232,22931,24928,29936,34709,44261,47892,42455,47379,33846,43690,10949,20766,487326,320623,68966,44548,104945,80856,14777,41,42
2021-07-01T23:59:59+02:00,404,372,16863,16478,38034,34622,44799,44053,56380,57403,67745,69039,51241,56788,36125,46664,11429,21730,18,13,8647,8475,19071,18520,21961,24071,28548,33513,41226,44916,41457,46291,33231,42962,10932,20737,481845,313103,68890,39666,104923,77307,14471,41,42
2021-06-30T23:59:59+02:00,356,327,16575,16231,35851,32800,44177,43423,56153,57208,67542,68847,51160,56696,36096,46610,11425,21714,17,12,8284,8140,18395,17892,21071,23239,27265,32245,36576,40040,40378,45143,32570,42173,10911,20710,475011,302587,68844,33632,104903,74407,14393,41,42
2021-06-29T23:59:59+02:00,316,290,16349,16028,34858,31719,43723,42978,55972,57045,67371,68698,51083,56623,36057,46566,11417,21707,15,9,7700,7531,17264,16964,19814,22022,25563,30563,33827,36908,37527,42090,31825,41279,10887,20671,470806,286357,68836,33584,104889,68248,14229,41,41
2021-06-28T23:59:59+02:00,307,268,16200,15867,33147,30314,43402,42684,55805,56904,67254,68591,51037,56571,36039,46545,11414,21695,14,7,7395,7270,16705,16588,19421,21705,25053,30175,33236,36405,36149,40597,31037,40345,10883,20660,466397,283305,68811,33532,104868,62839,13928,41,41
2021-06-27T23:59:59+02:00,307,268,16179,15841,32993,30225,43336,42657,55767,56894,67226,68583,51033,56567,36036,46544,11414,21694,13,7,7351,7240,16564,16519,19255,21642,24851,30101,33006,36264,34890,39322,29406,38421,10882,20659,466076,283131,68807,33492,104862,55950,13779,41,41
2021-06-26T23:59:59+02:00,305,266,16155,15812,32969,30209,43290,42613,55742,56877,67220,68580,51032,56566,36034,46543,11414,21694,12,7,7346,7227,16544,16507,19238,21631,24819,30078,32986,36242,34876,39308,29404,38418,10882,20659,465837,282928,68804,33492,104862,55945,13778,41,41
2021-06-25T23:59:59+02:00,298,264,16094,15760,32849,30106,43095,42451,55685,56831,67178,68556,51022,56555,36030,46542,11414,21694,12,7,7157,6949,16258,15998,18967,20973,24449,29145,32597,35518,34714,39090,29381,38387,10882,20659,464984,280232,68799,33481,104845,53633,13756,41,41
2021-06-24T23:59:59+02:00,277,251,15820,15553,32386,29815,41623,41210,55219,56475,66944,68396,50967,56499,36014,46514,11409,21683,11,7,6835,6714,15552,15549,17513,19951,22363,27584,31491,34620,34307,38661,29257,38205,10870,20643,460411,270498,68794,33429,104841,53197,12969,41,40
2021-06-23T23:59:59+02:00,262,234,15536,15254,31881,29412,39524,39386,54676,55932,66694,68176,50878,56390,35974,46468,11404,21670,10,5,6627,6548,15192,15272,16986,19502,21475,26782,29787,33252,33548,37803,29066,37964,10863,20628,453342,262660,68741,33337,104836,52481,12792,41,40
2021-06-22T23:59:59+02:00,240,199,15155,14860,31217,28778,36091,36339,53765,55128,66391,67870,50772,56268,35935,46411,11400,21656,7,4,6444,6334,14790,14942,16183,18779,20056,25468,28181,31593,32744,36823,28525,37355,10845,20596,442414,252531,68707,33250,104829,51363,12485,41,40
2021-06-21T23:59:59+02:00,225,193,14912,14682,30534,28315,33931,34373,53300,54701,66212,67752,50691,56194,35910,46389,11395,21651,7,4,6347,6250,14629,14821,16010,18641,19933,25354,28067,31503,32588,36683,27314,36116,10845,20593,435585,251833,68685,33201,104803,48384,12247,41,40
2021-06-20T23:59:59+02:00,218,192,14786,14591,28633,26977,33320,33924,53211,54605,66143,67715,50668,56166,35902,46385,11394,21649,7,4,5891,5950,13685,14181,15175,18047,19376,24997,27749,31300,32421,36498,27287,36085,10843,20589,431202,246810,68680,33166,104800,48311,11758,40,40
2021-06-19T23:59:59+02:00,212,187,14761,14557,28515,26891,33290,33897,53189,54589,66127,67704,50662,56157,35900,46380,11393,21647,7,4,5678,5791,13123,13776,14569,17566,19046,24794,27554,31129,32342,36398,27270,36071,10843,20589,430788,243288,68678,33161,104800,48308,11753,40,40
2021-06-18T23:59:59+02:00,210,179,14671,14472,28406,26820,32038,32994,52822,54282,65993,67610,50631,56123,35882,46354,11389,21643,7,4,5611,5713,13022,13690,14403,17439,18809,24564,26733,30462,32135,36161,27204,35995,10839,20582,430278,240334,65712,33046,104789,48252,11701,40,40
2021-06-17T23:59:59+02:00,196,163,14291,14206,27817,26566,31548,32733,52034,53716,65568,67344,50550,56022,35848,46313,11383,21630,6,4,5229,5455,12238,13213,13611,16827,17720,23635,24574,28497,31490,35424,27005,35718,10822,20567,427068,231306,65704,32768,104765,47568,10353,39,40
2021-06-16T23:59:59+02:00,167,135,13860,13797,27355,26207,31104,32377,51223,53013,65112,66954,50431,55902,35819,46256,11372,21618,6,4,4864,5016,11522,12543,12817,16130,16616,22509,21600,25628,30419,34215,26708,35315,10807,20527,422198,217247,65658,32736,104757,47172,10051,39,40
2021-06-15T23:59:59+02:00,105,82,13226,13172,26608,25631,30325,31783,49970,51947,64401,66429,50253,55704,35752,46145,11363,21599,6,4,4366,4388,10556,11604,11661,14750,14885,20807,18168,22319,29044,32775,26320,34793,10782,20483,414492,198611,65636,32619,104751,46863,9578,39,40
2021-06-14T23:59:59+02:00,75,61,12820,12796,26197,25307,29660,31316,48176,50477,63350,65596,50037,55478,35675,46069,11355,21587,6,4,4265,4332,10379,11472,11517,14617,14706,20684,17971,22158,28970,32694,26302,34765,10778,20480,406615,198162,65626,32348,104751,46548,9002,39,40
2021-06-13T23:59:59+02:00,74,60,12775,12751,26124,25269,29597,31290,48120,50451,63315,65572,50032,55475,35673,46065,11354,21584,6,4,4109,4253,10052,11340,11193,14506,14405,20570,17569,21813,27454,31049,26161,34570,10774,20469,406405,197405,65550,27669,104744,46339,8844,39,40
2021-06-12T23:59:59+02:00,74,59,12757,12734,26109,25258,29585,31277,48060,50380,63272,65537,50031,55472,35673,46065,11354,21584,6,4,4106,4245,10037,11323,11184,14491,14386,20553,17547,21804,27413,31004,26156,34565,10774,20469,406108,197218,65549,27667,104742,46298,8844,39,40
2021-06-11T23:59:59+02:00,72,56,12657,12607,25982,25143,29460,31150,47821,50154,63140,65418,50007,55446,35662,46054,11352,21582,6,4,4013,3974,9519,10132,10756,13581,14097,19994,17275,21326,27004,30578,26064,34483,10771,20467,404831,196167,65539,27661,104701,41522,8654,39,40
2021-06-10T23:59:59+02:00,64,49,12415,12386,25657,24857,29111,30881,46746,49138,62405,64848,49922,55350,35628,46002,11342,21569,6,3,3743,3604,8749,8888,9863,11937,12790,17227,15482,17715,25278,28654,25766,34176,10765,20443,399936,190626,65482,27222,104499,28787,8415,39,39
2021-06-09T23:59:59+02:00,50,37,12118,12064,25246,24453,28714,30487,44732,47314,61316,63908,49818,55227,35581,45948,11337,21551,6,3,3492,3479,8322,8633,9351,11616,12273,16833,14769,17113,21437,24329,25538,33874,10753,20417,391952,179018,65353,26873,104497,28248,8061,39,38
2021-06-08T23:59:59+02:00,44,26,11686,11523,24575,23828,28055,29821,41560,44469,59538,62271,49647,55036,35507,45857,11327,21529,6,3,3283,3343,7921,8379,8730,11242,11611,16412,14109,16467,16049,18366,25146,33349,10735,20387,379261,163800,65290,26538,104487,27943,7223,39,34
2021-06-07T23:59:59+02:00,39,19,11521,11327,24223,23551,27770,29611,38933,42538,59108,61908,49613,55005,35495,45836,11325,21523,6,3,3187,3272,7617,8210,8410,11065,11038,15959,13605,15988,15971,18286,25115,33298,10733,20380,373586,163481,64863,24715,104477,27532,6381,39,34
2021-06-06T23:59:59+02:00,36,18,11385,11222,23904,23318,27560,29438,37338,41355,58983,61830,49589,54976,35488,45822,11325,21521,6,3,3087,3220,7342,8119,8143,10895,10295,15274,13004,15367,15818,18174,25101,33275,10731,20380,373181,163359,61488,21546,104466,27362,5935,39,32
2021-06-05T23:59:59+02:00,34,17,11366,11202,23859,23277,27523,29411,37308,41341,58882,61746,49579,54969,35486,45820,11325,21518,6,3,3074,3208,7316,8083,8111,10876,10262,15258,12957,15344,15696,18009,25096,33267,10730,20379,372835,162913,61485,21545,104466,27346,5839,39,32
2021-06-04T23:59:59+02:00,34,15,11184,10943,23498,22808,27244,29015,36878,40892,58261,61206,49545,54928,35477,45802,11323,21512,6,2,3049,3193,7288,8063,8087,10856,10231,15234,12923,15311,15483,17800,25085,33246,10728,20378,371028,162322,59216,21532,104452,27248,5831,39,30
2021-06-03T23:59:59+02:00,32,14,10964,10724,23032,22416,26816,28680,35777,40063,55498,58857,49415,54767,35434,45738,11318,21497,5,2,2957,3114,7079,7908,7630,10557,9198,14598,11670,14604,14297,16327,24905,33029,10716,20359,367067,158952,54293,17793,104401,26936,5245,37,29
2021-06-02T23:59:59+02:00,32,14,10925,10686,22995,22381,26782,28652,35740,40022,55369,58699,49402,54740,35427,45731,11318,21496,5,2,2914,3083,7022,7885,7567,10519,9037,14556,11442,14539,12936,14837,24787,32856,10712,20352,366467,155109,54287,17782,104400,26910,5221,37,29
2021-06-01T23:59:59+02:00,19,7,10506,10338,22337,21871,26096,28073,35017,39440,52366,55551,49013,54332,35308,45568,11302,21470,5,2,2458,2726,5669,7201,6294,9944,7636,13884,10304,13576,8616,9265,24307,32173,10689,20298,355702,136885,54104,17412,104381,26330,4391,37,29
2021-05-31T23:59:59+02:00,18,6,10226,10109,21761,21474,25688,27823,34694,39237,50913,54150,48914,54208,35274,45527,11295,21462,5,2,2349,2608,5379,6955,6030,9721,7270,13645,10046,13415,8564,9203,24281,32124,10681,20285,350958,136105,54057,17292,104355,25764,3373,37,29
2021-05-30T23:59:59+02:00,17,6,10169,10059,21666,21433,25623,27788,34582,39167,50547,53809,48889,54183,35268,45521,11293,21459,5,2,2311,2578,5272,6875,5930,9652,7082,13557,9820,13318,8517,9152,24265,32117,10680,20280,349768,135506,54035,17117,104338,25459,3302,37,29
2021-05-29T23:59:59+02:00,16,6,10155,10047,21632,21413,25606,27775,34561,39154,50534,53791,48885,54179,35265,45520,11293,21459,5,2,2290,2528,5229,6747,5869,9519,6965,13359,9681,13096,8446,9060,24198,32050,10679,20279,349610,135223,54035,17064,104317,24393,3293,37,29
2021-05-28T23:59:59+02:00,16,6,10094,9977,21556,21301,25524,27654,34483,39054,50455,53692,48862,54161,35256,45512,11293,21455,5,2,2208,2260,4616,6212,5243,8799,6598,12396,9185,12101,8267,8861,23826,31568,10678,20276,348750,133712,54022,16967,104258,19108,3286,36,28
2021-05-27T23:59:59+02:00,15,6,9824,9729,21028,20924,24979,27292,33958,38675,49841,53081,48690,53970,35186,45438,11289,21435,3,2,1965,1992,4042,5694,4566,8195,6086,11624,8236,10773,7760,8200,22259,29413,10662,20254,344458,128034,53609,15835,104154,14725,3104,36,28
2021-05-26T23:59:59+02:00,15,6,9545,9481,20310,20359,24106,26621,32695,37648,49076,52377,48436,53681,35110,45327,11277,21411,3,1,1907,1919,3943,5567,4432,8029,5879,11362,7909,10389,7195,7471,19816,25978,10642,20210,339740,119520,50643,15583,104101,14560,2962,36,27
2021-05-25T23:59:59+02:00,14,6,9280,9245,19895,20002,23667,26227,32182,37130,48182,51399,48138,53363,35023,45186,11265,21382,3,1,1842,1869,3823,5467,4292,7879,5670,11136,7593,10066,6568,6628,15673,20577,10621,20152,334147,107266,50560,15540,104027,14210,2817,36,27
2021-05-24T23:59:59+02:00,14,6,9065,9084,19326,19709,22892,25839,30673,36117,47957,51228,48046,53263,34994,45156,11263,21381,3,1,1816,1851,3775,5436,4226,7836,5603,11076,7516,10009,6541,6602,15659,20568,10621,20152,332557,107140,46771,15526,103966,13915,2684,36,26
2021-05-23T23:59:59+02:00,14,6,8857,8877,18971,19416,22469,25492,30252,35796,47366,50716,47612,52808,34891,45010,11255,21372,3,1,1814,1850,3766,5431,4221,7830,5592,11068,7505,9999,6535,6590,15659,20566,10621,20152,327730,107075,46769,15524,103964,13896,2682,36,26
2021-05-22T23:59:59+02:00,14,6,8825,8839,18920,19372,22422,25461,30199,35765,47258,50645,47593,52785,34888,45001,11252,21372,3,1,1812,1846,3752,5418,4217,7824,5587,11061,7498,9995,6532,6587,15656,20565,10621,20152,327181,107035,46769,15524,103964,13874,2668,36,26
2021-05-21T23:59:59+02:00,13,6,8548,8484,18478,18857,22058,24816,29772,34956,46769,49976,47504,52660,34850,44958,11249,21367,3,1,1747,1806,3675,5380,4172,7788,5554,11014,7455,9944,6502,6561,15577,20468,10620,20151,321964,106715,46738,15523,103940,13510,2644,36,26
2021-05-20T23:59:59+02:00,12,6,7976,7939,17533,18062,21050,23901,28451,33752,45020,48149,47063,52198,34742,44803,11231,21348,3,1,1447,1642,3364,5088,3906,7400,5254,10536,7072,9489,6267,6302,14259,18919,10597,20112,310352,102942,46650,15036,103712,11168,2487,36,25
2021-05-19T23:59:59+02:00,12,6,7710,7626,16929,17459,20147,23023,27218,32490,43223,46059,46532,51641,34591,44582,11210,21316,3,1,1381,1559,3164,4874,3694,7147,5027,10184,6775,9159,5981,5966,12040,16055,10579,20051,299198,96675,46606,14557,103665,10114,2270,36,24
2021-05-18T23:59:59+02:00,11,6,7182,7086,15779,16438,18877,21775,25711,30859,40532,42823,45702,50694,34355,44278,11185,21274,3,1,1358,1534,3103,4801,3618,7026,4892,10052,6594,8947,5715,5689,10330,13872,10555,19997,283411,91519,45403,14504,103555,9876,2164,35,24
2021-05-17T23:59:59+02:00,11,6,7103,7022,15594,16325,18659,21607,25309,30530,38779,41185,45591,50613,34307,44213,11175,21250,3,1,1324,1511,3046,4754,3553,6966,4822,9948,6497,8846,5673,5649,10316,13854,10551,19989,283182,91446,40636,14223,103508,9690,1920,34,24
2021-05-16T23:59:59+02:00,10,5,6988,6969,15471,16236,18528,21499,25127,30415,35794,38417,45555,50578,34285,44189,11172,21245,3,1,1301,1492,3002,4714,3503,6907,4737,9878,6403,8766,5642,5612,10303,13838,10549,19986,282897,91395,34486,13957,103387,9580,1681,33,24
2021-05-15T23:59:59+02:00,10,5,6963,6938,15410,16179,18482,21456,25059,30370,35758,38376,45532,50551,34278,44184,11172,21245,3,1,1288,1465,2970,4643,3484,6838,4718,9797,6380,8715,5636,5608,10298,13837,10549,19986,282410,91337,34485,13952,103373,9235,1668,33,24
2021-05-14T23:59:59+02:00,10,4,6790,6566,15060,15683,18168,21037,24721,29909,35511,38026,45503,50519,34268,44179,11172,21243,3,1,1228,1404,2889,4540,3431,6736,4653,9645,6297,8585,5607,5563,10285,13827,10549,19985,281337,91246,34334,13931,101065,8427,1601,33,23
2021-05-13T23:59:59+02:00,10,4,6434,6239,14304,15100,17456,20402,23860,29168,34741,37354,45216,50175,34189,44056,11168,21232,3,1,1057,1318,2693,4426,3314,6613,4511,9472,6172,8436,5564,5524,10267,13809,10545,19980,274918,91081,34002,13850,100848,7443,1310,31,21
2021-05-12T23:59:59+02:00,10,4,6037,5968,13332,14432,16439,19597,23192,28730,34434,37070,45035,49979,34158,44025,11165,21229,3,1,1053,1316,2686,4418,3296,6608,4506,9462,6163,8431,5556,5517,10264,13804,10543,19979,268678,91016,33990,13838,100844,7438,1294,31,20
2021-05-11T23:59:59+02:00,10,4,5659,5743,12741,13979,14641,18156,20235,26205,32118,34741,43979,48719,33832,43553,11136,21179,3,0,991,1241,2568,4243,3186,6368,4388,9173,6046,8204,5483,5436,10222,13742,10535,19961,251381,90537,33710,13616,100397,6506,1112,31,19
2021-05-10T23:59:59+02:00,10,4,5510,5643,12470,13852,14286,17931,19429,25635,30741,33718,43449,48104,33774,43464,11128,21160,3,0,948,1182,2469,4080,3092,6168,4262,8909,5922,8005,5444,5403,10210,13725,10531,19952,245895,90423,33497,13555,100087,5510,798,31,19
2021-05-09T23:59:59+02:00,10,4,5107,5405,11287,13322,13285,17569,18398,25302,30196,33428,43393,48031,33748,43450,11125,21152,3,0,923,1150,2370,3973,3002,6030,4130,8732,5828,7901,5435,5389,10203,13720,10526,19948,240575,90375,33422,13513,99745,4918,439,31,18
2021-05-08T23:59:59+02:00,10,4,5095,5397,11265,13302,13260,17549,18368,25268,30155,33384,43385,48019,33747,43446,11125,21152,3,0,919,1143,2357,3966,2997,6030,4126,8726,5825,7898,5432,5386,10200,13715,10526,19948,240304,90349,33420,13513,99742,4883,434,31,18
2021-05-07T23:59:59+02:00,10,4,4994,5312,11037,13134,12971,17327,17761,24667,29205,32491,43191,47778,33691,43374,11121,21146,3,0,889,1112,2323,3911,2952,5980,4073,8672,5741,7845,5384,5338,10187,13706,10526,19947,237794,90212,31533,13509,99634,4627,223,30,18
2021-05-06T23:59:59+02:00,10,4,4579,5027,10368,12716,12211,16660,16163,23221,26658,30096,42490,47030,33524,43137,11105,21125,3,0,830,1055,2189,3663,2784,5670,3878,8198,5543,7523,5332,5284,10164,13678,10524,19941,229022,90027,28189,13195,98817,2953,66,30,18
2021-05-05T23:59:59+02:00,10,4,4271,4796,9765,12269,11490,16074,15062,22192,23805,27335,41508,45923,33241,42751,11087,21083,3,0,814,1031,2126,3539,2726,5514,3785,7987,5447,7387,5281,5229,10126,13637,10522,19938,215983,89756,28003,13057,98594,2205,56,30,18
2021-05-04T23:59:59+02:00,10,4,3923,4344,9100,11577,10716,15234,13758,20941,20202,23927,40159,44460,32867,42228,11064,21044,3,0,796,1000,2057,3422,2655,5378,3692,7834,5350,7263,5242,5183,10095,13608,10520,19935,198929,89528,27985,12758,98566,1680,49,29,18
2021-05-03T23:59:59+02:00,10,4,3680,3925,8692,11083,10234,14609,13221,20286,19477,23277,39891,44207,32788,42124,11061,21029,3,0,782,970,1989,3319,2596,5270,3631,7719,5298,7176,5226,5170,10079,13590,10517,19929,193063,89379,27973,12747,98501,1088,32,29,18
2021-05-02T23:59:59+02:00,10,4,3678,3923,8671,11074,10224,14599,13199,20274,19459,23265,39887,44204,32787,42123,11060,21029,3,0,778,952,1958,3238,2549,5174,3584,7594,5278,7111,5222,5166,10078,13586,10517,19927,192963,89359,27960,12715,98492,598,26,29,17
2021-05-01T23:59:59+02:00,10,4,3675,3916,8658,11060,10215,14588,13191,20271,19445,23257,39887,44201,32786,42123,11060,21029,3,0,776,952,1956,3238,2548,5174,3584,7594,5278,7111,5222,5166,10078,13586,10516,19927,192872,89357,27958,12712,98492,598,25,29,17
2021-04-30T23:59:59+02:00,10,3,3652,3891,8614,11025,10171,14548,13129,20231,19343,23104,39618,43877,32765,42102,11059,21029,3,0,771,946,1940,3230,2547,5166,3580,7587,5276,7104,5219,5163,10074,13585,10516,19927,191944,89329,27688,12709,98486,556,24,29,16
2021-04-29T23:59:59+02:00,10,3,3384,3716,8178,10755,9622,14262,12629,19866,18605,22373,36553,40425,32502,41736,11048,20993,3,0,758,932,1890,3169,2497,5100,3514,7446,5185,7004,5178,5128,10051,13542,10514,19921,186377,89120,21856,12553,98378,123,21,28,15
2021-04-28T23:59:59+02:00,10,3,3217,3650,7910,10644,9226,14088,12248,19631,18120,21938,32766,36108,32284,41435,11035,20971,3,0,741,915,1863,3129,2452,5051,3476,7389,5119,6940,5112,5066,9999,13483,10511,19911,175206,88904,21702,12111,98332,115,16,28,14
2021-04-27T23:59:59+02:00,9,3,3137,3584,7647,10515,8873,13914,11762,19406,17638,21446,27194,29914,31908,40929,11014,20938,3,0,731,901,1831,3093,2415,5005,3422,7330,5064,6864,5062,4996,9963,13430,10507,19902,159841,88690,21680,11688,98266,112,16,28,13
2021-04-26T23:59:59+02:00,9,3,3080,3547,7503,10450,8705,13853,11532,19340,17112,21058,27157,29880,31894,40914,11014,20938,3,0,708,869,1760,3034,2347,4949,3354,7237,4966,6758,4962,4921,9884,13346,10505,19899,159251,88554,21462,10809,97233,111,16,27,12
2021-04-25T23:59:59+02:00,9,3,3043,3530,7343,10399,8468,13803,11199,19296,16279,20589,25603,28215,31840,40850,11014,20935,3,0,708,868,1754,3029,2339,4946,3348,7229,4962,6748,4958,4916,9876,13335,10505,19899,158764,88530,21453,10771,92158,95,16,27,11
2021-04-24T23:59:59+02:00,9,3,3039,3523,7328,10384,8456,13794,11184,19286,16256,20571,25557,28152,31837,40844,11013,20934,3,0,708,868,1754,3028,2339,4946,3346,7229,4962,6748,4958,4914,9874,13334,10505,19899,158548,88522,21449,10771,92130,95,16,27,11
2021-04-23T23:59:59+02:00,9,3,3021,3505,7287,10340,8409,13753,11116,19226,16194,20506,25133,27648,31804,40788,11010,20931,3,0,698,860,1736,3019,2323,4916,3294,7190,4862,6650,4818,4791,9702,13135,10499,19884,157354,88227,21312,10033,91974,94,16,27,10
2021-04-22T23:59:59+02:00,8,3,2940,3426,7094,10154,7870,13346,9903,18428,14638,19455,23114,25215,31591,40520,10991,20901,3,0,633,810,1623,2905,2196,4749,3134,7017,4677,6449,4661,4617,9189,12477,10462,19805,152534,86305,16012,9001,91011,75,16,24,10
2021-04-21T23:59:59+02:00,8,3,2888,3378,6969,10066,7658,13190,9534,18187,14166,19007,20596,22074,31289,40131,10972,20875,3,0,583,785,1544,2826,2109,4657,3007,6874,4514,6284,4476,4437,8617,11709,10416,19712,145514,84498,15237,7962,90200,67,16,24,10
2021-04-20T23:59:59+02:00,8,3,2848,3339,6862,9976,7519,13077,9282,17967,13673,18614,17202,18008,30974,39655,10955,20840,3,0,553,749,1471,2762,2022,4577,2904,6752,4379,6122,4287,4241,7747,10489,10346,19561,136647,81554,14991,7325,89124,62,16,24,8
2021-04-19T23:59:59+02:00,8,3,2833,3330,6814,9935,7466,13040,9206,17894,13534,18496,16864,17625,30940,39619,10953,20835,3,0,494,709,1348,2666,1922,4479,2769,6594,4181,5931,4032,3940,5886,8040,10127,19155,136317,75658,14795,6537,88243,58,16,24,7
2021-04-18T23:59:59+02:00,8,3,2817,3316,6737,9909,7361,12988,9008,17828,12694,18366,15449,16215,30872,39556,10949,20828,3,0,488,703,1337,2658,1907,4468,2736,6565,4120,5880,3956,3869,5470,7405,10079,19071,136093,74150,14652,6488,84119,54,16,24,7
2021-04-17T23:59:59+02:00,8,3,2806,3311,6718,9886,7330,12967,8976,17789,12661,18346,15397,16165,30819,39486,10948,20828,3,0,488,700,1337,2656,1906,4464,2732,6560,4117,5876,3954,3866,5465,7404,10078,19070,135737,74113,14648,6486,84019,54,16,24,7
2021-04-16T23:59:59+02:00,8,3,2793,3297,6685,9871,7276,12925,8901,17737,12552,18242,15148,15883,30300,38837,10945,20820,3,0,487,697,1332,2652,1897,4460,2726,6554,4109,5867,3948,3860,5448,7375,10076,19068,134202,74011,14640,6473,83342,52,16,23,7
2021-04-15T23:59:59+02:00,8,3,2740,3242,6553,9774,7086,12747,8557,17464,12077,17775,14088,14657,28177,36025,10926,20797,3,0,478,691,1328,2625,1883,4436,2703,6524,4067,5815,3890,3785,5415,7321,10068,19055,128270,73688,14365,6335,80023,42,15,23,7
2021-04-14T23:59:59+02:00,7,1,2684,3190,6458,9679,6939,12587,8284,17196,11643,17315,12906,13271,23457,29943,10905,20741,3,0,474,684,1314,2615,1870,4417,2681,6499,4025,5777,3842,3732,5352,7265,10037,19017,115864,73382,14330,6179,76975,22,15,22,6
2021-04-13T23:59:59+02:00,7,1,2633,3154,6330,9593,6786,12452,8006,16945,11216,16890,10240,10342,20368,25766,10881,20697,3,0,457,660,1267,2571,1818,4354,2574,6399,3843,5614,3630,3547,5200,7126,10028,18994,107408,73032,14135,5014,70727,18,15,22,6
2021-04-12T23:59:59+02:00,7,1,2612,3140,6270,9564,6679,12366,7813,16816,10967,16679,8876,8848,19546,24792,10879,20688,3,0,451,652,1248,2553,1801,4329,2540,6360,3793,5562,3566,3499,5165,7085,10023,18972,107277,72892,14080,4673,65149,16,15,22,6
2021-04-11T23:59:59+02:00,7,1,2584,3129,6172,9538,6563,12329,7648,16765,10764,16574,7601,7571,17814,22813,10877,20684,3,0,450,652,1247,2551,1801,4328,2540,6360,3789,5557,3561,3498,5159,7083,10023,18972,107200,72879,14073,4661,58125,14,14,22,6
2021-04-10T23:59:59+02:00,7,1,2582,3127,6162,9533,6554,12324,7642,16760,10757,16566,7592,7559,17804,22806,10877,20684,3,0,450,648,1244,2547,1800,4325,2538,6356,3785,5556,3552,3484,5151,7068,10023,18972,107113,72815,14073,4654,58116,14,13,22,6
2021-04-09T23:59:59+02:00,7,1,2520,3028,6025,9324,6399,12062,7387,16354,10444,16070,7433,7351,17685,22626,10876,20682,3,0,445,643,1226,2534,1774,4307,2506,6305,3706,5474,3433,3374,5008,6969,10018,18970,106630,72724,14043,3941,55567,12,12,22,6
2021-04-08T23:59:59+02:00,7,1,2441,2957,5929,9204,6295,11932,7215,16169,10188,15882,7235,7090,16419,21165,10866,20651,3,0,437,637,1210,2500,1748,4270,2477,6233,3651,5408,3355,3327,4927,6864,9996,18924,102968,72269,13689,3670,54956,11,11,22,6
2021-04-07T23:59:59+02:00,7,1,2413,2921,5856,9132,6202,11858,7082,16067,9945,15730,6937,6763,14091,18211,10845,20604,3,0,431,635,1199,2487,1735,4246,2463,6193,3583,5349,3282,3273,4868,6802,9987,18894,96790,71981,13529,3422,54315,10,11,20,6
2021-04-06T23:59:59+02:00,7,1,2396,2891,5756,9065,6111,11778,6928,15954,9702,15548,6581,6400,11978,15588,10818,20545,3,0,427,628,1190,2459,1724,4223,2437,6155,3518,5285,3196,3224,4822,6750,9981,18876,91728,71734,13229,3140,53061,10,9,20,5
2021-04-05T23:59:59+02:00,7,1,2388,2880,5736,9048,6100,11759,6911,15934,9682,15520,6455,6300,10700,14290,10817,20544,3,0,423,620,1186,2444,1718,4207,2421,6123,3485,5244,3167,3185,4801,6705,9974,18858,91643,71539,13190,3003,50212,9,8,19,5
2021-04-04T23:59:59+02:00,7,1,2388,2879,5733,9044,6098,11759,6909,15934,9680,15518,6450,6295,10700,14288,10817,20544,3,0,423,619,1186,2443,1718,4207,2420,6123,3485,5244,3166,3185,4798,6705,9973,18856,91633,71530,13187,3002,50199,9,8,17,5
2021-04-03T23:59:59+02:00,7,1,2384,2872,5726,9036,6092,11754,6904,15930,9677,15515,6447,6290,10693,14285,10817,20544,3,0,423,619,1186,2443,1718,4207,2420,6123,3485,5243,3166,3185,4798,6705,9973,18856,91573,71529,13184,3002,50192,9,8,17,5
2021-04-02T23:59:59+02:00,7,1,2382,2870,5721,9029,6089,11751,6899,15929,9672,15512,6443,6283,10678,14256,10816,20543,3,0,420,617,1185,2443,1717,4206,2418,6123,3484,5236,3141,3168,4788,6696,9973,18856,91485,71451,13181,3001,50191,9,8,16,5
2021-04-01T23:59:59+02:00,7,1,2361,2867,5691,8999,6046,11708,6858,15874,9616,15456,6349,6186,10380,13907,10793,20494,3,0,418,601,1182,2437,1710,4195,2402,6106,3457,5215,3073,3117,4725,6619,9895,18738,90493,70874,13158,2998,49919,9,7,16,5
2021-03-31T23:59:59+02:00,7,1,2327,2840,5616,8930,5977,11613,6756,15762,9482,15323,6206,6043,9828,13157,10746,20400,3,0,412,595,1176,2425,1703,4179,2395,6093,3437,5181,3041,3084,4675,6561,9837,18636,88500,70420,12942,2996,49552,9,4,16,4
2021-03-30T23:59:59+02:00,7,1,2307,2822,5569,8871,5914,11537,6682,15663,9385,15178,6017,5827,8913,11809,10668,20217,3,0,410,590,1172,2421,1690,4162,2377,6071,3403,5137,2983,3015,4583,6463,9705,18394,85398,69710,12560,2854,49412,9,3,14,3
2021-03-29T23:59:59+02:00,6,1,2240,2767,5466,8758,5804,11388,6514,15433,9149,14923,5656,5452,6959,9273,10442,19787,3,0,402,587,1161,2410,1676,4150,2351,6044,3373,5081,2913,2947,4460,6357,9497,18054,79271,68737,11752,2714,48979,9,3,13,3
2021-03-28T23:59:59+02:00,6,1,2218,2754,5422,8697,5729,11310,6426,15347,9031,14803,5530,5299,6310,8333,10375,19669,3,0,392,579,1145,2394,1649,4123,2304,5983,3317,4990,2829,2867,4344,6211,9421,17913,76954,68267,11493,2188,48797,5,3,13,1
2021-03-27T23:59:59+01:00,6,1,2217,2747,5413,8691,5725,11295,6411,15325,9020,14790,5502,5272,6299,8330,10375,19667,3,0,392,579,1143,2393,1648,4118,2300,5980,3308,4983,2823,2864,4328,6186,9339,17764,76845,67955,11493,2187,48732,5,3,13,1
2021-03-26T23:59:59+01:00,6,1,2200,2726,5376,8653,5686,11244,6333,15254,8870,14640,5335,5122,6128,8148,10372,19658,3,0,388,571,1135,2380,1632,4089,2272,5944,3274,4929,2762,2800,4139,5926,8619,16565,76497,65270,10653,2149,48588,5,3,11,1
2021-03-25T23:59:59+01:00,6,0,2083,2646,5198,8436,5484,10966,6126,14951,8628,14351,5171,4969,6031,8026,10369,19650,3,0,379,556,1115,2354,1609,4059,2226,5886,3199,4850,2663,2693,3761,5430,7454,14792,76036,61093,9696,1929,47346,4,2,11,1
2021-03-24T23:59:59+01:00,6,0,1999,2598,5047,8275,5322,10772,5960,14712,8421,14120,5030,4810,5916,7908,10363,19639,3,0,375,544,1102,2326,1576,4004,2167,5820,3110,4749,2526,2579,3327,4808,6027,12527,75652,55985,8532,1578,46701,4,2,11,1
2021-03-23T23:59:59+01:00,6,0,1923,2546,4934,8152,5221,10629,5838,14520,8302,13950,4947,4724,5848,7848,10356,19620,3,0,364,518,1082,2291,1543,3946,2123,5730,3028,4657,2437,2485,2874,4163,4071,9238,75256,49118,7778,1429,46317,3,2,11,1
2021-03-22T23:59:59+01:00,6,0,1861,2482,4796,8017,5085,10452,5677,14288,8110,13737,4839,4609,5778,7740,10339,19580,2,0,337,501,1054,2253,1498,3872,2057,5619,2926,4505,2320,2332,2340,3462,1467,4967,74752,40320,6740,1188,45892,1,2,10,1
2021-03-21T23:59:59+01:00,6,0,1859,2476,4785,8004,5070,10441,5661,14270,8080,13712,4817,4594,5761,7727,10334,19579,2,0,336,501,1049,2239,1489,3843,2039,5581,2900,4455,2279,2283,2298,3421,1450,4921,74727,40178,6687,904,45750,1,2,10,1
2021-03-20T23:59:59+01:00,6,0,1859,2476,4783,8003,5069,10439,5660,14269,8072,13706,4815,4591,5753,7718,10334,19579,2,0,336,500,1049,2239,1489,3843,2039,5581,2898,4454,2278,2280,2298,3421,1449,4921,74712,40174,6685,899,45723,1,2,10,1
2021-03-19T23:59:59+01:00,6,0,1805,2232,4275,6722,4662,9456,5390,13709,7850,13303,4688,4491,5682,7651,10333,19579,2,0,335,500,1049,2239,1489,3842,2038,5580,2897,4454,2276,2279,2292,3414,1447,4918,74648,40155,6671,892,40503,1,2,10,1
2021-03-18T23:59:59+01:00,6,0,1749,1978,3859,5664,4133,8079,4574,11168,6489,9967,4318,4189,5475,7427,10312,19540,2,0,334,497,1042,2226,1480,3817,2011,5542,2872,4430,2255,2263,2267,3385,1442,4909,74208,39962,6606,808,28102,1,2,9,1
2021-03-17T23:59:59+01:00,6,0,1743,1969,3847,5637,4116,8049,4550,11102,6438,9892,4278,4142,5431,7381,10304,19512,1,0,331,496,1038,2218,1474,3808,2004,5527,2862,4403,2228,2234,2245,3370,1435,4893,73937,39804,6540,759,27909,1,2,9,1
2021-03-16T23:59:59+01:00,6,0,1718,1936,3787,5554,4045,7943,4423,10940,6230,9694,4053,3952,5288,7222,10297,19488,1,0,328,492,1037,2199,1469,3795,1995,5511,2853,4383,2218,2219,2232,3340,1426,4862,73622,39627,5261,729,27682,1,2,9,1
2021-03-15T23:59:59+01:00,6,0,1708,1915,3763,5517,4019,7905,4372,10871,6150,9608,3966,3885,5231,7160,10288,19461,1,0,325,488,1028,2183,1461,3789,1979,5475,2835,4355,2203,2187,2207,3275,1415,4823,73387,39406,4893,621,27536,1,0,9,1
2021-03-14T23:59:59+01:00,6,0,1702,1905,3755,5507,4014,7888,4363,10840,6141,9585,3958,3874,5225,7152,10287,19459,1,0,325,488,1026,2183,1456,3786,1976,5473,2817,4349,2197,2184,2196,3264,1410,4821,73351,39398,4876,552,27425,1,0,9,1
2021-03-13T23:59:59+01:00,6,0,1698,1899,3740,5483,4007,7877,4343,10829,6126,9569,3955,3871,5222,7149,10287,19459,1,0,325,488,1026,2183,1456,3786,1976,5472,2817,4348,2196,2183,2196,3262,1401,4814,73324,39376,4871,552,27316,1,0,9,1
2021-03-12T23:59:59+01:00,5,0,1660,1841,3232,5337,3491,7760,4209,10704,5900,9276,3785,3724,5078,7035,10261,19410,1,0,320,466,1022,2153,1448,3761,1956,5401,2764,4263,2016,2028,2136,3212,1394,4808,73100,38604,4135,544,25464,0,0,9,1
2021-03-11T23:59:59+01:00,5,0,1554,1702,2850,5076,3051,7502,3928,10290,5267,8383,3555,3549,4969,6913,10221,19354,1,0,318,465,1019,2140,1445,3741,1949,5382,2755,4246,2009,2020,2121,3195,1388,4787,72513,38476,3868,504,21781,0,0,7,1
2021-03-10T23:59:59+01:00,5,0,1522,1668,2810,5031,3012,7443,3872,10202,5157,8266,3429,3443,4851,6798,10173,19287,1,0,316,464,1018,2136,1441,3730,1945,5368,2743,4225,1990,2012,2094,3162,1378,4772,72094,38387,3535,407,21333,0,0,7,1
2021-03-09T23:59:59+01:00,5,0,1512,1652,2773,5002,2990,7399,3833,10142,5075,8187,3328,3355,4767,6709,10064,19075,1,0,313,463,1014,2127,1434,3717,1919,5346,2701,4195,1947,1987,2040,3133,1366,4762,71484,38354,3264,110,21114,0,0,6,1
2021-03-08T23:59:59+01:00,5,0,1496,1637,2744,4973,2961,7368,3809,10094,5051,8125,3286,3315,4690,6647,9883,18771,1,0,312,463,1012,2123,1426,3701,1902,5313,2682,4167,1928,1968,2013,3110,1359,4743,70678,38204,3256,18,20915,0,0,6,1
2021-03-07T23:59:59+01:00,5,0,1483,1626,2714,4930,2926,7320,3773,10033,5009,8066,3252,3281,4624,6545,9805,18625,1,0,312,462,1011,2122,1425,3695,1899,5303,2681,4162,1924,1965,2009,3106,1355,4734,70137,38149,3202,16,20673,0,0,5,1
2021-03-06T23:59:59+01:00,5,0,1482,1625,2709,4918,2923,7311,3765,10026,4991,8050,3242,3271,4601,6506,9714,18453,1,0,312,462,1009,2119,1425,3693,1893,5294,2679,4160,1919,1957,2003,3104,1354,4731,69741,38099,3202,16,20644,0,0,5,0
2021-03-05T23:59:59+01:00,5,0,1409,1549,2610,4757,2866,7153,3680,9819,4891,7854,3192,3211,4381,6216,8992,17243,1,0,312,462,1007,2117,1421,3688,1891,5293,2676,4154,1911,1953,1998,3101,1349,4727,67047,38045,3199,16,19577,0,0,5,0
2021-03-04T23:59:59+01:00,5,0,1235,1442,2444,4557,2697,6882,3512,9475,4633,7512,3075,3085,4016,5757,7797,15399,1,0,310,454,998,2093,1405,3648,1863,5240,2648,4106,1883,1928,1965,3046,1321,4681,62781,37574,3196,16,17541,0,0,5,0
2021-03-03T23:59:59+01:00,5,0,1201,1389,2368,4449,2636,6759,3426,9308,4535,7368,2988,3015,3633,5151,6375,13167,1,0,306,445,987,2070,1393,3620,1849,5190,2593,4051,1833,1892,1937,3013,1305,4650,57632,37119,3168,16,16969,0,0,4,0
2021-03-02T23:59:59+01:00,5,0,1168,1350,2307,4390,2587,6666,3344,9184,4398,7219,2873,2890,3145,4480,4325,9757,1,0,301,435,982,2043,1380,3578,1834,5135,2561,4024,1823,1876,1917,2985,1291,4622,50484,36772,2917,16,16684,0,0,3,0
2021-03-01T23:59:59+01:00,5,0,1108,1321,2245,4329,2513,6578,3249,9055,4256,7031,2739,2754,2569,3731,1546,5207,1,0,300,432,975,2031,1369,3560,1826,5120,2548,4008,1805,1865,1901,2965,1280,4593,41258,36563,2526,16,16449,0,0,3,0
2021-02-28T23:59:59+01:00,5,0,1072,1306,2204,4293,2483,6533,3201,8998,4194,6973,2674,2706,2520,3700,1538,5187,1,0,300,431,972,2024,1367,3547,1823,5106,2542,3998,1798,1854,1888,2953,1272,4578,41162,36438,2232,16,16190,0,0,3,0
2021-02-27T23:59:59+01:00,5,0,1031,1224,2136,4052,2425,6299,3138,8700,4104,6720,2619,2649,2500,3676,1535,5187,1,0,300,431,971,2024,1367,3547,1823,5105,2541,3998,1798,1853,1886,2952,1272,4578,41054,36431,2231,16,14712,0,0,3,0
2021-02-26T23:59:59+01:00,4,0,865,974,1938,3663,2264,5638,2923,7782,3794,5928,2571,2595,2481,3660,1531,5184,1,0,300,431,971,2020,1365,3545,1821,5104,2539,3997,1798,1850,1879,2951,1270,4571,41035,36397,2142,16,10615,0,0,3,0
2021-02-25T23:59:59+01:00,4,0,532,817,1661,3463,2084,5333,2726,7385,3566,5627,2489,2515,2440,3599,1527,5169,1,0,291,410,946,1967,1334,3474,1789,5023,2510,3933,1773,1822,1839,2905,1241,4531,40839,35776,1880,13,8216,0,0,2,0
2021-02-24T23:59:59+01:00,3,0,511,798,1626,3365,2020,5201,2666,7203,3499,5486,2421,2468,2403,3570,1517,5133,1,0,282,405,930,1936,1320,3420,1776,4962,2486,3888,1762,1804,1830,2886,1229,4500,40644,35413,1709,4,7535,0,0,2,0
2021-02-23T23:59:59+01:00,3,0,490,760,1566,3261,1965,5060,2588,7072,3414,5381,2360,2410,2364,3511,1502,5098,1,0,280,401,925,1920,1313,3390,1767,4930,2465,3855,1742,1784,1810,2850,1213,4444,40487,35087,1435,3,6881,0,0,2,0
2021-02-22T23:59:59+01:00,2,0,474,729,1512,3161,1925,4920,2529,6853,3353,5236,2349,2311,2348,3431,1496,5053,1,0,279,398,922,1908,1305,3363,1749,4894,2450,3824,1722,1765,1782,2819,1198,4395,40270,34773,1169,1,6241,0,0,2,0
2021-02-21T23:59:59+01:00,2,0,465,690,1453,3017,1877,4770,2477,6693,3270,5133,2313,2278,2320,3411,1486,5047,1,0,279,397,919,1900,1304,3354,1744,4883,2446,3815,1720,1763,1781,2817,1198,4394,40226,34714,936,1,5538,0,0,2,0
2021-02-20T23:59:59+01:00,2,0,459,684,1444,3013,1872,4770,2474,6690,3265,5129,2310,2277,2320,3410,1484,5046,1,0,279,397,919,1899,1304,3353,1744,4883,2444,3814,1719,1762,1778,2817,1197,4392,40220,34701,931,1,5496,0,0,2,0
2021-02-19T23:59:59+01:00,1,0,436,647,1415,2951,1844,4713,2433,6590,3178,5011,2129,2114,2256,3361,1479,5040,1,0,277,396,918,1897,1303,3352,1744,4878,2441,3813,1718,1761,1776,2816,1197,4391,39466,34678,911,1,5219,0,0,2,0
2021-02-18T23:59:59+01:00,1,0,408,590,1310,2710,1740,4470,2296,6328,3074,4830,2100,2098,2240,3344,1474,5029,1,0,277,390,911,1864,1294,3312,1726,4830,2422,3775,1707,1749,1759,2804,1185,4371,39387,34376,837,1,3816,0,0,2,0
2021-02-17T23:59:59+01:00,1,0,391,558,1272,2578,1683,4295,2226,6087,3014,4681,2081,2079,2216,3324,1460,5019,1,0,266,373,875,1777,1250,3183,1666,4671,2347,3640,1628,1679,1682,2690,1131,4250,39231,33109,786,0,2946,0,0,2,0
2021-02-16T23:59:59+01:00,1,0,373,528,1219,2458,1633,4161,2147,5902,2933,4545,2072,2074,2208,3317,1454,5006,1,0,258,356,854,1695,1195,3045,1603,4468,2274,3461,1577,1624,1618,2587,1099,4113,39167,31828,755,0,2107,0,0,2,0
2021-02-15T23:59:59+01:00,1,0,363,506,1148,2318,1588,4086,2115,5849,2905,4504,2053,2058,2183,3286,1446,4985,1,0,252,337,830,1650,1163,2969,1547,4329,2201,3341,1500,1558,1560,2474,1052,3923,39060,30687,640,0,1692,0,0,2,0
2021-02-14T23:59:59+01:00,1,0,354,500,1124,2263,1525,3925,2074,5756,2874,4465,2047,2055,2171,3276,1443,4978,1,0,246,332,812,1621,1147,2929,1505,4277,2163,3311,1484,1537,1535,2437,1035,3877,39041,30249,571,0,1217,0,0,2,0
2021-02-13T23:59:59+01:00,1,0,354,500,1123,2263,1525,3924,2072,5755,2874,4465,2046,2053,2170,3276,1442,4975,1,0,246,332,811,1621,1147,2929,1504,4275,2163,3311,1482,1534,1534,2436,1035,3876,39030,30237,571,0,1216,0,0,1,0
2021-02-12T23:59:59+01:00,1,0,346,496,1105,2255,1520,3911,2067,5747,2871,4459,2032,2043,2164,3263,1437,4972,1,0,244,331,805,1616,1141,2920,1488,4257,2145,3298,1469,1518,1519,2404,1028,3839,38964,30023,563,0,1161,0,0,1,0
2021-02-11T23:59:59+01:00,1,0,323,472,1041,2159,1467,3784,1973,5483,2786,4340,2001,2010,2124,3195,1407,4914,1,0,223,303,754,1511,1061,2696,1362,3900,1956,2992,1280,1305,1345,2124,913,3467,38565,27193,526,0,388,0,0,1,0
2021-02-10T23:59:59+01:00,1,0,317,463,1020,2120,1428,3706,1919,5321,2692,4160,1930,1960,2076,3153,1385,4888,1,0,198,260,661,1323,932,2307,1175,3297,1713,2572,1117,1126,1193,1873,793,3093,38150,23634,386,0,2,0,0,1,0
2021-02-09T23:59:59+01:00,1,0,311,451,1012,2089,1413,3654,1875,5255,2626,4105,1872,1920,2004,3098,1364,4866,1,0,165,200,560,1062,782,1860,968,2684,1443,2158,965,965,994,1582,669,2641,37848,19699,65,0,2,0,0,1,0
2021-02-08T23:59:59+01:00,1,0,309,449,1009,2082,1402,3638,1867,5232,2606,4088,1858,1909,1985,3081,1358,4841,1,0,116,165,459,847,618,1441,769,2035,1164,1670,773,789,792,1246,532,2158,37692,15575,20,0,2,0,0,1,0
2021-02-07T23:59:59+01:00,1,0,309,449,1007,2081,1401,3633,1864,5229,2599,4085,1852,1900,1969,3073,1354,4833,1,0,106,146,410,703,544,1266,689,1819,1067,1522,696,708,709,1122,455,1914,37621,13877,17,0,0,0,0,1,0
2021-02-06T23:59:59+01:00,1,0,309,449,1006,2080,1401,3630,1864,5227,2599,4082,1852,1899,1964,3071,1351,4831,1,0,105,145,405,700,539,1242,673,1800,1056,1501,693,704,704,1118,454,1910,37598,13750,17,0,0,0,0,1,0
2021-02-05T23:59:59+01:00,1,0,309,448,1004,2076,1397,3621,1860,5213,2593,4076,1851,1898,1956,3062,1341,4817,1,0,101,137,389,682,522,1212,641,1748,1006,1438,656,653,655,1044,427,1816,37505,13128,17,0,0,0,0,1,0
2021-02-04T23:59:59+01:00,1,0,301,431,993,2044,1378,3567,1840,5136,2578,4028,1835,1877,1929,3027,1321,4784,1,0,77,106,288,461,363,819,457,1186,694,979,510,478,507,825,339,1454,37052,9544,17,0,0,0,0,1,0
2021-02-03T23:59:59+01:00,1,0,297,422,974,2018,1362,3529,1826,5087,2544,3985,1815,1854,1914,3003,1307,4768,1,0,60,82,243,393,293,641,348,925,534,729,341,333,369,585,247,1067,36688,7191,17,0,0,0,0,1,0
2021-02-02T23:59:59+01:00,1,0,292,415,968,1989,1354,3496,1815,5040,2521,3950,1797,1838,1886,2961,1285,4717,0,0,40,63,186,310,245,488,266,741,386,560,237,216,235,390,167,703,36307,5233,17,0,0,0,0,1,0
2021-02-01T23:59:59+01:00,1,0,291,413,963,1981,1351,3481,1807,5019,2512,3931,1789,1827,1872,2946,1281,4702,0,0,20,39,137,224,169,313,170,492,242,323,119,109,102,189,78,314,36149,3040,17,0,0,0,0,1,0
2021-01-31T23:59:59+01:00,1,0,290,412,961,1973,1348,3472,1804,5000,2508,3917,1785,1819,1868,2938,1278,4692,0,0,19,34,119,196,151,271,153,411,204,278,100,95,94,161,70,274,36048,2630,17,0,0,0,0,1,0
2021-01-30T23:59:59+01:00,1,0,290,412,961,1973,1348,3472,1804,5000,2508,3917,1784,1819,1868,2937,1278,4691,0,0,19,34,118,196,151,268,150,408,203,278,99,94,94,161,70,274,36045,2617,17,0,0,0,0,1,0
2021-01-29T23:59:59+01:00,1,0,288,409,960,1971,1347,3464,1798,4991,2505,3914,1778,1812,1859,2925,1271,4669,0,0,17,33,116,186,142,260,138,380,171,251,72,70,84,139,63,238,35944,2360,17,0,0,0,0,1,0
2021-01-28T23:59:59+01:00,1,0,285,400,941,1916,1323,3400,1773,4929,2477,3850,1756,1790,1827,2894,1252,4633,0,0,1,0,11,20,8,20,11,45,9,22,6,4,7,10,3,15,35431,192,15,0,0,0,0,1,0
2021-01-27T23:59:59+01:00,1,0,279,382,908,1835,1287,3286,1712,4806,2417,3750,1699,1741,1782,2825,1212,4545,0,0,1,0,6,6,5,12,7,19,5,12,4,4,7,10,3,14,34455,115,11,0,0,0,0,1,0
2021-01-26T23:59:59+01:00,1,0,274,372,898,1820,1273,3246,1694,4750,2386,3683,1666,1708,1743,2752,1194,4453,0,0,1,0,6,6,5,12,7,19,5,12,4,4,7,10,3,14,33905,115,7,0,0,0,0,1,0
2021-01-25T23:59:59+01:00,1,0,263,348,857,1701,1203,3082,1603,4479,2280,3475,1605,1655,1686,2664,1144,4266,0,0,1,0,2,3,1,4,4,2,5,5,4,4,6,9,2,14,32308,66,3,0,0,0,0,1,0
2021-01-24T23:59:59+01:00,1,0,259,345,846,1681,1193,3059,1572,4446,2254,3454,1594,1646,1674,2652,1138,4258,0,0,1,0,2,2,1,4,4,2,5,5,4,4,6,9,2,14,32068,65,3,0,0,0,0,1,0
2021-01-23T23:59:59+01:00,1,0,259,345,845,1681,1192,3058,1572,4442,2253,3453,1593,1646,1673,2651,1137,4253,0,0,1,0,2,2,1,4,4,2,5,5,4,4,6,9,2,14,32050,65,3,0,0,0,0,1,0
2021-01-22T23:59:59+01:00,1,0,258,343,838,1678,1188,3053,1569,4435,2240,3448,1581,1634,1667,2632,1131,4231,0,0,1,0,2,2,1,4,4,2,5,5,4,4,6,9,2,14,31924,65,3,0,0,0,0,0,0
2021-01-21T23:59:59+01:00,1,0,246,332,811,1610,1163,2926,1513,4273,2160,3313,1482,1530,1530,2464,1046,4040,0,0,1,0,1,2,1,4,4,2,4,5,4,3,5,9,1,14,30437,60,3,0,0,0,0,0,0
2021-01-20T23:59:59+01:00,1,0,224,291,737,1455,1071,2608,1378,3814,1987,2958,1359,1382,1406,2266,968,3799,0,0,1,0,1,2,1,4,4,2,3,5,4,3,5,9,1,14,27702,59,2,0,0,0,0,0,0
2021-01-19T23:59:59+01:00,1,0,193,234,635,1207,926,2163,1155,3197,1698,2527,1174,1178,1170,1922,806,3227,0,0,1,0,1,1,1,2,4,1,2,5,4,3,5,9,1,14,23411,54,2,0,0,0,0,0,0
2021-01-18T23:59:59+01:00,1,0,137,185,502,947,714,1647,887,2327,1321,1915,912,946,935,1516,630,2576,0,0,0,0,0,0,0,0,0,0,1,2,2,1,0,0,0,0,18097,6,1,0,0,0,0,0,0
2021-01-17T23:59:59+01:00,1,0,123,160,443,776,629,1424,785,2074,1206,1724,845,867,851,1378,556,2356,0,0,0,0,0,0,0,0,0,0,0,1,0,0,0,0,0,0,16198,1,0,0,0,0,0,0,0
2021-01-16T23:59:59+01:00,1,0,122,159,439,775,627,1416,775,2070,1197,1718,843,862,846,1367,548,2340,0,0,0,0,0,0,0,0,0,0,0,0,0,0,0,0,0,0,16105,0,0,0,0,0,0,0,0
2021-01-15T23:59:59+01:00,1,0,111,152,426,754,600,1377,743,1992,1135,1636,799,808,799,1278,517,2215,0,0,0,0,0,0,0,0,0,0,0,0,0,0,0,0,0,0,15343,0,0,0,0,0,0,0,0
2021-01-14T23:59:59+01:00,1,0,78,113,305,488,399,891,513,1285,777,1074,584,560,580,943,399,1686,0,0,0,0,0,0,0,0,0,0,0,0,0,0,0,0,0,0,10676,0,0,0,0,0,0,0,0
2021-01-13T23:59:59+01:00,1,0,60,86,255,410,323,675,380,982,570,764,368,357,394,638,284,1176,0,0,0,0,0,0,0,0,0,0,0,0,0,0,0,0,0,0,7723,0,0,0,0,0,0,0,0
2021-01-12T23:59:59+01:00,0,0,49,70,207,350,259,548,280,809,415,599,248,228,245,426,191,788,0,0,0,0,0,0,0,0,0,0,0,0,0,0,0,0,0,0,5712,0,0,0,0,0,0,0,0
2021-01-11T23:59:59+01:00,0,0,33,51,179,300,212,445,221,649,305,422,151,131,140,259,106,452,0,0,0,0,0,0,0,0,0,0,0,0,0,0,0,0,0,0,4056,0,0,0,0,0,0,0,0
2021-01-10T23:59:59+01:00,0,0,25,42,157,251,183,367,180,537,255,361,130,110,125,214,94,362,0,0,0,0,0,0,0,0,0,0,0,0,0,0,0,0,0,0,3393,0,0,0,0,0,0,0,0
2021-01-09T23:59:59+01:00,0,0,25,42,156,249,182,364,178,531,254,360,129,109,125,214,94,362,0,0,0,0,0,0,0,0,0,0,0,0,0,0,0,0,0,0,3374,0,0,0,0,0,0,0,0
2021-01-08T23:59:59+01:00,0,0,23,40,153,239,174,354,165,500,224,334,105,93,119,198,87,335,0,0,0,0,0,0,0,0,0,0,0,0,0,0,0,0,0,0,3143,0,0,0,0,0,0,0,0
2021-01-07T23:59:59+01:00,0,0,2,0,6,10,8,15,10,7,19,11,10,11,14,21,3,35,0,0,0,0,0,0,0,0,0,0,0,0,0,0,0,0,0,0,182,0,0,0,0,0,0,0,0
2021-01-06T23:59:59+01:00,0,0,1,0,3,4,1,7,5,2,5,6,6,4,7,10,1,16,0,0,0,0,0,0,0,0,0,0,0,0,0,0,0,0,0,0,78,0,0,0,0,0,0,0,0
2021-01-05T23:59:59+01:00,0,0,1,0,3,3,1,6,5,2,5,5,6,4,6,10,1,15,0,0,0,0,0,0,0,0,0,0,0,0,0,0,0,0,0,0,73,0,0,0,0,0,0,0,0
2021-01-04T23:59:59+01:00,0,0,1,0,2,3,1,5,4,2,5,5,6,4,5,9,1,15,0,0,0,0,0,0,0,0,0,0,0,0,0,0,0,0,0,0,68,0,0,0,0,0,0,0,0
2021-01-03T23:59:59+01:00,0,0,1,0,2,2,1,5,4,2,5,5,5,4,5,9,1,15,0,0,0,0,0,0,0,0,0,0,0,0,0,0,0,0,0,0,66,0,0,0,0,0,0,0,0
2021-01-02T23:59:59+01:00,0,0,1,0,2,2,1,5,4,2,5,5,5,4,5,9,1,15,0,0,0,0,0,0,0,0,0,0,0,0,0,0,0,0,0,0,66,0,0,0,0,0,0,0,0
2021-01-01T23:59:59+01:00,0,0,1,0,2,2,1,4,4,2,5,5,5,4,5,9,1,15,0,0,0,0,0,0,0,0,0,0,0,0,0,0,0,0,0,0,65,0,0,0,0,0,0,0,0
2020-12-31T23:59:59+01:00,0,0,1,0,2,2,1,4,4,2,4,5,5,4,5,9,1,15,0,0,0,0,0,0,0,0,0,0,0,0,0,0,0,0,0,0,64,0,0,0,0,0,0,0,0
2020-12-30T23:59:59+01:00,0,0,1,0,2,2,1,4,4,2,3,5,5,4,5,9,1,15,0,0,0,0,0,0,0,0,0,0,0,0,0,0,0,0,0,0,63,0,0,0,0,0,0,0,0
2020-12-29T23:59:59+01:00,0,0,0,0,1,1,1,2,4,1,2,5,5,4,5,9,1,15,0,0,0,0,0,0,0,0,0,0,0,0,0,0,0,0,0,0,56,0,0,0,0,0,0,0,0
2020-12-28T23:59:59+01:00,0,0,0,0,1,1,1,1,2,0,1,5,4,1,1,0,0,2,0,0,0,0,0,0,0,0,0,0,0,0,0,0,0,0,0,0,20,0,0,0,0,0,0,0,0
2020-12-27T23:59:59+01:00,0,0,0,0,1,1,1,1,2,0,0,3,2,0,1,0,0,2,0,0,0,0,0,0,0,0,0,0,0,0,0,0,0,0,0,0,14,0,0,0,0,0,0,0,0
