Datum,<15_m,<15_w,15-24_1_m,15-24_1_w,25-34_1_m,25-34_1_w,35-44_1_m,35-44_1_w,45-54_1_m,45-54_1_w,55-64_1_m,55-64_1_w,65-74_1_m,65-74_1_w,75-84_1_m,75-84_1_w,>84_1_m,>84_1_w,<24_2_m,<24_2_w,25-34_2_m,25-34_2_w,35-44_2_m,35-44_2_w,45-54_2_m,45-54_2_w,55-64_2_m,55-64_2_w,65-74_2_m,65-74_2_w,75-84_2_m,75-84_2_w,>84_2_m,>84_2_w,bp_1,bp_2,mo_1,mo_2,az_1,az_2,ja,unb_1,unb_2
2021-08-13T23:59:59+02:00,3063,2837,32531,31429,49001,43667,50631,49270,61491,61776,71894,72482,52771,58346,36450,47229,11100,21103,20886,20085,40988,36383,45492,44023,56854,57055,67833,68535,50734,56011,35285,45625,10733,20329,550860,489121,76799,66310,105443,100200,23937,32,24
2021-08-12T23:59:59+02:00,3046,2811,32484,31382,48967,43628,50594,49243,61441,61751,71858,72448,52756,58328,36435,47220,11099,21100,20433,19783,40106,35634,45142,43708,56652,56891,67662,68377,50666,55934,35256,45582,10728,20322,550466,485091,76796,66309,105441,100195,23856,32,24
2021-08-11T23:59:59+02:00,3005,2780,32427,31339,48934,43596,50572,49219,61415,61725,71829,72420,52735,58304,36426,47211,11098,21096,19550,18916,38813,34483,44556,43142,56296,56570,67373,68114,50545,55800,35219,45524,10726,20309,550071,477841,76790,66305,105440,100175,23798,32,24
2021-08-10T23:59:59+02:00,2989,2761,32376,31296,48900,43568,50543,49187,61397,61686,71790,72376,52713,58288,36416,47188,11097,21091,18534,17959,36777,32659,43690,42279,55850,56181,66990,67774,50398,55650,35160,45430,10721,20290,549621,467792,76790,66303,105439,100165,23780,32,24
2021-08-09T23:59:59+02:00,2973,2754,32347,31273,48880,43554,50518,49171,61380,61670,71773,72362,52704,58279,36411,47178,11095,21090,17189,16634,33988,30373,43053,41675,55456,55835,66673,67461,50265,55511,35111,45384,10716,20272,549396,456289,76790,66301,105435,100152,23759,32,24
2021-08-08T23:59:59+02:00,2970,2754,32335,31263,48871,43549,50513,49166,61374,61663,71770,72361,52703,58277,36411,47175,11095,21089,17163,16605,33967,30360,43017,41643,55444,55822,66664,67456,50260,55506,35110,45381,10715,20271,549345,456106,76790,66296,105424,100133,23748,32,24
2021-08-07T23:59:59+02:00,2969,2749,32328,31253,48868,43541,50508,49166,61371,61660,71763,72359,52702,58275,36410,47175,11095,21089,17136,16575,33939,30341,42984,41613,55424,55805,66653,67449,50254,55504,35108,45381,10715,20270,549296,455879,76790,66293,105424,100132,23739,32,24
2021-08-06T23:59:59+02:00,2883,2657,31990,31038,48617,43349,50259,48946,61090,61457,71492,72196,52570,58172,36357,47124,11092,21080,16934,16442,33240,29869,42518,41249,55087,55582,66346,67277,50124,55411,35059,45346,10712,20263,549215,454220,75723,66014,105422,100130,21977,32,24
2021-08-05T23:59:59+02:00,2837,2620,31850,30927,48524,43262,50182,48895,61038,61416,71442,72155,52545,58153,36348,47107,11090,21078,16711,16195,31408,28456,41499,40322,54816,55236,66135,67107,50059,55336,35036,45307,10705,20254,548378,447532,75721,65942,105416,100009,21922,32,24
2021-08-04T23:59:59+02:00,2766,2547,31619,30747,48345,43136,50033,48791,60962,61341,71382,72104,52516,58114,36335,47093,11087,21073,16452,15954,31060,28236,40316,39252,54429,54911,65964,66958,49996,55253,35007,45280,10702,20247,547163,443265,75720,65923,105415,99936,21669,24,23
2021-08-03T23:59:59+02:00,2584,2371,31121,30291,48102,42894,49862,48601,60805,61171,71238,71958,52463,58043,36313,47065,11077,21059,16024,15518,30482,27718,38621,37660,53747,54272,65632,66652,49901,55126,34959,45229,10697,20238,544278,435724,75720,65918,105413,99917,21583,24,23
2021-08-02T23:59:59+02:00,2473,2275,30809,30009,47905,42713,49711,48473,60699,61068,71151,71877,52430,58011,36291,47046,11076,21056,15720,15245,30146,27369,36492,35855,53194,53768,65427,66477,49829,55041,34937,45202,10695,20235,542355,428936,75718,65915,105409,99807,21567,24,22
2021-08-01T23:59:59+02:00,2470,2272,30796,30004,47888,42704,49699,48465,60688,61058,71143,71871,52425,58003,36287,47046,11076,21056,15600,15126,30012,27257,34191,34003,52898,53519,65337,66409,49790,55001,34930,45184,10694,20233,542302,423514,75716,65912,105363,99786,21546,24,22
2021-07-31T23:59:59+02:00,2470,2272,30792,30000,47886,42702,49697,48465,60687,61058,71143,71869,52422,58001,36287,47046,11076,21055,15586,15115,29981,27238,34178,33996,52880,53511,65324,66404,49786,54996,34930,45183,10693,20232,542284,423371,75716,65911,105363,99783,21541,24,22
2021-07-30T23:59:59+02:00,2456,2267,30746,29956,47855,42681,49673,48440,60653,61029,71108,71850,52413,57990,36287,47046,11076,21053,15433,14822,29725,26930,34002,33751,52685,53228,65162,66204,49742,54950,34919,45173,10693,20231,542111,423022,75711,65902,105360,97922,21373,24,22
2021-07-29T23:59:59+02:00,2427,2247,30587,29865,47772,42621,49622,48374,60592,60988,71063,71804,52394,57971,36279,47030,11073,21048,15127,14548,29413,26719,32737,32817,51912,52619,64808,65942,49644,54859,34877,45116,10688,20223,541454,420359,75705,63209,105348,97778,21226,24,22
2021-07-28T23:59:59+02:00,2383,2210,30437,29757,47692,42555,49549,48305,60523,60911,71000,71748,52369,57934,36261,47010,11072,21043,14726,14178,28974,26405,32368,32490,51199,52011,64421,65616,49551,54758,34843,45059,10672,20205,540530,416243,75701,63156,105342,97390,21162,24,22
2021-07-27T23:59:59+02:00,2304,2137,30198,29490,47541,42383,49405,48172,60416,60788,70903,71663,52313,57874,36234,46972,11064,21036,14091,13533,28229,25795,31640,31849,49958,50931,63700,65055,49365,54555,34776,44944,10665,20187,538727,408048,75691,63130,105336,97297,21115,24,22
2021-07-26T23:59:59+02:00,2243,2083,30002,29258,47424,42256,49332,48090,60353,60725,70853,71618,52289,57842,36223,46959,11062,21027,13729,13160,27882,25509,31025,31442,48406,49569,62725,64229,49160,54351,34709,44863,10655,20175,537516,400373,75688,63125,105332,97267,21079,24,22
2021-07-25T23:59:59+02:00,1997,1882,29183,28588,47036,41947,49048,47808,60120,60505,70672,71461,52233,57768,36196,46917,11061,21020,13637,13101,27788,25447,30940,31376,48287,49507,62638,64181,49139,54335,34703,44855,10655,20174,533370,399753,75688,63118,105325,97107,21035,24,22
2021-07-24T23:59:59+02:00,1917,1815,28930,28358,46885,41842,48931,47712,59965,60387,70543,71381,52185,57738,36179,46896,11059,21020,13502,12991,27585,25314,30781,31251,48077,49339,62475,64086,49096,54305,34688,44837,10653,20172,532684,399150,75686,63115,105324,97105,20025,24,22
2021-07-23T23:59:59+02:00,1805,1694,28600,28034,46642,41692,48679,47502,59717,60198,70341,71254,52110,57667,36160,46859,11055,21011,13251,12770,27152,25001,30405,30948,47481,48850,62147,63851,49013,54239,34666,44793,10648,20163,531692,396759,75312,63062,105313,97103,18679,24,22
2021-07-22T23:59:59+02:00,1793,1687,28522,27957,46506,41553,48470,47293,59543,60060,70225,71126,52067,57631,36144,46842,11055,21011,13024,12520,26818,24670,30056,30632,45561,47294,61344,63151,48917,54137,34628,44750,10645,20153,531401,390086,74164,62913,105274,96882,18622,24,22
2021-07-21T23:59:59+02:00,1760,1648,28260,27753,46126,41222,47882,46739,58965,59582,69771,70741,51898,57470,36087,46787,11046,20998,12598,12085,26244,24129,29485,30067,41848,44066,59867,61892,48750,53958,34565,44668,10635,20126,530858,378496,70912,62408,105122,96440,17819,24,22
2021-07-20T23:59:59+02:00,1737,1633,28140,27619,46064,41165,47836,46701,58912,59534,69718,70697,51864,57443,36071,46761,11042,20990,12102,11554,25507,23438,28836,29320,38401,41079,58322,60434,48547,53738,34484,44576,10617,20106,530180,368133,70892,59023,105106,96318,17725,24,22
2021-07-19T23:59:59+02:00,1732,1632,28112,27584,46043,41152,47825,46688,58899,59519,69706,70695,51862,57439,36071,46758,11040,20990,12057,11526,25445,23404,28806,29288,38357,41047,58282,60407,48543,53730,34483,44573,10614,20105,530037,367822,70892,59010,105093,96269,17701,24,22
2021-07-18T23:59:59+02:00,1728,1627,28087,27558,46019,41143,47811,46675,58893,59509,69699,70686,51860,57438,36070,46756,11040,20989,11995,11501,25362,23365,28746,29255,38297,41020,58222,60366,48541,53726,34480,44572,10614,20105,529909,367490,70890,58980,105083,96149,17682,24,22
2021-07-17T23:59:59+02:00,1728,1625,28068,27545,46004,41134,47802,46671,58886,59504,69692,70682,51855,57435,36069,46756,11040,20989,11968,11490,25329,23329,28714,29235,38277,41003,58188,60342,48531,53718,34478,44572,10614,20105,529833,367243,70890,58978,105083,96147,17655,24,22
2021-07-16T23:59:59+02:00,1713,1606,27803,27357,45722,40970,47579,46498,58588,59303,69460,70541,51749,57362,36025,46720,11035,20987,11715,11296,25001,23090,28416,29005,37882,40729,57681,59920,48395,53605,34426,44522,10608,20101,529521,366046,70889,58975,104959,95873,15625,24,22
2021-07-15T23:59:59+02:00,1615,1493,27340,26971,45466,40734,47433,46385,58449,59191,69358,70456,51710,57321,36010,46698,11034,20981,11422,11070,24521,22744,28053,28733,37490,40452,55640,57879,48225,53405,34369,44438,10600,20090,527213,359120,70886,58890,104951,95662,15571,24,22
2021-07-14T23:59:59+02:00,1448,1361,26776,26438,45160,40445,47233,46201,58267,58993,69198,70311,51650,57262,35984,46668,11028,20976,11235,10882,24112,22392,27701,28415,36967,40052,54424,56705,48089,53255,34319,44374,10592,20068,524054,355423,70880,57232,104932,95516,15509,24,22
2021-07-13T23:59:59+02:00,1164,1059,25828,25543,44668,40036,46877,45884,57945,58710,68923,70064,51537,57137,35941,46614,11024,20961,10890,10544,23580,21848,27085,27832,35591,38861,50302,52811,47728,52867,34191,44226,10575,20040,518689,346198,70873,52037,104929,95409,15400,24,22
2021-07-12T23:59:59+02:00,700,662,24449,24284,44108,39556,46678,45668,57732,58515,68742,69894,51475,57047,35923,46589,11022,20953,10657,10436,23375,21710,26834,27697,35347,38694,49862,52393,47655,52782,34161,44191,10575,20034,512802,344748,70872,52011,104925,94332,15374,24,22
2021-07-11T23:59:59+02:00,697,657,24428,24264,44079,39536,46660,45657,57719,58504,68729,69892,51474,57044,35920,46585,11021,20953,10561,10351,23159,21588,26570,27598,35039,38612,49150,51908,46172,51201,34071,44085,10575,20032,512719,344245,70869,51966,104913,89227,15294,24,22
2021-07-10T23:59:59+02:00,695,652,24421,24258,44074,39528,46657,45654,57712,58503,68729,69891,51474,57044,35920,46585,11021,20953,10549,10342,23135,21569,26556,27589,35016,38607,49137,51903,46158,51185,34069,44084,10575,20032,512685,344141,70866,51965,104911,89171,15285,24,22
2021-07-09T23:59:59+02:00,688,642,23974,23798,43799,39291,46588,45594,57653,58462,68679,69866,51458,57032,35916,46577,11020,20953,10472,10171,23041,21381,26495,27380,34949,38391,49073,51800,46136,51161,34065,44081,10575,20032,510934,342917,70863,51952,104907,89128,15262,24,22
2021-07-08T23:59:59+02:00,622,575,22899,22798,43000,38690,46336,45393,57445,58319,68482,69728,51381,56968,35888,46554,11018,20945,10218,9980,22665,21129,26103,27118,34473,38081,48468,51282,45800,50796,33995,44004,10568,20010,506266,339355,70838,51804,104849,88513,15064,24,22
2021-07-07T23:59:59+02:00,570,527,21579,21404,42265,38002,46118,45173,57207,58132,68316,69570,51296,56886,35851,46501,11011,20931,9845,9675,21790,20539,25004,26328,32637,36715,47551,50396,45300,50259,33891,43865,10561,19992,500897,334428,70667,47429,104825,87600,14926,24,22
2021-07-06T23:59:59+02:00,512,464,20354,20124,41419,37357,45645,44824,56814,57830,67994,69315,51197,56763,35807,46450,11003,20922,9454,9296,20929,19945,24044,25674,31148,35521,46362,49202,44522,49480,33757,43689,10548,19972,496436,327127,68749,45326,104803,86331,14782,24,22
2021-07-05T23:59:59+02:00,476,436,18950,18744,40562,36556,45429,44604,56633,57628,67833,69187,51142,56708,35786,46421,11001,20915,9166,9042,20369,19563,23378,25256,30510,35094,45604,48589,43767,48691,33627,43501,10539,19960,490738,321356,68746,45304,104799,85303,14710,18,22
2021-07-04T23:59:59+02:00,469,430,17164,16705,40219,36327,45341,44531,56549,57559,67754,69118,51109,56682,35776,46401,10999,20913,9106,8990,20231,19498,23204,25178,30256,35015,44812,48462,42404,47344,33549,43427,10537,19954,485890,320897,68716,45259,104782,81188,14640,18,22
2021-07-03T23:59:59+02:00,469,429,17143,16685,40169,36279,45325,44516,56542,57555,67748,69111,51107,56679,35776,46401,10999,20912,9063,8949,20165,19430,23145,25115,30172,34936,44592,48286,42336,47270,33504,43368,10534,19954,485707,319942,68714,45258,104781,81010,14625,18,22
2021-07-02T23:59:59+02:00,448,406,17029,16580,39700,35905,45212,44419,56489,57513,67700,69081,51096,56673,35770,46389,10999,20911,8904,8783,19837,19152,22760,24737,29753,34524,43966,47641,42134,47042,33406,43232,10529,19950,484212,316953,68698,44223,104779,80576,14613,18,22
2021-07-01T23:59:59+02:00,397,366,16723,16301,37967,34571,44640,43920,56229,57306,67528,68913,51016,56583,35742,46350,10995,20903,8532,8391,18976,18449,21797,23886,28368,33338,40943,44680,41138,45963,32795,42506,10512,19921,478737,309490,68624,39344,104756,77051,14315,18,22
2021-06-30T23:59:59+02:00,349,323,16433,16055,35777,32745,44017,43291,56007,57111,67326,68722,50934,56491,35713,46296,10991,20887,8174,8055,18308,17825,20916,23058,27094,32082,36316,39819,40061,44821,32133,41719,10491,19896,471886,299037,68581,33325,104737,74163,14246,18,22
2021-06-29T23:59:59+02:00,310,286,16213,15855,34774,31664,43569,42847,55825,56952,67156,68573,50858,56418,35676,46251,10983,20880,7594,7449,17178,16892,19666,21842,25401,30411,33575,36702,37215,41780,31394,40833,10468,19858,467694,282878,68573,33278,104724,68021,14081,18,20
2021-06-28T23:59:59+02:00,300,266,16071,15699,33054,30239,43249,42552,55662,56813,67039,68468,50812,56365,35658,46230,10980,20868,7292,7188,16628,16517,19274,21528,24893,30027,32984,36204,35838,40294,30607,39898,10464,19847,463270,279833,68551,33228,104702,62635,13784,18,20
2021-06-27T23:59:59+02:00,300,266,16049,15676,32900,30151,43187,42523,55625,56804,67013,68460,50807,56361,35655,46229,10980,20867,7248,7161,16490,16450,19110,21466,24691,29954,32756,36065,34585,39026,28983,37977,10463,19846,462948,279663,68548,33189,104695,55771,13644,18,20
2021-06-26T23:59:59+02:00,298,264,16028,15656,32876,30135,43142,42483,55602,56790,67007,68457,50805,56360,35653,46228,10980,20867,7244,7149,16470,16438,19094,21458,24658,29932,32735,36044,34572,39014,28981,37974,10463,19846,462729,279470,68546,33189,104695,55766,13643,18,20
2021-06-25T23:59:59+02:00,293,263,15974,15611,32762,30035,42950,42324,55547,56745,66967,68433,50795,56349,35649,46227,10980,20867,7057,6873,16190,15930,18828,20805,24293,28997,32349,35325,34410,38798,28958,37944,10463,19846,461908,276804,68545,33180,104678,53456,13622,18,20
2021-06-24T23:59:59+02:00,272,250,15706,15411,32314,29748,41481,41079,55086,56388,66737,68274,50742,56294,35633,46200,10975,20857,6742,6648,15498,15486,17377,19790,22222,27444,31252,34432,34008,38378,28835,37764,10451,19832,457347,267130,68544,33128,104674,53032,12864,18,20
2021-06-23T23:59:59+02:00,257,233,15426,15118,31816,29348,39377,39255,54539,55846,66486,68053,50653,56185,35593,46154,10970,20844,6536,6486,15134,15209,16852,19341,21343,26647,29560,33080,33253,37533,28644,37524,10444,19817,450274,259347,68498,33038,104671,52319,12692,18,20
2021-06-22T23:59:59+02:00,235,198,15044,14726,31148,28717,35933,36205,53628,55047,66184,67748,50547,56063,35555,46098,10966,20830,6361,6275,14732,14884,16054,18625,19927,25334,27960,31429,32456,36560,28106,36918,10426,19786,439334,249272,68466,32956,104667,51207,12387,18,20
2021-06-21T23:59:59+02:00,220,192,14804,14553,30460,28254,33763,34242,53165,54623,66005,67631,50466,55989,35529,46076,10961,20825,6265,6192,14572,14767,15884,18491,19807,25223,27853,31344,32301,36421,26899,35692,10426,19783,432509,248602,68444,32910,104636,48246,12151,18,20
2021-06-20T23:59:59+02:00,213,191,14679,14464,28560,26927,33157,33797,53077,54527,65937,67594,50445,55963,35521,46073,10960,20823,5821,5898,13631,14136,15069,17909,19258,24867,27544,31149,32137,36246,26873,35661,10424,19779,428155,243677,68440,32874,104632,48176,11663,18,20
2021-06-19T23:59:59+02:00,207,186,14654,14431,28446,26845,33126,33770,53055,54511,65921,67583,50439,55954,35519,46068,10959,20821,5606,5737,13069,13724,14462,17433,18931,24666,27351,30978,32058,36146,26856,35647,10424,19779,427749,240152,68438,32872,104632,48173,11658,18,20
2021-06-18T23:59:59+02:00,205,179,14565,14346,28346,26780,31880,32862,52688,54204,65788,67491,50408,55920,35501,46042,10955,20817,5541,5663,12971,13640,14299,17311,18695,24439,26531,30312,31854,35910,26790,35572,10420,19772,427261,237215,65468,32766,104623,48120,11607,18,20
2021-06-17T23:59:59+02:00,191,163,14195,14084,27752,26534,31391,32602,51900,53638,65361,67225,50328,55821,35468,46001,10949,20805,5166,5403,12187,13169,13513,16700,17605,23514,24379,28348,31214,35176,26594,35295,10403,19758,424075,228225,65463,32488,104599,47442,10257,14,20
2021-06-16T23:59:59+02:00,162,135,13770,13685,27290,26180,30952,32246,51088,52935,64910,66839,50212,55701,35439,45944,10938,20793,4802,4962,11467,12494,12725,16010,16506,22393,21414,25486,30149,33973,26298,34892,10388,19717,419234,214202,65421,32460,104593,47045,9957,14,20
2021-06-15T23:59:59+02:00,101,82,13142,13069,26538,25602,30171,31653,49836,51871,64199,66315,50033,55506,35371,45832,10929,20774,4306,4332,10497,11560,11573,14632,14776,20689,17989,22185,28781,32537,25913,34373,10362,19673,411533,195599,65405,32345,104587,46737,9485,14,20
2021-06-14T23:59:59+02:00,71,61,12738,12697,26133,25277,29510,31190,48042,50404,63148,65482,49818,55281,35294,45756,10921,20762,4206,4279,10321,11432,11433,14500,14598,20569,17797,22027,28711,32457,25894,34346,10359,19672,403674,195170,65396,32073,104585,46430,8916,14,20
2021-06-13T23:59:59+02:00,70,60,12697,12653,26060,25245,29447,31163,47988,50379,63113,65458,49811,55278,35292,45753,10920,20759,4053,4202,9994,11304,11110,14389,14304,20459,17400,21684,27203,30819,25754,34151,10355,19661,403472,194435,65323,27414,104578,46222,8759,14,20
2021-06-12T23:59:59+02:00,70,59,12680,12637,26046,25235,29436,31151,47929,50309,63071,65422,49810,55275,35292,45753,10920,20759,4051,4192,9978,11290,11102,14375,14285,20442,17380,21675,27162,30774,25749,34145,10355,19661,403181,194252,65323,27412,104577,46181,8759,14,20
2021-06-11T23:59:59+02:00,68,56,12581,12507,25921,25121,29315,31027,47693,50084,62939,65303,49786,55249,35281,45742,10918,20757,3957,3924,9453,10100,10671,13467,13996,19886,17107,21198,26755,30353,25659,34063,10352,19659,401917,193212,65314,27408,104534,41399,8569,14,20
2021-06-10T23:59:59+02:00,61,49,12337,12295,25603,24841,28970,30760,46623,49069,62204,64734,49701,55155,35247,45690,10908,20744,3689,3560,8684,8851,9771,11824,12695,17138,15323,17603,25051,28438,25363,33763,10346,19635,397051,187725,65263,26968,104333,28698,8330,14,20
2021-06-09T23:59:59+02:00,48,37,12046,11972,25196,24435,28577,30364,44618,47247,61114,63796,49597,55035,35201,45636,10903,20726,3445,3441,8269,8598,9263,11504,12185,16748,14617,17008,21231,24136,25137,33462,10334,19609,389073,176199,65142,26626,104332,28162,7987,14,20
2021-06-08T23:59:59+02:00,42,26,11616,11440,24536,23813,27921,29702,41451,44402,59341,62165,49429,54845,35129,45546,10893,20704,3236,3305,7872,8340,8648,11132,11521,16326,13961,16365,15859,18199,24746,32936,10316,19581,376430,161033,65081,26293,104322,27860,7154,14,10
2021-06-07T23:59:59+02:00,37,19,11455,11251,24186,23539,27645,29496,38824,42474,58912,61803,49395,54814,35117,45525,10891,20698,3140,3237,7565,8164,8331,10956,10948,15876,13461,15888,15783,18121,24718,32886,10314,19574,370793,160719,64654,24470,104313,27461,6309,12,10
2021-06-06T23:59:59+02:00,34,18,11319,11145,23867,23310,27436,29323,37225,41288,58788,61725,49370,54786,35109,45511,10891,20696,3037,3187,7294,8076,8062,10792,10212,15195,12867,15270,15632,18010,24704,32863,10312,19574,370386,160606,61275,21318,104303,27295,5865,12,10
2021-06-05T23:59:59+02:00,34,17,11301,11128,23824,23275,27401,29297,37198,41274,58690,61640,49359,54780,35107,45509,10891,20693,3025,3176,7271,8044,8033,10776,10182,15181,12827,15246,15511,17846,24699,32855,10311,19573,370056,160182,61273,21317,104303,27280,5774,12,10
2021-06-04T23:59:59+02:00,34,15,11116,10869,23462,22811,27128,28900,36773,40825,58072,61100,49325,54739,35097,45491,10890,20687,3001,3159,7242,8028,8012,10758,10153,15156,12793,15212,15300,17640,24688,32834,10309,19572,368260,159599,59004,21304,104290,27183,5768,12,10
2021-06-03T23:59:59+02:00,32,14,10896,10653,23006,22419,26704,28565,35678,39998,55314,58749,49197,54581,35054,45428,10885,20672,2912,3078,7034,7873,7556,10462,9128,14529,11553,14516,14122,16176,24511,32617,10297,19553,364327,156257,54081,17595,104240,26876,5186,11,10
2021-06-02T23:59:59+02:00,32,14,10861,10620,22970,22385,26673,28540,35647,39957,55187,58591,49183,54558,35048,45421,10885,20671,2872,3049,6979,7855,7497,10429,8973,14490,11330,14453,12776,14703,24392,32445,10292,19546,363743,152460,54075,17584,104240,26860,5174,11,10
2021-06-01T23:59:59+02:00,19,7,10448,10278,22314,21878,25990,27957,34926,39381,52189,55446,48794,54149,34930,45259,10869,20645,2413,2690,5629,7169,6229,9855,7586,13821,10198,13490,8472,9149,23919,31765,10269,19488,352994,134290,53905,17217,104221,26284,4348,11,10
2021-05-31T23:59:59+02:00,18,6,10174,10050,21741,21481,25582,27707,34605,39178,50741,54050,48695,54024,34897,45218,10862,20637,2304,2566,5343,6924,5969,9635,7221,13580,9942,13331,8421,9087,23893,31718,10261,19475,348268,133520,53866,17098,104197,25725,3324,11,10
2021-05-30T23:59:59+02:00,17,6,10120,10002,21652,21443,25517,27674,34493,39107,50378,53709,48671,53999,34891,45212,10860,20634,2269,2536,5238,6846,5867,9567,7032,13492,9717,13235,8377,9040,23877,31711,10260,19470,347086,132926,53847,16925,104183,25422,3258,11,10
2021-05-29T23:59:59+02:00,16,6,10105,9990,21618,21425,25500,27662,34472,39094,50365,53691,48667,53995,34888,45211,10860,20634,2250,2482,5194,6721,5807,9435,6916,13295,9579,13015,8304,8950,23810,31644,10259,19469,346930,132649,53847,16874,104162,24355,3249,11,10
2021-05-28T23:59:59+02:00,16,6,10047,9922,21543,21317,25422,27544,34395,38994,50287,53593,48646,53977,34880,45201,10860,20630,2166,2215,4576,6180,5186,8713,6545,12332,9084,12020,8129,8753,23442,31164,10258,19466,346087,131157,53836,16776,104104,19051,3242,11,10
2021-05-27T23:59:59+02:00,15,6,9783,9674,21015,20939,24879,27186,33871,38616,49673,52985,48478,53784,34810,45126,10856,20611,1925,1947,3995,5659,4509,8111,6036,11566,8142,10702,7625,8095,21888,29015,10243,19444,341809,125513,53427,15642,103995,14677,3065,11,10
2021-05-26T23:59:59+02:00,15,6,9509,9428,20291,20371,24009,26515,32610,37588,48909,52282,48224,53495,34736,45012,10845,20587,1870,1876,3901,5532,4376,7948,5830,11305,7817,10318,7064,7370,19465,25594,10225,19401,337101,117055,50452,15388,103942,14517,2926,11,10
2021-05-25T23:59:59+02:00,14,6,9244,9194,19878,20014,23571,26124,32102,37074,48016,51306,47926,53180,34653,44872,10833,20557,1804,1828,3781,5435,4240,7803,5622,11083,7507,9999,6441,6532,15357,20235,10205,19343,331531,104911,50372,15344,103869,14173,2781,11,10
2021-05-24T23:59:59+02:00,13,6,9025,9038,19311,19725,22801,25737,30588,36056,47792,51133,47833,53079,34624,44842,10831,20556,1779,1813,3735,5401,4177,7761,5557,11024,7432,9942,6415,6508,15343,20226,10205,19343,329951,104794,46569,15331,103811,13882,2648,11,10
2021-05-23T23:59:59+02:00,13,6,8817,8831,18952,19433,22379,25389,30164,35735,47200,50622,47400,52624,34522,44696,10823,20547,1777,1812,3726,5396,4173,7757,5547,11015,7423,9932,6411,6497,15343,20224,10205,19343,325118,104737,46568,15329,103810,13863,2646,11,10
2021-05-22T23:59:59+02:00,13,6,8786,8794,18903,19390,22332,25357,30111,35705,47091,50552,47381,52602,34519,44687,10820,20547,1776,1809,3714,5383,4169,7751,5543,11009,7416,9928,6409,6495,15341,20224,10205,19343,324575,104705,46568,15329,103809,13842,2633,11,10
2021-05-21T23:59:59+02:00,12,6,8512,8441,18464,18874,21973,24715,29685,34896,46602,49887,47293,52480,34481,44644,10817,20542,1713,1768,3635,5344,4127,7717,5511,10964,7375,9879,6381,6469,15264,20127,10204,19342,319378,104394,46539,15328,103785,13481,2611,11,10
2021-05-20T23:59:59+02:00,12,6,7938,7890,17515,18080,20971,23797,28366,33698,44854,48066,46854,52020,34373,44490,10800,20523,1411,1606,3322,5055,3860,7329,5216,10485,6996,9426,6148,6215,13959,18592,10181,19303,307775,100657,46453,14848,103558,11137,2456,11,10
2021-05-19T23:59:59+02:00,12,6,7672,7575,16911,17477,20073,22924,27139,32441,43062,45978,46322,51465,34222,44270,10779,20493,1347,1522,3119,4841,3653,7078,4992,10132,6698,9095,5866,5882,11766,15757,10164,19244,296648,94451,46413,14377,103511,10085,2238,11,9
2021-05-18T23:59:59+02:00,11,6,7146,7031,15756,16452,18806,21675,25629,30814,40372,42746,45493,50520,33984,43966,10754,20451,1326,1496,3059,4770,3577,6959,4856,9999,6516,8884,5601,5607,10068,13591,10140,19189,280853,89327,45209,14327,103410,9848,2131,9,9
2021-05-17T23:59:59+02:00,11,6,7066,6970,15573,16342,18592,21506,25231,30487,38620,41109,45383,50442,33937,43900,10745,20428,1293,1473,3003,4725,3514,6900,4788,9897,6421,8783,5560,5567,10054,13574,10137,19181,280639,89260,40441,14045,103366,9667,1893,9,9
2021-05-16T23:59:59+02:00,10,5,6951,6918,15453,16254,18463,21400,25049,30373,35638,38339,45347,50407,33915,43876,10742,20423,1269,1455,2959,4684,3466,6843,4702,9829,6325,8703,5530,5530,10042,13558,10135,19178,280360,89212,34293,13777,103245,9558,1656,9,9
2021-05-15T23:59:59+02:00,10,5,6927,6887,15392,16196,18417,21360,24982,30330,35602,38298,45324,50380,33908,43871,10742,20423,1257,1429,2927,4611,3447,6774,4683,9748,6303,8653,5524,5525,10037,13557,10135,19178,279878,89157,34293,13773,103231,9210,1643,9,9
2021-05-14T23:59:59+02:00,10,5,6750,6519,15047,15697,18105,20943,24648,29868,35356,37946,45295,50349,33898,43866,10742,20421,1200,1368,2849,4507,3400,6672,4619,9597,6221,8524,5494,5481,10024,13548,10135,19177,278822,89072,34145,13754,100911,8407,1578,9,9
2021-05-13T23:59:59+02:00,10,5,6400,6203,14291,15113,17400,20315,23791,29126,34588,37276,45007,50006,33819,43740,10738,20410,1023,1284,2653,4398,3282,6551,4478,9429,6099,8381,5451,5443,10009,13532,10131,19172,272421,88924,33821,13673,100696,7423,1291,9,9
2021-05-12T23:59:59+02:00,10,5,6000,5931,13311,14436,16380,19514,23125,28690,34282,36995,44824,49812,33788,43709,10735,20407,1020,1282,2646,4392,3263,6547,4473,9419,6091,8376,5445,5437,10007,13527,10130,19171,266163,88863,33812,13663,100692,7418,1278,9,8
2021-05-11T23:59:59+02:00,10,5,5625,5707,12725,13990,14576,18073,20173,26164,31967,34667,43772,48552,33464,43237,10706,20358,958,1208,2530,4220,3157,6315,4354,9132,5976,8150,5374,5359,9965,13467,10122,19155,248875,88391,33535,13448,100254,6500,1098,9,8
2021-05-10T23:59:59+02:00,10,5,5476,5610,12453,13864,14226,17851,19371,25593,30589,33648,43240,47941,33407,43149,10698,20338,915,1149,2431,4058,3063,6113,4229,8868,5854,7954,5337,5329,9953,13451,10118,19146,243400,88284,33324,13387,99950,5506,786,9,8
2021-05-09T23:59:59+02:00,10,5,5070,5369,11259,13332,13225,17488,18349,25263,30046,33357,43184,47869,33382,43134,10695,20331,891,1119,2332,3953,2973,5974,4097,8693,5760,7849,5329,5315,9946,13447,10113,19143,238068,88239,33252,13345,99611,4918,428,9,7
2021-05-08T23:59:59+02:00,10,5,5059,5360,11237,13313,13200,17469,18319,25230,30006,33314,43176,47858,33381,43130,10695,20331,887,1113,2319,3945,2967,5974,4093,8687,5757,7846,5326,5312,9943,13442,10113,19143,237800,88211,33251,13345,99610,4884,423,9,7
2021-05-07T23:59:59+02:00,10,5,4958,5277,11009,13145,12908,17253,17711,24629,29058,32420,42985,47618,33325,43058,10691,20325,860,1082,2283,3890,2921,5928,4038,8633,5674,7793,5279,5265,9931,13433,10113,19142,235308,88076,31358,13342,99502,4635,208,9,7
2021-05-06T23:59:59+02:00,10,5,4543,4997,10341,12728,12149,16588,16106,23186,26510,30028,42282,46869,33159,42822,10675,20302,804,1027,2147,3640,2753,5619,3844,8160,5478,7471,5228,5212,9908,13405,10111,19134,226546,87894,28010,13028,98687,2967,48,9,7
2021-05-05T23:59:59+02:00,10,5,4230,4770,9746,12282,11430,16008,15004,22160,23662,27269,41305,45764,32877,42435,10657,20261,790,1005,2085,3515,2696,5464,3751,7949,5382,7335,5179,5157,9871,13366,10109,19131,213535,87633,27828,12890,98463,2218,40,9,7
2021-05-04T23:59:59+02:00,10,5,3880,4312,9076,11584,10659,15168,13700,20906,20059,23862,39957,44304,32505,41915,10634,20223,772,975,2018,3398,2626,5329,3659,7798,5287,7212,5141,5112,9841,13337,10107,19128,196468,87417,27810,12592,98438,1693,34,9,7
2021-05-03T23:59:59+02:00,10,4,3638,3890,8665,11090,10181,14543,13165,20251,19337,23215,39692,44053,32426,41812,10631,20208,758,946,1951,3293,2569,5222,3599,7684,5237,7125,5126,5101,9826,13320,10104,19123,190607,87277,27798,12584,98375,1097,22,9,7
2021-05-02T23:59:59+02:00,10,4,3635,3888,8647,11083,10172,14535,13144,20239,19319,23206,39691,44052,32425,41811,10630,20208,754,929,1921,3212,2523,5126,3552,7559,5217,7059,5122,5098,9825,13316,10104,19121,190519,87259,27785,12553,98368,604,18,9,7
2021-05-01T23:59:59+02:00,10,4,3633,3881,8635,11070,10164,14526,13137,20237,19308,23197,39691,44050,32425,41811,10630,20208,753,929,1920,3212,2523,5126,3552,7559,5217,7059,5122,5098,9825,13316,10103,19121,190439,87258,27784,12552,98368,604,17,9,7
2021-04-30T23:59:59+02:00,10,3,3610,3858,8589,11034,10121,14487,13076,20198,19205,23046,39423,43727,32404,41791,10629,20208,750,925,1907,3203,2522,5117,3549,7552,5215,7052,5119,5095,9821,13315,10103,19121,189515,87232,27515,12549,98363,564,17,9,7
2021-04-29T23:59:59+02:00,10,3,3344,3685,8156,10760,9573,14202,12584,19835,18468,22319,36365,40277,32144,41423,10617,20170,737,911,1859,3142,2473,5051,3483,7410,5123,6953,5081,5061,9799,13272,10101,19115,183975,87028,21678,12393,98257,130,16,9,7
2021-04-28T23:59:59+02:00,10,3,3183,3618,7892,10650,9176,14028,12209,19598,17982,21884,32576,35960,31926,41122,10604,20148,721,896,1833,3103,2428,5002,3446,7353,5058,6892,5020,5001,9747,13214,10098,19106,172814,86822,21525,11961,98210,120,11,9,7
2021-04-27T23:59:59+02:00,9,3,3102,3552,7632,10518,8823,13855,11724,19373,17504,21395,27014,29770,31549,40615,10583,20116,711,882,1801,3066,2393,4956,3393,7294,5003,6816,4969,4932,9712,13163,10095,19097,157472,86615,21503,11537,98142,117,11,9,6
2021-04-26T23:59:59+02:00,9,3,3049,3518,7491,10453,8657,13796,11493,19305,16979,21008,26981,29737,31535,40600,10583,20116,688,851,1733,3006,2327,4900,3327,7205,4910,6714,4872,4857,9630,13080,10093,19094,156895,86489,21285,10667,97113,117,11,9,6
2021-04-25T23:59:59+02:00,9,3,3011,3501,7329,10401,8419,13746,11161,19261,16151,20537,25425,28080,31480,40537,10583,20113,688,849,1726,3001,2320,4897,3322,7197,4906,6705,4869,4852,9622,13069,10093,19094,156410,86466,21275,10630,92042,100,11,9,6
2021-04-24T23:59:59+02:00,9,3,3007,3495,7313,10388,8408,13738,11147,19252,16134,20519,25382,28017,31477,40531,10582,20112,688,849,1726,3000,2320,4897,3321,7197,4906,6705,4869,4851,9620,13068,10093,19094,156208,86460,21271,10630,92015,100,11,9,6
2021-04-23T23:59:59+02:00,9,3,2989,3477,7271,10345,8363,13693,11081,19192,16074,20455,24959,27513,31444,40475,10579,20109,680,841,1708,2991,2304,4868,3269,7159,4808,6610,4732,4728,9453,12870,10087,19079,155019,86170,21131,9903,91861,100,11,9,6
2021-04-22T23:59:59+02:00,8,3,2910,3395,7079,10161,7821,13285,9873,18399,14522,19414,22945,25081,31233,40206,10560,20081,615,790,1593,2879,2179,4704,3108,6988,4624,6410,4577,4554,8943,12216,10051,19000,150220,84259,15836,8877,90900,81,11,9,6
2021-04-21T23:59:59+02:00,8,3,2857,3347,6955,10072,7610,13130,9507,18158,14052,18968,20440,21944,30936,39820,10543,20055,566,766,1513,2800,2093,4613,2982,6845,4461,6246,4391,4375,8375,11459,10008,18911,143222,82472,15073,7845,90091,73,11,8,6
2021-04-20T23:59:59+02:00,8,3,2817,3308,6848,9983,7472,13021,9255,17940,13561,18575,17051,17881,30623,39345,10526,20019,536,732,1440,2736,2006,4534,2882,6727,4325,6084,4206,4181,7515,10252,9940,18759,134368,79562,14828,7212,89021,68,11,8,5
2021-04-19T23:59:59+02:00,8,3,2803,3301,6801,9942,7420,12986,9179,17866,13424,18460,16718,17500,30591,39310,10525,20015,477,692,1322,2641,1907,4437,2750,6569,4128,5892,3953,3879,5689,7836,9725,18364,134057,73753,14633,6430,88143,65,11,8,5
2021-04-18T23:59:59+02:00,8,3,2787,3287,6725,9916,7315,12937,8983,17799,12588,18332,15309,16094,30523,39249,10522,20008,472,687,1313,2633,1892,4426,2717,6540,4067,5843,3877,3808,5279,7214,9680,18281,133844,72271,14490,6384,84032,61,11,8,5
2021-04-17T23:59:59+02:00,8,3,2777,3283,6708,9894,7285,12916,8951,17760,12556,18312,15256,16044,30469,39177,10521,20008,472,685,1313,2632,1891,4422,2713,6535,4064,5839,3876,3806,5274,7213,9679,18280,133490,72236,14489,6384,83930,61,11,8,5
2021-04-16T23:59:59+02:00,8,3,2764,3269,6674,9879,7234,12877,8876,17708,12448,18210,15011,15767,29951,38530,10518,20001,472,683,1307,2627,1882,4420,2708,6529,4056,5831,3871,3800,5257,7183,9679,18278,131969,72139,14482,6373,83258,58,11,8,5
2021-04-15T23:59:59+02:00,8,3,2713,3212,6541,9778,7045,12699,8533,17435,11974,17745,13955,14551,27838,35724,10502,19978,463,677,1302,2601,1867,4397,2685,6501,4013,5778,3816,3725,5226,7132,9671,18266,126054,71824,14206,6237,79956,47,10,8,5
2021-04-14T23:59:59+02:00,7,1,2657,3163,6447,9683,6901,12539,8262,17168,11544,17282,12775,13168,23132,29648,10484,19924,460,671,1288,2591,1855,4380,2663,6476,3970,5741,3769,3674,5166,7078,9643,18230,113685,71533,14173,6085,76910,25,10,7,5
2021-04-13T23:59:59+02:00,7,1,2605,3129,6319,9597,6750,12408,7983,16919,11121,16862,10115,10247,20062,25487,10462,19882,444,646,1240,2548,1802,4318,2554,6374,3791,5578,3556,3489,5021,6941,9634,18208,105283,71189,13980,4922,70676,21,10,7,5
2021-04-12T23:59:59+02:00,7,1,2584,3115,6259,9569,6644,12321,7791,16791,10874,16655,8752,8756,19242,24516,10461,19873,438,637,1220,2533,1786,4295,2520,6332,3738,5526,3495,3440,4986,6900,9629,18186,105165,71048,13926,4585,65103,16,10,7,5
2021-04-11T23:59:59+02:00,7,1,2556,3107,6163,9542,6529,12284,7626,16741,10675,16550,7482,7479,17517,22540,10459,19870,438,637,1219,2531,1786,4294,2520,6332,3736,5521,3491,3439,4980,6898,9629,18186,105096,71038,13920,4575,58095,12,10,7,5
2021-04-10T23:59:59+02:00,7,1,2555,3105,6153,9537,6520,12279,7621,16736,10668,16541,7474,7467,17508,22534,10459,19870,437,634,1217,2528,1785,4292,2518,6327,3733,5520,3482,3425,4972,6884,9629,18186,105014,70978,13919,4568,58086,12,9,7,5
2021-04-09T23:59:59+02:00,7,1,2493,3007,6018,9327,6363,12017,7363,16329,10356,16042,7317,7262,17392,22354,10458,19868,432,629,1199,2516,1758,4277,2487,6278,3655,5441,3369,3315,4834,6795,9624,18183,104545,70896,13890,3875,55523,10,9,7,5
2021-04-08T23:59:59+02:00,7,1,2414,2935,5922,9208,6260,11889,7192,16143,10100,15854,7123,7003,16133,20894,10447,19838,425,624,1187,2484,1733,4241,2460,6205,3603,5375,3295,3270,4755,6690,9602,18138,100896,70456,13536,3611,54915,9,9,7,5
2021-04-07T23:59:59+02:00,7,1,2387,2898,5849,9137,6172,11814,7059,16044,9858,15703,6826,6676,13820,17946,10426,19791,420,623,1177,2471,1720,4218,2446,6165,3536,5316,3224,3218,4700,6631,9595,18110,94743,70183,13375,3368,54280,8,9,7,5
2021-04-06T23:59:59+02:00,7,1,2370,2865,5753,9071,6081,11735,6906,15931,9618,15520,6469,6314,11721,15346,10399,19732,417,616,1170,2444,1708,4195,2420,6127,3472,5251,3140,3168,4655,6577,9590,18094,89716,69940,13075,3087,53034,8,7,7,5
2021-04-05T23:59:59+02:00,7,1,2362,2856,5735,9054,6069,11716,6893,15912,9598,15495,6345,6216,10441,14059,10399,19731,413,608,1166,2429,1702,4179,2404,6097,3439,5210,3110,3131,4634,6531,9584,18078,89637,69750,13039,2950,50200,7,6,7,5
2021-04-04T23:59:59+02:00,7,1,2362,2856,5732,9051,6067,11716,6891,15912,9596,15494,6340,6212,10441,14057,10399,19731,413,607,1166,2428,1702,4179,2403,6097,3439,5210,3110,3131,4632,6531,9584,18078,89628,69746,13037,2949,50187,7,6,7,5
2021-04-03T23:59:59+02:00,7,1,2360,2848,5724,9044,6062,11712,6888,15908,9593,15492,6337,6207,10434,14054,10399,19731,413,607,1166,2428,1702,4179,2403,6097,3439,5209,3110,3131,4632,6531,9584,18078,89571,69745,13036,2949,50181,7,6,7,5
2021-04-02T23:59:59+02:00,7,1,2359,2846,5718,9037,6060,11709,6884,15907,9589,15490,6333,6201,10420,14025,10398,19730,411,605,1165,2428,1701,4178,2402,6097,3438,5202,3084,3114,4622,6522,9584,18078,89488,69668,13033,2948,50180,7,6,7,5
2021-04-01T23:59:59+02:00,7,1,2338,2843,5688,9008,6017,11667,6841,15852,9534,15434,6240,6104,10125,13678,10375,19682,409,589,1162,2422,1694,4167,2386,6080,3412,5181,3022,3066,4563,6450,9509,17966,88501,69119,13012,2945,49909,7,5,7,5
2021-03-31T23:59:59+02:00,7,1,2304,2816,5612,8942,5949,11574,6738,15740,9400,15300,6095,5962,9575,12940,10333,19592,404,583,1156,2411,1687,4151,2380,6067,3392,5147,2990,3033,4516,6391,9453,17865,86528,68671,12799,2943,49542,7,4,7,4
2021-03-30T23:59:59+02:00,7,1,2284,2800,5565,8884,5886,11499,6667,15643,9302,15156,5910,5748,8672,11603,10258,19410,402,581,1153,2407,1674,4134,2362,6045,3358,5103,2933,2965,4429,6292,9323,17626,83462,67971,12418,2805,49406,7,4,5,3
2021-03-29T23:59:59+02:00,6,1,2217,2746,5462,8773,5778,11349,6499,15412,9071,14901,5552,5373,6733,9069,10038,18990,395,577,1142,2396,1661,4122,2337,6019,3329,5046,2863,2900,4312,6188,9122,17296,77374,67024,11608,2670,48979,7,4,5,3
2021-03-28T23:59:59+02:00,6,1,2196,2733,5419,8714,5702,11271,6412,15326,8953,14782,5428,5221,6093,8140,9972,18874,386,571,1127,2380,1636,4095,2290,5958,3273,4954,2778,2821,4196,6043,9050,17160,75083,66565,11350,2145,48801,4,4,5,3
2021-03-27T23:59:59+01:00,6,1,2196,2728,5408,8708,5698,11256,6397,15304,8942,14769,5400,5194,6083,8137,9972,18873,386,571,1125,2379,1635,4090,2286,5955,3264,4947,2773,2818,4180,6018,8970,17013,74977,66258,11350,2144,48736,4,4,5,3
2021-03-26T23:59:59+01:00,6,1,2180,2708,5371,8670,5659,11207,6318,15234,8793,14620,5238,5045,5914,7958,9970,18865,382,563,1119,2366,1619,4061,2258,5919,3230,4893,2712,2755,3996,5762,8265,15838,74633,63624,10519,2106,48596,4,4,5,3
2021-03-25T23:59:59+01:00,6,0,2063,2627,5195,8455,5457,10931,6110,14935,8553,14332,5078,4891,5818,7839,9967,18857,373,549,1098,2340,1595,4033,2212,5861,3157,4815,2614,2653,3623,5268,7135,14105,74178,59538,9571,1886,47357,4,3,5,3
2021-03-24T23:59:59+01:00,6,0,1977,2579,5047,8295,5296,10738,5946,14697,8349,14100,4938,4732,5704,7723,9961,18848,369,538,1085,2312,1562,3977,2153,5796,3069,4714,2481,2539,3198,4651,5737,11886,73804,54520,8409,1540,46715,4,3,5,3
2021-03-23T23:59:59+01:00,6,0,1901,2526,4936,8172,5197,10596,5825,14504,8234,13932,4856,4646,5638,7664,9953,18830,358,513,1066,2277,1529,3919,2109,5707,2987,4624,2392,2444,2748,4019,3845,8677,73410,47816,7663,1392,46335,3,3,5,3
2021-03-22T23:59:59+01:00,6,0,1836,2467,4801,8036,5064,10421,5665,14271,8042,13719,4752,4534,5569,7555,9939,18786,331,496,1037,2239,1484,3846,2043,5597,2885,4473,2279,2292,2230,3339,1339,4563,72915,39309,6625,1159,45915,1,3,5,3
2021-03-21T23:59:59+01:00,6,0,1834,2461,4789,8021,5049,10411,5649,14254,8012,13695,4729,4519,5553,7543,9935,18786,330,496,1031,2225,1475,3817,2025,5559,2859,4423,2238,2244,2188,3298,1322,4518,72892,39169,6575,875,45772,1,2,5,3
2021-03-20T23:59:59+01:00,6,0,1834,2461,4788,8020,5048,10409,5648,14253,8005,13689,4728,4518,5545,7535,9935,18786,330,496,1031,2225,1475,3817,2025,5559,2858,4422,2237,2241,2188,3298,1322,4518,72881,39167,6575,871,45745,1,2,5,3
2021-03-19T23:59:59+01:00,6,0,1781,2213,4272,6726,4639,9427,5378,13696,7781,13286,4603,4421,5475,7469,9935,18786,329,496,1031,2225,1475,3816,2025,5558,2857,4422,2235,2240,2183,3292,1321,4516,72823,39152,6565,865,40499,1,2,5,3
2021-03-18T23:59:59+01:00,6,0,1726,1961,3854,5662,4109,8048,4561,11158,6424,9955,4237,4122,5273,7249,9914,18746,328,493,1024,2212,1468,3791,1999,5519,2832,4398,2214,2225,2158,3263,1316,4507,72393,38960,6503,783,28102,1,2,5,3
2021-03-17T23:59:59+01:00,6,0,1720,1952,3844,5636,4092,8018,4537,11094,6374,9883,4200,4075,5234,7205,9908,18723,325,492,1020,2204,1462,3782,1992,5504,2822,4372,2187,2198,2138,3248,1309,4493,72137,38809,6443,734,27914,1,2,5,3
2021-03-16T23:59:59+01:00,6,0,1698,1918,3785,5555,4021,7912,4408,10932,6169,9683,3977,3886,5094,7046,9902,18702,323,488,1019,2185,1457,3769,1983,5490,2813,4353,2179,2184,2126,3220,1301,4464,71826,38644,5168,705,27693,1,2,5,3
2021-03-15T23:59:59+01:00,6,0,1688,1898,3760,5521,3996,7875,4357,10863,6090,9599,3896,3819,5041,6986,9896,18677,320,484,1010,2168,1449,3763,1967,5454,2795,4325,2164,2152,2101,3158,1293,4426,71604,38425,4810,601,27549,1,0,5,3
2021-03-14T23:59:59+01:00,6,0,1682,1888,3752,5511,3991,7859,4348,10832,6082,9577,3889,3810,5036,6978,9895,18675,320,484,1008,2168,1445,3760,1964,5452,2777,4319,2158,2150,2090,3148,1289,4424,71572,38417,4794,536,27440,1,0,5,3
2021-03-13T23:59:59+01:00,6,0,1679,1883,3739,5488,3984,7850,4328,10821,6068,9562,3886,3807,5033,6975,9895,18675,320,484,1008,2168,1445,3760,1964,5451,2777,4318,2157,2149,2090,3146,1281,4419,71548,38398,4789,536,27337,1,0,5,3
2021-03-12T23:59:59+01:00,5,0,1640,1826,3225,5341,3469,7736,4194,10695,5842,9273,3720,3661,4892,6867,9870,18628,315,462,1004,2138,1437,3736,1944,5380,2724,4233,1978,1994,2030,3096,1274,4413,71336,37628,4069,528,25474,0,0,5,3
2021-03-11T23:59:59+01:00,5,0,1532,1690,2841,5080,3032,7481,3914,10282,5215,8381,3496,3485,4786,6750,9832,18578,314,461,1001,2125,1434,3716,1937,5361,2715,4216,1971,1986,2016,3079,1269,4395,70773,37506,3807,488,21795,0,0,5,3
2021-03-10T23:59:59+01:00,5,0,1502,1658,2802,5035,2997,7422,3859,10195,5107,8264,3370,3381,4671,6636,9789,18511,312,460,999,2122,1432,3705,1933,5348,2703,4196,1954,1979,1991,3047,1258,4381,70365,37425,3477,393,21357,0,0,5,3
2021-03-09T23:59:59+01:00,5,0,1493,1642,2770,5010,2976,7378,3821,10135,5029,8184,3273,3298,4591,6547,9683,18301,309,459,996,2116,1425,3693,1907,5326,2661,4166,1913,1954,1941,3019,1246,4372,69774,37397,3210,104,21147,0,0,5,3
2021-03-08T23:59:59+01:00,5,0,1478,1629,2740,4983,2950,7348,3798,10087,5005,8122,3232,3258,4518,6483,9509,18002,309,459,994,2112,1417,3677,1890,5293,2642,4138,1894,1935,1916,2996,1240,4353,68987,37249,3201,14,20954,0,0,5,3
2021-03-07T23:59:59+01:00,5,0,1465,1619,2710,4938,2916,7300,3765,10025,4962,8062,3197,3225,4453,6383,9433,17858,309,458,994,2111,1416,3672,1887,5283,2641,4133,1890,1932,1912,2992,1237,4345,68452,37198,3147,12,20712,0,0,5,3
2021-03-06T23:59:59+01:00,5,0,1464,1617,2704,4927,2913,7291,3757,10018,4944,8046,3187,3215,4430,6344,9345,17689,309,458,992,2108,1416,3670,1881,5274,2639,4131,1885,1924,1906,2990,1236,4342,68062,37148,3147,12,20682,0,0,5,2
2021-03-05T23:59:59+01:00,5,0,1391,1538,2606,4765,2856,7134,3672,9811,4843,7850,3137,3156,4214,6058,8641,16502,309,458,990,2106,1411,3665,1879,5273,2635,4124,1876,1920,1901,2987,1231,4339,65421,37091,3144,12,19609,0,0,5,2
2021-03-04T23:59:59+01:00,5,0,1218,1434,2436,4565,2685,6865,3504,9465,4585,7508,3021,3033,3853,5601,7479,14689,308,450,981,2082,1395,3625,1851,5220,2607,4078,1848,1895,1868,2932,1204,4293,61230,36624,3141,12,17570,0,0,5,2
2021-03-03T23:59:59+01:00,5,0,1185,1381,2357,4457,2625,6741,3417,9300,4488,7364,2936,2963,3480,5002,6096,12509,304,441,970,2059,1383,3597,1837,5170,2553,4024,1801,1860,1844,2903,1189,4265,56192,36187,3115,12,16995,0,0,4,2
2021-03-02T23:59:59+01:00,5,0,1151,1344,2297,4399,2574,6650,3335,9177,4351,7215,2822,2836,2998,4337,4101,9157,299,432,965,2033,1370,3553,1823,5115,2521,3998,1791,1846,1825,2877,1178,4238,49165,35851,2867,12,16714,0,0,3,2
2021-03-01T23:59:59+01:00,5,0,1092,1314,2235,4336,2501,6563,3241,9051,4209,7027,2691,2699,2430,3596,1394,4714,298,429,958,2021,1359,3534,1815,5099,2509,3982,1775,1836,1808,2858,1166,4210,40138,35644,2478,12,16479,0,0,3,2
2021-02-28T23:59:59+01:00,5,0,1058,1300,2193,4299,2471,6520,3193,8994,4147,6968,2624,2653,2382,3565,1386,4694,298,428,956,2016,1357,3521,1812,5085,2503,3974,1768,1825,1795,2847,1159,4195,40042,35526,2186,12,16221,0,0,3,2
2021-02-27T23:59:59+01:00,5,0,1016,1217,2128,4056,2413,6286,3129,8696,4056,6714,2569,2596,2362,3541,1383,4694,298,428,955,2016,1357,3521,1812,5084,2502,3974,1768,1824,1793,2847,1159,4195,39936,35520,2185,12,14737,0,0,3,2
2021-02-26T23:59:59+01:00,4,0,849,963,1926,3664,2251,5618,2912,7774,3745,5920,2520,2543,2344,3527,1380,4692,298,428,955,2013,1355,3519,1810,5083,2500,3973,1768,1821,1786,2846,1157,4188,39921,35487,2098,12,10610,0,0,3,2
2021-02-25T23:59:59+01:00,4,0,506,806,1646,3465,2068,5314,2716,7378,3519,5617,2439,2466,2304,3466,1376,4678,288,407,930,1963,1325,3450,1780,5002,2471,3909,1743,1794,1748,2802,1130,4148,39726,34878,1841,11,8198,0,0,3,2
2021-02-24T23:59:59+01:00,3,0,486,788,1611,3368,2006,5184,2656,7195,3453,5475,2374,2419,2269,3437,1367,4645,279,403,915,1930,1311,3396,1767,4942,2447,3864,1732,1776,1739,2783,1118,4121,39538,34519,1672,3,7523,0,0,3,2
2021-02-23T23:59:59+01:00,3,0,467,752,1550,3265,1951,5044,2578,7063,3367,5370,2314,2360,2234,3381,1352,4614,278,399,910,1915,1304,3366,1758,4911,2426,3832,1712,1756,1719,2748,1103,4068,39392,34201,1401,3,6869,0,0,3,2
2021-02-22T23:59:59+01:00,2,0,451,721,1495,3164,1912,4905,2519,6845,3306,5226,2306,2264,2219,3302,1348,4569,277,396,907,1904,1296,3339,1741,4875,2412,3802,1693,1737,1692,2720,1088,4023,39181,33900,1138,1,6232,0,0,3,2
2021-02-21T23:59:59+01:00,2,0,443,683,1437,3022,1865,4755,2466,6686,3223,5122,2270,2231,2192,3282,1338,4564,277,395,904,1896,1295,3330,1737,4865,2408,3793,1691,1734,1691,2718,1088,4022,39140,33842,905,1,5533,0,0,3,2
2021-02-20T23:59:59+01:00,2,0,439,678,1429,3018,1859,4755,2463,6683,3219,5118,2267,2230,2192,3281,1337,4564,277,395,904,1895,1295,3329,1737,4865,2407,3792,1690,1733,1688,2718,1087,4020,39136,33830,901,1,5494,0,0,3,2
2021-02-19T23:59:59+01:00,1,0,418,641,1400,2956,1832,4701,2422,6583,3132,5000,2087,2068,2129,3232,1332,4558,275,394,902,1893,1294,3328,1737,4860,2404,3791,1688,1731,1686,2717,1087,4019,38384,33805,882,1,5223,0,0,3,1
2021-02-18T23:59:59+01:00,1,0,393,585,1295,2713,1728,4457,2284,6321,3030,4818,2058,2052,2113,3215,1327,4550,275,388,894,1860,1285,3289,1719,4812,2385,3755,1676,1720,1669,2705,1075,4001,38310,33507,809,1,3818,0,0,3,1
2021-02-17T23:59:59+01:00,1,0,378,554,1256,2583,1672,4282,2214,6078,2971,4669,2039,2033,2090,3195,1312,4541,266,371,859,1775,1242,3160,1658,4653,2311,3619,1599,1651,1595,2595,1026,3884,38154,32263,758,1,2953,0,0,3,1
2021-02-16T23:59:59+01:00,1,0,360,524,1202,2463,1622,4146,2135,5893,2890,4533,2030,2029,2082,3188,1307,4530,258,354,838,1694,1187,3024,1597,4449,2239,3442,1549,1597,1535,2495,999,3756,38095,31012,728,1,2109,0,0,3,1
2021-02-15T23:59:59+01:00,1,0,350,502,1129,2319,1577,4073,2103,5840,2862,4492,2011,2013,2061,3158,1300,4510,251,335,815,1649,1155,2948,1541,4315,2168,3322,1474,1533,1481,2388,957,3579,37990,29910,618,1,1690,0,0,3,1
2021-02-14T23:59:59+01:00,1,0,342,497,1106,2263,1514,3909,2061,5748,2831,4453,2005,2011,2050,3149,1298,4503,244,330,797,1622,1139,2909,1499,4263,2130,3292,1458,1512,1457,2352,942,3537,37972,29482,553,1,1213,0,0,3,1
2021-02-13T23:59:59+01:00,1,0,342,497,1105,2263,1514,3908,2059,5747,2831,4453,2004,2009,2049,3149,1297,4500,244,330,797,1622,1139,2909,1498,4261,2130,3292,1456,1509,1456,2351,942,3536,37961,29471,553,1,1212,0,0,2,1
2021-02-12T23:59:59+01:00,1,0,338,494,1088,2254,1509,3894,2054,5738,2828,4447,1990,1999,2043,3136,1292,4497,243,329,791,1617,1133,2900,1481,4242,2111,3279,1443,1493,1441,2320,935,3503,37894,29260,545,1,1161,0,0,2,1
2021-02-11T23:59:59+01:00,1,0,318,470,1024,2156,1455,3767,1960,5474,2743,4328,1960,1966,2003,3071,1267,4441,223,303,742,1512,1053,2674,1357,3885,1927,2972,1256,1286,1273,2045,829,3153,37505,26489,508,1,389,0,0,2,1
2021-02-10T23:59:59+01:00,1,0,312,461,1002,2116,1417,3688,1906,5312,2648,4147,1891,1916,1961,3033,1249,4415,199,258,649,1323,926,2291,1169,3283,1688,2557,1098,1113,1127,1801,722,2813,37099,23016,373,1,1,0,0,2,1
2021-02-09T23:59:59+01:00,1,0,306,451,994,2084,1401,3636,1862,5245,2581,4091,1835,1880,1893,2980,1228,4394,165,199,551,1063,778,1847,964,2674,1425,2145,952,953,939,1522,606,2400,36799,19183,60,0,1,0,0,2,1
2021-02-08T23:59:59+01:00,1,0,305,449,991,2077,1391,3620,1854,5222,2562,4075,1821,1868,1875,2962,1221,4369,114,164,451,850,615,1432,765,2024,1149,1661,766,777,748,1204,483,1951,36644,15154,16,0,1,0,0,2,1
2021-02-07T23:59:59+01:00,1,0,305,449,990,2075,1390,3614,1851,5219,2555,4072,1815,1859,1859,2955,1217,4363,105,145,401,704,541,1258,686,1809,1053,1514,693,697,672,1084,418,1735,36574,13515,13,0,0,0,0,2,1
2021-02-06T23:59:59+01:00,1,0,305,449,989,2074,1390,3611,1851,5217,2555,4069,1815,1858,1854,2953,1214,4361,105,144,396,701,536,1234,670,1790,1042,1492,690,693,667,1080,417,1731,36551,13389,13,0,0,0,0,2,0
2021-02-05T23:59:59+01:00,1,0,305,448,987,2071,1386,3602,1847,5203,2549,4063,1814,1857,1846,2945,1205,4348,101,137,381,683,519,1205,638,1738,994,1429,653,643,622,1006,391,1643,36462,12784,13,0,0,0,0,2,0
2021-02-04T23:59:59+01:00,1,0,298,431,976,2039,1367,3549,1828,5126,2534,4015,1798,1837,1821,2910,1188,4317,76,106,282,461,358,812,454,1175,682,970,505,469,481,795,305,1312,36020,9244,13,0,0,0,0,2,0
2021-02-03T23:59:59+01:00,1,0,294,422,958,2012,1351,3511,1815,5077,2500,3972,1778,1814,1805,2886,1175,4303,60,82,236,395,289,633,347,919,522,724,339,325,346,568,218,959,35659,6963,13,0,0,0,0,2,0
2021-02-02T23:59:59+01:00,1,0,290,415,952,1984,1343,3479,1804,5031,2477,3937,1760,1798,1779,2845,1154,4256,39,63,181,312,242,485,265,736,377,556,235,208,221,377,150,627,35290,5074,13,0,0,0,0,2,0
2021-02-01T23:59:59+01:00,1,0,289,413,947,1977,1340,3463,1796,5011,2469,3918,1753,1787,1764,2830,1148,4243,19,39,134,227,167,310,169,490,236,321,119,105,96,184,69,277,35134,2962,13,0,0,0,0,2,0
2021-01-31T23:59:59+01:00,1,0,288,412,945,1970,1337,3454,1793,4992,2465,3903,1749,1779,1760,2823,1146,4234,18,34,116,199,150,268,152,410,200,277,100,91,88,157,61,243,35036,2564,13,0,0,0,0,2,0
2021-01-30T23:59:59+01:00,1,0,288,412,945,1970,1337,3454,1793,4992,2465,3903,1748,1779,1760,2822,1146,4233,18,34,115,199,150,266,149,407,199,276,99,90,88,157,61,243,35033,2551,13,0,0,0,0,2,0
2021-01-29T23:59:59+01:00,1,0,286,409,943,1968,1336,3446,1787,4983,2462,3900,1742,1772,1751,2812,1139,4212,16,33,114,190,141,258,137,379,168,249,72,66,79,136,56,211,34935,2305,13,0,0,0,0,1,0
2021-01-28T23:59:59+01:00,1,0,281,401,924,1912,1312,3382,1762,4921,2434,3838,1720,1752,1720,2781,1121,4177,0,0,9,19,8,18,11,46,7,22,7,3,7,9,2,13,34426,181,12,0,0,0,0,1,0
2021-01-27T23:59:59+01:00,1,0,276,383,891,1832,1278,3268,1700,4798,2374,3738,1664,1704,1676,2715,1085,4095,0,0,4,6,5,11,7,20,3,12,6,3,7,9,2,12,33469,107,8,0,0,0,0,1,0
2021-01-26T23:59:59+01:00,1,0,270,374,881,1819,1264,3230,1683,4741,2344,3672,1633,1672,1639,2645,1068,4013,0,0,4,6,5,11,7,20,3,12,6,3,7,9,2,12,32942,107,6,0,0,0,0,1,0
2021-01-25T23:59:59+01:00,1,0,259,350,839,1700,1194,3066,1593,4470,2241,3463,1574,1619,1587,2561,1022,3845,0,0,1,3,1,3,4,3,3,5,6,3,6,8,2,12,31381,60,2,0,0,0,0,1,0
2021-01-24T23:59:59+01:00,1,0,256,347,828,1681,1184,3044,1562,4437,2215,3442,1563,1611,1577,2550,1017,3838,0,0,1,2,1,3,4,3,3,5,6,3,6,8,2,12,31150,59,2,0,0,0,0,1,0
2021-01-23T23:59:59+01:00,1,0,256,347,828,1681,1183,3043,1562,4433,2214,3441,1562,1611,1576,2549,1016,3833,0,0,1,2,1,3,4,3,3,5,6,3,6,8,2,12,31133,59,2,0,0,0,0,1,0
2021-01-22T23:59:59+01:00,1,0,255,345,822,1678,1179,3038,1559,4426,2202,3436,1550,1600,1570,2530,1011,3814,0,0,1,2,1,3,4,3,3,5,6,3,6,8,2,12,31013,59,2,0,0,0,0,1,0
2021-01-21T23:59:59+01:00,1,0,244,335,795,1612,1154,2911,1503,4266,2122,3301,1452,1498,1438,2367,932,3633,0,0,1,2,1,3,4,2,3,5,4,2,5,8,1,12,29561,53,2,0,0,0,0,1,0
2021-01-20T23:59:59+01:00,1,0,221,291,723,1455,1064,2597,1367,3806,1949,2947,1332,1353,1318,2172,861,3413,0,0,1,2,1,3,4,2,3,5,4,2,5,8,1,12,26867,53,2,0,0,0,0,1,0
2021-01-19T23:59:59+01:00,1,0,190,235,625,1207,918,2151,1147,3191,1668,2517,1152,1155,1092,1836,716,2900,0,0,1,1,1,2,4,1,2,5,4,2,5,8,1,12,22698,49,2,0,0,0,0,1,0
2021-01-18T23:59:59+01:00,1,0,132,185,491,946,709,1636,879,2322,1298,1905,902,924,873,1455,560,2311,0,0,0,0,0,0,0,0,1,2,2,1,0,0,0,0,17527,6,1,0,0,0,0,1,0
2021-01-17T23:59:59+01:00,1,0,119,159,431,775,624,1415,778,2069,1186,1716,838,845,793,1319,501,2105,0,0,0,0,0,0,0,0,0,1,0,0,0,0,0,0,15673,1,0,0,0,0,0,1,0
2021-01-16T23:59:59+01:00,1,0,119,158,427,774,622,1407,768,2065,1178,1709,836,840,788,1308,493,2090,0,0,0,0,0,0,0,0,0,0,0,0,0,0,0,0,15583,0,0,0,0,0,0,0,0
2021-01-15T23:59:59+01:00,1,0,109,152,415,753,596,1369,736,1987,1117,1628,792,788,745,1223,463,1976,0,0,0,0,0,0,0,0,0,0,0,0,0,0,0,0,14850,0,0,0,0,0,0,0,0
2021-01-14T23:59:59+01:00,1,0,75,112,298,486,395,884,508,1279,762,1067,578,546,542,902,353,1501,0,0,0,0,0,0,0,0,0,0,0,0,0,0,0,0,10289,0,0,0,0,0,0,0,0
2021-01-13T23:59:59+01:00,1,0,58,85,246,409,319,667,378,978,556,760,364,344,362,613,246,1037,0,0,0,0,0,0,0,0,0,0,0,0,0,0,0,0,7423,0,0,0,0,0,0,0,0
2021-01-12T23:59:59+01:00,0,0,47,69,200,351,257,542,278,804,405,595,244,217,227,405,166,691,0,0,0,0,0,0,0,0,0,0,0,0,0,0,0,0,5498,0,0,0,0,0,0,0,0
2021-01-11T23:59:59+01:00,0,0,32,50,174,303,210,441,218,647,297,420,149,126,129,248,88,397,0,0,0,0,0,0,0,0,0,0,0,0,0,0,0,0,3929,0,0,0,0,0,0,0,0
2021-01-10T23:59:59+01:00,0,0,24,41,152,254,180,363,179,536,248,359,128,106,114,204,77,320,0,0,0,0,0,0,0,0,0,0,0,0,0,0,0,0,3285,0,0,0,0,0,0,0,0
2021-01-09T23:59:59+01:00,0,0,24,41,151,252,179,361,177,530,247,358,127,105,114,204,77,320,0,0,0,0,0,0,0,0,0,0,0,0,0,0,0,0,3267,0,0,0,0,0,0,0,0
2021-01-08T23:59:59+01:00,0,0,22,40,149,243,171,351,164,499,218,332,103,89,109,189,71,298,0,0,0,0,0,0,0,0,0,0,0,0,0,0,0,0,3048,0,0,0,0,0,0,0,0
2021-01-07T23:59:59+01:00,0,0,1,0,4,9,8,13,10,6,16,11,10,9,14,21,2,32,0,0,0,0,0,0,0,0,0,0,0,0,0,0,0,0,166,0,0,0,0,0,0,0,0
2021-01-06T23:59:59+01:00,0,0,0,0,1,3,1,5,5,2,3,6,6,2,7,10,1,14,0,0,0,0,0,0,0,0,0,0,0,0,0,0,0,0,66,0,0,0,0,0,0,0,0
2021-01-05T23:59:59+01:00,0,0,0,0,1,3,1,5,5,2,3,5,6,2,6,9,1,13,0,0,0,0,0,0,0,0,0,0,0,0,0,0,0,0,62,0,0,0,0,0,0,0,0
2021-01-04T23:59:59+01:00,0,0,0,0,1,3,1,4,4,2,3,5,6,2,5,8,1,13,0,0,0,0,0,0,0,0,0,0,0,0,0,0,0,0,58,0,0,0,0,0,0,0,0
2021-01-03T23:59:59+01:00,0,0,0,0,1,2,1,4,4,2,3,5,5,2,5,8,1,13,0,0,0,0,0,0,0,0,0,0,0,0,0,0,0,0,56,0,0,0,0,0,0,0,0
2021-01-02T23:59:59+01:00,0,0,0,0,1,2,1,4,4,2,3,5,5,2,5,8,1,13,0,0,0,0,0,0,0,0,0,0,0,0,0,0,0,0,56,0,0,0,0,0,0,0,0
2021-01-01T23:59:59+01:00,0,0,0,0,1,2,1,3,4,2,3,5,5,2,5,8,1,13,0,0,0,0,0,0,0,0,0,0,0,0,0,0,0,0,55,0,0,0,0,0,0,0,0
2020-12-31T23:59:59+01:00,0,0,0,0,1,2,1,3,4,2,3,5,5,2,5,8,1,13,0,0,0,0,0,0,0,0,0,0,0,0,0,0,0,0,55,0,0,0,0,0,0,0,0
2020-12-30T23:59:59+01:00,0,0,0,0,1,2,1,3,4,2,3,5,5,2,5,8,1,13,0,0,0,0,0,0,0,0,0,0,0,0,0,0,0,0,55,0,0,0,0,0,0,0,0
2020-12-29T23:59:59+01:00,0,0,0,0,1,1,1,2,4,1,2,5,5,2,5,8,1,13,0,0,0,0,0,0,0,0,0,0,0,0,0,0,0,0,51,0,0,0,0,0,0,0,0
2020-12-28T23:59:59+01:00,0,0,0,0,1,1,1,1,2,0,1,5,4,1,1,0,0,2,0,0,0,0,0,0,0,0,0,0,0,0,0,0,0,0,20,0,0,0,0,0,0,0,0
2020-12-27T23:59:59+01:00,0,0,0,0,1,1,1,1,2,0,0,3,2,0,1,0,0,2,0,0,0,0,0,0,0,0,0,0,0,0,0,0,0,0,14,0,0,0,0,0,0,0,0
