Datum,<24_1_m,<24_1_w,25-34_1_m,25-34_1_w,35-44_1_m,35-44_1_w,45-54_1_m,45-54_1_w,55-64_1_m,55-64_1_w,65-74_1_m,65-74_1_w,75-84_1_m,75-84_1_w,>84_1_m,>84_1_w,<24_2_m,<24_2_w,25-34_2_m,25-34_2_w,35-44_2_m,35-44_2_w,45-54_2_m,45-54_2_w,55-64_2_m,55-64_2_w,65-74_2_m,65-74_2_w,75-84_2_m,75-84_2_w,>84_2_m,>84_2_w,bp_1,bp_2,mo_1,mo_2,az_1,az_2,ja
2021-07-06T23:59:59+02:00,20543,20281,40813,36910,45296,44550,56502,57557,67674,69074,51090,56615,35815,46420,11052,21032,9340,9195,20612,19712,23780,25410,30831,35177,45845,48716,44223,49114,33652,43541,10573,20040,493694,324996,68591,44773,104469,85522,14470
2021-07-05T23:59:59+02:00,19120,18896,39980,36125,45090,44340,56329,57360,67521,68951,51036,56561,35795,46393,11051,21026,9059,8947,20081,19339,23137,24999,30212,34761,45104,48116,43482,48337,33525,43357,10564,20028,488086,319314,68589,44755,104466,84546,14433
2021-07-04T23:59:59+02:00,17400,16930,39657,35907,45011,44269,56246,57295,67444,68883,51003,56536,35785,46373,11049,21024,9005,8899,19954,19275,22972,24925,29968,34683,44325,47992,42166,47058,33450,43288,10562,20023,483437,318869,68558,44710,104453,80602,14364
2021-07-03T23:59:59+02:00,17378,16910,39608,35858,44996,44256,56239,57291,67438,68876,51001,56534,35785,46373,11049,21023,8962,8859,19890,19208,22914,24862,29884,34604,44104,47816,42098,46984,33405,43229,10559,20023,483258,317919,68556,44709,104452,80424,14349
2021-07-02T23:59:59+02:00,17250,16788,39149,35491,44885,44162,56187,57249,67390,68846,50990,56528,35779,46362,11049,21022,8806,8695,19566,18932,22534,24487,29468,34195,43498,47192,41896,46758,33311,43100,10555,20019,481798,314959,68542,43699,104450,80017,14337
2021-07-01T23:59:59+02:00,16913,16478,37438,34169,44326,43670,55935,57047,67222,68682,50912,56440,35753,46323,11045,21015,8439,8305,18720,18241,21583,23660,28127,33050,40528,44280,40914,45682,32707,42384,10538,19995,476404,307602,68470,38943,104426,76540,14068
2021-06-30T23:59:59+02:00,16589,16203,35376,32438,43730,43053,55721,56859,67030,68496,50830,56351,35725,46271,11041,21000,8084,7969,18061,17633,20714,22846,26868,31816,36064,39559,39848,44548,32048,41603,10517,19970,469872,297278,68429,33185,104407,73680,14005
2021-06-29T23:59:59+02:00,16346,15982,34378,31368,43285,42621,55542,56703,66863,68348,50755,56276,35688,46228,11033,20993,7509,7368,16965,16720,19488,21639,25190,30159,33337,36460,37069,41575,31316,40723,10494,19932,465753,281280,68423,33141,104392,67682,13841
2021-06-28T23:59:59+02:00,16198,15815,32724,29996,42975,42329,55384,56565,66749,68244,50709,56224,35672,46207,11030,20981,7207,7106,16422,16346,19098,21326,24686,29775,32753,35967,35699,40097,30531,39793,10490,19923,461485,278254,68401,33092,104367,62324,13549
2021-06-27T23:59:59+02:00,16176,15795,32572,29910,42913,42301,55348,56556,66723,68236,50705,56220,35669,46206,11030,20980,7163,7080,16287,16279,18934,21265,24484,29702,32525,35829,34450,38832,28910,37876,10489,19922,461170,278086,68399,33052,104361,55479,13410
2021-06-26T23:59:59+02:00,16153,15775,32547,29894,42870,42262,55325,56542,66717,68233,50703,56219,35667,46205,11030,20980,7159,7068,16268,16267,18918,21257,24451,29680,32504,35808,34437,38820,28908,37873,10489,19922,460955,277894,68397,33052,104361,55474,13409
2021-06-25T23:59:59+02:00,16096,15731,32435,29796,42681,42106,55269,56498,66678,68209,50693,56208,35663,46204,11030,20980,6975,6792,15989,15765,18654,20611,24087,28750,32120,35091,34276,38605,28885,37843,10489,19922,460150,275249,68395,33043,104344,53174,13388
2021-06-24T23:59:59+02:00,15817,15525,31994,29512,41221,40871,54817,56148,66451,68055,50640,56153,35648,46178,11025,20970,6666,6572,15309,15326,17221,19615,22041,27210,31033,34202,33875,38186,28764,37666,10477,19908,455635,265664,68395,33001,104340,52751,12655
2021-06-23T23:59:59+02:00,15528,15223,31503,29118,39136,39057,54271,55612,66202,67835,50551,56045,35608,46132,11020,20957,6468,6409,14953,15056,16699,19170,21174,26419,29359,32865,33124,37345,28573,37426,10470,19893,448629,257966,68348,32912,104337,52041,12484
2021-06-22T23:59:59+02:00,15132,14803,30837,28488,35706,36029,53368,54817,65902,67533,50445,55923,35571,46076,11017,20943,6291,6199,14559,14733,15911,18459,19764,25116,27766,31218,32329,36375,28041,36824,10452,19862,437755,247943,68318,32831,104332,50940,12185
2021-06-21T23:59:59+02:00,14881,14627,30155,28031,33556,34078,52912,54403,65728,67417,50365,55850,35545,46055,11012,20938,6198,6119,14400,14618,15741,18325,19645,25006,27660,31134,32174,36236,26838,35599,10452,19860,431008,247286,68296,32785,104300,47985,11949
2021-06-20T23:59:59+02:00,14760,14547,28385,26800,32985,33667,52829,54319,65665,67387,50344,55824,35537,46053,11011,20936,5782,5847,13508,14024,14970,17783,19131,24697,27369,30951,32022,36072,26812,35568,10450,19856,427023,242708,68294,32753,104270,47919,11462
2021-06-19T23:59:59+02:00,14729,14509,28270,26719,32955,33640,52808,54303,65649,67376,50338,55815,35535,46048,11010,20934,5567,5689,12948,13616,14364,17308,18805,24496,27176,30782,31944,35973,26795,35554,10450,19856,426618,239199,68293,32751,104270,47916,11457
2021-06-18T23:59:59+02:00,14643,14419,28171,26653,31731,32745,52451,54000,65518,67286,50308,55782,35518,46023,11006,20930,5502,5616,12851,13532,14201,17187,18569,24271,26359,30122,31740,35738,26729,35479,10446,19849,426139,236272,65378,32647,104260,47865,11407
2021-06-17T23:59:59+02:00,14275,14145,27633,26428,31278,32495,51694,53445,65114,67023,50232,55684,35488,45983,11000,20918,5138,5358,12116,13080,13450,16591,17506,23360,24234,28177,31106,35012,26536,35205,10429,19835,423008,227352,65371,32369,104235,47191,10221
2021-06-16T23:59:59+02:00,13835,13725,27173,26076,30844,32141,50888,52753,64672,66643,50121,55567,35459,45926,10990,20906,4776,4921,11398,12407,12666,15906,16413,22246,21277,25325,30045,33814,26240,34802,10414,19794,418236,213377,65329,32341,104230,46802,9924
2021-06-15T23:59:59+02:00,13150,13064,26424,25505,30071,31552,49645,51697,63966,66122,49944,55374,35390,45814,10981,20887,4282,4295,10432,11478,11517,14540,14693,20557,17863,22036,28682,32383,25856,34284,10388,19751,410595,194861,65310,32228,104226,46493,9455
2021-06-14T23:59:59+02:00,12720,12675,26021,25181,29414,31094,47856,50233,62919,65291,49728,55150,35313,45738,10973,20875,4184,4242,10258,11353,11378,14410,14517,20438,17674,21880,28612,32304,25837,34256,10385,19750,402771,194442,65301,31956,104222,46193,8887
2021-06-13T23:59:59+02:00,12678,12630,25948,25150,29351,31067,47802,50208,62884,65268,49721,55147,35311,45735,10972,20872,4032,4165,9932,11227,11056,14301,14223,20328,17292,21539,27116,30685,25698,34062,10381,19739,402571,193712,65229,27346,104215,45989,8729
2021-06-12T23:59:59+02:00,12661,12613,25934,25140,29340,31055,47743,50139,62842,65232,49720,55144,35311,45735,10972,20872,4030,4155,9916,11212,11048,14287,14204,20311,17272,21530,27075,30640,25693,34056,10381,19739,402281,193528,65229,27344,104214,45948,8729
2021-06-11T23:59:59+02:00,12562,12481,25809,25027,29221,30933,47511,49916,62710,65113,49696,55118,35301,45724,10970,20870,3937,3889,9400,10028,10619,13382,13915,19758,16999,21055,26672,30221,25604,33975,10378,19737,401028,192490,65221,27341,104174,41199,8539
2021-06-10T23:59:59+02:00,12314,12269,25495,24747,28883,30670,46455,48910,61982,64550,49613,55024,35268,45672,10960,20857,3673,3525,8633,8789,9725,11746,12620,17025,15229,17491,24967,28306,25310,33677,10373,19713,396227,187038,65170,26904,103969,28557,8303
2021-06-09T23:59:59+02:00,12012,11941,25091,24341,28496,30278,44463,47098,60900,63613,49513,54905,35223,45620,10955,20840,3429,3408,8221,8537,9218,11427,12116,16640,14533,16904,21155,24020,25086,33377,10362,19688,388312,175577,65049,26563,103968,28021,7960
2021-06-08T23:59:59+02:00,11582,11412,24439,23723,27841,29621,41320,44275,59146,61991,49344,54720,35151,45531,10945,20819,3220,3272,7824,8281,8607,11055,11459,16224,13882,16264,15810,18109,24696,32852,10344,19660,375787,160480,64987,26209,103958,27742,7128
2021-06-07T23:59:59+02:00,11417,11219,24089,23449,27566,29417,38695,42352,58717,61631,49310,54689,35138,45510,10943,20813,3126,3205,7519,8106,8292,10881,10891,15777,13383,15789,15734,18032,24668,32802,10342,19653,370160,160170,64561,24398,103949,27347,6285
2021-06-06T23:59:59+02:00,11287,11114,23774,23223,27359,29247,37105,41170,58593,61552,49285,54661,35130,45496,10943,20811,3026,3156,7252,8018,8025,10720,10159,15102,12793,15173,15585,17921,24654,32779,10340,19653,369754,160056,61209,21261,103940,27192,5847
2021-06-05T23:59:59+02:00,11269,11096,23733,23187,27324,29222,37078,41155,58495,61467,49274,54655,35128,45494,10943,20808,3014,3145,7229,7987,7996,10704,10129,15087,12754,15149,15464,17757,24649,32771,10339,19652,369426,159631,61207,21260,103939,27179,5756
2021-06-04T23:59:59+02:00,11086,10837,23372,22725,27054,28827,36654,40709,57877,60930,49239,54614,35118,45476,10942,20802,2990,3129,7200,7970,7975,10686,10100,15062,12720,15115,15255,17552,24638,32750,10337,19651,367625,159051,58961,21247,103926,27082,5750
2021-06-03T23:59:59+02:00,10868,10623,22917,22335,26630,28493,35572,39886,55134,58590,49114,54459,35076,45413,10937,20787,2900,3049,6994,7824,7522,10396,9083,14442,11494,14423,14081,16095,24461,32533,10325,19632,363737,155735,54051,17571,103875,26777,5171
2021-06-02T23:59:59+02:00,10833,10591,22881,22301,26598,28469,35541,39845,55008,58433,49100,54437,35070,45406,10937,20786,2860,3020,6939,7806,7464,10362,8930,14403,11273,14362,12738,14626,24342,32361,10320,19625,363155,151949,54045,17560,103875,26761,5161
2021-06-01T23:59:59+02:00,10414,10245,22230,21794,25919,27893,34822,39276,52025,55307,48716,54037,34953,45248,10921,20760,2404,2662,5594,7126,6200,9790,7544,13737,10147,13407,8439,9090,23870,31683,10296,19567,352493,133839,53875,17194,103856,26187,4336
2021-05-31T23:59:59+02:00,10140,10014,21660,21399,25515,27643,34501,39074,50579,53915,48617,53913,34920,45207,10914,20752,2295,2539,5309,6881,5940,9570,7180,13497,9891,13248,8388,9028,23844,31637,10288,19554,347782,133074,53836,17075,103833,25628,3312
2021-05-30T23:59:59+02:00,10085,9966,21574,21362,25450,27609,34390,39003,50218,53577,48593,53888,34914,45201,10912,20749,2260,2509,5204,6802,5838,9504,6991,13409,9667,13154,8346,8983,23828,31630,10287,19549,346603,132485,53818,16902,103824,25328,3246
2021-05-29T23:59:59+02:00,10069,9955,21541,21345,25434,27597,34369,38990,50206,53559,48589,53884,34911,45200,10912,20749,2240,2456,5161,6677,5777,9373,6875,13212,9530,12934,8273,8894,23762,31563,10286,19548,346452,132212,53818,16851,103803,24261,3237
2021-05-28T23:59:59+02:00,10011,9887,21465,21236,25358,27480,34292,38890,50128,53461,48568,53866,34903,45190,10912,20745,2157,2195,4544,6138,5159,8651,6505,12249,9037,11942,8099,8702,23395,31082,10285,19545,345610,130727,53807,16753,103745,18975,3230
2021-05-27T23:59:59+02:00,9747,9639,20938,20859,24821,27123,33770,38514,49516,52858,48399,53675,34833,45116,10909,20726,1916,1929,3966,5617,4485,8050,5998,11486,8102,10634,7597,8045,21840,28931,10270,19523,341357,125093,53396,15624,103637,14619,3053
2021-05-26T23:59:59+02:00,9475,9401,20219,20298,23959,26456,32517,37488,48759,52160,48146,53386,34758,45002,10898,20702,1861,1858,3874,5491,4352,7889,5792,11226,7779,10256,7037,7320,19421,25519,10250,19480,336695,116658,50427,15370,103585,14460,2917
2021-05-25T23:59:59+02:00,9209,9169,19809,19943,23524,26066,32012,36982,47872,51191,47856,53077,34678,44862,10886,20674,1795,1810,3750,5393,4218,7742,5585,11004,7472,9941,6419,6486,15337,20192,10230,19422,331179,104581,50347,15326,103512,14117,2772
2021-05-24T23:59:59+02:00,8999,9018,19248,19657,22754,25680,30509,35971,47650,51020,47764,52976,34649,44833,10884,20673,1770,1795,3705,5359,4156,7701,5520,10944,7396,9886,6394,6462,15323,20184,10230,19422,329619,104467,46568,15314,103458,13826,2640
2021-05-23T23:59:59+02:00,8791,8812,18891,19365,22332,25332,30086,35651,47058,50510,47331,52521,34547,44687,10876,20664,1768,1794,3696,5354,4152,7697,5510,10936,7388,9879,6390,6451,15323,20182,10230,19422,324792,104415,46567,15312,103457,13807,2638
2021-05-22T23:59:59+02:00,8760,8775,18842,19322,22285,25301,30035,35621,46949,50440,47312,52499,34544,44678,10873,20664,1767,1791,3684,5342,4148,7691,5506,10930,7381,9875,6388,6449,15321,20182,10230,19422,324252,104383,46567,15312,103456,13787,2625
2021-05-21T23:59:59+02:00,8486,8422,18402,18809,21928,24661,29610,34813,46461,49776,47224,52376,34506,44635,10870,20659,1704,1750,3605,5303,4107,7657,5474,10886,7341,9827,6360,6423,15243,20086,10229,19421,319065,104070,46538,15312,103432,13431,2603
2021-05-20T23:59:59+02:00,7913,7873,17452,18019,20927,23746,28294,33615,44719,47958,46786,51917,34398,44482,10852,20640,1404,1591,3297,5014,3842,7270,5181,10410,6963,9376,6129,6171,13938,18553,10206,19382,307483,100343,46454,14834,103206,11102,2448
2021-05-19T23:59:59+02:00,7649,7558,16847,17420,20032,22876,27069,32364,42928,45870,46253,51362,34247,44263,10831,20609,1340,1510,3093,4799,3638,7019,4959,10058,6670,9046,5855,5846,11745,15724,10189,19320,296373,94162,46414,14366,103161,10053,2230
2021-05-18T23:59:59+02:00,7122,7014,15698,16401,18769,21628,25565,30742,40246,42648,45425,50420,34008,43959,10806,20567,1319,1485,3034,4729,3562,6901,4825,9928,6491,8834,5591,5573,10058,13561,10166,19265,280612,89061,45212,14316,103068,9819,2126
2021-05-17T23:59:59+02:00,7043,6954,15514,16290,18554,21459,25166,30417,38495,41012,45315,50342,33960,43893,10796,20546,1286,1463,2980,4685,3499,6842,4757,9826,6396,8733,5550,5533,10045,13544,10163,19257,280398,88998,40445,14034,103025,9639,1888
2021-05-16T23:59:59+02:00,6927,6901,15395,16202,18425,21354,24987,30303,35515,38244,45279,50307,33938,43869,10793,20541,1262,1447,2937,4645,3451,6785,4672,9759,6300,8653,5520,5496,10034,13528,10161,19254,280120,88951,34302,13767,102905,9533,1653
2021-05-15T23:59:59+02:00,6904,6870,15334,16145,18379,21314,24920,30260,35479,38203,45256,50280,33931,43864,10793,20541,1251,1421,2905,4572,3432,6716,4653,9678,6278,8603,5514,5491,10030,13527,10161,19254,279639,88897,34302,13763,102891,9185,1641
2021-05-14T23:59:59+02:00,6729,6502,14988,15649,18066,20898,24586,29800,35233,37852,45227,50249,33921,43859,10793,20539,1190,1360,2828,4470,3385,6614,4588,9524,6190,8469,5484,5447,10017,13518,10161,19253,278589,88816,34153,13725,100573,8381,1576
2021-05-13T23:59:59+02:00,6379,6187,14234,15065,17363,20271,23731,29060,34466,37183,44939,49906,33841,43734,10789,20528,1015,1275,2633,4361,3267,6494,4448,9358,6069,8327,5441,5409,10002,13502,10157,19248,272194,88672,33832,13643,100360,7401,1290
2021-05-12T23:59:59+02:00,5979,5915,13255,14389,16345,19470,23067,28626,34161,36903,44756,49712,33810,43703,10786,20525,1013,1273,2627,4356,3249,6490,4443,9348,6062,8322,5436,5404,10000,13497,10156,19247,265946,88617,33823,13633,100356,7396,1277
2021-05-11T23:59:59+02:00,5605,5689,12674,13944,14549,18032,20118,26108,31848,34582,43705,48451,33487,43230,10758,20476,954,1199,2512,4186,3143,6268,4326,9067,5947,8100,5364,5326,9958,13437,10148,19230,248690,88154,33547,13419,99920,6493,1099
2021-05-10T23:59:59+02:00,5459,5592,12404,13820,14200,17811,19317,25537,30470,33563,43173,47842,33430,43143,10750,20456,913,1140,2413,4025,3049,6065,4204,8806,5826,7904,5328,5297,9946,13421,10144,19221,243224,88050,33337,13359,99618,5505,788
2021-05-09T23:59:59+02:00,5053,5350,11210,13289,13199,17448,18296,25208,29928,33272,43117,47770,33405,43128,10747,20449,890,1110,2314,3922,2959,5926,4072,8632,5732,7799,5320,5284,9939,13417,10139,19218,237894,88009,33266,13317,99279,4917,430
2021-05-08T23:59:59+02:00,5042,5341,11188,13269,13174,17429,18266,25175,29888,33229,43109,47759,33404,43124,10747,20449,886,1104,2301,3915,2953,5926,4068,8626,5729,7796,5317,5281,9936,13412,10139,19218,237625,87982,33265,13317,99278,4883,425
2021-05-07T23:59:59+02:00,4943,5258,10960,13101,12882,17213,17661,24576,28939,32334,42917,47519,33348,43052,10743,20443,859,1073,2266,3861,2907,5880,4013,8571,5645,7742,5270,5235,9924,13403,10139,19217,235133,87850,31377,13313,99171,4634,208
2021-05-06T23:59:59+02:00,4530,4979,10293,12684,12123,16550,16058,23134,26396,29944,42214,46772,33182,42816,10727,20420,803,1018,2130,3611,2740,5573,3819,8098,5450,7422,5219,5182,9901,13375,10137,19208,226377,87669,28030,13000,98368,2970,47
2021-05-05T23:59:59+02:00,4217,4753,9701,12242,11406,15972,14961,22112,23553,27196,41239,45669,32903,42429,10709,20378,789,996,2067,3486,2683,5418,3726,7888,5353,7286,5170,5127,9866,13339,10135,19205,213407,87410,27847,12862,98147,2223,39
2021-05-04T23:59:59+02:00,3874,4296,9031,11548,10635,15136,13657,20862,19950,23792,39894,44211,32530,41910,10686,20339,771,966,2001,3369,2613,5284,3635,7737,5258,7163,5132,5081,9837,13310,10133,19202,196366,87196,27829,12565,98123,1698,33
2021-05-03T23:59:59+02:00,3632,3873,8623,11054,10159,14511,13123,20206,19232,23149,39629,43960,32451,41806,10683,20324,757,937,1934,3264,2557,5177,3575,7623,5208,7076,5117,5070,9822,13293,10130,19197,190516,87056,27817,12557,98061,1103,21
2021-05-02T23:59:59+02:00,3629,3871,8605,11047,10150,14504,13101,20194,19215,23140,39628,43959,32450,41805,10682,20324,753,920,1905,3183,2511,5082,3528,7498,5188,7011,5113,5067,9821,13289,10130,19195,190428,87039,27805,12528,98054,610,17
2021-05-01T23:59:59+02:00,3627,3864,8593,11032,10142,14495,13094,20192,19204,23131,39628,43957,32450,41805,10682,20324,752,920,1904,3183,2511,5082,3528,7498,5188,7011,5113,5067,9821,13289,10129,19195,190346,87038,27804,12527,98054,610,16
2021-04-30T23:59:59+02:00,3604,3840,8547,10996,10099,14455,13032,20153,19101,22980,39362,43634,32429,41784,10681,20324,749,916,1891,3175,2510,5073,3525,7491,5186,7004,5110,5064,9817,13288,10129,19195,189421,87013,27535,12524,98049,570,16
2021-04-29T23:59:59+02:00,3341,3669,8117,10727,9552,14171,12543,19793,18369,22259,36302,40180,32168,41416,10669,20285,736,902,1843,3113,2461,5007,3459,7350,5094,6905,5073,5031,9796,13248,10127,19189,183903,86816,21698,12367,97945,136,15
2021-04-28T23:59:59+02:00,3181,3602,7855,10616,9151,13997,12168,19556,17885,21823,32510,35863,31949,41115,10657,20264,719,885,1817,3074,2416,4958,3422,7293,5030,6843,5012,4974,9744,13190,10124,19180,172737,86610,21547,11937,97898,124,10
2021-04-27T23:59:59+02:00,3099,3537,7596,10485,8800,13822,11683,19333,17407,21333,26960,29686,31572,40608,10636,20232,709,871,1786,3037,2382,4913,3369,7236,4974,6767,4961,4906,9709,13139,10121,19171,157422,86406,21525,11514,97832,121,10
2021-04-26T23:59:59+02:00,3046,3504,7456,10421,8634,13763,11453,19265,16886,20947,26927,29654,31558,40593,10636,20232,687,840,1718,2977,2316,4857,3303,7147,4880,6666,4864,4831,9627,13057,10119,19168,156848,86282,21307,10644,96810,121,10
2021-04-25T23:59:59+02:00,3010,3487,7294,10369,8398,13713,11124,19221,16125,20496,25401,28021,31503,40530,10636,20229,687,838,1712,2973,2309,4854,3298,7139,4876,6657,4861,4826,9619,13045,10119,19168,156366,86259,21297,10607,91884,105,10
2021-04-24T23:59:59+02:00,3006,3481,7278,10356,8387,13705,11110,19212,16108,20478,25358,27958,31500,40524,10635,20228,687,838,1712,2972,2309,4854,3297,7139,4876,6657,4861,4825,9617,13044,10119,19168,156164,86253,21293,10607,91857,105,10
2021-04-23T23:59:59+02:00,2988,3465,7238,10315,8343,13660,11045,19152,16048,20414,24936,27455,31467,40469,10632,20225,679,831,1694,2963,2293,4825,3245,7102,4778,6560,4723,4702,9449,12847,10113,19153,154983,85966,21154,9876,91705,105,10
2021-04-22T23:59:59+02:00,2910,3383,7048,10132,7801,13255,9838,18361,14497,19374,22930,25035,31255,40200,10613,20197,614,779,1579,2850,2169,4662,3084,6932,4595,6360,4570,4530,8939,12195,10077,19074,150208,84064,15861,8850,90750,85,10
2021-04-21T23:59:59+02:00,2857,3336,6926,10044,7592,13103,9473,18122,14029,18927,20426,21904,30956,39812,10594,20172,565,756,1502,2773,2084,4572,2958,6789,4436,6196,4385,4351,8370,11436,10033,18985,143210,82280,15096,7823,89957,78,10
2021-04-20T23:59:59+02:00,2818,3297,6820,9955,7457,12993,9222,17905,13539,18536,17040,17851,30642,39337,10577,20136,535,722,1429,2710,1997,4494,2858,6672,4301,6035,4201,4157,7515,10233,9965,18833,134369,79384,14851,7190,88895,73,10
2021-04-19T23:59:59+02:00,2805,3290,6773,9914,7405,12958,9147,17829,13401,18421,16708,17470,30609,39304,10576,20132,476,682,1314,2617,1902,4401,2732,6519,4110,5847,3949,3858,5692,7820,9751,18437,134054,73593,14656,6436,88022,68,10
2021-04-18T23:59:59+02:00,2789,3277,6698,9888,7299,12911,8952,17762,12566,18294,15299,16066,30541,39242,10573,20125,471,677,1305,2609,1887,4391,2699,6490,4050,5798,3874,3788,5282,7197,9706,18354,133838,72113,14514,6391,83920,64,10
2021-04-17T23:59:59+02:00,2779,3273,6681,9865,7268,12889,8920,17723,12534,18274,15246,16018,30488,39170,10572,20125,471,675,1305,2608,1886,4387,2695,6485,4047,5794,3873,3786,5277,7196,9705,18353,133483,72078,14513,6391,83819,64,10
2021-04-16T23:59:59+02:00,2766,3259,6648,9850,7217,12850,8846,17670,12426,18172,15002,15744,29970,38524,10569,20117,471,673,1299,2603,1877,4385,2690,6479,4040,5786,3868,3780,5260,7166,9705,18351,131968,71982,14506,6380,83146,61,10
2021-04-15T23:59:59+02:00,2715,3202,6515,9749,7029,12672,8505,17398,11954,17708,13951,14531,27856,35717,10551,20094,462,667,1294,2578,1861,4362,2667,6451,3998,5733,3811,3705,5228,7115,9697,18339,126060,71666,14230,6243,79848,50,9
2021-04-14T23:59:59+02:00,2658,3151,6421,9654,6887,12511,8234,17131,11526,17247,12774,13149,23146,29645,10532,20040,459,662,1281,2569,1849,4345,2645,6427,3955,5696,3764,3655,5169,7061,9669,18302,113695,71379,14197,6092,76805,28,9
2021-04-13T23:59:59+02:00,2606,3117,6294,9568,6736,12381,7958,16883,11105,16830,10117,10229,20088,25495,10509,19998,443,637,1233,2526,1796,4285,2537,6325,3775,5535,3551,3469,5022,6925,9660,18280,105323,71039,14003,4928,70579,23,9
2021-04-12T23:59:59+02:00,2585,3103,6236,9540,6630,12294,7768,16755,10859,16627,8756,8743,19267,24523,10508,19989,437,628,1214,2511,1780,4264,2505,6284,3723,5483,3488,3420,4987,6884,9655,18258,105204,70904,13950,4590,65020,18,9
2021-04-11T23:59:59+02:00,2557,3095,6140,9513,6515,12257,7603,16705,10659,16522,7486,7467,17540,22549,10506,19986,437,628,1213,2509,1780,4264,2504,6284,3721,5479,3484,3419,4981,6882,9655,18258,105136,70893,13944,4580,58011,16,9
2021-04-10T23:59:59+02:00,2556,3093,6130,9508,6506,12252,7598,16700,10652,16513,7478,7455,17531,22543,10506,19986,436,625,1211,2506,1779,4262,2502,6280,3718,5478,3475,3405,4973,6868,9655,18258,105054,70834,13943,4573,58002,16,8
2021-04-09T23:59:59+02:00,2494,2995,5996,9298,6350,11990,7340,16292,10340,16014,7322,7250,17414,22363,10505,19984,431,620,1193,2494,1752,4247,2472,6231,3640,5398,3361,3295,4834,6779,9650,18255,104584,70753,13913,3877,55442,14,8
2021-04-08T23:59:59+02:00,2415,2923,5899,9178,6247,11862,7169,16106,10085,15826,7128,6992,16153,20900,10494,19955,424,616,1181,2464,1727,4212,2445,6164,3588,5334,3289,3250,4755,6674,9628,18210,100933,70325,13558,3615,54833,13,8
2021-04-07T23:59:59+02:00,2388,2887,5826,9107,6161,11790,7036,16007,9843,15675,6832,6665,13837,17948,10473,19906,419,615,1171,2451,1714,4189,2431,6128,3522,5277,3218,3198,4700,6613,9620,18183,94775,70056,13397,3373,54201,12,8
2021-04-06T23:59:59+02:00,2372,2854,5731,9042,6071,11712,6883,15895,9604,15493,6475,6303,11748,15348,10447,19847,416,608,1164,2426,1702,4166,2405,6090,3457,5212,3134,3148,4656,6558,9615,18166,89767,69814,13097,3092,52955,11,6
2021-04-05T23:59:59+02:00,2364,2845,5713,9025,6059,11693,6870,15876,9584,15468,6351,6205,10469,14062,10447,19846,412,600,1160,2411,1696,4150,2389,6060,3424,5171,3104,3111,4636,6513,9609,18150,89689,69626,13061,2955,50122,10,5
2021-04-04T23:59:59+02:00,2364,2845,5711,9022,6057,11693,6868,15876,9582,15468,6346,6201,10469,14060,10447,19846,412,599,1160,2410,1696,4150,2388,6060,3424,5171,3104,3111,4634,6513,9609,18150,89680,69622,13061,2954,50109,10,5
2021-04-03T23:59:59+02:00,2362,2837,5703,9015,6052,11689,6865,15873,9579,15466,6343,6196,10463,14057,10447,19846,412,599,1160,2410,1696,4150,2388,6060,3424,5170,3104,3111,4634,6513,9609,18150,89624,69621,13060,2954,50104,10,5
2021-04-02T23:59:59+02:00,2361,2835,5697,9010,6050,11686,6861,15872,9575,15464,6339,6190,10449,14028,10446,19845,410,597,1159,2410,1695,4149,2387,6060,3423,5163,3078,3094,4624,6504,9609,18150,89543,69544,13057,2953,50103,10,5
2021-04-01T23:59:59+02:00,2340,2832,5668,8980,6008,11644,6818,15818,9519,15408,6246,6092,10153,13682,10423,19797,408,583,1157,2404,1688,4138,2371,6044,3397,5142,3018,3049,4565,6433,9534,18037,88555,69003,13035,2950,49833,10,5
2021-03-31T23:59:59+02:00,2305,2804,5593,8915,5940,11551,6716,15706,9387,15273,6101,5950,9602,12941,10379,19707,403,577,1151,2393,1681,4122,2365,6032,3378,5108,2986,3016,4518,6374,9477,17936,86578,68555,12821,2948,49467,10,4
2021-03-30T23:59:59+02:00,2285,2788,5547,8857,5878,11476,6645,15609,9290,15131,5915,5736,8696,11602,10304,19523,401,575,1148,2389,1668,4105,2347,6010,3345,5064,2929,2948,4430,6275,9347,17698,83506,67856,12440,2809,49332,10,4
2021-03-29T23:59:59+02:00,2217,2734,5444,8746,5771,11327,6478,15380,9060,14877,5558,5364,6752,9070,10084,19102,394,571,1137,2381,1655,4093,2322,5984,3316,5008,2861,2883,4314,6172,9146,17367,77426,66916,11628,2674,48906,10,4
2021-03-28T23:59:59+02:00,2196,2721,5401,8687,5695,11250,6391,15294,8942,14757,5434,5212,6112,8140,10018,18986,385,565,1123,2365,1630,4066,2275,5923,3260,4916,2776,2804,4197,6025,9074,17230,75134,66455,11370,2148,48728,7,4
2021-03-27T23:59:59+01:00,2196,2716,5390,8681,5690,11235,6376,15273,8931,14744,5406,5185,6102,8136,10018,18985,385,565,1121,2364,1629,4061,2271,5920,3251,4909,2771,2801,4182,6000,8994,17082,75027,66148,11370,2147,48663,7,4
2021-03-26T23:59:59+01:00,2180,2696,5353,8643,5652,11186,6297,15203,8782,14593,5243,5036,5932,7957,10016,18977,381,557,1115,2351,1613,4033,2243,5884,3217,4856,2710,2738,3997,5744,8287,15904,74683,63510,10535,2109,48524,7,4
2021-03-25T23:59:59+01:00,2063,2615,5177,8429,5451,10910,6090,14905,8543,14305,5082,4882,5836,7838,10013,18969,373,544,1094,2326,1589,4005,2197,5827,3145,4781,2612,2636,3625,5251,7151,14163,74228,59419,9589,1891,47288,6,3
2021-03-24T23:59:59+01:00,1977,2567,5029,8269,5291,10717,5927,14667,8341,14073,4942,4724,5721,7721,10007,18960,369,533,1081,2298,1556,3950,2138,5762,3058,4680,2479,2524,3201,4634,5746,11938,73855,54393,8427,1545,46648,6,3
2021-03-23T23:59:59+01:00,1901,2515,4919,8147,5192,10575,5806,14474,8226,13906,4860,4638,5655,7661,9999,18942,358,509,1061,2263,1523,3892,2094,5674,2977,4589,2389,2430,2750,4000,3853,8717,73462,47675,7681,1397,46270,4,3
2021-03-22T23:59:59+01:00,1836,2456,4785,8013,5059,10401,5647,14241,8034,13693,4757,4526,5585,7551,9985,18898,331,492,1033,2226,1478,3820,2030,5565,2876,4438,2275,2279,2235,3323,1345,4597,72969,39175,6643,1163,45852,2,3
2021-03-21T23:59:59+01:00,1835,2450,4774,7998,5045,10391,5632,14224,8005,13669,4734,4511,5568,7539,9981,18898,330,492,1027,2212,1469,3791,2012,5527,2850,4388,2234,2231,2193,3282,1328,4552,72946,39035,6592,879,45714,2,2
2021-03-20T23:59:59+01:00,1835,2450,4773,7997,5044,10389,5631,14223,7998,13663,4733,4510,5560,7531,9981,18898,330,492,1027,2212,1469,3791,2012,5527,2849,4387,2233,2228,2193,3282,1328,4552,72935,39033,6592,875,45687,2,2
2021-03-19T23:59:59+01:00,1783,2201,4260,6704,4636,9408,5362,13667,7774,13260,4610,4413,5491,7465,9981,18898,329,492,1027,2212,1469,3790,2012,5526,2848,4387,2231,2227,2188,3276,1327,4550,72877,39018,6581,869,40453,2,2
2021-03-18T23:59:59+01:00,1728,1949,3844,5643,4106,8029,4545,11133,6420,9930,4245,4114,5288,7245,9960,18858,328,489,1020,2199,1462,3765,1987,5487,2823,4363,2210,2211,2163,3247,1322,4541,72446,38827,6517,786,28072,2,2
2021-03-17T23:59:59+01:00,1722,1941,3834,5617,4089,7998,4521,11069,6370,9858,4208,4067,5249,7199,9954,18834,325,488,1016,2191,1456,3756,1980,5472,2813,4337,2183,2183,2142,3232,1315,4526,72186,38674,6458,737,27884,2,2
2021-03-16T23:59:59+01:00,1700,1907,3776,5536,4018,7892,4392,10907,6164,9658,3985,3878,5107,7041,9948,18812,323,484,1015,2172,1451,3743,1971,5458,2804,4318,2175,2169,2129,3204,1307,4497,71876,38508,5180,708,27663,2,2
2021-03-15T23:59:59+01:00,1690,1887,3751,5502,3993,7855,4341,10838,6086,9574,3901,3811,5054,6981,9941,18787,320,480,1006,2155,1443,3738,1955,5422,2786,4290,2160,2137,2104,3143,1299,4459,71652,38291,4821,604,27519,2,0
2021-03-14T23:59:59+01:00,1684,1877,3743,5492,3988,7839,4332,10807,6078,9552,3894,3802,5049,6973,9940,18785,319,480,1004,2155,1439,3735,1952,5420,2768,4284,2154,2135,2093,3133,1295,4457,71620,38283,4805,539,27410,1,0
2021-03-13T23:59:59+01:00,1681,1872,3730,5470,3980,7831,4313,10797,6064,9538,3891,3799,5046,6970,9940,18785,319,480,1004,2155,1439,3735,1952,5419,2768,4283,2153,2134,2093,3131,1287,4452,71598,38264,4800,539,27309,1,0
2021-03-12T23:59:59+01:00,1641,1816,3214,5324,3465,7717,4179,10671,5839,9247,3724,3653,4904,6861,9915,18737,314,458,1000,2125,1431,3711,1933,5349,2715,4198,1976,1980,2033,3081,1280,4446,71387,37499,4076,531,25444,0,0
2021-03-11T23:59:59+01:00,1533,1680,2831,5063,3028,7463,3899,10258,5212,8359,3500,3477,4798,6744,9877,18687,313,458,997,2112,1428,3691,1926,5330,2706,4181,1970,1972,2019,3064,1275,4428,70824,37378,3814,492,21771,0,0
2021-03-10T23:59:59+01:00,1503,1649,2792,5017,2993,7404,3844,10172,5103,8242,3374,3373,4683,6629,9833,18621,311,457,995,2109,1426,3680,1922,5317,2695,4161,1953,1965,1993,3032,1264,4414,70417,37297,3483,397,21332,0,0
2021-03-09T23:59:59+01:00,1495,1633,2761,4992,2972,7360,3806,10112,5024,8162,3276,3290,4603,6540,9726,18410,308,456,992,2103,1419,3668,1896,5295,2653,4131,1910,1940,1943,3004,1252,4404,69823,37269,3215,105,21124,0,0
2021-03-08T23:59:59+01:00,1480,1620,2731,4968,2946,7330,3783,10064,5000,8100,3236,3250,4531,6477,9550,18108,308,456,990,2099,1411,3652,1879,5262,2634,4104,1894,1923,1917,2982,1246,4385,69036,37128,3206,14,20932,0,0
2021-03-07T23:59:59+01:00,1467,1610,2702,4923,2912,7282,3750,10002,4959,8041,3201,3217,4466,6376,9474,17964,308,455,990,2098,1410,3647,1876,5252,2633,4099,1890,1920,1913,2978,1243,4378,68503,37078,3153,12,20690,0,0
2021-03-06T23:59:59+01:00,1466,1608,2696,4912,2909,7273,3742,9995,4941,8025,3191,3207,4444,6337,9386,17794,308,455,988,2095,1410,3645,1870,5243,2631,4097,1885,1912,1907,2976,1243,4375,68113,37028,3153,12,20660,0,0
2021-03-05T23:59:59+01:00,1393,1530,2598,4750,2852,7116,3657,9788,4840,7829,3141,3148,4226,6050,8679,16601,308,455,986,2093,1405,3640,1868,5242,2627,4091,1876,1908,1902,2973,1238,4372,65460,36972,3150,12,19588,0,0
2021-03-04T23:59:59+01:00,1220,1427,2428,4547,2681,6847,3489,9443,4582,7489,3025,3025,3864,5592,7511,14778,307,447,977,2070,1389,3600,1840,5190,2599,4045,1848,1883,1869,2918,1211,4326,61253,36507,3147,12,17548,0,0
2021-03-03T23:59:59+01:00,1187,1374,2350,4440,2621,6729,3402,9281,4486,7346,2940,2956,3491,4994,6121,12587,303,438,966,2047,1377,3573,1826,5140,2545,3991,1801,1848,1845,2889,1196,4298,56200,36071,3121,12,16984,0,0
2021-03-02T23:59:59+01:00,1153,1338,2290,4384,2570,6638,3322,9160,4351,7197,2825,2830,3007,4327,4120,9219,298,429,961,2022,1364,3530,1813,5089,2513,3966,1791,1834,1826,2863,1185,4271,49153,35743,2872,12,16706,0,0
2021-03-01T23:59:59+01:00,1094,1308,2230,4322,2498,6552,3229,9034,4209,7009,2693,2693,2442,3588,1402,4757,297,426,954,2010,1353,3511,1805,5073,2502,3950,1775,1824,1809,2844,1173,4243,40103,35537,2486,12,16471,0,0
2021-02-28T23:59:59+01:00,1060,1294,2188,4285,2468,6509,3181,8977,4147,6950,2626,2646,2393,3557,1394,4737,297,425,952,2005,1351,3498,1802,5059,2496,3942,1768,1813,1796,2833,1165,4228,40005,35418,2194,12,16213,0,0
2021-02-27T23:59:59+01:00,1017,1212,2123,4041,2410,6275,3117,8679,4056,6695,2571,2589,2373,3533,1391,4737,297,425,951,2005,1351,3498,1802,5058,2495,3942,1768,1812,1794,2833,1165,4228,39899,35412,2193,12,14727,0,0
2021-02-26T23:59:59+01:00,848,958,1921,3650,2247,5609,2900,7758,3746,5903,2522,2536,2355,3518,1388,4735,297,425,951,2002,1349,3496,1800,5057,2493,3941,1768,1809,1787,2832,1163,4221,39884,35379,2105,12,10605,0,0
2021-02-25T23:59:59+01:00,507,801,1641,3451,2064,5305,2704,7365,3520,5601,2441,2460,2315,3457,1384,4721,287,404,925,1953,1320,3427,1770,4976,2464,3877,1743,1782,1748,2789,1136,4181,39689,34771,1850,11,8198,0,0
2021-02-24T23:59:59+01:00,487,783,1606,3355,2002,5175,2644,7182,3454,5458,2376,2413,2279,3428,1375,4687,278,400,911,1921,1306,3373,1757,4917,2440,3832,1732,1764,1739,2770,1124,4154,39500,34415,1681,3,7523,0,0
2021-02-23T23:59:59+01:00,468,747,1545,3253,1947,5035,2566,7051,3368,5353,2316,2354,2242,3372,1360,4656,277,396,906,1906,1300,3344,1748,4886,2419,3801,1712,1744,1719,2735,1109,4101,39353,34100,1409,3,6871,0,0
2021-02-22T23:59:59+01:00,451,716,1490,3154,1908,4897,2508,6833,3307,5209,2308,2257,2227,3293,1356,4611,276,393,902,1895,1292,3317,1731,4850,2405,3771,1693,1725,1693,2706,1094,4055,39142,33797,1145,1,6238,0,0
2021-02-21T23:59:59+01:00,443,678,1432,3012,1861,4747,2456,6674,3224,5105,2272,2224,2200,3273,1346,4606,276,392,899,1887,1291,3308,1728,4840,2401,3762,1691,1722,1692,2704,1094,4054,39102,33740,912,1,5539,0,0
2021-02-20T23:59:59+01:00,439,673,1424,3008,1855,4747,2453,6671,3220,5101,2269,2223,2200,3272,1345,4606,276,392,899,1886,1291,3307,1728,4840,2400,3761,1690,1721,1689,2704,1093,4052,39098,33728,908,1,5500,0,0
2021-02-19T23:59:59+01:00,417,636,1395,2946,1828,4693,2412,6572,3133,4983,2090,2062,2137,3223,1340,4600,274,391,898,1884,1290,3306,1728,4835,2397,3760,1688,1719,1687,2703,1093,4051,38349,33703,889,1,5229,0,0
2021-02-18T23:59:59+01:00,392,580,1290,2703,1723,4449,2274,6310,3031,4801,2061,2045,2121,3206,1335,4592,274,385,890,1851,1281,3267,1710,4787,2378,3724,1676,1709,1671,2691,1081,4033,38275,33407,815,1,3823,0,0
2021-02-17T23:59:59+01:00,377,549,1251,2574,1668,4274,2205,6068,2972,4652,2042,2026,2098,3186,1320,4583,265,368,855,1766,1238,3138,1649,4628,2304,3589,1600,1640,1596,2581,1032,3916,38119,32164,764,1,2962,0,0
2021-02-16T23:59:59+01:00,360,519,1197,2453,1618,4133,2126,5880,2891,4514,2033,2022,2090,3180,1315,4572,257,351,835,1686,1183,3002,1588,4424,2232,3415,1550,1587,1535,2481,1004,3786,38060,30915,734,1,2109,0,0
2021-02-15T23:59:59+01:00,350,497,1124,2309,1573,4060,2094,5827,2863,4473,2014,2006,2069,3150,1308,4552,250,333,812,1641,1152,2927,1532,4291,2161,3299,1475,1523,1480,2372,961,3607,37955,29815,624,1,1690,0,0
2021-02-14T23:59:59+01:00,342,492,1101,2253,1510,3896,2052,5735,2832,4434,2008,2004,2058,3141,1306,4546,243,328,794,1614,1136,2888,1490,4239,2123,3269,1459,1502,1456,2336,944,3565,37938,29385,559,1,1213,0,0
2021-02-13T23:59:59+01:00,342,492,1100,2253,1510,3895,2050,5734,2832,4434,2007,2002,2057,3141,1306,4543,243,328,794,1614,1136,2888,1489,4238,2123,3269,1457,1499,1455,2335,944,3564,37927,29375,559,1,1212,0,0
2021-02-12T23:59:59+01:00,338,489,1083,2244,1505,3881,2045,5725,2829,4428,1993,1992,2051,3128,1301,4540,242,327,788,1609,1130,2879,1472,4219,2104,3256,1444,1483,1440,2303,937,3530,37860,29162,551,1,1161,0,0
2021-02-11T23:59:59+01:00,318,466,1019,2146,1451,3754,1951,5462,2744,4309,1965,1961,2011,3064,1276,4484,222,301,739,1504,1050,2658,1348,3862,1921,2950,1256,1276,1271,2027,831,3175,37478,26391,514,0,389,0,0
2021-02-10T23:59:59+01:00,312,457,996,2106,1413,3675,1897,5300,2649,4127,1896,1911,1967,3026,1258,4458,198,256,646,1317,924,2277,1159,3267,1681,2537,1098,1103,1125,1786,724,2838,37070,22936,377,0,1,0,0
2021-02-09T23:59:59+01:00,306,447,988,2074,1397,3623,1854,5233,2582,4071,1838,1875,1899,2973,1237,4436,165,197,548,1060,777,1834,955,2662,1418,2127,951,944,940,1512,607,2424,36771,19121,61,0,1,0,0
2021-02-08T23:59:59+01:00,305,445,985,2067,1387,3607,1846,5210,2564,4055,1823,1863,1881,2955,1230,4411,114,164,448,850,615,1425,761,2021,1147,1654,769,776,751,1201,487,1976,36616,15159,17,0,1,0,0
2021-02-07T23:59:59+01:00,305,445,984,2066,1386,3600,1843,5207,2557,4052,1817,1854,1865,2948,1225,4405,105,145,398,704,541,1252,682,1806,1050,1507,696,696,676,1083,421,1758,36545,13520,14,0,0,0,0
2021-02-06T23:59:59+01:00,305,445,983,2065,1386,3597,1843,5205,2557,4049,1817,1853,1860,2946,1222,4403,105,144,393,701,536,1228,666,1787,1039,1486,693,692,671,1079,420,1754,36522,13394,14,0,0,0,0
2021-02-05T23:59:59+01:00,305,444,981,2063,1383,3588,1839,5191,2551,4043,1816,1852,1852,2938,1213,4390,101,137,378,683,519,1199,634,1735,991,1423,656,642,625,1005,394,1663,36435,12785,14,0,0,0,0
2021-02-04T23:59:59+01:00,298,427,969,2031,1364,3535,1820,5114,2535,3995,1800,1832,1826,2903,1196,4359,76,106,279,461,358,808,450,1173,682,964,508,468,486,795,308,1329,35990,9251,14,0,0,0,0
2021-02-03T23:59:59+01:00,294,418,952,2004,1348,3497,1807,5065,2501,3951,1780,1809,1810,2879,1183,4345,60,82,233,395,289,629,345,918,522,718,341,324,350,567,221,970,35629,6964,14,0,0,0,0
2021-02-02T23:59:59+01:00,290,411,947,1977,1340,3464,1796,5019,2478,3916,1762,1793,1784,2838,1162,4298,38,63,178,312,242,482,264,736,376,552,237,207,223,375,152,634,35261,5071,14,0,0,0,0
2021-02-01T23:59:59+01:00,289,408,942,1970,1337,3448,1788,4999,2470,3898,1755,1782,1769,2823,1156,4285,19,39,132,227,167,307,170,489,237,321,121,105,98,185,71,282,35105,2970,14,0,0,0,0
2021-01-31T23:59:59+01:00,288,407,940,1962,1334,3439,1785,4980,2466,3883,1751,1774,1765,2816,1153,4276,18,34,114,199,150,266,153,409,200,277,102,91,90,157,63,248,35005,2571,14,0,0,0,0
2021-01-30T23:59:59+01:00,288,407,940,1962,1334,3439,1785,4980,2466,3883,1750,1774,1765,2815,1153,4275,18,34,114,199,150,264,150,407,199,276,101,90,90,157,63,248,35002,2560,14,0,0,0,0
2021-01-29T23:59:59+01:00,286,404,939,1960,1333,3431,1779,4971,2463,3880,1744,1767,1756,2804,1146,4254,16,33,113,190,141,256,138,379,168,249,74,66,81,136,56,216,34903,2312,14,0,0,0,0
2021-01-28T23:59:59+01:00,281,396,921,1904,1309,3367,1754,4909,2435,3818,1722,1748,1725,2773,1128,4219,0,0,8,19,9,17,12,46,7,21,8,3,8,9,2,13,34396,182,13,0,0,0,0
2021-01-27T23:59:59+01:00,276,378,888,1824,1275,3254,1692,4786,2375,3718,1666,1700,1681,2707,1092,4136,0,0,4,6,5,11,8,20,3,12,7,3,8,9,2,12,33439,110,9,0,0,0,0
2021-01-26T23:59:59+01:00,270,369,879,1811,1261,3216,1675,4729,2345,3655,1635,1668,1644,2637,1075,4052,0,0,4,6,5,11,8,20,3,12,7,3,8,9,2,12,32914,110,7,0,0,0,0
2021-01-25T23:59:59+01:00,259,345,837,1693,1192,3052,1585,4458,2240,3446,1576,1615,1590,2552,1028,3882,0,0,1,3,1,3,5,3,3,5,7,3,7,8,2,12,31348,63,2,0,0,0,0
2021-01-24T23:59:59+01:00,256,342,826,1674,1182,3030,1554,4425,2214,3425,1566,1607,1580,2541,1022,3875,0,0,1,2,1,3,5,3,3,5,6,3,7,8,2,12,31117,61,2,0,0,0,0
2021-01-23T23:59:59+01:00,256,342,826,1674,1181,3029,1554,4421,2213,3424,1565,1607,1579,2540,1021,3870,0,0,1,2,1,3,5,3,3,5,6,3,7,8,2,12,31100,61,2,0,0,0,0
2021-01-22T23:59:59+01:00,255,340,820,1671,1177,3024,1551,4414,2201,3419,1553,1595,1573,2521,1016,3851,0,0,1,2,1,3,5,3,3,5,6,3,7,8,2,12,30979,61,2,0,0,0,0
2021-01-21T23:59:59+01:00,244,331,792,1605,1152,2899,1495,4254,2122,3284,1455,1492,1440,2357,937,3670,0,0,1,2,1,3,4,2,3,5,4,2,6,8,1,12,29527,54,2,0,0,0,0
2021-01-20T23:59:59+01:00,221,287,719,1449,1062,2585,1359,3797,1949,2933,1334,1347,1322,2168,868,3462,0,0,1,2,1,3,4,2,3,5,4,2,6,8,1,12,26860,54,2,0,0,0,0
2021-01-19T23:59:59+01:00,190,231,621,1203,917,2140,1140,3182,1667,2503,1151,1150,1097,1835,723,2941,0,0,1,1,1,2,4,1,2,5,4,2,5,8,1,12,22689,49,2,0,0,0,0
2021-01-18T23:59:59+01:00,132,184,487,945,709,1631,876,2320,1300,1902,904,925,880,1460,568,2352,0,0,0,0,0,0,0,0,1,2,2,1,0,0,0,0,17574,6,1,0,0,0,0
2021-01-17T23:59:59+01:00,119,158,427,774,624,1411,776,2067,1187,1712,840,846,799,1324,507,2144,0,0,0,0,0,0,0,0,0,1,0,0,0,0,0,0,15715,1,0,0,0,0,0
2021-01-16T23:59:59+01:00,119,157,423,773,622,1403,766,2063,1179,1706,838,841,794,1313,499,2129,0,0,0,0,0,0,0,0,0,0,0,0,0,0,0,0,15625,0,0,0,0,0,0
2021-01-15T23:59:59+01:00,109,151,411,753,596,1365,734,1985,1118,1625,794,789,750,1227,469,2011,0,0,0,0,0,0,0,0,0,0,0,0,0,0,0,0,14887,0,0,0,0,0,0
2021-01-14T23:59:59+01:00,75,111,294,486,395,879,506,1278,764,1064,580,546,547,905,359,1527,0,0,0,0,0,0,0,0,0,0,0,0,0,0,0,0,10316,0,0,0,0,0,0
2021-01-13T23:59:59+01:00,58,85,242,409,319,662,377,978,559,757,365,344,367,616,250,1058,0,0,0,0,0,0,0,0,0,0,0,0,0,0,0,0,7446,0,0,0,0,0,0
2021-01-12T23:59:59+01:00,46,69,197,351,257,538,278,804,406,592,245,218,229,407,169,705,0,0,0,0,0,0,0,0,0,0,0,0,0,0,0,0,5511,0,0,0,0,0,0
2021-01-11T23:59:59+01:00,32,50,172,303,210,437,217,646,296,420,150,126,130,249,91,402,0,0,0,0,0,0,0,0,0,0,0,0,0,0,0,0,3931,0,0,0,0,0,0
2021-01-10T23:59:59+01:00,24,41,150,254,180,360,179,535,247,359,129,106,115,204,79,325,0,0,0,0,0,0,0,0,0,0,0,0,0,0,0,0,3287,0,0,0,0,0,0
2021-01-09T23:59:59+01:00,24,41,150,252,179,359,178,530,246,358,128,105,115,204,79,325,0,0,0,0,0,0,0,0,0,0,0,0,0,0,0,0,3273,0,0,0,0,0,0
2021-01-08T23:59:59+01:00,22,40,148,243,171,349,165,499,217,332,104,89,110,189,72,303,0,0,0,0,0,0,0,0,0,0,0,0,0,0,0,0,3053,0,0,0,0,0,0
2021-01-07T23:59:59+01:00,1,0,4,9,8,13,10,6,16,11,10,9,15,21,3,32,0,0,0,0,0,0,0,0,0,0,0,0,0,0,0,0,168,0,0,0,0,0,0
2021-01-06T23:59:59+01:00,0,0,1,3,1,5,5,2,3,6,6,2,8,10,1,14,0,0,0,0,0,0,0,0,0,0,0,0,0,0,0,0,67,0,0,0,0,0,0
2021-01-05T23:59:59+01:00,0,0,1,3,1,5,5,2,3,5,6,2,7,9,1,13,0,0,0,0,0,0,0,0,0,0,0,0,0,0,0,0,63,0,0,0,0,0,0
2021-01-04T23:59:59+01:00,0,0,1,3,1,4,4,2,3,5,6,2,5,8,1,13,0,0,0,0,0,0,0,0,0,0,0,0,0,0,0,0,58,0,0,0,0,0,0
2021-01-03T23:59:59+01:00,0,0,1,2,1,4,4,2,3,5,5,2,5,8,1,13,0,0,0,0,0,0,0,0,0,0,0,0,0,0,0,0,56,0,0,0,0,0,0
2021-01-02T23:59:59+01:00,0,0,1,2,1,4,4,2,3,5,5,2,5,8,1,13,0,0,0,0,0,0,0,0,0,0,0,0,0,0,0,0,56,0,0,0,0,0,0
2021-01-01T23:59:59+01:00,0,0,1,2,1,3,4,2,3,5,5,2,5,8,1,13,0,0,0,0,0,0,0,0,0,0,0,0,0,0,0,0,55,0,0,0,0,0,0
2020-12-31T23:59:59+01:00,0,0,1,2,1,3,4,2,3,5,5,2,5,8,1,13,0,0,0,0,0,0,0,0,0,0,0,0,0,0,0,0,55,0,0,0,0,0,0
2020-12-30T23:59:59+01:00,0,0,1,2,1,3,4,2,3,5,5,2,5,8,1,13,0,0,0,0,0,0,0,0,0,0,0,0,0,0,0,0,55,0,0,0,0,0,0
2020-12-29T23:59:59+01:00,0,0,1,1,1,2,4,1,2,5,5,2,5,8,1,13,0,0,0,0,0,0,0,0,0,0,0,0,0,0,0,0,51,0,0,0,0,0,0
2020-12-28T23:59:59+01:00,0,0,1,1,1,1,2,0,1,5,4,1,1,0,0,2,0,0,0,0,0,0,0,0,0,0,0,0,0,0,0,0,20,0,0,0,0,0,0
2020-12-27T23:59:59+01:00,0,0,1,1,1,1,2,0,0,3,2,0,1,0,0,2,0,0,0,0,0,0,0,0,0,0,0,0,0,0,0,0,14,0,0,0,0,0,0
