Datum,<24_1_m,<24_1_w,25-34_1_m,25-34_1_w,35-44_1_m,35-44_1_w,45-54_1_m,45-54_1_w,55-64_1_m,55-64_1_w,65-74_1_m,65-74_1_w,75-84_1_m,75-84_1_w,>84_1_m,>84_1_w,<24_2_m,<24_2_w,25-34_2_m,25-34_2_w,35-44_2_m,35-44_2_w,45-54_2_m,45-54_2_w,55-64_2_m,55-64_2_w,65-74_2_m,65-74_2_w,75-84_2_m,75-84_2_w,>84_2_m,>84_2_w,bp_1,bp_2,mo_1,mo_2,az_1,az_2,ja
2021-06-26T23:59:59+02:00,18610,18306,32491,29730,43041,43070,57179,58219,65903,67894,48349,54310,33525,44219,9126,18065,8245,8460,16233,16027,18544,21543,25290,30540,32606,35780,31939,36368,29025,38502,8661,17136,456531,273966,68223,32694,104010,54966,13273
2021-06-25T23:59:59+02:00,18555,18263,32363,29614,42872,42932,57143,58188,65864,67873,48339,54302,33522,44218,9126,18065,8028,8123,15969,15532,18276,20888,24920,29593,32225,35105,31808,36204,29009,38478,8661,17136,455773,271346,68221,32685,103993,52672,13252
2021-06-24T23:59:59+02:00,18250,18038,31939,29317,41363,41639,56768,57930,65664,67736,48293,54251,33512,44195,9121,18058,7700,7868,15221,15059,16852,19888,22881,28073,31246,34275,31465,35824,28911,38343,8655,17126,451307,261917,68221,32643,103989,52270,12557
2021-06-23T23:59:59+02:00,17926,17724,31472,28928,39329,39865,56374,57559,65439,67529,48212,54162,33482,44156,9117,18047,7489,7680,14862,14795,16330,19434,21914,27211,29770,33090,30823,35079,28751,38159,8653,17114,444773,254609,68174,32557,103986,51600,12388
2021-06-22T23:59:59+02:00,17502,17275,30737,28274,35884,36801,55699,56946,65157,67251,48122,54058,33452,44109,9114,18034,7294,7446,14431,14453,15501,18690,20439,25808,28262,31514,29987,34107,28395,37718,8638,17091,434200,244648,68144,32477,103981,50559,12090
2021-06-21T23:59:59+02:00,17225,17089,30060,27777,33733,34844,55356,56666,65007,67142,48045,53992,33434,44090,9110,18030,7189,7362,14272,14338,15338,18559,20323,25704,28164,31427,29787,33912,27275,36578,8638,17089,427676,244002,68122,32432,103948,47667,11854
2021-06-20T23:59:59+02:00,17097,17004,28750,26875,33579,34738,55281,56599,64968,67121,48035,53980,33430,44088,9110,18029,6818,7123,13647,13971,14799,18178,19987,25497,27972,31313,29690,33814,27262,36568,8636,17086,425276,240979,68120,32410,103918,47602,11370
2021-06-19T23:59:59+02:00,17062,16960,28627,26789,33562,34723,55258,56582,64953,67112,48030,53970,33429,44082,9109,18029,6564,6937,13111,13579,14239,17739,19709,25331,27800,31147,29625,33735,27253,36557,8636,17086,424875,237676,68119,32408,103918,47599,11365
2021-06-18T23:59:59+02:00,16965,16864,28535,26725,32273,33763,54982,56355,64840,67032,48002,53935,33413,44063,9106,18025,6490,6861,13017,13495,14080,17615,19454,25096,27016,30492,29480,33555,27196,36502,8633,17080,424398,234886,65257,32312,103908,47549,11315
2021-06-17T23:59:59+02:00,16563,16578,28036,26518,31860,33517,54235,55815,64499,66803,47937,53851,33391,44029,9101,18014,6086,6562,12303,13038,13320,16997,18376,24172,24839,28450,28987,32970,27049,36299,8620,17072,421416,226034,65250,32034,103883,46874,10198
2021-06-16T23:59:59+02:00,16114,16144,27598,26208,31455,33187,53451,55144,64099,66448,47848,53745,33366,43980,9092,18006,5662,6050,11564,12401,12561,16294,17209,23007,21761,25455,28235,32048,26808,35981,8609,17037,416898,212285,65208,32007,103876,46487,9903
2021-06-15T23:59:59+02:00,15375,15452,26870,25673,30738,32602,52202,54091,63477,65975,47684,53569,33308,43883,9084,17989,5102,5355,10600,11462,11414,14955,15447,21263,18161,21966,27222,30986,26494,35556,8588,17005,409476,194013,65189,31950,103872,46178,9435
2021-06-14T23:59:59+02:00,14906,15033,26478,25349,30074,32155,50315,52549,62524,65211,47496,53368,33243,43818,9079,17979,4990,5285,10428,11341,11281,14821,15253,21152,17994,21797,27165,30931,26477,35532,8586,17004,401661,193598,65180,31693,103868,45878,8868
2021-06-13T23:59:59+02:00,14855,14987,26411,25316,30007,32131,50265,52517,62493,65196,47490,53365,33241,43815,9078,17976,4812,5191,10110,11219,10979,14717,14952,21037,17138,20845,26177,29950,26380,35381,8583,16997,401465,192871,65108,27207,103860,45680,8710
2021-06-12T23:59:59+02:00,14838,14968,26397,25308,29995,32118,50198,52435,62460,65173,47489,53363,33241,43815,9078,17976,4809,5177,10094,11209,10971,14703,14932,21019,17119,20835,26137,29907,26375,35375,8583,16997,401175,192687,65108,27206,103859,45639,8710
2021-06-11T23:59:59+02:00,14726,14824,26274,25199,29875,31992,49950,52200,62357,65074,47465,53340,33234,43805,9076,17974,4700,4833,9577,10094,10572,13837,14653,20489,16828,20384,25752,29498,26306,35317,8581,16995,399922,191654,65100,27202,103823,41040,8520
2021-06-10T23:59:59+02:00,14450,14584,25964,24918,29545,31746,48727,51063,61836,64659,47388,53254,33204,43758,9068,17963,4382,4367,8804,8860,9663,12092,13303,17613,15097,17076,24145,27718,26069,35070,8577,16975,395171,186238,65049,26767,103622,28521,8285
2021-06-09T23:59:59+02:00,14106,14214,25568,24529,29170,31364,46475,49018,61042,63986,47305,53147,33168,43709,9063,17949,4105,4227,8397,8597,9160,11780,12774,17218,14348,16398,20473,23563,25875,34828,8569,16953,387320,174908,64929,26427,103621,27987,7943
2021-06-08T23:59:59+02:00,13626,13632,24912,23906,28513,30717,42926,45855,59763,62760,47158,52975,33108,43633,9054,17932,3865,4074,7982,8337,8563,11401,12107,16790,13646,15656,15295,17835,25575,34427,8553,16928,374884,160141,64866,26073,103609,27709,7111
2021-06-07T23:59:59+02:00,13429,13407,24573,23646,28247,30526,40228,43862,59458,62508,47130,52945,33096,43614,9052,17927,3751,3990,7677,8163,8249,11226,11480,16310,13229,15234,15232,17766,25550,34386,8551,16922,369326,159833,64451,24297,103600,27315,6271
2021-06-06T23:59:59+02:00,13283,13287,24264,23424,28044,30360,38655,42700,59351,62441,47114,52922,33089,43601,9052,17925,3639,3937,7389,8065,7997,11069,10662,15552,12699,14677,15152,17704,25538,34368,8550,16922,368936,159720,61150,21203,103591,27162,5835
2021-06-05T23:59:59+02:00,13263,13264,24222,23389,28008,30339,38631,42684,59254,62356,47104,52917,33087,43599,9052,17922,3624,3921,7369,8036,7967,11056,10630,15536,12660,14651,15036,17539,25533,34363,8549,16922,368608,159296,61148,21202,103590,27149,5745
2021-06-04T23:59:59+02:00,13037,12956,23871,22937,27748,29955,38069,42117,58786,61962,47075,52878,33078,43583,9052,17918,3597,3902,7341,8023,7946,11032,10601,15514,12616,14614,14839,17337,25524,34345,8547,16921,366805,158719,58902,21189,103576,27052,5739
2021-06-03T23:59:59+02:00,12774,12703,23432,22561,27334,29632,36376,40807,56680,60118,46961,52734,33041,43530,9049,17905,3475,3801,7152,7884,7465,10719,9477,14843,11515,13980,13673,15890,25382,34160,8536,16906,362949,155424,54000,17522,103525,26749,5163
2021-06-02T23:59:59+02:00,12737,12665,23393,22532,27305,29607,36345,40765,56555,59961,46948,52715,33038,43524,9049,17904,3433,3773,7097,7866,7406,10687,9309,14800,11301,13920,12311,14388,25295,34027,8532,16899,362371,151647,53994,17511,103525,26733,5153
2021-06-01T23:59:59+02:00,12255,12269,22756,22027,26611,29042,35617,40180,53603,56837,46607,52360,32938,43387,9035,17881,2878,3344,5739,7197,6140,10127,7895,14104,10231,12915,8028,8872,24910,33477,8513,16849,351744,133581,53824,17147,103506,26160,4331
2021-05-31T23:59:59+02:00,11919,11995,22200,21651,26235,28801,35283,39974,52170,55452,46525,52241,32910,43354,9028,17875,2739,3200,5462,6954,5874,9913,7519,13852,10008,12770,7980,8817,24888,33434,8505,16839,347034,132817,53788,17028,103483,25601,3308
2021-05-30T23:59:59+02:00,11855,11942,22115,21618,26173,28764,35169,39903,51812,55113,46505,52220,32905,43348,9026,17873,2700,3159,5352,6883,5771,9843,7324,13763,9784,12667,7952,8790,24876,33427,8504,16834,345855,132230,53770,16856,103474,25301,3242
2021-05-29T23:59:59+02:00,11831,11928,22088,21602,26158,28752,35148,39890,51800,55097,46500,52215,32904,43348,9026,17873,2676,3097,5308,6757,5708,9711,7203,13556,9650,12447,7885,8715,24814,33367,8503,16833,345704,131958,53770,16805,103453,24234,3233
2021-05-28T23:59:59+02:00,11768,11846,22008,21492,26085,28638,35076,39795,51722,55005,46482,52199,32897,43337,9026,17870,2562,2763,4616,6225,5160,8971,6838,12562,9147,11527,7748,8557,24452,32895,8503,16831,344863,130474,53759,16707,103398,18950,3226
2021-05-27T23:59:59+02:00,11449,11561,21491,21123,25557,28293,34533,39397,51144,54418,46329,52032,32843,43273,9024,17854,2276,2444,4002,5714,4530,8372,6298,11734,8171,10208,7348,7973,22914,30793,8489,16812,340634,124851,53349,15579,103289,14599,3049
2021-05-26T23:59:59+02:00,11118,11284,20716,20529,24532,27479,33492,38542,50409,53726,46108,51774,32780,43174,9016,17832,2205,2365,3912,5583,4398,8197,6084,11471,7805,9801,6813,7234,20542,27455,8475,16782,335979,116445,50380,15324,103239,14440,2913
2021-05-25T23:59:59+02:00,10811,11025,20317,20171,24093,27073,32966,38036,49531,52747,45856,51501,32714,43047,9006,17812,2129,2308,3793,5479,4258,8047,5867,11240,7452,9452,6208,6381,16511,22204,8457,16734,330473,104375,50299,15280,103166,14097,2768
2021-05-24T23:59:59+02:00,10556,10853,19732,19864,22915,26405,31919,37335,49322,52573,45769,51413,32692,43021,9005,17811,2100,2290,3750,5445,4191,8001,5801,11185,7376,9395,6186,6361,16502,22197,8457,16734,328916,104261,46521,15268,103112,13806,2636
2021-05-23T23:59:59+02:00,10320,10619,19369,19583,22500,26053,31476,36993,48709,52038,45393,50996,32614,42910,8997,17802,2095,2289,3745,5439,4187,7998,5790,11176,7370,9389,6182,6351,16502,22195,8457,16734,324107,104212,46520,15266,103111,13787,2634
2021-05-22T23:59:59+02:00,10288,10579,19315,19542,22455,26021,31427,36964,48600,51965,45377,50976,32611,42904,8994,17802,2093,2286,3735,5427,4183,7992,5786,11170,7362,9385,6180,6349,16501,22195,8457,16734,323569,104181,46520,15266,103110,13767,2621
2021-05-21T23:59:59+02:00,9982,10177,18882,19025,22099,25380,30993,36155,48135,51335,45305,50883,32577,42866,8992,17797,2012,2239,3670,5390,4144,7961,5752,11124,7323,9336,6152,6325,16427,22102,8456,16733,318407,103870,46491,15266,103086,13411,2599
2021-05-20T23:59:59+02:00,9341,9565,17922,18215,21076,24471,29664,34925,46443,49577,44942,50481,32486,42741,8977,17779,1678,2042,3370,5111,3878,7558,5445,10640,6948,8918,5942,6064,15145,20601,8436,16698,306894,100156,46407,14788,102860,11086,2444
2021-05-19T23:59:59+02:00,9037,9203,17286,17587,20157,23590,28440,33655,44692,47510,44490,50033,32364,42557,8959,17752,1599,1941,3158,4894,3678,7300,5220,10288,6659,8586,5668,5735,12983,17805,8420,16644,295905,93991,46366,14323,102815,10038,2226
2021-05-18T23:59:59+02:00,8448,8599,16099,16510,18877,22341,26892,31990,42013,44271,43819,49264,32156,42297,8939,17719,1575,1909,3097,4826,3595,7173,5081,10154,6477,8373,5409,5448,11312,15673,8400,16595,280229,88898,45161,14273,102722,9804,2122
2021-05-17T23:59:59+02:00,8349,8530,15915,16398,18660,22161,26498,31669,40274,42651,43714,49184,32116,42236,8930,17701,1534,1884,3044,4779,3537,7116,5005,10046,6386,8274,5374,5412,11299,15662,8397,16586,280017,88834,40406,13992,102679,9625,1884
2021-05-16T23:59:59+02:00,8221,8470,15797,16305,18536,22060,26308,31554,37320,39898,43684,49154,32096,42212,8927,17697,1507,1865,3001,4737,3489,7059,4915,9978,6292,8195,5347,5378,11292,15647,8395,16584,279741,88787,34290,13727,102560,9519,1648
2021-05-15T23:59:59+02:00,8195,8432,15732,16249,18493,22022,26237,31510,37291,39862,43660,49127,32091,42209,8927,17697,1496,1829,2965,4664,3471,6996,4894,9892,6274,8153,5342,5373,11289,15647,8395,16584,279262,88733,34290,13723,102546,9172,1636
2021-05-14T23:59:59+02:00,7976,7998,15405,15784,18187,21592,25893,31051,37069,39554,43638,49104,32082,42205,8927,17695,1421,1756,2902,4565,3424,6895,4826,9733,6197,8037,5311,5331,11280,15641,8395,16583,278214,88654,34144,13704,100231,8368,1571
2021-05-13T23:59:59+02:00,7538,7592,14671,15235,17474,20956,25045,30304,36333,38914,43391,48791,32022,42104,8923,17687,1218,1663,2719,4454,3309,6772,4692,9564,6073,7903,5275,5300,11268,15624,8392,16580,271854,88510,33823,13623,100018,7388,1285
2021-05-12T23:59:59+02:00,7051,7251,13676,14568,16463,20164,24445,29902,36045,38645,43227,48612,32000,42084,8920,17684,1213,1661,2712,4448,3296,6769,4687,9554,6066,7897,5270,5297,11266,15621,8391,16579,265637,88456,33814,13614,100014,7385,1272
2021-05-11T23:59:59+02:00,6629,6992,12993,14044,14613,18652,21432,27304,33825,36369,42314,47506,31730,41688,8900,17644,1142,1558,2599,4290,3194,6543,4562,9261,5958,7698,5203,5230,11227,15566,8384,16562,248424,87997,33539,13402,99577,6483,1095
2021-05-10T23:59:59+02:00,6464,6883,12702,13916,14269,18418,20429,26604,32643,35468,41814,46914,31681,41620,8895,17627,1096,1475,2494,4140,3104,6335,4426,8990,5851,7527,5175,5204,11215,15550,8381,16554,242958,87896,33329,13342,99276,5495,784
2021-05-09T23:59:59+02:00,5964,6580,11510,13406,13265,18057,19416,26267,32179,35212,41767,46851,31659,41607,8892,17621,1065,1438,2400,4033,3006,6189,4295,8819,5768,7442,5165,5190,11210,15548,8376,16552,237632,87863,33258,13300,98937,4907,426
2021-05-08T23:59:59+02:00,5950,6569,11492,13386,13243,18044,19387,26230,32143,35170,41760,46845,31658,41603,8892,17621,1060,1431,2388,4027,3000,6189,4291,8812,5764,7440,5163,5185,11207,15545,8376,16552,237379,87836,33257,13300,98936,4873,421
2021-05-07T23:59:59+02:00,5836,6476,11261,13213,12942,17822,18698,25572,31246,34283,41621,46664,31611,41545,8888,17617,1031,1395,2350,3976,2958,6141,4232,8753,5683,7393,5117,5140,11196,15536,8376,16551,234891,87704,31370,13296,98830,4624,204
2021-05-06T23:59:59+02:00,5362,6161,10582,12795,12162,17129,16952,24001,28711,31848,41122,46129,31477,41360,8877,17600,961,1319,2207,3733,2794,5806,4027,8279,5506,7111,5075,5093,11176,15511,8374,16542,226175,87524,28023,12983,98027,2964,43
2021-05-05T23:59:59+02:00,5009,5904,9953,12340,11444,16525,15793,22900,25672,28913,40435,45262,31254,41070,8862,17566,938,1283,2148,3606,2737,5652,3931,8054,5408,6999,5029,5039,11146,15479,8372,16540,213221,87264,27840,12845,97806,2217,35
2021-05-04T23:59:59+02:00,4593,5368,9284,11663,10643,15664,14414,21558,21808,25209,39454,44193,30951,40633,8845,17536,911,1245,2088,3487,2662,5523,3839,7894,5318,6882,4997,5002,11118,15453,8370,16537,196183,87055,27822,12550,97782,1692,29
2021-05-03T23:59:59+02:00,4325,4896,8857,11144,10172,15045,13848,20896,21125,24602,39219,43966,30882,40546,8842,17521,895,1206,2016,3384,2605,5415,3784,7777,5268,6805,4985,4992,11104,15437,8367,16532,190339,86916,27810,12542,97720,1097,17
2021-05-02T23:59:59+02:00,4321,4893,8840,11137,10162,15038,13824,20882,21112,24596,39218,43965,30881,40545,8841,17521,888,1183,1987,3303,2558,5316,3737,7653,5250,6748,4983,4990,11103,15433,8367,16530,190251,86899,27799,12513,97713,604,13
2021-05-01T23:59:59+02:00,4318,4880,8828,11129,10154,15029,13816,20879,21103,24588,39218,43963,30881,40545,8841,17521,888,1183,1986,3303,2558,5316,3737,7653,5250,6748,4983,4990,11103,15433,8366,16530,190169,86898,27799,12513,97713,604,12
2021-04-30T23:59:59+02:00,4287,4848,8788,11098,10111,14992,13750,20836,20991,24402,38964,43677,30864,40528,8840,17521,883,1179,1975,3296,2556,5306,3735,7646,5247,6742,4981,4987,11099,15432,8366,16530,189247,86874,27530,12510,97708,564,12
2021-04-29T23:59:59+02:00,3985,4649,8333,10830,9588,14707,13242,20456,19696,22962,36462,40918,30666,40227,8831,17491,868,1159,1919,3231,2513,5236,3665,7503,5155,6656,4952,4950,11080,15398,8364,16525,183734,86679,21693,12353,97605,131,11
2021-04-28T23:59:59+02:00,3804,4572,8066,10715,9178,14528,12861,20213,19134,22409,32758,36689,30480,39984,8821,17472,846,1140,1892,3185,2469,5191,3629,7447,5092,6592,4886,4893,11034,15348,8362,16516,172577,86472,21542,11926,97558,117,7
2021-04-27T23:59:59+02:00,3696,4498,7802,10577,8836,14357,12347,19968,18583,21807,27253,30561,30186,39580,8803,17443,829,1125,1864,3146,2434,5143,3578,7392,5033,6513,4838,4831,11001,15298,8360,16509,157276,86269,21520,11504,97494,114,7
2021-04-26T23:59:59+02:00,3629,4459,7662,10516,8672,14291,12112,19905,18068,21418,27229,30530,30176,39572,8803,17443,803,1089,1794,3084,2369,5089,3510,7305,4934,6403,4743,4759,10929,15225,8359,16506,156704,86146,21301,10634,96473,114,7
2021-04-25T23:59:59+02:00,3583,4435,7497,10467,8427,14241,11775,19864,16369,19892,26669,29967,30127,39516,8803,17440,803,1086,1787,3081,2363,5085,3505,7298,4930,6393,4741,4756,10921,15213,8359,16506,156224,86123,21291,10597,91550,100,7
2021-04-24T23:59:59+02:00,3575,4427,7484,10456,8417,14232,11761,19855,16347,19870,26631,29906,30124,39512,8802,17440,803,1086,1787,3080,2362,5085,3505,7298,4930,6393,4741,4755,10919,15212,8359,16506,156023,86117,21287,10597,91522,100,7
2021-04-23T23:59:59+02:00,3552,4407,7446,10415,8372,14183,11691,19799,16281,19794,26222,29409,30093,39468,8800,17437,793,1077,1770,3072,2344,5057,3449,7256,4828,6290,4601,4628,10764,15028,8353,16493,154844,85830,21148,9866,91370,100,7
2021-04-22T23:59:59+02:00,3457,4300,7245,10234,7798,13742,10362,18937,14839,18814,24253,27007,29919,39256,8785,17414,717,1010,1661,2955,2217,4903,3279,7080,4646,6089,4460,4459,10252,14376,8327,16429,150084,83929,15855,8844,90416,80,7
2021-04-21T23:59:59+02:00,3396,4245,7112,10144,7590,13585,9972,18683,14358,18332,21740,23849,29686,38957,8768,17394,659,980,1588,2874,2125,4808,3149,6940,4485,5918,4280,4292,9687,13608,8295,16358,143087,82148,15091,7818,89626,73,7
2021-04-20T23:59:59+02:00,3346,4200,7009,10056,7450,13471,9689,18449,13844,17867,18357,19811,29436,38565,8755,17362,622,946,1509,2803,2045,4728,3042,6815,4351,5766,4093,4088,8836,12399,8240,16235,134248,79257,14846,7186,88566,68,7
2021-04-19T23:59:59+02:00,3330,4190,6966,10017,7392,13434,9611,18373,13696,17737,18043,19446,29408,38536,8754,17358,545,901,1406,2708,1943,4631,2907,6647,4161,5584,3840,3793,7010,9957,8063,15896,133934,73490,14651,6432,87699,63,7
2021-04-18T23:59:59+02:00,3309,4175,6883,9990,7283,13383,9393,18307,12811,17578,16726,18075,29356,38488,8751,17351,540,896,1397,2699,1926,4621,2871,6618,4105,5533,3761,3719,6594,9325,8029,15830,133721,72011,14509,6387,83622,59,7
2021-04-17T23:59:59+02:00,3297,4171,6868,9967,7250,13357,9355,18270,12781,17554,16670,18025,29312,38424,8750,17351,540,894,1397,2697,1925,4618,2866,6613,4103,5528,3760,3717,6589,9325,8028,15829,133365,71976,14508,6387,83522,59,7
2021-04-16T23:59:59+02:00,3280,4155,6833,9950,7200,13320,9275,18210,12655,17429,16395,17719,28854,37842,8748,17345,540,892,1391,2692,1916,4616,2860,6606,4097,5520,3755,3711,6572,9297,8028,15827,131850,71881,14501,6376,82852,56,7
2021-04-15T23:59:59+02:00,3220,4087,6700,9843,6997,13136,8920,17932,12109,16863,15209,16275,26998,35409,8733,17327,530,881,1387,2671,1901,4591,2834,6578,4051,5462,3704,3639,6543,9249,8020,15817,125947,71567,14226,6239,79578,45,7
2021-04-14T23:59:59+02:00,3152,4032,6608,9740,6848,12968,8636,17661,11581,16328,13879,14628,22582,29707,8720,17286,525,874,1376,2664,1889,4572,2807,6554,4011,5420,3650,3590,6487,9191,7999,15790,113609,71281,14194,6088,76546,23,7
2021-04-13T23:59:59+02:00,3093,3992,6473,9650,6703,12833,8331,17401,11097,15847,11098,11461,19800,25923,8699,17254,504,845,1330,2617,1833,4514,2689,6444,3829,5252,3437,3410,6358,9065,7991,15774,105234,70942,14002,4924,70412,19,7
2021-04-12T23:59:59+02:00,3065,3975,6410,9616,6595,12741,8135,17268,10813,15617,9412,9597,19379,25405,8698,17247,496,834,1313,2600,1812,4495,2656,6401,3776,5198,3378,3367,6326,9023,7987,15755,105115,70807,13947,4586,64904,17,7
2021-04-11T23:59:59+02:00,3030,3963,6315,9592,6473,12704,7969,17214,10606,15509,7312,7394,18529,24381,8696,17245,496,834,1312,2598,1812,4495,2655,6401,3774,5194,3373,3366,6321,9021,7987,15755,105046,70796,13941,4576,57938,15,7
2021-04-10T23:59:59+02:00,3028,3961,6305,9587,6465,12699,7964,17209,10595,15498,7306,7383,18522,24377,8696,17245,495,831,1310,2595,1811,4493,2652,6398,3771,5193,3364,3352,6314,9007,7987,15755,104965,70738,13940,4569,57929,15,6
2021-04-09T23:59:59+02:00,2954,3839,6173,9386,6297,12426,7696,16780,10287,15006,7169,7209,18415,24210,8695,17243,490,823,1291,2586,1785,4475,2616,6350,3691,5107,3236,3242,6197,8926,7983,15752,104496,70658,13910,3873,55373,13,6
2021-04-08T23:59:59+02:00,2871,3759,6067,9257,6191,12297,7519,16599,10036,14815,6980,6934,17170,22779,8685,17217,482,817,1279,2554,1758,4434,2588,6284,3636,5049,3167,3193,6119,8821,7965,15714,100849,70230,13556,3612,54765,12,6
2021-04-07T23:59:59+02:00,2836,3717,5997,9185,6100,12227,7383,16492,9792,14661,6661,6580,14897,19868,8666,17174,476,815,1267,2540,1748,4411,2572,6247,3566,4989,3098,3141,6066,8765,7960,15688,94700,69961,13395,3371,54135,11,6
2021-04-06T23:59:59+02:00,2809,3679,5905,9117,6004,12150,7217,16370,9555,14468,6179,6092,12957,17418,8643,17120,473,806,1259,2517,1737,4386,2540,6204,3498,4926,3022,3094,6023,8712,7955,15673,89691,69720,13095,3090,52892,10,5
2021-04-05T23:59:59+02:00,2800,3667,5889,9099,5991,12130,7203,16354,9535,14443,5998,5926,11741,16203,8643,17119,467,797,1257,2501,1730,4371,2520,6172,3463,4886,2996,3054,6005,8671,7949,15658,89615,69531,13059,2953,50063,9,4
2021-04-04T23:59:59+02:00,2800,3667,5887,9096,5989,12130,7201,16354,9533,14443,5993,5922,11741,16201,8643,17119,467,796,1257,2500,1730,4371,2519,6172,3463,4886,2996,3054,6003,8671,7949,15658,89606,69527,13059,2952,50050,9,4
2021-04-03T23:59:59+02:00,2799,3658,5879,9089,5983,12127,7199,16351,9530,14440,5990,5918,11735,16198,8643,17119,467,796,1257,2500,1730,4371,2519,6172,3463,4885,2996,3054,6003,8671,7949,15658,89550,69526,13059,2952,50045,9,4
2021-04-02T23:59:59+02:00,2797,3655,5874,9085,5980,12124,7196,16350,9525,14438,5987,5912,11721,16169,8642,17118,465,794,1256,2500,1728,4370,2519,6170,3462,4879,2968,3038,5995,8662,7949,15658,89469,69449,13056,2951,50044,9,4
2021-04-01T23:59:59+02:00,2775,3649,5846,9054,5936,12078,7153,16297,9466,14381,5891,5815,11429,15821,8623,17079,463,780,1254,2492,1721,4360,2503,6155,3431,4856,2910,2992,5925,8575,7888,15564,88480,68908,13034,2948,49775,9,4
2021-03-31T23:59:59+02:00,2735,3615,5768,8984,5868,11984,7046,16188,9333,14240,5753,5677,10876,15075,8588,17005,456,772,1249,2481,1715,4345,2495,6138,3410,4824,2878,2959,5866,8500,7847,15483,86503,68460,12820,2946,49409,9,3
2021-03-30T23:59:59+02:00,2711,3595,5719,8926,5809,11904,6972,16089,9233,14091,5561,5462,9971,13720,8528,16856,453,770,1243,2474,1705,4330,2476,6116,3373,4777,2817,2887,5766,8384,7739,15270,83430,67761,12439,2807,49275,9,3
2021-03-29T23:59:59+02:00,2633,3532,5615,8811,5696,11751,6805,15856,8997,13834,5210,5090,8015,11162,8349,16500,445,764,1232,2467,1690,4316,2453,6086,3337,4719,2753,2826,5621,8250,7571,14975,77374,66821,11627,2672,48852,9,3
2021-03-28T23:59:59+02:00,2610,3518,5568,8744,5617,11676,6717,15765,8881,13712,5086,4936,7371,10230,8295,16403,436,756,1216,2449,1666,4288,2401,6022,3276,4623,2667,2751,5502,8096,7513,14853,75083,66360,11369,2146,48674,6,3
2021-03-27T23:59:59+01:00,2609,3513,5557,8737,5613,11662,6701,15743,8870,13699,5059,4909,7361,10227,8295,16402,436,756,1214,2448,1665,4282,2395,6019,3269,4617,2662,2747,5477,8047,7443,14730,74976,66053,11369,2145,48609,6,3
2021-03-26T23:59:59+01:00,2590,3489,5520,8699,5572,11614,6619,15665,8717,13545,4891,4758,7208,10064,8294,16394,431,748,1208,2432,1645,4253,2371,5985,3231,4560,2603,2683,5138,7588,6893,13763,74632,63416,10534,2107,48470,6,3
2021-03-25T23:59:59+01:00,2464,3391,5328,8476,5384,11334,6394,15371,8487,13265,4744,4608,7123,9960,8291,16387,422,732,1186,2408,1618,4221,2328,5929,3157,4478,2499,2582,4501,6728,6033,12402,74179,59327,9589,1889,47236,5,3
2021-03-24T23:59:59+01:00,2359,3330,5194,8310,5216,11139,6224,15124,8287,13047,4612,4458,7020,9849,8286,16381,417,719,1171,2378,1581,4168,2270,5855,3064,4379,2367,2464,3783,5674,4934,10632,73805,54304,8427,1544,46601,5,3
2021-03-23T23:59:59+01:00,2275,3270,5083,8183,5122,10991,6098,14930,8173,12887,4531,4377,6960,9796,8279,16364,403,689,1150,2342,1551,4107,2219,5767,2984,4291,2275,2369,3043,4586,3342,7874,73411,47590,7682,1396,46223,3,3
2021-03-22T23:59:59+01:00,2189,3198,4959,8046,4986,10815,5928,14680,7997,12694,4427,4270,6901,9690,8266,16326,371,668,1126,2299,1503,4037,2153,5654,2886,4129,2165,2230,2198,3444,1181,4245,72918,39122,6644,1162,45807,2,3
2021-03-21T23:59:59+01:00,2187,3192,4948,8031,4973,10803,5909,14664,7969,12670,4406,4254,6883,9680,8264,16326,370,668,1119,2285,1492,4003,2136,5618,2857,4077,2125,2183,2157,3402,1168,4205,72895,38982,6593,879,45669,2,2
2021-03-20T23:59:59+01:00,2187,3192,4947,8030,4972,10801,5908,14663,7962,12665,4404,4253,6876,9672,8264,16326,370,668,1119,2285,1492,4003,2136,5618,2856,4076,2124,2180,2157,3402,1168,4205,72885,38980,6593,875,45642,2,2
2021-03-19T23:59:59+01:00,2113,2842,4411,6767,4581,9822,5643,14123,7740,12305,4293,4164,6815,9614,8264,16326,369,668,1119,2285,1492,4002,2136,5617,2855,4076,2122,2178,2152,3396,1167,4204,72817,38965,6582,869,40422,2,2
2021-03-18T23:59:59+01:00,2036,2504,3975,5702,4037,8328,4761,11429,6427,9274,3990,3927,6632,9410,8244,16291,368,663,1111,2273,1485,3977,2107,5576,2831,4053,2104,2161,2127,3368,1163,4197,72386,38774,6518,786,28061,2,2
2021-03-17T23:59:59+01:00,2030,2492,3965,5677,4018,8300,4736,11360,6375,9200,3954,3879,6597,9370,8238,16269,364,661,1107,2266,1480,3968,2098,5559,2817,4027,2082,2133,2107,3355,1156,4182,72126,38621,6459,737,27873,2,2
2021-03-16T23:59:59+01:00,1999,2450,3912,5595,3943,8195,4596,11184,6168,9001,3732,3690,6473,9231,8233,16249,362,656,1106,2247,1475,3955,2088,5545,2807,4007,2074,2120,2095,3329,1149,4153,71816,38456,5181,708,27652,2,2
2021-03-15T23:59:59+01:00,1989,2425,3887,5560,3911,8157,4543,11116,6086,8913,3656,3628,6424,9174,8227,16226,359,650,1097,2232,1466,3950,2070,5504,2791,3982,2055,2084,2074,3272,1142,4117,71592,38239,4822,604,27508,2,0
2021-03-14T23:59:59+01:00,1983,2415,3879,5548,3905,8140,4533,11088,6080,8891,3648,3619,6420,9166,8226,16225,358,650,1094,2231,1463,3948,2067,5502,2772,3976,2051,2082,2062,3262,1139,4115,71560,38232,4806,539,27400,1,0
2021-03-13T23:59:59+01:00,1979,2406,3867,5529,3895,8133,4513,11076,6067,8878,3645,3616,6419,9164,8226,16225,358,650,1094,2231,1463,3948,2067,5501,2772,3975,2050,2080,2062,3261,1131,4110,71538,38213,4801,539,27299,1,0
2021-03-12T23:59:59+01:00,1926,2332,3281,5387,3451,8020,4379,10940,5839,8592,3473,3477,6296,9057,8204,16185,353,627,1089,2200,1454,3921,2049,5429,2709,3863,1878,1957,2006,3214,1127,4104,71326,37449,4077,531,25436,0,0
2021-03-11T23:59:59+01:00,1792,2169,2871,5129,3051,7768,4067,10484,5207,7717,3295,3345,6190,8937,8177,16148,352,627,1086,2186,1451,3902,2041,5407,2701,3848,1872,1950,1991,3195,1123,4088,70763,37328,3815,492,21769,0,0
2021-03-10T23:59:59+01:00,1759,2130,2832,5088,3017,7703,4008,10393,5089,7608,3168,3239,6076,8815,8148,16097,350,624,1084,2184,1449,3891,2036,5393,2688,3830,1857,1939,1965,3167,1113,4074,70356,37247,3484,397,21330,0,0
2021-03-09T23:59:59+01:00,1750,2113,2802,5061,2995,7658,3965,10332,5007,7525,3076,3158,5983,8712,8058,15906,347,622,1081,2178,1440,3878,2005,5369,2651,3801,1809,1913,1921,3142,1102,4065,69763,37219,3216,105,21122,0,0
2021-03-08T23:59:59+01:00,1733,2099,2772,5036,2968,7625,3945,10284,4977,7463,3040,3120,5885,8618,7910,15638,347,622,1078,2172,1433,3859,1987,5340,2632,3774,1792,1896,1896,3119,1097,4048,68976,37078,3207,14,20930,0,0
2021-03-07T23:59:59+01:00,1719,2086,2742,4993,2933,7573,3912,10222,4934,7405,3005,3088,5811,8501,7848,15513,347,621,1078,2171,1432,3851,1984,5333,2630,3769,1787,1893,1893,3114,1095,4042,68444,37028,3153,12,20688,0,0
2021-03-06T23:59:59+01:00,1717,2084,2737,4982,2929,7563,3902,10215,4919,7390,2994,3076,5776,8435,7774,15372,347,619,1076,2169,1432,3850,1978,5324,2628,3766,1781,1886,1888,3112,1095,4039,68054,36978,3153,12,20658,0,0
2021-03-05T23:59:59+01:00,1628,1992,2648,4820,2870,7400,3814,10008,4822,7205,2949,3022,5407,7945,7220,14385,347,619,1074,2166,1425,3846,1978,5322,2623,3760,1773,1883,1883,3109,1090,4036,65401,36922,3150,12,19584,0,0
2021-03-04T23:59:59+01:00,1435,1857,2486,4624,2696,7125,3643,9657,4557,6880,2850,2909,4758,7094,6347,12968,344,610,1061,2136,1411,3808,1950,5267,2598,3720,1744,1861,1848,3054,1067,3991,61195,36458,3147,12,17544,0,0
2021-03-03T23:59:59+01:00,1390,1796,2413,4516,2635,7001,3557,9492,4459,6749,2767,2840,4098,6059,5251,11221,341,600,1049,2110,1399,3781,1935,5216,2528,3665,1715,1830,1824,3025,1053,3966,56143,36025,3121,12,16980,0,0
2021-03-02T23:59:59+01:00,1345,1754,2359,4452,2586,6909,3468,9371,4319,6606,2658,2712,3311,4936,3564,8321,336,591,1042,2084,1389,3738,1918,5165,2499,3642,1706,1816,1802,3001,1045,3939,49097,35701,2872,12,16702,0,0
2021-03-01T23:59:59+01:00,1278,1713,2303,4388,2511,6825,3371,9233,4180,6416,2528,2587,2389,3693,1224,4388,334,587,1033,2073,1379,3719,1911,5146,2487,3628,1691,1806,1784,2982,1035,3912,40074,35495,2486,12,16467,0,0
2021-02-28T23:59:59+01:00,1240,1698,2259,4348,2485,6781,3319,9173,4113,6358,2463,2545,2347,3660,1218,4372,333,586,1032,2067,1377,3703,1907,5135,2481,3621,1684,1795,1771,2971,1028,3897,39976,35376,2194,12,16209,0,0
2021-02-27T23:59:59+01:00,1193,1583,2189,4117,2430,6550,3254,8861,4024,6125,2412,2492,2327,3641,1216,4372,333,586,1031,2067,1377,3703,1907,5134,2480,3621,1684,1794,1769,2971,1028,3897,39870,35370,2193,12,14723,0,0
2021-02-26T23:59:59+01:00,990,1289,2000,3705,2262,5866,3039,7922,3715,5402,2383,2464,2312,3629,1213,4371,333,586,1031,2064,1375,3701,1905,5133,2478,3620,1684,1791,1763,2968,1026,3892,39855,35338,2105,12,10602,0,0
2021-02-25T23:59:59+01:00,610,1109,1741,3504,2075,5561,2842,7514,3499,5124,2310,2399,2277,3575,1209,4357,323,561,1001,2014,1349,3634,1874,5047,2446,3561,1659,1763,1728,2922,1000,3859,39660,34730,1850,11,8196,0,0
2021-02-24T23:59:59+01:00,587,1086,1704,3408,2016,5421,2772,7322,3434,5002,2253,2352,2242,3546,1202,4326,311,551,989,1985,1336,3581,1859,4984,2423,3518,1649,1745,1717,2903,990,3836,39471,34374,1681,3,7521,0,0
2021-02-23T23:59:59+01:00,561,1037,1640,3311,1966,5277,2692,7190,3341,4900,2202,2298,2205,3492,1192,4299,310,546,984,1968,1329,3553,1850,4950,2397,3492,1634,1721,1694,2869,979,3786,39325,34059,1409,3,6869,0,0
2021-02-22T23:59:59+01:00,538,994,1590,3217,1925,5132,2628,6966,3285,4766,2195,2201,2192,3420,1188,4257,309,542,979,1955,1322,3526,1833,4917,2381,3461,1615,1700,1668,2841,966,3742,39114,33756,1145,1,6235,0,0
2021-02-21T23:59:59+01:00,528,936,1531,3080,1877,4984,2572,6804,3207,4674,2159,2169,2167,3402,1180,4253,309,540,975,1947,1322,3517,1829,4906,2377,3454,1614,1697,1667,2839,966,3741,39075,33699,912,1,5536,0,0
2021-02-20T23:59:59+01:00,523,930,1523,3077,1871,4984,2570,6800,3203,4671,2156,2168,2167,3401,1179,4253,309,540,975,1946,1322,3516,1829,4905,2376,3454,1613,1696,1663,2839,966,3739,39071,33687,908,1,5497,0,0
2021-02-19T23:59:59+01:00,497,890,1494,3015,1846,4926,2527,6696,3109,4531,1982,2038,2109,3355,1176,4247,307,539,974,1943,1321,3516,1829,4900,2373,3452,1611,1695,1661,2838,966,3738,38323,33662,889,1,5226,0,0
2021-02-18T23:59:59+01:00,460,810,1390,2785,1745,4676,2386,6421,3010,4376,1957,2022,2095,3338,1172,4241,307,532,964,1905,1313,3479,1809,4854,2356,3417,1598,1685,1646,2825,955,3722,38249,33366,815,1,3820,0,0
2021-02-17T23:59:59+01:00,443,758,1350,2665,1683,4494,2320,6177,2951,4246,1943,2006,2073,3320,1158,4232,296,510,927,1820,1272,3339,1745,4694,2282,3291,1522,1616,1572,2709,911,3620,38093,32125,764,1,2962,0,0
2021-02-16T23:59:59+01:00,418,716,1296,2541,1630,4348,2247,5986,2873,4131,1934,2001,2067,3315,1153,4221,288,485,896,1742,1220,3194,1684,4480,2214,3136,1470,1562,1514,2605,886,3501,38034,30876,734,1,2109,0,0
2021-02-15T23:59:59+01:00,403,675,1223,2410,1589,4272,2215,5937,2843,4093,1913,1984,2049,3286,1148,4203,279,462,872,1697,1187,3112,1623,4346,2145,3027,1396,1501,1461,2490,848,3333,37929,29778,624,1,1690,0,0
2021-02-14T23:59:59+01:00,393,669,1195,2337,1532,4112,2171,5857,2813,4056,1909,1982,2037,3277,1147,4197,272,454,853,1672,1168,3069,1584,4295,2107,3001,1379,1479,1436,2451,834,3295,37912,29348,559,1,1213,0,0
2021-02-13T23:59:59+01:00,392,669,1195,2337,1532,4111,2169,5856,2813,4056,1908,1980,2036,3277,1147,4194,272,454,853,1672,1168,3069,1583,4294,2106,3001,1378,1476,1435,2450,834,3294,37901,29338,559,1,1212,0,0
2021-02-12T23:59:59+01:00,386,665,1180,2328,1526,4098,2165,5846,2808,4051,1896,1970,2029,3264,1143,4191,270,452,848,1668,1162,3058,1562,4277,2090,2985,1364,1461,1422,2417,827,3263,37834,29125,551,1,1161,0,0
2021-02-11T23:59:59+01:00,362,634,1109,2226,1476,3960,2063,5583,2733,3949,1870,1944,1987,3196,1123,4140,246,418,800,1550,1076,2824,1437,3922,1893,2682,1180,1269,1261,2130,733,2937,37452,26358,514,0,389,0,0
2021-02-10T23:59:59+01:00,354,625,1083,2179,1436,3882,2006,5401,2629,3784,1818,1899,1944,3161,1106,4115,220,362,699,1347,942,2416,1234,3316,1671,2315,1026,1101,1113,1884,639,2624,37044,22909,377,0,1,0,0
2021-02-09T23:59:59+01:00,348,613,1073,2146,1421,3829,1957,5331,2568,3730,1754,1861,1880,3113,1088,4094,183,278,589,1080,792,1964,1022,2700,1409,1951,887,945,936,1583,532,2246,36744,19097,61,0,1,0,0
2021-02-08T23:59:59+01:00,347,611,1067,2138,1411,3813,1952,5305,2550,3717,1738,1848,1862,3096,1082,4070,128,230,482,863,633,1520,810,2051,1149,1529,711,766,746,1271,426,1825,36589,15140,17,0,1,0,0
2021-02-07T23:59:59+01:00,346,611,1067,2137,1410,3805,1948,5303,2544,3714,1731,1838,1847,3089,1077,4065,119,202,426,717,557,1340,725,1839,1059,1385,640,687,669,1150,368,1620,36518,13503,14,0,0,0,0
2021-02-06T23:59:59+01:00,346,610,1066,2136,1410,3803,1948,5301,2544,3711,1731,1837,1841,3087,1075,4063,118,201,421,714,553,1314,709,1817,1047,1369,638,682,664,1146,367,1617,36495,13377,14,0,0,0,0
2021-02-05T23:59:59+01:00,346,609,1063,2133,1408,3792,1944,5288,2537,3707,1731,1832,1832,3080,1067,4053,113,192,403,696,535,1286,679,1762,997,1306,603,629,617,1070,345,1535,36408,12768,14,0,0,0,0
2021-02-04T23:59:59+01:00,337,590,1051,2096,1390,3743,1923,5209,2521,3663,1716,1811,1806,3044,1052,4025,83,148,296,463,382,861,470,1195,685,892,474,463,480,841,272,1232,35963,9237,14,0,0,0,0
2021-02-03T23:59:59+01:00,331,577,1032,2072,1377,3701,1907,5157,2489,3623,1697,1788,1788,3023,1042,4012,66,118,245,398,306,668,371,929,509,657,318,328,349,604,192,893,35602,6951,14,0,0,0,0
2021-02-02T23:59:59+01:00,326,565,1028,2047,1367,3670,1896,5104,2463,3596,1683,1767,1760,2984,1024,3968,43,93,189,314,255,514,276,736,373,505,219,207,219,411,131,574,35234,5059,14,0,0,0,0
2021-02-01T23:59:59+01:00,325,561,1023,2040,1364,3653,1888,5084,2454,3580,1676,1756,1745,2968,1019,3956,22,62,141,226,175,330,175,482,236,289,105,114,98,196,63,255,35078,2969,14,0,0,0,0
2021-01-31T23:59:59+01:00,324,559,1021,2032,1361,3644,1884,5063,2450,3567,1673,1749,1741,2960,1016,3948,20,55,123,198,156,281,158,404,198,250,90,100,89,170,56,222,34978,2570,14,0,0,0,0
2021-01-30T23:59:59+01:00,324,559,1021,2032,1361,3644,1884,5063,2449,3567,1673,1749,1741,2959,1016,3947,20,55,123,198,156,279,155,402,197,249,89,99,89,170,56,222,34975,2559,14,0,0,0,0
2021-01-29T23:59:59+01:00,322,556,1020,2029,1359,3636,1879,5055,2446,3564,1666,1739,1732,2949,1010,3928,18,53,121,188,147,272,141,375,167,222,64,73,80,146,49,195,34876,2311,14,0,0,0,0
2021-01-28T23:59:59+01:00,317,546,998,1967,1338,3574,1852,4993,2417,3506,1644,1721,1703,2914,994,3898,0,3,8,16,9,20,13,46,8,19,7,5,8,7,1,12,34369,182,13,0,0,0,0
2021-01-27T23:59:59+01:00,310,521,964,1887,1304,3457,1788,4869,2358,3414,1590,1674,1658,2841,962,3826,0,2,4,4,5,13,8,20,5,11,6,5,8,7,1,11,33414,110,9,0,0,0,0
2021-01-26T23:59:59+01:00,304,510,953,1874,1290,3418,1770,4806,2329,3357,1557,1642,1622,2768,948,3748,0,2,4,4,5,13,8,20,5,11,6,5,8,7,1,11,32889,110,7,0,0,0,0
2021-01-25T23:59:59+01:00,291,475,900,1758,1227,3239,1676,4532,2227,3170,1501,1590,1565,2678,909,3589,0,2,1,1,1,3,5,3,5,6,6,4,7,7,1,11,31325,63,2,0,0,0,0
2021-01-24T23:59:59+01:00,288,471,888,1738,1216,3217,1646,4497,2200,3153,1492,1581,1556,2668,903,3582,0,2,1,0,1,3,5,3,5,6,5,4,7,7,1,11,31094,61,2,0,0,0,0
2021-01-23T23:59:59+01:00,288,471,888,1738,1215,3216,1646,4493,2199,3152,1491,1581,1555,2667,902,3577,0,2,1,0,1,3,5,3,5,6,5,4,7,7,1,11,31077,61,2,0,0,0,0
2021-01-22T23:59:59+01:00,286,469,883,1735,1211,3209,1641,4488,2188,3145,1480,1570,1548,2647,898,3560,0,2,1,0,1,3,5,3,5,6,5,4,7,7,1,11,30956,61,2,0,0,0,0
2021-01-21T23:59:59+01:00,274,456,854,1663,1186,3082,1584,4323,2100,3012,1384,1475,1417,2467,827,3402,0,2,1,0,1,3,4,2,4,6,4,3,6,7,0,11,29504,54,2,0,0,0,0
2021-01-20T23:59:59+01:00,249,402,775,1493,1095,2745,1433,3852,1938,2706,1266,1330,1301,2284,766,3205,0,2,1,0,1,3,4,2,4,6,4,3,6,7,0,11,26838,54,2,0,0,0,0
2021-01-19T23:59:59+01:00,215,324,664,1235,948,2290,1208,3236,1658,2303,1081,1143,1090,1912,631,2732,0,1,1,0,1,2,4,1,3,6,3,3,6,7,0,11,22668,49,2,0,0,0,0
2021-01-18T23:59:59+01:00,150,260,522,964,734,1741,930,2354,1303,1768,845,912,870,1534,492,2175,0,0,0,0,0,0,0,0,2,2,1,1,0,0,0,0,17553,6,1,0,0,0,0
2021-01-17T23:59:59+01:00,136,221,454,794,647,1511,826,2102,1195,1590,789,832,786,1391,438,1985,0,0,0,0,0,0,0,0,0,1,0,0,0,0,0,0,15697,1,0,0,0,0,0
2021-01-16T23:59:59+01:00,135,220,451,793,645,1503,815,2098,1187,1584,788,827,780,1379,431,1971,0,0,0,0,0,0,0,0,0,0,0,0,0,0,0,0,15607,0,0,0,0,0,0
2021-01-15T23:59:59+01:00,125,211,436,775,619,1463,781,2019,1127,1500,745,773,735,1293,405,1862,0,0,0,0,0,0,0,0,0,0,0,0,0,0,0,0,14869,0,0,0,0,0,0
2021-01-14T23:59:59+01:00,84,154,312,493,419,932,530,1309,769,993,545,536,544,957,310,1415,0,0,0,0,0,0,0,0,0,0,0,0,0,0,0,0,10302,0,0,0,0,0,0
2021-01-13T23:59:59+01:00,66,121,255,417,336,702,405,991,547,696,335,344,374,656,212,975,0,0,0,0,0,0,0,0,0,0,0,0,0,0,0,0,7432,0,0,0,0,0,0
2021-01-12T23:59:59+01:00,53,102,208,354,270,569,292,809,399,541,224,219,229,441,146,642,0,0,0,0,0,0,0,0,0,0,0,0,0,0,0,0,5498,0,0,0,0,0,0
2021-01-11T23:59:59+01:00,37,78,181,304,222,463,223,639,293,379,135,135,126,266,81,367,0,0,0,0,0,0,0,0,0,0,0,0,0,0,0,0,3929,0,0,0,0,0,0
2021-01-10T23:59:59+01:00,27,69,160,248,189,382,182,530,248,323,116,113,111,222,70,295,0,0,0,0,0,0,0,0,0,0,0,0,0,0,0,0,3285,0,0,0,0,0,0
2021-01-09T23:59:59+01:00,27,69,160,246,188,381,181,525,247,322,115,112,111,222,70,295,0,0,0,0,0,0,0,0,0,0,0,0,0,0,0,0,3271,0,0,0,0,0,0
2021-01-08T23:59:59+01:00,25,67,157,236,180,371,166,496,219,296,93,94,105,206,64,276,0,0,0,0,0,0,0,0,0,0,0,0,0,0,0,0,3051,0,0,0,0,0,0
2021-01-07T23:59:59+01:00,1,3,4,7,8,12,11,6,17,12,9,11,16,20,1,30,0,0,0,0,0,0,0,0,0,0,0,0,0,0,0,0,168,0,0,0,0,0,0
2021-01-06T23:59:59+01:00,0,2,1,1,1,5,5,2,5,7,5,4,8,8,0,13,0,0,0,0,0,0,0,0,0,0,0,0,0,0,0,0,67,0,0,0,0,0,0
2021-01-05T23:59:59+01:00,0,2,1,1,1,5,5,2,5,6,5,4,7,7,0,12,0,0,0,0,0,0,0,0,0,0,0,0,0,0,0,0,63,0,0,0,0,0,0
2021-01-04T23:59:59+01:00,0,2,1,1,1,4,4,2,5,6,4,3,6,7,0,12,0,0,0,0,0,0,0,0,0,0,0,0,0,0,0,0,58,0,0,0,0,0,0
2021-01-03T23:59:59+01:00,0,2,1,0,1,4,4,2,5,6,3,3,6,7,0,12,0,0,0,0,0,0,0,0,0,0,0,0,0,0,0,0,56,0,0,0,0,0,0
2021-01-02T23:59:59+01:00,0,2,1,0,1,4,4,2,5,6,3,3,6,7,0,12,0,0,0,0,0,0,0,0,0,0,0,0,0,0,0,0,56,0,0,0,0,0,0
2021-01-01T23:59:59+01:00,0,2,1,0,1,3,4,2,5,6,3,3,6,7,0,12,0,0,0,0,0,0,0,0,0,0,0,0,0,0,0,0,55,0,0,0,0,0,0
2020-12-31T23:59:59+01:00,0,2,1,0,1,3,4,2,5,6,3,3,6,7,0,12,0,0,0,0,0,0,0,0,0,0,0,0,0,0,0,0,55,0,0,0,0,0,0
2020-12-30T23:59:59+01:00,0,2,1,0,1,3,4,2,5,6,3,3,6,7,0,12,0,0,0,0,0,0,0,0,0,0,0,0,0,0,0,0,55,0,0,0,0,0,0
2020-12-29T23:59:59+01:00,0,1,1,0,1,2,4,1,4,6,3,3,6,7,0,12,0,0,0,0,0,0,0,0,0,0,0,0,0,0,0,0,51,0,0,0,0,0,0
2020-12-28T23:59:59+01:00,0,1,1,0,1,1,2,0,3,5,2,1,1,0,0,2,0,0,0,0,0,0,0,0,0,0,0,0,0,0,0,0,20,0,0,0,0,0,0
2020-12-27T23:59:59+01:00,0,1,1,0,1,1,2,0,1,3,1,0,1,0,0,2,0,0,0,0,0,0,0,0,0,0,0,0,0,0,0,0,14,0,0,0,0,0,0
