Datum,<15_1_m,<15_1_w,15-24_1_m,15-24_1_w,25-34_1_m,25-34_1_w,35-44_1_m,35-44_1_w,45-54_1_m,45-54_1_w,55-64_1_m,55-64_1_w,65-74_1_m,65-74_1_w,75-84_1_m,75-84_1_w,>84_1_m,>84_1_w,<15_2_m,<15_2_w,15-24_2_m,15-24_2_w,25-34_2_m,25-34_2_w,35-44_2_m,35-44_2_w,45-54_2_m,45-54_2_w,55-64_2_m,55-64_2_w,65-74_2_m,65-74_2_w,75-84_2_m,75-84_2_w,>84_2_m,>84_2_w,bp_1,bp_2,mo_1,mo_2,az_1,az_2,ja,unb_1,unb_2
2021-11-10T23:59:59+01:00,6609,6175,42808,40691,58180,51814,58098,55979,68212,67467,76782,76395,54709,60318,37605,48654,11736,22369,5349,4983,37904,36368,53188,47261,54042,52110,64439,63837,74061,73749,53407,58854,36831,47550,11386,21628,620315,579306,79531,76874,105638,101644,39087,36,36
2021-11-09T23:59:59+01:00,6551,6127,42718,40610,58072,51687,57994,55867,68106,67368,76717,76315,54674,60280,37594,48634,11730,22355,5330,4961,37838,36329,53143,47210,53994,52029,64385,63768,73989,73678,53379,58822,36814,47525,11379,21614,619142,578741,79510,76688,105638,101643,39079,36,36
2021-11-08T23:59:59+01:00,6416,6017,42014,39972,57359,51106,57453,55445,67706,66998,76447,76057,54562,60191,37567,48594,11724,22344,5303,4940,37739,36231,52992,47097,53909,51956,64320,63687,73915,73624,53350,58789,36803,47509,11376,21610,614008,577986,79493,76682,105638,101643,38803,36,36
2021-11-07T23:59:59+01:00,6364,5983,41870,39843,57187,50968,57325,55348,67616,66932,76402,76011,54545,60171,37559,48590,11722,22341,5286,4926,37672,36164,52927,47019,53856,51915,64294,63639,73891,73603,53340,58779,36796,47504,11375,21604,612870,577455,79442,76660,105638,101642,38797,36,36
2021-11-06T23:59:59+01:00,6359,5974,41853,39825,57167,50955,57310,55338,67607,66923,76396,76008,54543,60171,37557,48590,11722,22340,5284,4926,37671,36162,52925,47016,53854,51913,64289,63638,73889,73601,53338,58777,36796,47503,11375,21604,612735,577430,79441,76659,105638,101642,38794,36,36
2021-11-05T23:59:59+01:00,6343,5954,41812,39796,57130,50905,57263,55309,67583,66905,76368,75995,54539,60165,37554,48588,11722,22338,5276,4921,37648,36154,52916,47006,53846,51906,64277,63626,73882,73592,53334,58775,36794,47499,11375,21604,612391,577325,79438,76656,105638,101642,38772,36,36
2021-11-04T23:59:59+01:00,6220,5811,41280,39316,56548,50446,56817,54950,67165,66586,76157,75857,54501,60118,37541,48557,11716,22330,5216,4858,37446,36017,52718,46860,53674,51779,64119,63508,73781,73524,53302,58750,36780,47480,11364,21599,608605,576193,79370,76630,105636,101641,38275,36,36
2021-11-03T23:59:59+01:00,6185,5766,41186,39253,56434,50353,56724,54869,67095,66520,76112,75814,54491,60099,37533,48542,11711,22326,5173,4825,37376,35955,52669,46812,53631,51723,64073,63466,73739,73487,53286,58726,36768,47461,11360,21591,607746,575573,79353,76625,105635,101638,38249,36,36
2021-11-02T23:59:59+01:00,6138,5717,41055,39142,56271,50234,56609,54764,66968,66443,76039,75755,54464,60075,37520,48530,11710,22316,5102,4753,37243,35804,52520,46658,53517,51603,63988,63368,73654,73401,53240,58684,36749,47429,11357,21581,606539,574167,79327,76592,105635,101638,38218,36,36
2021-11-01T23:59:59+01:00,6054,5639,40564,38774,55750,49887,56246,54509,66689,66241,75900,75664,54429,60047,37513,48523,11707,22308,5069,4712,37104,35690,52391,46566,53403,51520,63891,63308,73593,73356,53227,58671,36740,47414,11354,21574,603548,573435,79304,76551,105635,101636,37925,36,36
2021-10-31T23:59:59+01:00,6052,5639,40559,38768,55747,49884,56241,54505,66686,66238,75898,75662,54429,60047,37513,48523,11707,22308,5069,4712,37102,35687,52391,46565,53401,51519,63890,63308,73593,73356,53227,58671,36740,47414,11354,21574,603516,573428,79301,76551,105635,101636,37922,36,36
2021-10-30T23:59:59+02:00,6048,5637,40556,38768,55740,49881,56240,54503,66684,66237,75898,75660,54429,60047,37513,48523,11707,22308,5069,4712,37102,35687,52391,46564,53400,51518,63889,63307,73593,73356,53226,58671,36740,47414,11354,21574,603490,573423,79301,76551,105635,101636,37921,36,36
2021-10-29T23:59:59+02:00,6045,5632,40538,38752,55726,49863,56223,54494,66665,66230,75881,75655,54427,60044,37512,48522,11705,22308,5067,4709,37093,35676,52390,46559,53396,51513,63886,63301,73585,73348,53221,58670,36739,47411,11353,21573,603340,573354,79297,76548,105635,101634,37918,36,36
2021-10-28T23:59:59+02:00,5946,5532,40018,38397,55261,49532,55816,54193,66326,66003,75710,75548,54390,60015,37507,48502,11703,22299,5007,4662,36918,35560,52230,46444,53257,51407,63739,63220,73503,73301,53196,58644,36725,47393,11351,21566,600242,572393,79258,76527,105630,101633,37534,36,36
2021-10-27T23:59:59+02:00,5921,5511,39967,38338,55191,49477,55759,54143,66262,65976,75684,75529,54374,60003,37501,48491,11702,22293,4983,4636,36867,35520,52180,46409,53226,51371,63695,63169,73468,73275,53173,58624,36719,47382,11348,21555,599683,571896,79249,76515,105630,101627,37526,36,36
2021-10-26T23:59:59+02:00,5873,5477,39859,38244,55090,49374,55687,54076,66195,65909,75632,75488,54359,59987,37488,48475,11699,22289,4931,4593,36764,35378,52084,46323,53159,51289,63642,63108,73408,73222,53140,58603,36705,47357,11342,21542,598783,570915,79248,76507,105630,101626,37506,36,36
2021-10-25T23:59:59+02:00,5811,5409,39629,38011,54809,49174,55435,53915,65978,65767,75529,75410,54337,59956,37481,48465,11699,22286,4918,4584,36708,35317,51998,46271,53091,51250,63595,63068,73363,73191,53131,58587,36699,47352,11340,21539,596960,570606,79248,76505,105630,101626,37229,36,36
2021-10-24T23:59:59+02:00,5781,5380,39545,37927,54731,49097,55379,53877,65931,65741,75509,75392,54332,59947,37476,48462,11698,22282,4885,4568,36646,35255,51954,46227,53057,51209,63558,63039,73341,73159,53123,58574,36688,47344,11338,21537,596360,570125,79246,76498,105630,101626,37217,36,36
2021-10-23T23:59:59+02:00,5781,5380,39544,37927,54729,49097,55377,53875,65931,65741,75509,75392,54332,59946,37476,48462,11698,22282,4885,4568,36646,35254,51954,46227,53057,51208,63558,63039,73341,73159,53123,58574,36688,47344,11338,21537,596352,570123,79246,76498,105630,101626,37217,36,36
2021-10-22T23:59:59+02:00,5778,5375,39518,37909,54710,49084,55366,53868,65917,65728,75500,75384,54328,59943,37476,48460,11697,22282,4880,4559,36630,35240,51942,46208,53049,51197,63542,63032,73327,73150,53113,58567,36687,47341,11337,21535,596220,569974,79235,76497,105629,101624,37205,36,36
2021-10-21T23:59:59+02:00,5702,5296,39266,37716,54441,48896,55157,53716,65735,65606,75403,75329,54310,59926,37469,48451,11694,22276,4795,4487,36405,35034,51758,46050,52880,51066,63411,62910,73243,73091,53088,58531,36675,47323,11333,21529,594535,568500,79201,76460,105629,101623,36990,36,36
2021-10-20T23:59:59+02:00,5680,5282,39232,37690,54421,48875,55142,53688,65709,65580,75378,75311,54302,59914,37461,48436,11693,22269,4776,4468,36386,35004,51736,46018,52856,51036,63388,62888,73218,73064,53071,58508,36669,47310,11330,21522,594221,568155,79195,76450,105629,101623,36984,36,36
2021-10-19T23:59:59+02:00,5646,5252,39179,37656,54385,48837,55106,53658,65678,65548,75353,75285,54286,59894,37453,48421,11689,22266,4753,4446,36331,34957,51695,45964,52822,50997,63350,62854,73180,73025,53059,58484,36649,47295,11325,21512,593762,567617,79189,76446,105629,101621,36978,36,36
2021-10-18T23:59:59+02:00,5612,5224,39041,37525,54264,48740,55025,53577,65613,65509,75297,75251,54276,59878,37446,48408,11687,22265,4686,4385,36183,34813,51571,45843,52740,50906,63303,62791,73121,72977,53034,58449,36638,47277,11320,21506,592906,566581,79178,76414,105629,101621,36891,36,36
2021-10-17T23:59:59+02:00,5606,5217,39030,37514,54250,48724,55021,53567,65608,65498,75290,75247,54273,59874,37443,48406,11687,22261,4676,4374,36163,34784,51550,45820,52724,50884,63289,62774,73103,72963,53023,58437,36632,47270,11319,21497,592788,566331,79178,76408,105629,101620,36887,36,36
2021-10-16T23:59:59+02:00,5606,5217,39029,37514,54248,48723,55020,53565,65608,65498,75290,75247,54273,59874,37443,48406,11687,22261,4673,4371,36158,34780,51546,45817,52720,50880,63287,62770,73101,72962,53022,58436,36631,47269,11319,21495,592784,566289,79178,76408,105629,101620,36884,36,36
2021-10-15T23:59:59+02:00,5601,5214,39012,37501,54232,48712,55014,53560,65591,65492,75283,75235,54265,59872,37439,48399,11686,22261,4665,4369,36146,34778,51540,45810,52715,50874,63282,62763,73097,72956,53018,58432,36628,47268,11319,21494,592655,566226,79178,76406,105629,101613,36873,36,36
2021-10-14T23:59:59+02:00,5543,5157,38877,37382,54097,48611,54922,53478,65522,65409,75219,75180,54234,59851,37431,48382,11679,22246,4549,4253,35864,34450,51321,45585,52564,50702,63136,62618,73002,72879,52961,58385,36604,47237,11314,21485,591628,564136,79160,76367,105629,101601,36769,36,36
2021-10-13T23:59:59+02:00,5503,5123,38842,37339,54063,48575,54896,53443,65497,65384,75199,75154,54222,59839,37424,48374,11675,22242,4518,4226,35824,34410,51295,45544,52528,50666,63102,62582,72969,72849,52937,58369,36595,47214,11313,21474,591222,563702,79147,76330,105629,101585,36762,36,36
2021-10-12T23:59:59+02:00,5469,5100,38769,37294,54003,48506,54855,53395,65464,65350,75162,75115,54206,59821,37414,48358,11669,22232,4498,4201,35768,34357,51248,45489,52492,50630,63065,62540,72929,72802,52912,58340,36572,47190,11307,21461,590624,563108,79145,76325,105629,101582,36750,36,36
2021-10-11T23:59:59+02:00,5414,5048,38607,37162,53869,48391,54750,53312,65390,65291,75115,75086,54194,59803,37403,48347,11667,22228,4406,4120,35541,34141,51061,45301,52358,50496,62968,62428,72844,72738,52873,58302,36558,47162,11302,21448,589678,561518,79143,76323,105629,101577,36593,36,36
2021-10-10T23:59:59+02:00,5395,5038,38560,37123,53828,48350,54729,53281,65373,65272,75099,75065,54191,59798,37399,48344,11666,22222,4387,4113,35507,34120,51040,45274,52340,50479,62958,62416,72831,72724,52869,58293,36553,47152,11299,21444,589351,561296,79140,76315,105629,101573,36579,36,36
2021-10-09T23:59:59+02:00,5395,5037,38560,37123,53828,48350,54729,53281,65373,65272,75099,75065,54191,59798,37399,48344,11666,22222,4387,4113,35506,34120,51040,45274,52340,50479,62956,62416,72831,72724,52869,58293,36553,47152,11299,21444,589350,561295,79140,76314,105629,101572,36579,36,36
2021-10-08T23:59:59+02:00,5387,5024,38542,37105,53815,48335,54722,53277,65362,65263,75087,75056,54189,59795,37397,48339,11665,22221,4380,4104,35492,34101,51028,45259,52335,50468,62947,62409,72825,72718,52867,58291,36551,47148,11299,21442,589211,561178,79140,76312,105629,101571,36567,36,36
2021-10-07T23:59:59+02:00,5319,4940,38366,36953,53689,48210,54610,53175,65264,65173,75019,75007,54170,59758,37373,48315,11658,22207,4229,3935,35116,33752,50780,44948,52136,50200,62751,62213,72656,72560,52800,58221,36524,47098,11286,21417,587900,558944,79110,75544,105628,101564,36534,36,36
2021-10-06T23:59:59+02:00,5283,4912,38321,36912,53657,48173,54566,53138,65214,65137,74992,74984,54151,59744,37366,48299,11652,22198,4209,3918,35075,33716,50758,44919,52115,50177,62722,62198,72631,72543,52778,58191,36505,47078,11279,21405,587421,558564,79105,75543,105626,101561,36513,36,36
2021-10-05T23:59:59+02:00,5251,4887,38240,36838,53592,48110,54516,53073,65151,65080,74948,74937,54113,59716,37347,48268,11642,22165,4178,3889,35008,33646,50711,44856,52080,50133,62669,62160,72591,72503,52746,58153,36475,47025,11271,21382,586670,557881,79086,75542,105626,101559,36458,36,36
2021-10-04T23:59:59+02:00,5188,4829,38024,36668,53420,47993,54401,52970,65082,65008,74882,74889,54083,59682,37332,48250,11633,22150,4066,3753,34705,33297,50465,44613,51895,49957,62508,62007,72476,72406,52689,58092,36420,46969,11259,21363,585577,555630,79075,75542,105625,101559,36173,36,36
2021-10-03T23:59:59+02:00,5177,4815,38002,36644,53387,47958,54376,52956,65065,64990,74871,74877,54076,59669,37327,48237,11633,22146,4050,3749,34653,33261,50415,44569,51857,49909,62466,61968,72436,72374,52672,58067,36408,46954,11257,21355,585330,555147,79073,75542,105622,101548,36147,36,36
2021-10-02T23:59:59+02:00,5175,4806,37998,36637,53380,47954,54373,52954,65062,64989,74867,74874,54076,59668,37327,48237,11633,22146,4049,3749,34651,33259,50407,44567,51853,49909,62464,61968,72435,72373,52672,58066,36408,46954,11257,21355,585294,555138,79073,75541,105622,101548,36133,36,36
2021-10-01T23:59:59+02:00,5167,4789,37953,36609,53347,47928,54350,52929,65031,64974,74840,74857,54066,59663,37324,48234,11630,22144,4045,3746,34632,33247,50389,44559,51839,49895,62451,61959,72418,72361,52663,58060,36405,46952,11255,21353,585051,555053,79071,75539,105620,101542,36059,36,36
2021-09-30T23:59:59+02:00,5076,4726,37745,36405,53179,47766,54207,52801,64926,64855,74770,74800,54051,59633,37313,48217,11627,22137,3968,3671,34489,33096,50296,44432,51763,49781,62367,61866,72351,72302,52651,58030,36397,46927,11252,21343,583525,554473,79053,74930,105617,101537,36006,35,36
2021-09-29T23:59:59+02:00,5053,4705,37711,36364,53132,47718,54169,52754,64894,64817,74740,74772,54034,59610,37302,48206,11623,22125,3952,3654,34462,33060,50269,44406,51741,49760,62346,61836,72329,72282,52642,58021,36392,46917,11250,21335,583064,554186,79041,74926,105617,101532,35974,35,36
2021-09-28T23:59:59+02:00,5030,4681,37650,36307,53092,47668,54134,52712,64850,64774,74695,74737,53996,59574,37283,48184,11615,22114,3938,3638,34406,33022,50237,44378,51715,49738,62320,61816,72292,72252,52613,57983,36370,46890,11247,21323,582506,553794,79039,74920,105617,101527,35901,35,36
2021-09-27T23:59:59+02:00,4955,4621,37454,36129,52908,47503,54013,52602,64747,64667,74597,74658,53967,59546,37271,48166,11613,22103,3805,3479,33983,32633,49930,44054,51486,49489,62123,61630,72164,72126,52572,57923,36349,46859,11245,21313,581451,551281,79018,74919,105617,101526,35401,35,36
2021-09-26T23:59:59+02:00,4952,4615,37432,36099,52880,47486,53999,52586,64732,64657,74585,74647,53960,59535,37270,48163,11613,22098,3796,3472,33968,32626,49918,44039,51480,49480,62110,61624,72156,72119,52568,57915,36348,46854,11243,21309,581277,551169,78998,74911,105616,101524,35385,35,36
2021-09-25T23:59:59+02:00,4949,4612,37426,36095,52877,47482,53995,52583,64730,64653,74581,74645,53959,59532,37269,48162,11613,22097,3796,3471,33965,32626,49917,44039,51480,49479,62110,61623,72154,72119,52568,57914,36348,46854,11243,21309,581234,551163,78996,74911,105616,101524,35381,35,36
2021-09-24T23:59:59+02:00,4946,4609,37408,36081,52856,47469,53974,52571,64711,64642,74568,74635,53952,59529,37266,48158,11613,22093,3792,3465,33955,32611,49902,44030,51460,49464,62097,61617,72136,72110,52561,57907,36342,46847,11243,21307,581118,551057,78996,74909,105613,101523,35321,35,36
2021-09-23T23:59:59+02:00,4816,4489,37003,35662,52503,47136,53683,52298,64469,64425,74384,74505,53890,59473,37237,48114,11604,22073,3759,3423,33770,32441,49682,43877,51291,49360,61946,61512,72020,72034,52525,57882,36318,46826,11241,21299,578788,550386,78953,74887,105613,101520,34377,35,36
2021-09-22T23:59:59+02:00,4787,4466,36961,35606,52436,47059,53616,52238,64402,64373,74325,74452,53861,59450,37229,48097,11602,22068,3742,3411,33734,32398,49639,43820,51232,49309,61891,61472,71973,72000,52507,57864,36312,46815,11239,21298,578350,550128,78946,74884,105610,101519,34089,35,36
2021-09-21T23:59:59+02:00,4771,4443,36904,35557,52369,46994,53571,52188,64336,64322,74267,74398,53818,59418,37215,48071,11597,22059,3721,3397,33702,32346,49605,43773,51193,49264,61845,61434,71934,71959,52476,57840,36301,46797,11238,21291,577796,549760,78937,74882,105608,101514,33924,35,36
2021-09-20T23:59:59+02:00,4667,4379,36569,35253,52045,46685,53335,51965,64124,64131,74108,74285,53753,59364,37194,48036,11590,22053,3516,3209,33192,31913,49227,43438,50908,48960,61590,61222,71767,71807,52420,57775,36278,46752,11231,21281,575950,547052,78932,74877,105607,101508,33014,35,35
2021-09-19T23:59:59+02:00,4654,4374,36556,35242,52034,46677,53321,51953,64112,64126,74099,74275,53750,59358,37191,48033,11589,22053,3506,3201,33171,31896,49223,43428,50900,48948,61576,61211,71755,71797,52414,57771,36277,46750,11231,21278,575844,546929,78925,74873,105606,101507,32989,35,35
2021-09-18T23:59:59+02:00,4654,4374,36554,35241,52032,46676,53321,51952,64112,64126,74098,74275,53750,59358,37191,48033,11589,22053,3505,3201,33168,31896,49219,43426,50900,48948,61576,61211,71754,71797,52414,57771,36277,46750,11231,21278,575842,546924,78925,74873,105606,101507,32983,35,35
2021-09-17T23:59:59+02:00,4647,4361,36538,35217,52010,46658,53310,51933,64095,64117,74083,74256,53741,59351,37188,48028,11588,22052,3504,3197,33158,31879,49207,43416,50896,48939,61572,61207,71746,71785,52407,57769,36277,46749,11231,21276,575678,546871,78925,74873,105606,101505,32931,35,35
2021-09-16T23:59:59+02:00,4496,4210,36168,34854,51754,46358,53098,51668,63911,63932,73925,74106,53686,59291,37172,47993,11583,22040,3436,3156,33030,31773,49125,43309,50817,48857,61511,61152,71695,71752,52392,57755,36268,46737,11230,21270,573235,546033,78468,74793,105605,101500,32904,35,35
2021-09-15T23:59:59+02:00,4453,4172,36100,34779,51710,46305,53032,51612,63861,63883,73885,74063,53668,59270,37162,47982,11582,22034,3393,3124,32976,31722,49075,43257,50760,48807,61464,61108,71665,71721,52384,57734,36258,46727,11230,21264,572862,545697,78381,74778,105605,101487,32672,35,35
2021-09-14T23:59:59+02:00,4412,4132,36037,34726,51660,46234,52990,51561,63815,63837,73840,74021,53643,59251,37147,47963,11580,22030,3347,3096,32910,31651,49030,43208,50726,48762,61410,61070,71629,71680,52361,57710,36249,46713,11229,21261,572318,545143,78311,74772,105605,101480,32612,35,35
2021-09-13T23:59:59+02:00,4262,3954,35669,34292,51386,45918,52774,51328,63605,63628,73705,73896,53588,59181,37109,47929,11579,22022,3057,2844,32442,31179,48796,42958,50544,48561,61263,60887,71487,71569,52308,57651,36233,46677,11223,21251,569725,542149,77883,74693,105604,101474,32579,35,35
2021-09-12T23:59:59+02:00,4253,3944,35646,34276,51371,45895,52756,51311,63591,63611,73696,73886,53585,59175,37104,47928,11579,22021,3040,2836,32416,31161,48781,42940,50534,48553,61252,60872,71471,71557,52301,57643,36227,46675,11220,21250,569575,541992,77867,74685,105593,101459,32559,35,34
2021-09-11T23:59:59+02:00,4250,3941,35642,34272,51370,45893,52750,51304,63589,63606,73694,73880,53581,59170,37104,47926,11579,22021,3037,2835,32407,31157,48778,42937,50530,48549,61249,60868,71468,71554,52299,57641,36227,46673,11220,21250,569548,541971,77867,74685,105593,101459,32530,35,34
2021-09-10T23:59:59+02:00,4249,3940,35529,34171,51174,45739,52558,51162,63412,63491,73561,73789,53543,59131,37084,47908,11577,22016,3027,2825,32281,31046,48578,42771,50332,48412,61059,60745,71335,71459,52257,57598,36205,46652,11217,21245,569489,541817,77865,74682,105592,101457,31054,35,34
2021-09-09T23:59:59+02:00,4221,3901,35449,34103,51117,45668,52497,51074,63354,63433,73521,73751,53520,59103,37070,47889,11575,22012,2994,2794,32187,30978,48533,42722,50280,48371,61018,60711,71294,71426,52238,57584,36197,46637,11216,21241,568878,541334,77830,74675,105573,101435,30943,35,34
2021-09-08T23:59:59+02:00,4196,3881,35415,34061,51092,45637,52479,51048,63320,63400,73500,73728,53513,59088,37063,47878,11575,22009,2976,2778,32128,30948,48495,42696,50252,48340,60982,60683,71278,71406,52225,57571,36187,46626,11213,21223,568529,540959,77830,74674,105573,101423,30917,35,34
2021-09-07T23:59:59+02:00,4183,3867,35375,34018,51060,45606,52455,51022,63295,63376,73465,73699,53501,59072,37047,47864,11573,22003,2954,2760,32081,30899,48460,42660,50212,48303,60958,60653,71246,71378,52212,57555,36178,46613,11210,21219,568156,540541,77829,74672,105573,101415,30889,35,34
2021-09-06T23:59:59+02:00,4007,3683,34895,33546,50684,45215,52189,50720,63068,63136,73307,73548,53438,58991,37028,47824,11570,21994,2913,2705,31874,30717,48257,42504,50069,48163,60844,60534,71151,71289,52166,57509,36162,46594,11205,21206,565345,539684,77829,74671,105573,101411,30062,35,34
2021-09-05T23:59:59+02:00,3999,3671,34876,33531,50681,45207,52177,50712,63056,63126,73292,73543,53433,58983,37022,47817,11568,21990,2905,2695,31854,30698,48238,42489,50056,48155,60833,60524,71141,71284,52160,57497,36160,46589,11204,21204,565209,539546,77828,74669,105573,101397,30040,35,34
2021-09-04T23:59:59+02:00,3999,3671,34875,33531,50680,45207,52176,50711,63056,63126,73292,73543,53433,58983,37022,47817,11568,21990,2905,2695,31853,30696,48238,42489,50054,48153,60833,60524,71140,71284,52160,57497,36160,46589,11204,21204,565207,539542,77828,74667,105573,101397,30038,35,34
2021-09-03T23:59:59+02:00,3951,3624,34711,33397,50526,45082,52065,50593,62907,63003,73167,73443,53393,58935,37001,47796,11564,21987,2828,2607,31578,30504,48035,42320,49882,47986,60627,60352,70995,71138,52106,57440,36135,46566,11202,21200,565067,539409,77229,73421,105562,101384,29253,35,34
2021-09-02T23:59:59+02:00,3925,3594,34651,33349,50491,45041,52032,50560,62867,62963,73128,73416,53373,58923,36992,47778,11564,21981,2812,2582,31508,30443,47985,42272,49841,47942,60572,60300,70954,71111,52088,57424,36125,46558,11201,21195,564653,539015,77207,73417,105562,101275,29172,35,34
2021-09-01T23:59:59+02:00,3909,3580,34623,33316,50468,45014,52013,50538,62847,62930,73100,73398,53364,58914,36988,47770,11564,21980,2784,2563,31458,30404,47952,42245,49811,47917,60540,60276,70931,71080,52069,57405,36115,46551,11201,21192,564386,538669,77203,73411,105561,101248,29132,35,34
2021-08-31T23:59:59+02:00,3882,3567,34583,33268,50442,44978,51985,50506,62819,62898,73070,73366,53343,58892,36980,47757,11561,21980,2775,2551,31398,30371,47925,42220,49789,47900,60512,60260,70916,71053,52055,57395,36112,46544,11198,21186,563994,538392,77203,73407,105560,101241,29086,35,34
2021-08-30T23:59:59+02:00,3656,3357,33995,32750,50018,44598,51635,50160,62529,62636,72864,73188,53260,58806,36949,47710,11558,21972,2717,2492,31114,30107,47626,41986,49563,47730,60329,60128,70762,70949,51987,57349,36093,46513,11195,21179,560991,537295,77203,73404,105559,101231,27855,34,34
2021-08-29T23:59:59+02:00,3650,3349,33973,32729,50002,44589,51619,50141,62518,62622,72854,73172,53252,58801,36947,47703,11558,21970,2711,2491,31093,30086,47604,41960,49542,47713,60312,60111,70750,70937,51984,57340,36090,46512,11195,21177,560846,537174,77201,73402,105558,101187,27811,34,34
2021-08-28T23:59:59+02:00,3650,3349,33970,32729,49997,44588,51618,50139,62517,62619,72852,73171,53251,58799,36947,47703,11558,21970,2711,2488,31084,30077,47599,41958,49539,47710,60309,60107,70747,70935,51983,57336,36090,46512,11195,21177,560838,537138,77201,73401,105558,101187,27797,34,34
2021-08-27T23:59:59+02:00,3646,3343,33961,32710,49994,44584,51608,50132,62510,62614,72835,73165,53247,58796,36946,47702,11557,21969,2703,2485,31066,30059,47591,41948,49531,47701,60302,60099,70735,70934,51981,57335,36089,46511,11194,21177,560763,537060,77201,73399,105558,101184,27764,34,34
2021-08-26T23:59:59+02:00,3621,3315,33920,32659,49967,44548,51567,50083,62464,62590,72803,73135,53237,58786,36939,47700,11556,21965,2629,2391,30769,29791,47373,41736,49356,47545,60186,59998,70650,70863,51947,57302,36072,46487,11192,21173,560413,535236,77174,73393,105557,101119,27678,34,34
2021-08-25T23:59:59+02:00,3580,3291,33869,32614,49941,44502,51531,50054,62425,62555,72767,73111,53228,58768,36934,47685,11555,21964,2366,2170,30012,29089,46929,41323,49029,47253,59962,59773,70475,70712,51880,57226,36050,46452,11183,21165,559981,530900,77174,73390,105557,101096,27629,34,34
2021-08-24T23:59:59+02:00,3540,3268,33810,32555,49910,44460,51503,50006,62380,62506,72724,73064,53207,58743,36921,47672,11553,21956,2289,2106,29778,28867,46797,41191,48921,47146,59870,59679,70390,70613,51834,57179,36030,46440,11179,21162,559490,529462,77171,73384,105555,101062,27529,34,34
2021-08-23T23:59:59+02:00,3235,3001,33171,31933,49484,44062,51161,49700,62053,62210,72431,72832,53110,58654,36882,47609,11542,21947,2229,2053,29357,28473,46411,40894,48679,46934,59599,59470,70166,70466,51758,57108,36006,46397,11173,21156,556417,528010,77167,73381,105553,101057,25847,34,34
2021-08-22T23:59:59+02:00,3224,2993,33160,31927,49474,44052,51153,49694,62048,62203,72426,72830,53106,58651,36880,47607,11542,21946,2225,2050,29332,28455,46392,40885,48670,46924,59588,59462,70159,70462,51749,57104,36003,46394,11173,21156,556351,527910,77163,73374,105548,101043,25822,33,34
2021-08-21T23:59:59+02:00,3222,2993,33155,31925,49472,44051,51152,49691,62045,62202,72425,72829,53106,58651,36880,47607,11542,21946,2224,2048,29319,28443,46387,40881,48664,46920,59584,59462,70159,70461,51748,57104,36003,46394,11173,21156,556336,527871,77163,73367,105548,101043,25815,33,34
2021-08-20T23:59:59+02:00,3206,2982,33031,31831,49280,43914,50979,49582,61864,62073,72279,72747,53058,58609,36865,47589,11539,21942,2197,2034,28778,27944,45908,40511,48383,46710,59327,59278,69955,70336,51663,57046,35973,46366,11169,21149,556109,526172,77163,73192,105548,100811,24518,33,34
2021-08-19T23:59:59+02:00,3179,2959,32979,31791,49246,43878,50931,49543,61819,62035,72230,72708,53032,58589,36858,47574,11535,21935,2109,1952,27836,27090,45124,39910,47958,46350,58992,59004,69679,70115,51563,56957,35931,46318,11164,21144,555693,521800,77128,72218,105543,100719,24425,33,34
2021-08-18T23:59:59+02:00,3158,2940,32929,31747,49212,43843,50892,49507,61775,61999,72184,72681,53003,58572,36844,47560,11534,21930,2010,1855,26543,25791,44198,39038,47252,45610,58311,58421,69193,69659,51375,56737,35854,46225,11152,21127,555261,516273,77107,69010,105540,100664,24370,33,34
2021-08-17T23:59:59+02:00,3134,2917,32860,31683,49166,43775,50849,49472,61728,61953,72148,72640,52980,58548,36831,47548,11531,21925,1881,1745,25256,24400,43322,38348,46651,45129,57777,57979,68760,69333,51240,56553,35778,46146,11136,21113,554711,510656,77102,66925,105539,100628,24304,33,34
2021-08-16T23:59:59+02:00,3122,2896,32843,31664,49143,43752,50840,49454,61708,61935,72126,72625,52970,58540,36829,47537,11529,21921,1789,1660,23819,23010,42420,37505,46372,44835,57551,57717,68552,69174,51167,56467,35747,46102,11134,21099,554481,504294,77099,66892,105537,100615,24285,33,34
2021-08-15T23:59:59+02:00,3114,2884,32829,31646,49132,43746,50830,49444,61692,61919,72111,72613,52966,58531,36826,47537,11529,21921,1505,1403,21391,20559,41666,36963,46005,44461,57220,57418,68266,68917,51055,56365,35710,46046,11131,21089,554345,495556,77098,66713,105527,100599,24268,33,34
2021-08-14T23:59:59+02:00,3114,2883,32824,31644,49127,43744,50827,49442,61687,61916,72107,72607,52966,58531,36825,47537,11529,21921,1503,1395,21365,20532,41628,36931,45988,44446,57206,57406,68253,68906,51053,56362,35709,46045,11131,21088,554338,495364,77096,66712,105527,100599,24238,33,34
2021-08-13T23:59:59+02:00,3100,2866,32781,31615,49103,43731,50805,49425,61654,61885,72085,72588,52960,58524,36822,47532,11528,21918,1478,1370,21245,20445,41539,36833,45926,44394,57158,57366,68212,68874,51036,56350,35700,46037,11130,21086,554181,494770,77095,66709,105526,100578,24088,33,34
2021-08-12T23:59:59+02:00,3082,2836,32734,31566,49071,43689,50768,49396,61600,61858,72049,72553,52945,58505,36805,47523,11527,21915,1393,1310,20773,20133,40587,36021,45557,44064,56940,57187,68035,68710,50963,56266,35670,45993,11125,21079,553773,490531,77091,66705,105523,100533,24003,33,34
2021-08-11T23:59:59+02:00,3040,2805,32678,31521,49037,43655,50743,49372,61573,61827,72021,72525,52923,58479,36793,47514,11526,21908,1169,1130,19877,19250,39259,34832,44952,43485,56579,56859,67742,68436,50841,56128,35632,45934,11123,21066,553357,483106,77085,66700,105523,100511,23943,33,34
2021-08-10T23:59:59+02:00,3024,2786,32625,31476,49006,43625,50714,49339,61553,61786,71983,72480,52901,58463,36782,47491,11525,21903,923,886,18849,18285,37160,32964,44065,42608,56124,56459,67351,68089,50691,55975,35571,45838,11118,21046,552899,472853,77084,66698,105522,100492,23925,33,34
2021-08-09T23:59:59+02:00,3009,2779,32596,31452,48980,43605,50686,49321,61533,61769,71963,72459,52891,58454,36777,47481,11523,21902,493,475,17426,16873,34175,30545,43399,41975,55716,56096,67018,67762,50547,55826,35520,45789,11113,21028,552650,460669,77082,66694,105517,100480,23899,33,34
2021-08-08T23:59:59+02:00,3006,2779,32582,31439,48969,43598,50681,49315,61522,61761,71959,72458,52890,58451,36777,47478,11523,21901,490,472,17398,16843,34154,30530,43362,41945,55702,56083,67009,67757,50542,55821,35519,45786,11112,21027,552587,460485,77082,66688,105504,100461,23884,33,34
2021-08-07T23:59:59+02:00,3005,2774,32574,31428,48967,43590,50675,49314,61519,61758,71952,72456,52889,58449,36776,47478,11523,21901,487,468,17366,16810,34128,30510,43326,41914,55680,56065,66998,67750,50537,55819,35517,45786,11112,21026,552537,460247,77082,66685,105504,100460,23873,33,34
2021-08-06T23:59:59+02:00,2916,2682,32226,31200,48708,43396,50417,49084,61232,61554,71677,72290,52757,58346,36722,47426,11520,21892,479,466,17157,16666,33416,30027,42855,41545,55339,55839,66688,67574,50407,55725,35468,45750,11109,21019,552465,458565,75971,66395,105500,100458,22077,33,34
2021-08-05T23:59:59+02:00,2870,2643,32067,31081,48615,43308,50336,49029,61179,61509,71624,72249,52732,58327,36713,47409,11518,21890,451,433,16924,16414,31556,28592,41810,40590,55064,55493,66475,67401,50344,55648,35445,45711,11102,21010,551583,451749,75968,66321,105490,100333,22026,33,34
2021-08-04T23:59:59+02:00,2795,2567,31804,30889,48427,43172,50186,48918,61101,61432,71561,72193,52702,58287,36700,47394,11515,21885,425,410,16641,16166,31210,28368,40619,39515,54675,55161,66298,67249,50281,55566,35415,45683,11099,21003,550284,447429,75967,66302,105488,100260,21760,30,33
2021-08-03T23:59:59+02:00,2608,2386,31289,30423,48177,42924,50010,48726,60940,61261,71415,72046,52648,58215,36678,47365,11505,21871,375,346,16203,15718,30621,27842,38885,37897,53983,54515,65964,66937,50185,55437,35368,45631,11094,20993,547333,439750,75965,66295,105485,100241,21675,30,33
2021-08-02T23:59:59+02:00,2497,2291,30975,30138,47976,42741,49857,48598,60833,61155,71327,71964,52615,58183,36656,47346,11504,21868,333,313,15898,15447,30285,27488,36742,36072,53424,54000,65756,66762,50113,55352,35346,45603,11092,20989,545393,432902,75962,66290,105480,100130,21660,30,33
2021-08-01T23:59:59+02:00,2493,2288,30963,30129,47957,42728,49845,48590,60820,61145,71317,71958,52610,58174,36652,47346,11504,21868,320,303,15773,15322,30148,27372,34441,34218,53127,53747,65663,66693,50072,55312,35339,45584,11091,20987,545331,427455,75960,66285,105433,100105,21634,30,33
2021-07-31T23:59:59+02:00,2493,2288,30958,30125,47955,42726,49843,48590,60819,61145,71317,71956,52607,58171,36652,47346,11504,21867,319,303,15759,15310,30113,27345,34429,34211,53109,53739,65651,66688,50068,55307,35339,45583,11090,20986,545312,427302,75960,66284,105432,100101,21629,30,33
2021-07-30T23:59:59+02:00,2479,2283,30911,30079,47923,42705,49820,48566,60785,61116,71282,71938,52598,58160,36652,47346,11504,21865,317,298,15597,15007,29846,27031,34248,33963,52908,53445,65485,66485,50022,55261,35329,45571,11090,20984,545140,426929,75954,66274,105429,98191,21460,30,33
2021-07-29T23:59:59+02:00,2447,2263,30754,29985,47839,42644,49768,48500,60723,61075,71235,71892,52578,58141,36644,47330,11501,21860,294,276,15279,14725,29530,26811,32961,33015,52123,52832,65129,66217,49923,55168,35286,45514,11085,20976,544470,424216,75947,63534,105418,98046,21315,30,33
2021-07-28T23:59:59+02:00,2400,2226,30601,29876,47756,42576,49695,48428,60650,60997,71168,71835,52554,58103,36626,47311,11500,21855,264,256,14874,14348,29089,26496,32590,32684,51413,52219,64737,65890,49828,55065,35252,45457,11069,20957,543522,420065,75943,63479,105412,97660,21251,30,33
2021-07-27T23:59:59+02:00,2322,2153,30361,29609,47605,42397,49550,48290,60539,60873,71068,71747,52496,58043,36598,47272,11492,21848,188,166,14229,13693,28324,25867,31839,32030,50161,51123,64004,65323,49640,54858,35184,45342,11062,20937,541693,411720,75933,63453,105406,97562,21202,30,33
2021-07-26T23:59:59+02:00,2261,2098,30158,29378,47487,42268,49475,48206,60474,60808,71017,71701,52470,58011,36586,47259,11490,21839,151,139,13866,13318,27965,25576,31223,31616,48604,49749,63027,64496,49435,54652,35116,45261,11052,20924,540458,403993,75930,63447,105402,97530,21167,30,33
2021-07-25T23:59:59+02:00,2015,1896,29338,28703,47093,41951,49189,47919,60240,60583,70833,71543,52414,57936,36559,47217,11489,21831,148,137,13773,13257,27868,25511,31139,31548,48484,49685,62940,64445,49413,54634,35109,45252,11052,20923,536272,403354,75930,63439,105395,97369,21123,30,33
2021-07-24T23:59:59+02:00,1934,1828,29081,28472,46943,41845,49072,47818,60082,60465,70704,71463,52365,57906,36541,47197,11487,21831,147,131,13639,13140,27668,25375,30977,31418,48270,49516,62776,64351,49369,54604,35094,45235,11050,20921,535576,402736,75927,63436,105394,97368,20108,30,33
2021-07-23T23:59:59+02:00,1819,1708,28751,28146,46699,41690,48818,47605,59832,60279,70501,71336,52291,57835,36522,47161,11483,21822,137,123,13386,12906,27236,25057,30594,31110,47669,49029,62447,64112,49286,54538,35072,45192,11045,20912,534573,400310,75552,63382,105383,97365,18761,30,33
2021-07-22T23:59:59+02:00,1807,1701,28670,28066,46558,41550,48603,47393,59654,60135,70382,71207,52248,57798,36506,47144,11483,21822,119,118,13157,12643,26899,24724,30240,30790,45740,47466,61641,63411,49190,54436,35034,45148,11042,20902,534256,393598,74403,63231,105339,97138,18700,30,33
2021-07-21T23:59:59+02:00,1773,1659,28408,27859,46171,41213,48011,46837,59069,59655,69927,70818,52077,57638,36448,47088,11474,21809,104,108,12733,12194,26317,24181,29666,30222,42005,44221,60154,62138,49022,54255,34970,45066,11032,20875,533700,381939,71132,62713,105185,96690,17888,30,33
2021-07-20T23:59:59+02:00,1750,1644,28288,27723,46107,41157,47963,46798,59013,59607,69873,70772,52043,57610,36431,47063,11469,21802,88,81,12233,11659,25579,23491,29011,29471,38552,41228,58607,60674,48818,54032,34888,44973,11014,20855,533012,371526,71110,59333,105168,96568,17794,30,33
2021-07-19T23:59:59+02:00,1745,1643,28261,27685,46085,41145,47949,46786,59000,59591,69861,70770,52041,57606,36431,47059,11467,21802,87,79,12185,11626,25512,23456,28976,29437,38507,41195,58566,60647,48814,54024,34887,44970,11011,20854,532869,371199,71109,59317,105151,96515,17769,30,33
2021-07-18T23:59:59+02:00,1741,1636,28236,27660,46061,41135,47937,46777,58994,59583,69854,70762,52039,57605,36430,47058,11467,21801,87,78,12122,11600,25427,23414,28916,29404,38446,41169,58506,60606,48812,54020,34884,44969,11011,20854,532748,370861,71107,59286,105143,96396,17749,30,33
2021-07-17T23:59:59+02:00,1741,1634,28213,27646,46047,41123,47926,46772,58986,59577,69847,70758,52035,57601,36429,47058,11467,21801,85,76,12094,11586,25393,23378,28883,29385,38424,41151,58470,60582,48802,54012,34882,44969,11011,20854,532665,370611,71106,59282,105142,96392,17719,30,33
2021-07-16T23:59:59+02:00,1726,1613,27948,27453,45758,40957,47695,46602,58685,59375,69614,70617,51929,57530,36385,47022,11462,21799,85,73,11843,11391,25059,23137,28578,29155,38023,40876,57961,60159,48665,53899,34830,44919,11005,20850,532350,369405,71105,59278,105010,96116,15676,30,33
2021-07-15T23:59:59+02:00,1628,1500,27484,27068,45497,40723,47549,46489,58545,59262,69511,70531,51888,57488,36370,46999,11461,21792,77,66,11543,11160,24578,22799,28212,28885,37632,40595,55911,58111,48494,53697,34771,44835,10997,20839,530029,362457,71103,59185,105002,95905,15622,30,33
2021-07-14T23:59:59+02:00,1461,1368,26918,26530,45193,40433,47344,46304,58360,59065,69350,70385,51826,57429,36345,46969,11455,21787,70,58,11350,10966,24170,22442,27859,28566,37109,40193,54690,56930,48356,53546,34720,44771,10989,20817,526853,358735,71097,57515,104983,95759,15560,30,33
2021-07-13T23:59:59+02:00,1174,1063,25966,25635,44700,40022,46985,45983,58037,58780,69077,70139,51715,57303,36302,46914,11451,21772,58,43,11006,10624,23639,21889,27236,27978,35728,39003,50553,53021,47992,53158,34589,44622,10972,20788,521464,349447,71091,52308,104980,95657,15454,30,33
2021-07-12T23:59:59+02:00,710,666,24592,24382,44140,39537,46785,45768,57824,58586,68894,69967,51653,57212,36285,46888,11449,21764,50,40,10768,10515,23436,21750,26982,27842,35477,38833,50111,52599,47917,53072,34558,44587,10972,20782,515581,347974,71090,52280,104974,94575,15429,29,33
2021-07-11T23:59:59+02:00,707,661,24573,24361,44108,39518,46767,45755,57810,58573,68880,69964,51651,57209,36282,46884,11448,21764,48,40,10673,10426,23214,21624,26715,27743,35166,38751,49396,52112,46432,51481,34468,44479,10972,20780,515493,347459,71086,52232,104959,89447,15349,29,33
2021-07-10T23:59:59+02:00,705,656,24565,24355,44103,39509,46764,45753,57804,58572,68880,69963,51651,57209,36282,46884,11448,21764,45,39,10660,10415,23192,21603,26701,27732,35144,38746,49382,52107,46418,51465,34466,44478,10972,20780,515458,347350,71085,52231,104957,89392,15339,29,33
2021-07-09T23:59:59+02:00,698,646,24114,23895,43824,39269,46698,45693,57744,58531,68828,69938,51634,57196,36279,46876,11447,21763,45,39,10579,10244,23096,21414,26640,27522,35076,38529,49316,52003,46396,51440,34462,44475,10972,20780,513696,346112,71081,52218,104951,89348,15317,29,33
2021-07-08T23:59:59+02:00,632,580,23027,22893,43028,38671,46448,45491,57537,58388,68631,69799,51556,57130,36251,46853,11445,21755,40,34,10320,10054,22719,21159,26244,27256,34595,38214,48706,51479,46058,51073,34392,44397,10965,20758,509027,342523,71054,52065,104893,88729,15113,29,33
2021-07-07T23:59:59+02:00,580,534,21706,21505,42290,37985,46223,45269,57297,58196,68465,69639,51472,57047,36214,46799,11437,21741,33,30,9947,9746,21845,20566,25133,26463,32758,36844,47785,50592,45558,50535,34285,44257,10956,20740,503649,337581,70881,47682,104872,87809,14969,29,32
2021-07-06T23:59:59+02:00,523,471,20472,20225,41436,37342,45746,44917,56901,57890,68137,69381,51374,56921,36170,46748,11429,21732,25,25,9554,9366,20978,19970,24167,25804,31272,35649,46583,49389,44777,49750,34149,44082,10943,20720,499168,330235,68946,45581,104852,86534,14821,29,32
2021-07-05T23:59:59+02:00,486,443,19060,18851,40571,36539,45529,44690,56717,57687,67976,69254,51318,56865,36149,46719,11427,21725,23,21,9263,9110,20421,19585,23498,25381,30632,35221,45825,48771,44022,48959,34019,43893,10934,20708,493442,324446,68944,45559,104845,85501,14748,28,32
2021-07-04T23:59:59+02:00,479,437,17270,16850,40231,36311,45441,44616,56631,57618,67897,69186,51286,56839,36139,46698,11425,21723,23,21,9201,9058,20281,19522,23326,25303,30373,35143,45031,48642,42659,47606,33940,43819,10932,20702,488621,323985,68918,45514,104830,81371,14680,28,32
2021-07-03T23:59:59+02:00,479,435,17248,16819,40182,36264,45422,44599,56626,57613,67890,69179,51284,56836,36139,46698,11425,21722,22,21,9157,9014,20213,19453,23264,25237,30290,35063,44810,48466,42590,47530,33895,43760,10929,20702,488425,323019,68916,45513,104829,81190,14662,28,32
2021-07-02T23:59:59+02:00,459,412,17131,16709,39717,35881,45306,44499,56572,57572,67842,69148,51272,56831,36133,46686,11425,21721,22,19,8995,8842,19888,19170,22872,24858,29872,34647,44185,47820,42387,47301,33796,43624,10923,20698,486916,320008,68898,44479,104827,80753,14647,28,32
2021-07-01T23:59:59+02:00,407,372,16823,16425,37982,34550,44732,44000,56311,57362,67668,68979,51192,56740,36105,46648,11421,21713,17,14,8618,8443,19025,18458,21903,24003,28487,33456,41153,44846,41390,46219,33181,42898,10906,20669,481433,312502,68824,39597,104805,77215,14340,28,32
2021-06-30T23:59:59+02:00,359,327,16534,16178,35798,32728,44109,43370,56087,57167,67464,68787,51111,56648,36076,46594,11417,21697,16,13,8258,8109,18350,17830,21013,23170,27206,32189,36507,39972,40309,45072,32519,42109,10885,20642,474595,301990,68779,33567,104785,74316,14264,28,32
2021-06-29T23:59:59+02:00,319,290,16308,15977,34804,31645,43657,42925,55906,57004,67292,68638,51035,56575,36037,46550,11409,21690,14,10,7674,7502,17220,16901,19755,21953,25504,30509,33762,36842,37455,42022,31775,41216,10862,20604,470392,285772,68771,33517,104771,68161,14099,28,31
2021-06-28T23:59:59+02:00,310,269,16157,15817,33093,30238,43336,42631,55741,56863,67176,68530,50989,56523,36019,46529,11406,21678,13,8,7370,7245,16663,16524,19362,21638,24996,30121,33174,36341,36077,40531,30986,40281,10858,20593,465977,282723,68746,33464,104749,62758,13805,28,31
2021-06-27T23:59:59+02:00,310,269,16136,15791,32942,30151,43273,42604,55706,56854,67150,68522,50985,56519,36016,46528,11406,21677,12,8,7326,7216,16527,16457,19198,21576,24796,30047,32947,36201,34819,39257,29359,38358,10857,20592,465658,282552,68742,33425,104744,55878,13667,28,31
2021-06-26T23:59:59+02:00,308,267,16112,15763,32919,30133,43227,42560,55681,56838,67144,68519,50984,56517,36013,46527,11406,21677,11,8,7322,7203,16508,16446,19182,21565,24763,30024,32927,36181,34805,39243,29357,38355,10857,20592,465419,282354,68738,33425,104744,55873,13666,28,31
2021-06-25T23:59:59+02:00,301,265,16051,15712,32797,30032,43034,42400,55624,56792,67102,68495,50974,56506,36009,46526,11406,21677,11,8,7134,6925,16223,15938,18913,20909,24392,29091,32539,35458,34644,39025,29334,38324,10857,20592,464571,279664,68734,33414,104727,53565,13643,28,31
2021-06-24T23:59:59+02:00,280,252,15777,15506,32341,29741,41565,41156,55159,56436,66869,68334,50919,56450,35993,46498,11401,21667,10,8,6812,6691,15523,15491,17461,19887,22310,27531,31438,34561,34238,38598,29210,38142,10845,20577,459999,269941,68729,33361,104723,53135,12865,28,31
2021-06-23T23:59:59+02:00,264,235,15495,15212,31835,29341,39462,39334,54615,55892,66619,68114,50830,56341,35953,46452,11396,21654,9,6,6606,6525,15159,15214,16935,19438,21425,26729,29736,33195,33480,37743,29018,37901,10838,20562,452931,262110,68678,33269,104718,52420,12689,28,31
2021-06-22T23:59:59+02:00,242,200,15114,14818,31171,28709,36025,36286,53702,55089,66317,67809,50723,56219,35914,46395,11392,21640,6,5,6426,6312,14756,14885,16130,18717,20006,25414,28129,31540,32679,36767,28478,37295,10820,20530,441996,251989,68646,33184,104711,51307,12384,28,31
2021-06-21T23:59:59+02:00,227,194,14870,14640,30484,28245,33864,34320,53237,54663,66138,67691,50642,56145,35888,46373,11387,21635,6,5,6329,6228,14595,14765,15959,18579,19885,25301,28020,31452,32523,36627,27268,36060,10820,20527,435162,251301,68624,33135,104680,48333,12149,28,31
2021-06-20T23:59:59+02:00,220,193,14746,14551,28586,26905,33254,33871,53148,54568,66070,67655,50619,56117,35880,46369,11386,21633,6,5,5873,5929,13650,14125,15126,17986,19328,24943,27703,31250,32356,36446,27242,36029,10818,20523,430784,246283,68620,33100,104677,48261,11663,27,31
2021-06-19T23:59:59+02:00,214,188,14721,14518,28469,26820,33225,33844,53126,54552,66054,67644,50613,56108,35878,46364,11385,21631,6,5,5660,5769,13090,13718,14518,17507,18999,24741,27508,31079,32277,36346,27225,36015,10818,20523,430374,242761,68618,33096,104677,48258,11658,27,31
2021-06-18T23:59:59+02:00,212,179,14631,14434,28362,26751,31974,32941,52759,54245,65920,67550,50582,56074,35860,46338,11381,21627,6,4,5593,5691,12989,13633,14353,17381,18763,24512,26688,30412,32070,36109,27159,35939,10814,20516,429866,239809,65653,32982,104667,48203,11607,27,31
2021-06-17T23:59:59+02:00,198,163,14254,14169,27772,26498,31486,32681,51971,53678,65495,67284,50501,55973,35826,46297,11375,21614,5,4,5213,5433,12205,13158,13564,16770,17672,23583,24528,28449,31428,35372,26960,35662,10797,20501,426658,230786,65647,32705,104643,47521,10261,26,31
2021-06-16T23:59:59+02:00,169,135,13826,13763,27309,26142,31042,32325,51159,52976,65040,66895,50382,55853,35797,46240,11364,21602,5,4,4846,4996,11488,12490,12771,16075,16568,22460,21556,25583,30356,34164,26662,35258,10782,20460,421795,216732,65601,32676,104636,47124,9961,26,31
2021-06-15T23:59:59+02:00,106,82,13194,13137,26564,25565,30263,31731,49907,51911,64328,66370,50204,55656,35730,46128,11355,21583,5,4,4349,4369,10523,11554,11615,14696,14839,20757,18125,22276,28982,32726,26275,34736,10757,20416,414085,198109,65581,32558,104631,46815,9491,26,31
2021-06-14T23:59:59+02:00,76,61,12788,12763,26152,25240,29602,31266,48115,50442,63277,65537,49988,55430,35653,46052,11347,21571,5,4,4248,4313,10347,11421,11474,14564,14662,20634,17932,22116,28909,32645,26257,34708,10753,20413,406213,197664,65571,32286,104631,46505,8919,26,31
2021-06-13T23:59:59+02:00,75,60,12744,12720,26081,25204,29539,31240,48062,50417,63242,65513,49982,55427,35651,46048,11346,21568,5,4,4092,4234,10019,11291,11151,14453,14365,20521,17531,21772,27395,31001,26117,34513,10749,20402,406011,196915,65495,27610,104624,46296,8763,26,31
2021-06-12T23:59:59+02:00,75,59,12726,12703,26065,25194,29527,31228,48002,50346,63200,65478,49981,55424,35651,46048,11346,21568,5,4,4089,4225,10004,11274,11142,14438,14346,20504,17509,21763,27354,30956,26112,34508,10749,20402,405715,196727,65495,27608,104622,46255,8763,26,31
2021-06-11T23:59:59+02:00,73,56,12625,12576,25939,25079,29404,31102,47764,50119,63068,65359,49957,55398,35640,46037,11344,21566,5,4,3996,3953,9486,10085,10713,13528,14058,19946,17236,21286,26945,30532,26021,34426,10746,20400,404439,195682,65485,27603,104582,41476,8574,26,31
2021-06-10T23:59:59+02:00,65,49,12382,12356,25616,24794,29058,30833,46689,49103,62333,64789,49872,55302,35606,45985,11334,21553,5,3,3725,3588,8718,8840,9820,11886,12755,17186,15445,17680,25222,28610,25725,34119,10740,20376,399548,190153,65428,27164,104380,28759,8337,26,30
2021-06-09T23:59:59+02:00,51,37,12088,12032,25207,24388,28660,30440,44676,47279,61243,63851,49767,55178,35560,45931,11329,21535,5,3,3475,3464,8293,8588,9307,11566,12238,16794,14732,17080,21384,24287,25498,33817,10728,20350,391561,178559,65301,26815,104378,28220,7986,26,29
2021-06-08T23:59:59+02:00,45,26,11656,11492,24537,23764,28002,29775,41504,44435,59466,62216,49596,54986,35486,45840,11319,21513,5,3,3265,3328,7892,8332,8689,11193,11575,16376,14074,16433,16001,18326,25107,33292,10710,20320,378876,163350,65238,26482,104368,27914,7150,26,25
2021-06-07T23:59:59+02:00,40,19,11493,11296,24186,23487,27718,29567,38877,42507,59039,61854,49562,54955,35474,45819,11317,21507,5,3,3170,3257,7586,8160,8370,11016,11001,15923,13569,15954,15924,18246,25076,33241,10708,20313,373214,163029,64811,24657,104359,27504,6307,26,25
2021-06-06T23:59:59+02:00,37,18,11357,11192,23863,23256,27506,29395,37282,41323,58914,61776,49538,54926,35466,45805,11317,21505,5,3,3070,3206,7311,8071,8103,10847,10261,15241,12969,15332,15772,18134,25062,33218,10706,20313,372807,162913,61433,21491,104348,27334,5862,26,24
2021-06-05T23:59:59+02:00,35,17,11339,11172,23819,23216,27471,29368,37254,41309,58814,61691,49527,54919,35464,45803,11317,21502,5,3,3058,3194,7287,8037,8072,10829,10230,15226,12924,15308,15649,17969,25057,33210,10705,20312,372463,162473,61430,21490,104348,27318,5770,26,24
2021-06-04T23:59:59+02:00,35,15,11157,10913,23460,22751,27193,28973,36826,40861,58194,61151,49493,54878,35454,45785,11315,21496,5,2,3034,3179,7258,8019,8049,10812,10199,15202,12890,15274,15437,17761,25046,33189,10703,20311,370665,161885,59161,21477,104334,27220,5764,26,24
2021-06-03T23:59:59+02:00,33,14,10938,10695,22998,22361,26767,28639,35727,40034,55432,58802,49364,54719,35411,45721,11310,21481,5,2,2942,3100,7049,7864,7592,10515,9168,14570,11639,14568,14253,16289,24867,32971,10691,20292,366714,158520,54239,17744,104283,26906,5184,26,23
2021-06-02T23:59:59+02:00,33,14,10900,10658,22961,22328,26733,28613,35694,39993,55304,58644,49350,54694,35405,45714,11310,21480,5,2,2900,3070,6993,7843,7530,10481,9012,14529,11413,14504,12895,14802,24749,32798,10687,20285,366117,154688,54233,17733,104282,26884,5170,26,23
2021-06-01T23:59:59+02:00,20,7,10484,10309,22304,21817,26048,28033,34973,39413,52303,55495,48961,54286,35286,45551,11294,21454,5,2,2444,2712,5640,7163,6257,9906,7613,13858,10279,13542,8582,9232,24269,32117,10664,20232,355355,136485,54050,17363,104263,26302,4344,26,23
2021-05-31T23:59:59+02:00,19,6,10205,10079,21728,21423,25640,27785,34650,39209,50852,54097,48862,54162,35252,45511,11287,21446,5,2,2333,2593,5350,6921,5993,9686,7248,13617,10022,13381,8531,9170,24243,32068,10656,20219,350616,135710,54006,17242,104239,25737,3326,26,23
2021-05-30T23:59:59+02:00,18,6,10148,10030,21635,21383,25575,27751,34538,39139,50486,53755,48836,54137,35246,45505,11285,21443,5,2,2296,2563,5245,6843,5893,9618,7060,13529,9795,13284,8487,9122,24227,32061,10655,20214,349427,135115,53985,17068,104221,25436,3257,26,23
2021-05-29T23:59:59+02:00,17,6,10134,10018,21602,21364,25558,27738,34517,39126,50473,53737,48832,54133,35243,45504,11285,21443,5,2,2276,2511,5202,6716,5833,9488,6944,13331,9656,13062,8416,9030,24160,31994,10654,20213,349271,134834,53985,17016,104200,24372,3248,26,23
2021-05-28T23:59:59+02:00,17,6,10074,9948,21526,21252,25477,27617,34439,39026,50393,53639,48810,54115,35234,45496,11285,21439,5,2,2194,2245,4589,6181,5212,8770,6576,12368,9161,12067,8238,8831,23788,31512,10653,20210,348414,133332,53972,16919,104141,19088,3241,25,22
2021-05-27T23:59:59+02:00,16,6,9807,9701,20999,20876,24933,27256,33915,38648,49780,53029,48639,53924,35165,45422,11281,21419,3,2,1953,1979,4012,5662,4536,8168,6066,11598,8214,10742,7732,8170,22223,29359,10637,20188,344129,127662,53561,15786,104036,14709,3065,25,22
2021-05-26T23:59:59+02:00,16,6,9531,9453,20280,20311,24060,26584,32652,37622,49016,52323,48385,53635,35089,45311,11269,21395,3,1,1896,1907,3915,5535,4404,8004,5858,11337,7888,10358,7169,7444,19780,25925,10617,20144,339410,119158,50590,15533,103983,14543,2930,25,21
2021-05-25T23:59:59+02:00,15,6,9267,9217,19868,19955,23621,26192,32141,37104,48122,51344,48087,53316,35001,45169,11257,21365,3,1,1830,1857,3797,5436,4266,7856,5650,11113,7574,10036,6543,6602,15637,20530,10597,20086,333815,106921,50508,15490,103911,14194,2788,25,21
2021-05-24T23:59:59+02:00,14,6,9051,9058,19299,19663,22848,25804,30632,36090,47897,51173,47995,53216,34972,45139,11255,21364,3,1,1804,1839,3751,5404,4201,7814,5584,11053,7498,9979,6517,6577,15623,20521,10597,20086,332231,106800,46714,15476,103851,13901,2655,25,20
2021-05-23T23:59:59+02:00,14,6,8844,8851,18944,19373,22425,25456,30209,35769,47306,50660,47562,52761,34869,44993,11247,21355,3,1,1802,1838,3741,5400,4196,7808,5573,11045,7487,9970,6512,6566,15623,20519,10597,20086,327406,106739,46712,15474,103849,13882,2652,25,20
2021-05-22T23:59:59+02:00,14,6,8813,8814,18893,19330,22378,25424,30156,35738,47199,50590,47543,52738,34866,44984,11244,21355,3,1,1801,1834,3729,5388,4192,7802,5568,11039,7480,9966,6509,6564,15620,20518,10597,20086,326861,106703,46712,15474,103848,13861,2639,25,20
2021-05-21T23:59:59+02:00,13,6,8538,8459,18453,18817,22016,24779,29728,34929,46712,49923,47454,52613,34828,44941,11241,21350,3,1,1736,1793,3652,5349,4147,7766,5535,10992,7438,9918,6479,6538,15542,20421,10596,20085,321654,106385,46681,15473,103824,13497,2616,25,20
2021-05-20T23:59:59+02:00,12,6,7965,7915,17511,18024,21009,23864,28407,33727,44965,48098,47014,52151,34720,44785,11223,21331,3,1,1436,1630,3344,5062,3881,7379,5236,10514,7057,9464,6244,6280,14222,18875,10572,20046,310050,102616,46593,14989,103595,11157,2464,25,20
2021-05-19T23:59:59+02:00,12,6,7700,7601,16907,17423,20106,22986,27175,32466,43169,46009,46483,51595,34570,44562,11202,21299,3,1,1371,1544,3145,4848,3674,7127,5010,10162,6762,9134,5960,5946,12004,16014,10554,19985,298898,96361,46552,14513,103549,10104,2247,25,19
2021-05-18T23:59:59+02:00,11,6,7174,7063,15754,16401,18835,21738,25668,30836,40479,42776,45653,50648,34334,44258,11177,21257,3,1,1348,1518,3085,4777,3599,7006,4875,10030,6581,8922,5693,5668,10297,13834,10530,19931,283113,91210,45348,14462,103442,9866,2141,24,19
2021-05-17T23:59:59+02:00,11,6,7096,7000,15570,16290,18619,21570,25267,30508,38729,41138,45542,50568,34286,44193,11167,21233,3,1,1315,1495,3028,4731,3534,6947,4805,9926,6486,8821,5651,5628,10283,13816,10526,19923,282890,91137,40582,14181,103398,9683,1899,24,19
2021-05-16T23:59:59+02:00,10,5,6981,6947,15449,16203,18490,21463,25087,30393,35747,38369,45506,50533,34264,44169,11164,21228,3,1,1292,1476,2984,4691,3486,6889,4722,9856,6392,8742,5620,5591,10271,13800,10524,19920,282607,91089,34434,13915,103278,9572,1665,24,19
2021-05-15T23:59:59+02:00,10,5,6956,6917,15388,16145,18444,21421,25019,30348,35711,38328,45483,50506,34257,44164,11164,21228,3,1,1279,1451,2952,4620,3467,6820,4703,9775,6369,8691,5614,5587,10266,13799,10524,19920,282121,91032,34433,13911,103264,9227,1652,24,19
2021-05-14T23:59:59+02:00,10,4,6783,6546,15040,15650,18129,21002,24681,29887,35466,37978,45454,50475,34247,44159,11164,21226,3,1,1220,1391,2872,4517,3418,6717,4639,9624,6286,8561,5585,5542,10253,13789,10524,19919,281055,90945,34283,13891,100952,8420,1587,24,18
2021-05-13T23:59:59+02:00,10,4,6428,6219,14283,15071,17422,20370,23821,29144,34698,37307,45167,50131,34168,44036,11160,21215,3,1,1048,1306,2677,4405,3301,6596,4498,9452,6164,8416,5542,5504,10236,13772,10520,19914,274643,90787,33950,13810,100736,7440,1301,24,17
2021-05-12T23:59:59+02:00,10,4,6030,5947,13311,14401,16401,19568,23156,28707,34390,37023,44985,49935,34137,44005,11157,21212,3,1,1045,1304,2670,4398,3283,6592,4493,9442,6156,8411,5535,5498,10234,13767,10519,19913,268396,90726,33939,13799,100732,7435,1288,24,16
2021-05-11T23:59:59+02:00,10,4,5652,5723,12721,13950,14599,18126,20203,26182,32075,34695,43930,48675,33812,43533,11128,21162,3,0,983,1229,2552,4224,3174,6354,4375,9154,6039,8185,5463,5418,10191,13705,10511,19895,251104,90246,33660,13582,100286,6506,1106,24,15
2021-05-10T23:59:59+02:00,10,4,5502,5624,12449,13823,14245,17900,19400,25612,30700,33672,43399,48060,33754,43444,11120,21143,3,0,940,1170,2453,4059,3080,6152,4250,8891,5917,7987,5425,5386,10179,13688,10507,19886,245622,90135,33449,13522,99975,5510,791,24,15
2021-05-09T23:59:59+02:00,10,4,5099,5385,11263,13296,13245,17538,18373,25280,30155,33383,43343,47987,33728,43430,11117,21135,3,0,915,1139,2355,3952,2990,6014,4118,8715,5823,7883,5416,5372,10172,13683,10502,19882,240304,90088,33376,13480,99634,4919,433,24,14
2021-05-08T23:59:59+02:00,10,4,5087,5377,11241,13276,13219,17519,18343,25248,30114,33340,43335,47976,33727,43426,11117,21135,3,0,911,1132,2342,3945,2985,6014,4114,8709,5820,7880,5413,5369,10169,13678,10502,19882,240035,90062,33374,13480,99633,4884,428,24,14
2021-05-07T23:59:59+02:00,10,4,4986,5294,11012,13108,12933,17298,17735,24648,29164,32446,43141,47735,33671,43354,11113,21129,3,0,881,1101,2308,3890,2942,5965,4060,8655,5736,7827,5366,5321,10157,13669,10502,19881,237530,89926,31485,13477,99525,4629,218,23,14
2021-05-06T23:59:59+02:00,10,4,4573,5009,10342,12691,12174,16631,16138,23204,26616,30053,42440,46986,33504,43117,11097,21108,3,0,822,1045,2174,3643,2773,5655,3865,8182,5537,7505,5315,5267,10134,13641,10500,19875,228761,89743,28143,13163,98710,2956,60,23,14
2021-05-05T23:59:59+02:00,10,4,4264,4779,9741,12246,11454,16048,15037,22176,23764,27291,41458,45880,33221,42730,11079,21066,3,0,806,1021,2111,3518,2715,5499,3771,7971,5441,7370,5266,5212,10097,13602,10498,19872,215727,89478,27960,13025,98489,2206,50,22,14
2021-05-04T23:59:59+02:00,10,4,3915,4328,9075,11556,10682,15208,13733,20924,20160,23883,40110,44419,32847,42206,11056,21027,3,0,788,991,2042,3402,2644,5364,3678,7818,5344,7246,5227,5166,10067,13573,10496,19869,198676,89255,27942,12726,98461,1680,43,21,14
2021-05-03T23:59:59+02:00,10,4,3672,3910,8667,11063,10201,14583,13199,20269,19436,23234,39844,44167,32768,42102,11053,21012,3,0,774,961,1975,3301,2585,5256,3618,7703,5292,7159,5211,5153,10051,13555,10493,19864,192820,89111,27930,12715,98397,1088,26,21,14
2021-05-02T23:59:59+02:00,10,4,3670,3908,8647,11054,10191,14573,13178,20257,19418,23224,39841,44166,32767,42101,11052,21012,3,0,770,945,1944,3220,2538,5160,3571,7578,5272,7095,5207,5149,10050,13551,10493,19862,192725,89093,27916,12683,98390,598,21,21,13
2021-05-01T23:59:59+02:00,10,4,3667,3900,8634,11040,10182,14562,13170,20255,19405,23215,39841,44164,32767,42101,11052,21012,3,0,769,945,1943,3220,2537,5160,3571,7578,5272,7095,5207,5149,10050,13551,10492,19862,192636,89092,27914,12681,98390,598,20,21,13
2021-04-30T23:59:59+02:00,10,3,3644,3875,8589,11005,10138,14523,13108,20216,19303,23063,39572,43841,32746,42080,11051,21012,3,0,764,940,1928,3212,2536,5152,3568,7571,5270,7088,5204,5146,10046,13550,10492,19862,191710,89065,27645,12678,98384,557,19,21,13
2021-04-29T23:59:59+02:00,10,3,3374,3701,8152,10733,9590,14238,12609,19851,18566,22334,36509,40390,32484,41714,11040,20976,3,0,751,926,1879,3151,2487,5086,3502,7431,5179,6989,5164,5111,10023,13507,10490,19856,186151,88858,21808,12523,98278,124,17,20,13
2021-04-28T23:59:59+02:00,10,3,3207,3635,7885,10622,9194,14065,12229,19616,18082,21899,32722,36073,32266,41412,11027,20954,3,0,734,910,1853,3112,2442,5038,3464,7373,5113,6925,5098,5049,9971,13448,10487,19846,174981,88643,21655,12083,98233,116,12,20,12
2021-04-27T23:59:59+02:00,9,3,3126,3569,7625,10493,8842,13891,11745,19391,17603,21407,27153,29878,31890,40905,11006,20921,3,0,724,896,1821,3075,2406,4992,3410,7314,5058,6849,5048,4979,9936,13395,10483,19837,159622,88429,21633,11661,98170,113,12,20,11
2021-04-26T23:59:59+02:00,9,3,3069,3533,7481,10429,8674,13831,11514,19325,17078,21020,27117,29844,31876,40890,11006,20921,3,0,701,864,1753,3016,2339,4937,3342,7223,4960,6744,4948,4904,9857,13311,10481,19834,159036,88296,21415,10786,97138,112,12,19,11
2021-04-25T23:59:59+02:00,9,3,3032,3516,7321,10378,8438,13781,11182,19282,16245,20550,25563,28180,31822,40826,11006,20918,3,0,701,863,1747,3011,2332,4934,3336,7215,4956,6735,4945,4899,9849,13300,10481,19834,158549,88273,21406,10749,92066,96,12,19,11
2021-04-24T23:59:59+02:00,9,3,3028,3510,7306,10363,8426,13773,11168,19272,16223,20532,25517,28117,31819,40820,11005,20917,3,0,701,863,1747,3010,2332,4934,3335,7215,4956,6735,4945,4898,9847,13299,10481,19834,158337,88267,21402,10749,92038,96,12,19,11
2021-04-23T23:59:59+02:00,9,3,3011,3493,7266,10319,8379,13731,11101,19213,16162,20467,25096,27612,31786,40764,11002,20914,3,0,691,855,1729,3001,2316,4905,3284,7177,4856,6638,4805,4775,9675,13100,10475,19819,157147,87973,21265,10014,91885,95,12,19,10
2021-04-22T23:59:59+02:00,8,3,2930,3414,7073,10133,7840,13324,9892,18415,14606,19419,23078,25177,31573,40494,10983,20884,3,0,626,805,1616,2889,2189,4739,3124,7005,4672,6437,4648,4601,9163,12442,10438,19740,152330,86053,15967,8986,90920,76,12,17,10
2021-04-21T23:59:59+02:00,8,3,2878,3366,6950,10046,7629,13168,9524,18174,14135,18972,20563,22042,31273,40105,10964,20858,3,0,577,780,1536,2810,2102,4648,2997,6862,4509,6273,4464,4421,8592,11674,10392,19647,145325,84249,15194,7948,90111,68,12,16,10
2021-04-20T23:59:59+02:00,8,3,2838,3327,6844,9957,7492,13057,9272,17956,13642,18580,17171,17977,30959,39631,10947,20824,3,0,547,745,1464,2746,2016,4568,2895,6740,4374,6112,4274,4226,7723,10455,10322,19496,136469,81311,14950,7312,89038,63,12,16,8
2021-04-19T23:59:59+02:00,8,3,2823,3318,6797,9917,7439,13021,9196,17882,13504,18463,16837,17595,30925,39595,10945,20819,3,0,488,705,1344,2650,1916,4470,2760,6581,4176,5921,4019,3925,5869,8011,10103,19091,136147,75428,14753,6525,88159,59,12,16,8
2021-04-18T23:59:59+02:00,8,3,2807,3304,6719,9891,7334,12970,8998,17815,12666,18333,15424,16188,30857,39533,10941,20812,3,0,482,699,1333,2642,1901,4459,2727,6552,4115,5871,3943,3854,5455,7380,10056,19007,135925,73927,14610,6477,84040,55,12,16,8
2021-04-17T23:59:59+02:00,8,3,2797,3300,6702,9868,7304,12949,8966,17776,12633,18313,15372,16138,30803,39461,10940,20812,3,0,482,696,1333,2640,1900,4455,2723,6547,4112,5867,3942,3852,5450,7379,10055,19006,135571,73890,14609,6477,83937,55,12,16,8
2021-04-16T23:59:59+02:00,8,3,2784,3286,6668,9853,7252,12910,8891,17724,12525,18209,15124,15856,30284,38812,10937,20804,3,0,481,693,1328,2635,1891,4453,2717,6541,4104,5859,3936,3846,5433,7350,10053,19004,134040,73788,14602,6466,83261,53,12,15,8
2021-04-15T23:59:59+02:00,8,3,2730,3231,6536,9755,7062,12731,8548,17451,12048,17743,14064,14633,28160,36003,10918,20781,3,0,472,687,1324,2609,1877,4429,2694,6513,4061,5806,3879,3772,5400,7296,10045,18991,128104,73467,14327,6328,79948,44,11,15,8
2021-04-14T23:59:59+02:00,7,1,2674,3180,6442,9660,6916,12571,8274,17183,11616,17281,12882,13250,23438,29922,10897,20725,3,0,468,680,1310,2599,1864,4410,2672,6488,4019,5768,3831,3720,5338,7240,10014,18953,115703,73163,14293,6172,76898,24,11,14,7
2021-04-13T23:59:59+02:00,7,1,2623,3144,6314,9575,6763,12436,7996,16932,11191,16857,10217,10326,20347,25747,10874,20681,3,0,451,656,1263,2556,1813,4348,2564,6387,3837,5605,3619,3535,5187,7101,10005,18930,107251,72814,14099,5008,70656,20,11,14,7
2021-04-12T23:59:59+02:00,7,1,2602,3130,6254,9546,6656,12350,7803,16803,10943,16647,8855,8833,19524,24771,10872,20672,3,0,445,648,1243,2539,1796,4323,2530,6347,3786,5553,3555,3487,5152,7060,10000,18908,107121,72674,14044,4667,65079,16,11,14,7
2021-04-11T23:59:59+02:00,7,1,2575,3120,6158,9520,6540,12313,7638,16752,10744,16545,7580,7556,17793,22793,10870,20669,3,0,445,648,1242,2537,1796,4323,2530,6347,3782,5548,3550,3486,5146,7058,10000,18908,107052,72663,14037,4655,58061,14,10,14,7
2021-04-10T23:59:59+02:00,7,1,2574,3118,6149,9515,6531,12308,7632,16747,10737,16537,7571,7544,17783,22786,10870,20669,3,0,445,644,1239,2534,1795,4320,2528,6343,3779,5547,3541,3472,5138,7043,10000,18908,106967,72601,14037,4648,58052,14,9,14,7
2021-04-09T23:59:59+02:00,7,1,2512,3020,6014,9308,6376,12046,7374,16340,10425,16042,7414,7339,17666,22607,10869,20667,3,0,440,639,1221,2521,1769,4302,2495,6293,3700,5465,3423,3362,4996,6947,9995,18906,106492,72511,14008,3938,55504,12,9,14,7
2021-04-08T23:59:59+02:00,7,1,2434,2948,5919,9188,6273,11916,7203,16155,10169,15853,7216,7079,16397,21147,10858,20636,3,0,433,633,1206,2487,1743,4265,2467,6221,3646,5399,3345,3315,4915,6842,9973,18860,102829,72059,13654,3667,54893,11,9,14,7
2021-04-07T23:59:59+02:00,7,1,2407,2912,5846,9116,6181,11841,7070,16055,9926,15702,6918,6752,14068,18196,10837,20589,3,0,427,631,1195,2474,1730,4241,2453,6181,3578,5340,3273,3262,4856,6780,9964,18830,96654,71772,13494,3420,54254,10,9,13,7
2021-04-06T23:59:59+02:00,7,1,2390,2882,5749,9049,6091,11762,6916,15942,9686,15520,6562,6388,11957,15577,10810,20530,3,0,423,624,1187,2447,1719,4218,2427,6143,3513,5276,3187,3212,4810,6727,9958,18812,91597,71526,13194,3136,53008,10,7,13,7
2021-04-05T23:59:59+02:00,7,1,2382,2872,5730,9032,6080,11743,6902,15922,9666,15494,6436,6288,10677,14282,10809,20529,3,0,419,617,1183,2432,1713,4202,2411,6111,3480,5235,3158,3174,4789,6682,9951,18794,91512,71333,13157,2999,50164,9,6,13,7
2021-04-04T23:59:59+02:00,7,1,2382,2872,5727,9028,6078,11743,6900,15922,9664,15493,6431,6283,10677,14280,10809,20529,3,0,419,616,1183,2431,1713,4202,2410,6111,3480,5235,3157,3174,4786,6682,9950,18793,91503,71325,13154,2998,50151,9,6,12,7
2021-04-03T23:59:59+02:00,7,1,2379,2865,5720,9020,6072,11738,6897,15918,9661,15490,6428,6278,10670,14277,10809,20529,3,0,419,616,1183,2431,1713,4202,2410,6111,3480,5234,3157,3174,4786,6682,9950,18793,91445,71324,13152,2998,50144,9,6,12,7
2021-04-02T23:59:59+02:00,7,1,2376,2863,5715,9013,6070,11735,6893,15917,9657,15488,6424,6271,10655,14248,10808,20528,3,0,417,614,1182,2431,1712,4201,2408,6111,3479,5227,3132,3157,4776,6673,9950,18793,91360,71247,13149,2997,50143,9,6,11,7
2021-04-01T23:59:59+02:00,7,1,2355,2860,5684,8983,6027,11692,6851,15862,9602,15432,6330,6174,10359,13899,10785,20479,3,0,415,598,1179,2425,1705,4189,2392,6094,3452,5206,3066,3109,4713,6597,9872,18675,90368,70675,13126,2994,49872,9,5,11,7
2021-03-31T23:59:59+02:00,7,1,2322,2833,5609,8915,5958,11597,6749,15750,9468,15298,6187,6031,9807,13150,10738,20385,3,0,410,592,1173,2413,1699,4173,2385,6081,3432,5172,3034,3076,4663,6538,9814,18573,88376,70221,12910,2992,49505,9,3,11,6
2021-03-30T23:59:59+02:00,7,1,2302,2816,5562,8856,5895,11522,6676,15651,9371,15155,5999,5817,8893,11802,10660,20201,3,0,408,588,1169,2409,1686,4156,2367,6059,3398,5128,2976,3007,4572,6440,9682,18331,85278,69512,12530,2850,49366,9,3,9,5
2021-03-29T23:59:59+02:00,6,1,2235,2761,5460,8743,5785,11375,6508,15420,9135,14900,5640,5442,6941,9267,10433,19771,3,0,400,584,1158,2398,1672,4144,2342,6032,3368,5072,2906,2940,4449,6334,9474,17991,79155,68539,11722,2711,48935,9,3,8,5
2021-03-28T23:59:59+02:00,6,1,2213,2748,5416,8682,5710,11297,6420,15334,9017,14780,5514,5289,6294,8328,10366,19653,3,0,390,577,1142,2382,1645,4117,2295,5972,3312,4982,2822,2860,4335,6195,9398,17851,76841,68081,11463,2185,48753,5,3,8,4
2021-03-27T23:59:59+01:00,6,1,2212,2741,5408,8676,5706,11282,6405,15312,9006,14768,5486,5262,6283,8324,10366,19651,3,0,390,577,1140,2381,1644,4112,2291,5969,3303,4975,2817,2857,4319,6170,9316,17702,76733,67770,11463,2184,48688,5,3,8,4
2021-03-26T23:59:59+01:00,6,1,2195,2720,5371,8637,5667,11232,6328,15242,8856,14618,5321,5113,6113,8143,10363,19642,3,0,386,569,1132,2368,1628,4083,2263,5933,3269,4921,2756,2793,4130,5910,8599,16503,76387,65088,10626,2146,48544,5,3,8,4
2021-03-25T23:59:59+01:00,6,0,2078,2640,5194,8422,5467,10955,6120,14938,8615,14330,5158,4960,6016,8021,10360,19634,3,0,377,554,1112,2342,1605,4053,2217,5875,3194,4842,2657,2686,3752,5415,7436,14729,75929,60913,9673,1926,47302,4,2,8,4
2021-03-24T23:59:59+01:00,6,0,1993,2592,5043,8261,5307,10761,5954,14699,8408,14099,5018,4801,5902,7903,10354,19623,3,0,373,542,1099,2314,1572,3998,2158,5809,3105,4742,2520,2572,3320,4797,6016,12479,75549,55834,8509,1575,46656,4,2,8,4
2021-03-23T23:59:59+01:00,6,0,1916,2541,4932,8138,5208,10620,5833,14508,8290,13930,4935,4717,5835,7843,10347,19604,3,0,362,517,1080,2279,1539,3940,2114,5719,3023,4650,2431,2478,2866,4152,4063,9194,75153,48974,7765,1427,46275,3,2,8,4
2021-03-22T23:59:59+01:00,6,0,1854,2477,4796,8003,5074,10443,5673,14275,8098,13717,4828,4602,5765,7735,10330,19563,2,0,335,500,1052,2241,1494,3866,2048,5609,2921,4499,2314,2325,2334,3453,1464,4936,74650,40199,6727,1187,45852,1,2,8,4
2021-03-21T23:59:59+01:00,6,0,1852,2471,4785,7989,5060,10432,5657,14258,8068,13692,4806,4587,5748,7723,10325,19562,2,0,334,500,1047,2227,1485,3837,2030,5571,2896,4449,2273,2276,2292,3412,1447,4890,74625,40057,6675,904,45711,1,2,8,4
2021-03-20T23:59:59+01:00,6,0,1852,2471,4783,7988,5059,10430,5656,14257,8060,13686,4805,4586,5740,7714,10325,19562,2,0,334,499,1047,2227,1485,3837,2030,5571,2894,4448,2272,2273,2292,3412,1446,4890,74611,40053,6675,899,45684,1,2,8,4
2021-03-19T23:59:59+01:00,6,0,1800,2226,4273,6707,4651,9447,5387,13699,7838,13284,4678,4486,5670,7647,10324,19562,2,0,333,499,1047,2227,1485,3836,2029,5570,2893,4448,2270,2272,2286,3405,1444,4888,74548,40035,6664,892,40463,1,2,8,4
2021-03-18T23:59:59+01:00,6,0,1745,1973,3859,5650,4122,8071,4570,11157,6477,9954,4309,4186,5465,7423,10303,19524,2,0,332,496,1040,2214,1478,3811,2002,5531,2868,4424,2249,2256,2261,3376,1439,4879,74113,39843,6600,808,28072,1,2,7,4
2021-03-17T23:59:59+01:00,6,0,1739,1964,3847,5624,4105,8041,4546,11092,6426,9880,4270,4139,5422,7377,10295,19496,1,0,329,495,1036,2206,1472,3802,1995,5516,2858,4397,2222,2227,2239,3361,1432,4863,73842,39685,6536,759,27882,1,2,7,4
2021-03-16T23:59:59+01:00,6,0,1715,1931,3788,5542,4035,7935,4418,10930,6218,9682,4046,3949,5279,7218,10288,19472,1,0,326,491,1035,2187,1467,3789,1986,5500,2849,4377,2213,2212,2226,3331,1423,4832,73529,39509,5258,729,27656,1,2,7,4
2021-03-15T23:59:59+01:00,6,0,1705,1911,3764,5505,4009,7897,4367,10861,6139,9596,3959,3882,5222,7156,10279,19445,1,0,323,487,1026,2171,1459,3783,1970,5464,2831,4349,2198,2180,2201,3266,1412,4793,73296,39288,4890,621,27510,1,0,7,4
2021-03-14T23:59:59+01:00,6,0,1699,1901,3755,5495,4004,7880,4358,10830,6130,9573,3951,3871,5216,7148,10278,19443,1,0,323,487,1024,2171,1454,3780,1967,5462,2813,4343,2192,2177,2190,3255,1407,4791,73260,39280,4872,552,27399,1,0,7,4
2021-03-13T23:59:59+01:00,6,0,1695,1895,3740,5472,3997,7870,4338,10819,6116,9557,3948,3868,5213,7145,10278,19443,1,0,323,487,1024,2171,1454,3780,1967,5461,2813,4342,2191,2176,2190,3253,1398,4786,73235,39260,4867,552,27291,1,0,7,4
2021-03-12T23:59:59+01:00,5,0,1658,1837,3231,5326,3481,7753,4204,10694,5890,9266,3778,3721,5071,7032,10252,19395,1,0,318,465,1020,2141,1446,3755,1948,5390,2760,4258,2012,2022,2130,3204,1391,4780,73014,38493,4133,544,25440,0,0,7,4
2021-03-11T23:59:59+01:00,5,0,1551,1698,2848,5066,3043,7496,3923,10279,5258,8375,3550,3546,4963,6911,10212,19339,1,0,317,464,1017,2128,1443,3735,1941,5371,2751,4241,2005,2014,2115,3187,1386,4760,72430,38368,3868,504,21759,0,0,6,4
2021-03-10T23:59:59+01:00,5,0,1519,1664,2809,5021,3005,7437,3866,10191,5148,8258,3424,3440,4845,6797,10164,19272,1,0,315,463,1016,2125,1439,3724,1937,5357,2739,4221,1986,2006,2088,3154,1376,4745,72010,38281,3536,407,21313,0,0,6,4
2021-03-09T23:59:59+01:00,5,0,1509,1648,2772,4993,2983,7393,3827,10131,5066,8179,3323,3353,4762,6708,10055,19060,1,0,312,462,1012,2118,1432,3711,1911,5335,2697,4191,1943,1981,2034,3125,1364,4735,71403,38250,3264,110,21094,0,0,6,4
2021-03-08T23:59:59+01:00,5,0,1493,1633,2743,4964,2954,7362,3804,10083,5042,8117,3281,3313,4685,6644,9874,18756,1,0,311,462,1010,2114,1424,3695,1894,5301,2678,4163,1924,1962,2007,3102,1357,4716,70597,38099,3255,18,20895,0,0,6,4
2021-03-07T23:59:59+01:00,5,0,1480,1622,2713,4921,2919,7314,3769,10022,5000,8058,3246,3279,4619,6542,9797,18610,1,0,311,461,1009,2113,1423,3689,1891,5291,2677,4158,1920,1959,2003,3098,1353,4707,70056,38044,3201,16,20653,0,0,6,4
2021-03-06T23:59:59+01:00,5,0,1479,1621,2708,4909,2916,7305,3761,10015,4982,8042,3236,3269,4596,6503,9706,18438,1,0,311,461,1007,2110,1423,3687,1885,5282,2675,4156,1915,1952,1998,3096,1352,4704,69660,37996,3201,16,20624,0,0,6,3
2021-03-05T23:59:59+01:00,5,0,1406,1545,2609,4748,2859,7146,3676,9808,4882,7846,3186,3209,4376,6213,8986,17228,1,0,311,461,1005,2108,1419,3682,1883,5281,2672,4150,1907,1948,1993,3093,1347,4700,66968,37942,3198,16,19556,0,0,6,3
2021-03-04T23:59:59+01:00,5,0,1234,1439,2443,4549,2690,6875,3508,9464,4624,7505,3070,3083,4011,5754,7792,15384,1,0,309,453,996,2085,1403,3642,1855,5228,2644,4102,1879,1923,1960,3038,1319,4654,62703,37472,3195,16,17526,0,0,6,3
2021-03-03T23:59:59+01:00,5,0,1200,1385,2367,4441,2629,6752,3422,9297,4526,7362,2983,3013,3628,5148,6373,13149,1,0,305,444,985,2062,1391,3614,1841,5178,2589,4047,1829,1887,1932,3005,1303,4625,57555,37019,3167,16,16953,0,0,5,3
2021-03-02T23:59:59+01:00,5,0,1167,1346,2306,4382,2580,6660,3340,9173,4389,7213,2868,2888,3139,4477,4323,9739,1,0,300,435,980,2035,1378,3572,1826,5123,2557,4020,1819,1871,1912,2976,1289,4597,50407,36672,2916,16,16668,0,0,4,3
2021-03-01T23:59:59+01:00,5,0,1108,1317,2244,4320,2507,6574,3245,9045,4247,7025,2735,2751,2565,3727,1544,5195,1,0,299,432,973,2023,1367,3554,1818,5108,2544,4004,1801,1860,1896,2957,1278,4568,41190,36464,2524,16,16436,0,0,4,3
2021-02-28T23:59:59+01:00,5,0,1072,1302,2203,4285,2477,6529,3197,8988,4185,6966,2670,2703,2516,3696,1536,5175,1,0,299,431,970,2016,1365,3541,1815,5094,2538,3995,1794,1849,1883,2945,1270,4553,41093,36340,2231,16,16177,0,0,4,3
2021-02-27T23:59:59+01:00,5,0,1031,1220,2135,4044,2419,6295,3134,8690,4095,6713,2615,2646,2496,3672,1533,5175,1,0,299,431,969,2016,1365,3541,1815,5093,2537,3995,1794,1848,1881,2945,1270,4553,40986,36334,2230,16,14698,0,0,4,3
2021-02-26T23:59:59+01:00,4,0,865,968,1937,3655,2257,5634,2918,7774,3785,5924,2567,2592,2477,3656,1529,5173,1,0,299,431,969,2013,1363,3539,1813,5092,2535,3994,1794,1845,1874,2944,1268,4546,40968,36301,2141,16,10602,0,0,4,3
2021-02-25T23:59:59+01:00,4,0,530,812,1660,3455,2078,5329,2722,7377,3558,5623,2485,2512,2436,3595,1525,5158,1,0,290,410,944,1962,1332,3468,1781,5011,2506,3930,1769,1817,1834,2898,1239,4505,40772,35681,1879,13,8205,0,0,3,3
2021-02-24T23:59:59+01:00,3,0,509,793,1625,3357,2016,5198,2662,7195,3492,5482,2417,2465,2399,3566,1515,5122,1,0,281,405,928,1931,1318,3414,1768,4950,2482,3886,1758,1799,1825,2879,1227,4474,40578,35319,1708,4,7527,0,0,3,3
2021-02-23T23:59:59+01:00,3,0,488,756,1565,3254,1961,5057,2584,7063,3407,5377,2357,2407,2360,3507,1500,5087,1,0,279,401,923,1915,1311,3384,1759,4918,2461,3853,1738,1779,1805,2843,1211,4418,40423,34993,1435,3,6872,0,0,3,3
2021-02-22T23:59:59+01:00,2,0,472,725,1511,3155,1921,4918,2525,6844,3346,5233,2347,2308,2344,3427,1494,5042,1,0,278,398,920,1903,1303,3357,1741,4882,2446,3823,1719,1760,1777,2812,1196,4369,40207,34681,1169,1,6235,0,0,3,3
2021-02-21T23:59:59+01:00,2,0,463,686,1453,3011,1873,4768,2472,6684,3264,5129,2311,2275,2316,3407,1484,5036,1,0,278,397,917,1895,1302,3348,1736,4872,2442,3814,1717,1758,1776,2810,1196,4368,40163,34623,936,1,5532,0,0,3,3
2021-02-20T23:59:59+01:00,2,0,457,680,1444,3007,1868,4768,2469,6681,3259,5125,2308,2274,2316,3406,1482,5036,1,0,278,397,917,1894,1302,3347,1736,4872,2440,3813,1716,1757,1773,2810,1195,4366,40158,34610,931,1,5490,0,0,3,3
2021-02-19T23:59:59+01:00,1,0,434,643,1415,2945,1840,4712,2428,6581,3172,5007,2128,2112,2252,3357,1477,5030,1,0,276,396,916,1892,1301,3346,1736,4867,2437,3812,1715,1756,1771,2809,1195,4365,39406,34587,911,1,5214,0,0,3,3
2021-02-18T23:59:59+01:00,1,0,407,586,1310,2705,1736,4470,2290,6319,3069,4825,2099,2096,2236,3340,1472,5019,1,0,276,390,908,1858,1292,3306,1718,4819,2418,3774,1704,1745,1754,2797,1183,4345,39328,34284,837,1,3812,0,0,3,3
2021-02-17T23:59:59+01:00,1,0,390,554,1272,2574,1679,4295,2221,6078,3010,4676,2080,2077,2212,3320,1458,5009,1,0,266,373,872,1772,1249,3177,1658,4660,2343,3639,1625,1675,1678,2685,1130,4223,39172,33023,786,0,2945,0,0,3,3
2021-02-16T23:59:59+01:00,1,0,372,524,1219,2455,1629,4161,2142,5893,2930,4540,2071,2072,2204,3313,1453,4997,1,0,258,356,851,1691,1194,3040,1595,4457,2272,3461,1574,1621,1614,2583,1098,4087,39112,31750,755,0,2106,0,0,3,3
2021-02-15T23:59:59+01:00,1,0,362,502,1147,2315,1584,4086,2110,5839,2902,4499,2052,2056,2179,3282,1445,4976,1,0,252,337,828,1646,1162,2964,1539,4320,2199,3341,1498,1556,1556,2471,1051,3898,39004,30616,640,0,1690,0,0,3,3
2021-02-14T23:59:59+01:00,1,0,353,496,1123,2259,1521,3925,2069,5746,2871,4460,2046,2053,2167,3272,1442,4969,1,0,246,332,810,1618,1146,2924,1497,4268,2161,3311,1482,1535,1531,2434,1034,3852,38985,30179,571,0,1214,0,0,3,3
2021-02-13T23:59:59+01:00,1,0,353,496,1122,2259,1521,3924,2067,5745,2871,4460,2045,2051,2166,3272,1441,4966,1,0,246,332,810,1618,1146,2924,1496,4266,2160,3311,1480,1532,1530,2433,1034,3851,38974,30168,571,0,1213,0,0,2,2
2021-02-12T23:59:59+01:00,1,0,345,493,1104,2251,1516,3911,2062,5737,2868,4454,2031,2041,2160,3259,1436,4963,1,0,244,331,804,1613,1140,2915,1480,4248,2141,3298,1467,1516,1515,2401,1027,3814,38908,29954,563,0,1159,0,0,2,1
2021-02-11T23:59:59+01:00,1,0,322,469,1041,2155,1463,3784,1968,5473,2784,4335,2000,2008,2120,3191,1406,4905,1,0,224,303,755,1508,1060,2691,1355,3891,1952,2991,1278,1304,1342,2121,913,3445,38508,27133,526,0,389,0,0,2,1
2021-02-10T23:59:59+01:00,1,0,316,460,1019,2115,1424,3706,1914,5312,2690,4155,1929,1958,2072,3149,1384,4879,1,0,199,260,662,1321,932,2304,1169,3288,1708,2571,1115,1126,1190,1870,794,3082,38093,23591,386,0,2,0,0,2,1
2021-02-09T23:59:59+01:00,1,0,310,449,1011,2084,1409,3654,1870,5246,2624,4100,1871,1918,2000,3094,1363,4857,1,0,166,200,561,1060,782,1857,963,2678,1438,2157,963,965,991,1580,670,2633,37792,19664,65,0,2,0,0,2,1
2021-02-08T23:59:59+01:00,1,0,308,447,1008,2077,1398,3638,1862,5223,2604,4083,1857,1907,1981,3076,1357,4832,1,0,116,165,460,845,618,1439,765,2030,1160,1670,770,789,790,1246,533,2151,37635,15547,20,0,2,0,0,2,1
2021-02-07T23:59:59+01:00,1,0,308,447,1006,2076,1397,3633,1859,5220,2597,4080,1851,1898,1965,3068,1353,4824,1,0,106,146,411,701,544,1264,685,1814,1063,1522,694,708,707,1122,456,1908,37564,13851,17,0,0,0,0,2,1
2021-02-06T23:59:59+01:00,1,0,308,447,1005,2075,1397,3630,1859,5218,2597,4077,1851,1897,1960,3066,1350,4822,1,0,105,145,406,698,539,1240,669,1795,1052,1500,691,704,702,1118,455,1904,37541,13724,17,0,0,0,0,2,0
2021-02-05T23:59:59+01:00,1,0,308,446,1003,2072,1393,3621,1855,5204,2591,4071,1850,1896,1952,3058,1340,4808,1,0,101,137,390,680,522,1210,637,1744,1002,1437,654,653,653,1044,428,1810,37450,13103,17,0,0,0,0,2,0
2021-02-04T23:59:59+01:00,1,0,300,429,992,2042,1374,3567,1835,5127,2576,4023,1834,1875,1925,3023,1320,4775,1,0,76,106,289,459,362,818,454,1182,690,978,508,477,506,825,340,1450,36999,9521,17,0,0,0,0,2,0
2021-02-03T23:59:59+01:00,1,0,296,420,973,2016,1358,3529,1821,5078,2542,3980,1814,1852,1910,2999,1306,4758,1,0,60,82,243,391,292,639,346,924,532,729,340,331,368,586,248,1063,36634,7175,17,0,0,0,0,2,0
2021-02-02T23:59:59+01:00,1,0,291,413,967,1987,1350,3496,1810,5031,2519,3945,1796,1836,1882,2958,1284,4707,0,0,40,63,186,309,244,486,265,739,384,560,236,214,234,391,168,699,36254,5218,17,0,0,0,0,2,0
2021-02-01T23:59:59+01:00,1,0,290,410,962,1979,1347,3481,1802,5010,2510,3926,1788,1825,1867,2943,1279,4693,0,0,20,39,137,223,168,312,169,490,240,323,119,109,102,189,78,313,36094,3031,17,0,0,0,0,2,0
2021-01-31T23:59:59+01:00,1,0,289,409,960,1971,1344,3472,1799,4991,2506,3911,1784,1817,1863,2935,1276,4683,0,0,19,34,119,195,151,271,152,411,203,278,100,95,94,161,70,274,35992,2627,17,0,0,0,0,2,0
2021-01-30T23:59:59+01:00,1,0,289,409,960,1971,1344,3472,1799,4991,2506,3911,1783,1817,1863,2934,1276,4682,0,0,19,34,118,195,151,268,149,408,202,278,99,94,94,161,70,274,35989,2614,17,0,0,0,0,2,0
2021-01-29T23:59:59+01:00,1,0,287,406,959,1969,1343,3464,1793,4982,2503,3908,1777,1810,1854,2922,1269,4660,0,0,17,33,116,186,142,260,137,380,170,251,72,70,84,139,63,238,35888,2358,17,0,0,0,0,2,0
2021-01-28T23:59:59+01:00,1,0,284,397,940,1914,1319,3400,1768,4920,2475,3845,1755,1789,1822,2891,1250,4624,0,0,1,0,10,19,8,20,11,45,8,22,6,4,7,10,3,15,35377,189,15,0,0,0,0,2,0
2021-01-27T23:59:59+01:00,1,0,278,379,907,1833,1284,3286,1707,4797,2415,3745,1698,1740,1777,2823,1211,4535,0,0,1,0,4,6,5,12,7,19,4,12,5,4,7,10,3,14,34403,113,11,0,0,0,0,2,0
2021-01-26T23:59:59+01:00,1,0,273,369,897,1819,1270,3246,1689,4741,2385,3678,1665,1708,1738,2751,1193,4444,0,0,1,0,4,6,5,12,7,19,4,12,5,4,7,10,3,14,33858,113,7,0,0,0,0,2,0
2021-01-25T23:59:59+01:00,1,0,262,345,855,1700,1200,3082,1598,4470,2279,3470,1604,1655,1681,2663,1143,4258,0,0,1,0,1,3,1,4,4,2,4,5,5,4,6,9,2,14,32261,65,3,0,0,0,0,2,0
2021-01-24T23:59:59+01:00,1,0,259,342,844,1680,1190,3059,1567,4437,2253,3449,1593,1646,1669,2651,1137,4250,0,0,1,0,1,2,1,4,4,2,4,5,5,4,6,9,2,14,32022,64,3,0,0,0,0,2,0
2021-01-23T23:59:59+01:00,1,0,259,342,843,1680,1189,3058,1567,4433,2252,3448,1592,1646,1668,2650,1136,4245,0,0,1,0,1,2,1,4,4,2,4,5,5,4,6,9,2,14,32004,64,3,0,0,0,0,2,0
2021-01-22T23:59:59+01:00,1,0,258,340,837,1677,1185,3053,1564,4426,2239,3443,1580,1634,1662,2631,1130,4223,0,0,1,0,1,2,1,4,4,2,4,5,5,4,6,9,2,14,31879,64,3,0,0,0,0,1,0
2021-01-21T23:59:59+01:00,1,0,247,330,810,1610,1160,2926,1508,4264,2159,3308,1481,1530,1525,2463,1046,4033,0,0,1,0,1,2,1,4,4,2,4,5,4,3,5,9,1,14,30397,60,3,0,0,0,0,1,0
2021-01-20T23:59:59+01:00,1,0,225,289,736,1454,1069,2609,1375,3805,1985,2953,1358,1382,1401,2264,968,3793,0,0,1,0,1,2,1,4,4,2,3,5,4,3,5,9,1,14,27664,59,2,0,0,0,0,1,0
2021-01-19T23:59:59+01:00,1,0,194,232,635,1206,924,2163,1152,3188,1695,2522,1174,1177,1166,1921,806,3221,0,0,1,0,1,1,1,2,4,1,2,5,4,3,5,9,1,14,23375,54,2,0,0,0,0,0,0
2021-01-18T23:59:59+01:00,1,0,137,184,502,946,713,1647,884,2322,1319,1912,912,945,931,1515,630,2570,0,0,0,0,0,0,0,0,0,0,1,2,2,1,0,0,0,0,18069,6,1,0,0,0,0,0,0
2021-01-17T23:59:59+01:00,1,0,123,159,443,774,628,1424,782,2069,1204,1723,846,866,847,1377,556,2350,0,0,0,0,0,0,0,0,0,0,0,1,0,0,0,0,0,0,16172,1,0,0,0,0,0,0,0
2021-01-16T23:59:59+01:00,1,0,122,158,439,773,626,1416,772,2065,1195,1717,844,861,842,1366,548,2334,0,0,0,0,0,0,0,0,0,0,0,0,0,0,0,0,0,0,16079,0,0,0,0,0,0,0,0
2021-01-15T23:59:59+01:00,1,0,111,151,426,752,599,1377,740,1988,1133,1635,800,807,795,1277,517,2209,0,0,0,0,0,0,0,0,0,0,0,0,0,0,0,0,0,0,15318,0,0,0,0,0,0,0,0
2021-01-14T23:59:59+01:00,1,0,77,112,305,486,398,892,511,1282,776,1073,585,559,578,942,401,1682,0,0,0,0,0,0,0,0,0,0,0,0,0,0,0,0,0,0,10660,0,0,0,0,0,0,0,0
2021-01-13T23:59:59+01:00,1,0,60,85,254,408,322,675,379,981,569,766,369,355,392,638,286,1173,0,0,0,0,0,0,0,0,0,0,0,0,0,0,0,0,0,0,7713,0,0,0,0,0,0,0,0
2021-01-12T23:59:59+01:00,0,0,49,69,207,349,258,547,279,807,413,599,248,226,243,425,192,785,0,0,0,0,0,0,0,0,0,0,0,0,0,0,0,0,0,0,5696,0,0,0,0,0,0,0,0
2021-01-11T23:59:59+01:00,0,0,33,51,179,299,211,444,220,647,303,422,151,131,139,259,106,451,0,0,0,0,0,0,0,0,0,0,0,0,0,0,0,0,0,0,4046,0,0,0,0,0,0,0,0
2021-01-10T23:59:59+01:00,0,0,25,42,157,250,182,366,179,536,254,361,130,110,124,214,94,362,0,0,0,0,0,0,0,0,0,0,0,0,0,0,0,0,0,0,3386,0,0,0,0,0,0,0,0
2021-01-09T23:59:59+01:00,0,0,25,42,156,248,181,363,177,530,253,360,129,109,124,214,94,362,0,0,0,0,0,0,0,0,0,0,0,0,0,0,0,0,0,0,3367,0,0,0,0,0,0,0,0
2021-01-08T23:59:59+01:00,0,0,23,40,153,239,173,353,164,499,223,334,105,93,118,198,87,335,0,0,0,0,0,0,0,0,0,0,0,0,0,0,0,0,0,0,3137,0,0,0,0,0,0,0,0
2021-01-07T23:59:59+01:00,0,0,2,0,4,9,8,15,10,7,18,11,10,11,14,21,3,35,0,0,0,0,0,0,0,0,0,0,0,0,0,0,0,0,0,0,178,0,0,0,0,0,0,0,0
2021-01-06T23:59:59+01:00,0,0,1,0,1,3,1,7,5,2,4,6,6,4,7,10,1,16,0,0,0,0,0,0,0,0,0,0,0,0,0,0,0,0,0,0,74,0,0,0,0,0,0,0,0
2021-01-05T23:59:59+01:00,0,0,1,0,1,3,1,6,5,2,4,5,6,4,6,10,1,15,0,0,0,0,0,0,0,0,0,0,0,0,0,0,0,0,0,0,70,0,0,0,0,0,0,0,0
2021-01-04T23:59:59+01:00,0,0,1,0,1,3,1,5,4,2,4,5,6,4,5,9,1,15,0,0,0,0,0,0,0,0,0,0,0,0,0,0,0,0,0,0,66,0,0,0,0,0,0,0,0
2021-01-03T23:59:59+01:00,0,0,1,0,1,2,1,5,4,2,4,5,5,4,5,9,1,15,0,0,0,0,0,0,0,0,0,0,0,0,0,0,0,0,0,0,64,0,0,0,0,0,0,0,0
2021-01-02T23:59:59+01:00,0,0,1,0,1,2,1,5,4,2,4,5,5,4,5,9,1,15,0,0,0,0,0,0,0,0,0,0,0,0,0,0,0,0,0,0,64,0,0,0,0,0,0,0,0
2021-01-01T23:59:59+01:00,0,0,1,0,1,2,1,4,4,2,4,5,5,4,5,9,1,15,0,0,0,0,0,0,0,0,0,0,0,0,0,0,0,0,0,0,63,0,0,0,0,0,0,0,0
2020-12-31T23:59:59+01:00,0,0,1,0,1,2,1,4,4,2,4,5,5,4,5,9,1,15,0,0,0,0,0,0,0,0,0,0,0,0,0,0,0,0,0,0,63,0,0,0,0,0,0,0,0
2020-12-30T23:59:59+01:00,0,0,1,0,1,2,1,4,4,2,3,5,5,4,5,9,1,15,0,0,0,0,0,0,0,0,0,0,0,0,0,0,0,0,0,0,62,0,0,0,0,0,0,0,0
2020-12-29T23:59:59+01:00,0,0,0,0,1,1,1,2,4,1,2,5,5,4,5,9,1,15,0,0,0,0,0,0,0,0,0,0,0,0,0,0,0,0,0,0,56,0,0,0,0,0,0,0,0
2020-12-28T23:59:59+01:00,0,0,0,0,1,1,1,1,2,0,1,5,4,1,1,0,0,2,0,0,0,0,0,0,0,0,0,0,0,0,0,0,0,0,0,0,20,0,0,0,0,0,0,0,0
2020-12-27T23:59:59+01:00,0,0,0,0,1,1,1,1,2,0,0,3,2,0,1,0,0,2,0,0,0,0,0,0,0,0,0,0,0,0,0,0,0,0,0,0,14,0,0,0,0,0,0,0,0
