Datum,<15_m,<15_w,15-24_1_m,15-24_1_w,25-34_1_m,25-34_1_w,35-44_1_m,35-44_1_w,45-54_1_m,45-54_1_w,55-64_1_m,55-64_1_w,65-74_1_m,65-74_1_w,75-84_1_m,75-84_1_w,>84_1_m,>84_1_w,<24_2_m,<24_2_w,25-34_2_m,25-34_2_w,35-44_2_m,35-44_2_w,45-54_2_m,45-54_2_w,55-64_2_m,55-64_2_w,65-74_2_m,65-74_2_w,75-84_2_m,75-84_2_w,>84_2_m,>84_2_w,bp_1,bp_2,mo_1,mo_2,az_1,az_2,ja,unb_1,unb_2
2021-08-17T23:59:59+02:00,3100,2894,32646,31533,49091,43728,50691,49333,61576,61861,71967,72545,52795,58378,36465,47248,11103,21108,24919,24093,43026,38069,46329,44829,57527,57722,68416,69051,50960,56239,35370,45753,10741,20353,551561,505829,76825,66557,105467,100358,24178,31,23
2021-08-16T23:59:59+02:00,3090,2877,32635,31512,49071,43712,50683,49320,61558,61846,71948,72531,52787,58370,36464,47239,11101,21106,23516,22723,42143,37251,46063,44549,57311,57468,68214,68891,50889,56159,35345,45708,10739,20343,551372,499633,76822,66528,105465,100345,24160,31,23
2021-08-15T23:59:59+02:00,3083,2866,32624,31496,49063,43707,50673,49311,61543,61832,71933,72519,52783,58363,36461,47239,11101,21106,21129,20296,41402,36726,45705,44196,56988,57178,67933,68636,50779,56057,35309,45653,10736,20334,551252,491056,76821,66350,105455,100329,24144,31,23
2021-08-14T23:59:59+02:00,3083,2866,32620,31494,49059,43707,50671,49309,61538,61830,71929,72513,52783,58363,36460,47239,11101,21106,21108,20272,41367,36697,45691,44183,56975,57169,67921,68625,50777,56055,35308,45652,10736,20333,551247,490886,76821,66349,105455,100329,24117,31,23
2021-08-13T23:59:59+02:00,3071,2849,32580,31469,49037,43693,50650,49294,61505,61799,71907,72493,52778,58355,36457,47234,11100,21103,20995,20190,41282,36602,45629,44133,56927,57132,67882,68593,50760,56044,35299,45644,10735,20331,551099,490317,76821,66349,105454,100308,23969,31,23
2021-08-12T23:59:59+02:00,3054,2823,32533,31421,49003,43653,50612,49266,61455,61772,71871,72458,52763,58337,36441,47225,11099,21100,20534,19884,40380,35835,45269,43808,56713,56959,67706,68430,50690,55963,35269,45599,10730,20324,550700,486219,76818,66348,105452,100263,23885,31,23
2021-08-11T23:59:59+02:00,3013,2792,32477,31378,48970,43621,50590,49242,61429,61746,71842,72431,52742,58313,36432,47216,11098,21096,19641,19002,39059,34652,44672,43234,56354,56633,67415,68159,50570,55826,35232,45540,10728,20311,550307,478834,76812,66344,105451,100243,23827,31,23
2021-08-10T23:59:59+02:00,2997,2773,32426,31335,48936,43593,50560,49210,61411,61707,71803,72387,52720,58297,36422,47193,11097,21091,18619,18041,36974,32798,43794,42362,55904,56240,67029,67818,50423,55673,35171,45445,10723,20292,549857,468656,76812,66342,105450,100233,23808,31,23
2021-08-09T23:59:59+02:00,2981,2766,32397,31312,48916,43579,50535,49194,61394,61691,71787,72372,52711,58288,36417,47183,11095,21090,17224,16662,34043,30415,43144,41749,55501,55886,66706,67497,50287,55529,35122,45397,10718,20274,549632,456724,76812,66339,105446,100220,23787,31,23
2021-08-08T23:59:59+02:00,2978,2766,32385,31302,48906,43574,50530,49189,61387,61684,71784,72371,52710,58286,36417,47180,11095,21089,17198,16633,34021,30402,43108,41717,55489,55873,66697,67492,50282,55524,35121,45394,10717,20273,549580,456541,76812,66334,105435,100201,23775,31,23
2021-08-07T23:59:59+02:00,2977,2761,32378,31292,48903,43566,50525,49189,61384,61681,71777,72369,52709,58284,36416,47180,11095,21089,17171,16603,33993,30383,43075,41687,55469,55856,66686,67485,50276,55522,35119,45394,10717,20272,549531,456314,76812,66331,105435,100200,23766,31,23
2021-08-06T23:59:59+02:00,2890,2669,32036,31069,48649,43373,50273,48964,61100,61478,71503,72203,52577,58180,36363,47128,11092,21080,16966,16468,33290,29911,42607,41320,55131,55632,66376,67310,50146,55428,35070,45358,10714,20265,549450,454653,75729,66050,105433,100198,21984,31,23
2021-08-05T23:59:59+02:00,2844,2631,31887,30955,48555,43283,50194,48911,61047,61435,71452,72162,52552,58161,36354,47111,11090,21078,16741,16219,31446,28492,41582,40386,54859,55286,66165,67140,50081,55352,35047,45319,10707,20256,548589,447928,75726,65978,105427,100077,21929,31,23
2021-08-04T23:59:59+02:00,2770,2555,31643,30763,48370,43149,50043,48801,60968,61359,71391,72109,52523,58121,36341,47096,11087,21073,16482,15977,31096,28272,40395,39315,54470,54956,65994,66990,50018,55269,35017,45292,10704,20249,547312,443644,75725,65959,105426,100004,21676,23,22
2021-08-03T23:59:59+02:00,2585,2375,31138,30302,48122,42905,49872,48610,60809,61186,71245,71963,52470,58050,36319,47068,11077,21059,16046,15535,30513,27747,38671,37702,53782,54313,65659,66681,49922,55141,34969,45241,10699,20240,544393,436008,75725,65954,105424,99985,21590,23,22
2021-08-02T23:59:59+02:00,2474,2279,30826,30020,47925,42724,49721,48482,60703,61083,71158,71882,52437,58018,36297,47049,11076,21056,15743,15266,30179,27396,36532,35880,53227,53803,65454,66506,49850,55056,34947,45213,10697,20236,542470,429190,75723,65951,105420,99875,21574,23,21
2021-08-01T23:59:59+02:00,2471,2276,30813,30015,47907,42715,49709,48474,60692,61073,71150,71876,52432,58010,36293,47049,11076,21056,15620,15143,30042,27284,34231,34027,52930,53554,65364,66438,49811,55016,34940,45195,10696,20234,542417,423754,75721,65948,105374,99854,21552,23,21
2021-07-31T23:59:59+02:00,2471,2276,30809,30011,47905,42713,49707,48474,60691,61073,71150,71874,52429,58008,36293,47049,11076,21055,15606,15132,30010,27265,34218,34020,52912,53546,65351,66433,49807,55011,34940,45194,10695,20233,542399,423610,75721,65947,105374,99851,21547,23,21
2021-07-30T23:59:59+02:00,2457,2271,30763,29967,47874,42692,49683,48449,60657,61044,71115,71855,52420,57997,36293,47049,11076,21053,15451,14833,29752,26952,34039,33771,52714,53254,65187,66231,49760,54965,34929,45182,10695,20232,542226,423261,75716,65938,105371,97946,21379,23,21
2021-07-29T23:59:59+02:00,2428,2251,30604,29876,47791,42632,49632,48383,60596,61003,71070,71809,52401,57978,36285,47033,11073,21048,15143,14559,29439,26741,32766,32835,51938,52645,64832,65968,49662,54874,34887,45125,10690,20224,541569,420595,75710,63230,105359,97802,21232,23,21
2021-07-28T23:59:59+02:00,2384,2214,30454,29768,47710,42566,49559,48314,60527,60926,71007,71753,52376,57941,36267,47013,11072,21043,14741,14189,29000,26426,32396,32508,51225,52037,64444,65642,49569,54773,34853,45068,10674,20206,540644,416475,75706,63177,105353,97414,21168,23,21
2021-07-27T23:59:59+02:00,2305,2141,30215,29500,47558,42394,49415,48180,60420,60803,70909,71668,52320,57881,36240,46975,11064,21036,14100,13541,28240,25804,31652,31860,49975,50945,63719,65078,49382,54569,34786,44953,10667,20188,538837,408185,75696,63151,105347,97321,21121,23,21
2021-07-26T23:59:59+02:00,2244,2086,30016,29267,47441,42266,49342,48098,60357,60739,70859,71623,52296,57849,36229,46962,11062,21027,13736,13168,27892,25517,31036,31453,48423,49582,62744,64252,49177,54365,34719,44872,10657,20176,537619,400503,75693,63146,105343,97291,21085,23,21
2021-07-25T23:59:59+02:00,1997,1885,29193,28596,47050,41956,49057,47814,60122,60516,70678,71466,52240,57774,36202,46920,11061,21020,13644,13108,27798,25455,30951,31387,48303,49520,62657,64204,49156,54349,34713,44864,10657,20175,533454,399880,75693,63139,105336,97131,21041,23,21
2021-07-24T23:59:59+02:00,1917,1818,28940,28366,46899,41851,48940,47718,59967,60398,70549,71386,52192,57744,36185,46899,11059,21020,13509,12998,27595,25322,30792,31262,48093,49352,62494,64109,49113,54319,34698,44846,10655,20173,532768,399277,75691,63136,105335,97129,20031,23,21
2021-07-23T23:59:59+02:00,1805,1697,28610,28042,46655,41701,48687,47507,59719,60209,70347,71259,52117,57673,36166,46862,11055,21011,13258,12776,27162,25009,30415,30959,47496,48862,62166,63874,49030,54253,34676,44802,10650,20164,531776,396883,75315,63083,105324,97127,18684,23,21
2021-07-22T23:59:59+02:00,1793,1690,28532,27965,46519,41562,48477,47298,59545,60070,70231,71131,52074,57636,36150,46845,11055,21011,13031,12526,26828,24677,30066,30642,45576,47306,61363,63174,48934,54151,34638,44759,10647,20154,531484,390208,74166,62934,105284,96906,18627,23,21
2021-07-21T23:59:59+02:00,1760,1651,28270,27761,46139,41231,47889,46745,58967,59592,69777,70746,51905,57475,36093,46790,11046,20998,12604,12091,26254,24136,29495,30077,41861,44076,59883,61914,48767,53972,34575,44677,10637,20127,530942,378609,70914,62429,105132,96464,17824,23,21
2021-07-20T23:59:59+02:00,1737,1636,28150,27627,46076,41174,47843,46707,58913,59543,69724,70702,51871,57448,36077,46764,11042,20990,12105,11560,25516,23445,28846,29329,38412,41087,58338,60453,48564,53752,34493,44585,10619,20107,530263,368239,70894,59040,105116,96342,17728,23,21
2021-07-19T23:59:59+02:00,1732,1635,28122,27592,46055,41161,47832,46694,58900,59527,69712,70700,51869,57444,36077,46760,11040,20990,12060,11533,25454,23411,28816,29297,38368,41055,58298,60426,48560,53744,34492,44582,10616,20106,530120,367929,70894,59027,105101,96293,17704,23,21
2021-07-18T23:59:59+02:00,1728,1630,28097,27566,46031,41152,47818,46681,58894,59518,69705,70691,51867,57443,36076,46759,11040,20989,11998,11508,25371,23372,28756,29264,38308,41028,58238,60385,48558,53740,34489,44581,10616,20106,529992,367597,70892,58997,105093,96173,17685,23,21
2021-07-17T23:59:59+02:00,1728,1628,28078,27553,46016,41143,47808,46677,58887,59513,69698,70687,51862,57440,36075,46759,11040,20989,11971,11497,25338,23336,28724,29244,38287,41011,58204,60361,48548,53731,34487,44581,10616,20106,529916,367349,70891,58994,105093,96171,17658,23,21
2021-07-16T23:59:59+02:00,1713,1609,27813,27364,45733,40979,47585,46504,58589,59311,69466,70546,51756,57367,36031,46723,11035,20987,11718,11303,25010,23097,28426,29014,37892,40736,57696,59939,48412,53618,34435,44531,10610,20102,529602,366151,70890,58991,104969,95897,15627,23,21
2021-07-15T23:59:59+02:00,1615,1496,27350,26978,45477,40743,47439,46391,58450,59199,69364,70461,51717,57326,36016,46701,11034,20981,11425,11077,24530,22751,28063,28742,37500,40459,55654,57897,48242,53418,34378,44447,10602,20091,527294,359223,70887,58906,104961,95686,15573,23,21
2021-07-14T23:59:59+02:00,1448,1364,26786,26445,45171,40454,47239,46207,58268,59001,69204,70316,51657,57267,35990,46671,11028,20976,11238,10889,24120,22399,27711,28424,36977,40058,54438,56721,48105,53267,34327,44383,10594,20069,524135,355519,70881,57248,104942,95540,15511,23,21
2021-07-13T23:59:59+02:00,1164,1061,25836,25549,44679,40045,46883,45890,57946,58717,68929,70069,51544,57141,35947,46617,11024,20961,10893,10551,23588,21855,27094,27841,35601,38867,50313,52825,47743,52880,34199,44235,10577,20041,518764,346288,70874,52053,104939,95433,15402,23,21
2021-07-12T23:59:59+02:00,700,664,24457,24290,44119,39565,46684,45674,57733,58522,68747,69899,51482,57050,35929,46592,11022,20953,10660,10443,23383,21717,26843,27706,35357,38700,49872,52407,47669,52795,34169,44200,10577,20035,512875,344837,70874,52027,104935,94355,15376,22,21
2021-07-11T23:59:59+02:00,697,659,24436,24270,44090,39545,46666,45663,57720,58510,68734,69897,51481,57047,35926,46588,11021,20953,10564,10358,23166,21594,26579,27607,35049,38618,49160,51921,46186,51213,34079,44094,10577,20033,512791,344333,70871,51982,104923,89247,15296,22,21
2021-07-10T23:59:59+02:00,695,654,24429,24264,44085,39537,46663,45660,57713,58509,68734,69896,51481,57047,35926,46588,11021,20953,10552,10349,23142,21575,26565,27598,35026,38613,49147,51916,46172,51197,34077,44093,10577,20033,512757,344229,70868,51981,104921,89191,15287,22,21
2021-07-09T23:59:59+02:00,688,644,23982,23804,43810,39300,46594,45600,57654,58468,68684,69871,51465,57035,35922,46580,11020,20953,10474,10178,23048,21387,26504,27389,34959,38397,49083,51813,46150,51173,34073,44090,10577,20033,511006,343004,70865,51968,104917,89148,15264,22,21
2021-07-08T23:59:59+02:00,622,577,22906,22804,43011,38698,46342,45399,57446,58325,68487,69733,51388,56971,35894,46557,11018,20945,10219,9987,22671,21135,26112,27127,34482,38087,48477,51295,45814,50808,34003,44012,10570,20011,506336,339437,70840,51820,104859,88533,15066,22,21
2021-07-07T23:59:59+02:00,570,529,21584,21409,42276,38010,46124,45179,57208,58137,68321,69575,51303,56889,35857,46504,11011,20931,9846,9682,21795,20545,25012,26337,32646,36721,47560,50409,45314,50271,33899,43873,10563,19993,500962,334508,70669,47445,104836,87620,14928,22,21
2021-07-06T23:59:59+02:00,512,466,20359,20129,41429,37364,45651,44830,56815,57835,67999,69320,51204,56765,35813,46453,11003,20922,9455,9302,20933,19950,24052,25683,31157,35527,46371,49214,44536,49492,33765,43697,10550,19973,496499,327203,68750,45342,104814,86351,14784,22,21
2021-07-05T23:59:59+02:00,476,438,18953,18746,40568,36562,45435,44607,56634,57632,67838,69192,51149,56710,35792,46424,11001,20915,9167,9048,20372,19568,23386,25265,30520,35100,45613,48601,43781,48703,33635,43509,10541,19961,490787,321432,68747,45320,104810,85323,14712,16,21
2021-07-04T23:59:59+02:00,469,432,17165,16706,40225,36332,45347,44534,56550,57563,67759,69123,51116,56684,35782,46404,10999,20913,9107,8996,20234,19503,23212,25187,30266,35021,44821,48474,42418,47356,33557,43435,10539,19955,485932,320973,68720,45275,104793,81208,14642,16,21
2021-07-03T23:59:59+02:00,469,431,17144,16686,40175,36284,45331,44519,56543,57559,67753,69116,51114,56681,35782,46404,10999,20912,9064,8955,20168,19435,23153,25123,30182,34942,44601,48298,42350,47282,33512,43376,10536,19955,485749,320017,68718,45274,104792,81030,14627,16,21
2021-07-02T23:59:59+02:00,448,408,17030,16581,39706,35910,45218,44422,56490,57517,67705,69085,51103,56676,35776,46392,10999,20911,8905,8789,19840,19157,22768,24745,29763,34530,43975,47653,42148,47053,33414,43240,10531,19951,484254,317027,68702,44239,104790,80596,14615,16,21
2021-07-01T23:59:59+02:00,397,368,16724,16302,37972,34575,44645,43924,56230,57310,67533,68917,51023,56586,35748,46353,10995,20903,8533,8397,18979,18453,21804,23894,28378,33343,40951,44692,41152,45974,32801,42514,10514,19922,478777,309562,68628,39359,104767,77068,14317,16,21
2021-06-30T23:59:59+02:00,349,325,16434,16056,35782,32749,44022,43295,56008,57115,67331,68726,50941,56494,35719,46299,10991,20887,8175,8061,18311,17829,20923,23066,27104,32087,36324,39830,40074,44832,32139,41727,10493,19897,471926,299109,68585,33338,104748,74180,14248,16,21
2021-06-29T23:59:59+02:00,310,288,16215,15856,34778,31667,43574,42850,55826,56956,67161,68577,50865,56421,35682,46254,10983,20880,7595,7454,17181,16896,19672,21849,25411,30414,33582,36712,37225,41790,31400,40841,10470,19859,467732,282943,68577,33291,104735,68034,14083,16,19
2021-06-28T23:59:59+02:00,300,266,16073,15700,33058,30243,43254,42555,55663,56817,67044,68472,50819,56368,35664,46233,10980,20868,7293,7193,16631,16521,19280,21535,24903,30030,32991,36214,35847,40304,30613,39906,10466,19848,463307,279897,68555,33241,104713,62648,13786,16,19
2021-06-27T23:59:59+02:00,300,266,16051,15677,32904,30155,43192,42526,55626,56808,67018,68464,50814,56364,35661,46232,10980,20867,7249,7165,16493,16454,19116,21473,24701,29957,32763,36075,34593,39036,28988,37984,10465,19847,462985,279726,68552,33202,104706,55781,13646,16,19
2021-06-26T23:59:59+02:00,298,264,16030,15657,32880,30138,43147,42486,55603,56794,67012,68461,50812,56363,35659,46231,10980,20867,7245,7153,16473,16442,19100,21465,24668,29935,32742,36054,34580,39024,28986,37981,10465,19847,462765,279533,68550,33202,104706,55776,13645,16,19
2021-06-25T23:59:59+02:00,293,263,15976,15612,32766,30038,42955,42327,55548,56749,66972,68437,50802,56352,35655,46230,10980,20867,7058,6877,16193,15933,18833,20812,24302,29000,32355,35335,34418,38808,28963,37951,10465,19847,461944,276864,68549,33193,104689,53465,13624,16,19
2021-06-24T23:59:59+02:00,272,250,15708,15412,32318,29751,41486,41082,55086,56392,66741,68278,50749,56297,35639,46203,10975,20857,6743,6652,15501,15489,17382,19797,22229,27447,31258,34441,34016,38387,28840,37771,10453,19833,457382,267188,68548,33141,104685,53040,12865,16,19
2021-06-23T23:59:59+02:00,257,233,15428,15119,31820,29351,39382,39258,54539,55849,66490,68057,50660,56188,35599,46157,10970,20844,6537,6490,15138,15212,16857,19348,21349,26649,29565,33087,33261,37542,28649,37531,10446,19818,450308,259401,68502,33051,104682,52327,12693,16,19
2021-06-22T23:59:59+02:00,235,198,15046,14727,31152,28720,35937,36206,53627,55049,66188,67752,50554,56066,35561,46101,10966,20830,6362,6279,14736,14887,16058,18632,19933,25336,27965,31436,32463,36568,28110,36925,10428,19787,439363,249323,68470,32969,104678,51214,12388,16,19
2021-06-21T23:59:59+02:00,220,192,14806,14554,30464,28257,33767,34243,53164,54625,66009,67635,50473,55992,35535,46079,10961,20825,6266,6196,14576,14770,15888,18498,19813,25225,27858,31351,32308,36429,26903,35699,10428,19784,432538,248653,68448,32923,104647,48253,12152,16,19
2021-06-20T23:59:59+02:00,213,191,14681,14465,28564,26929,33159,33798,53076,54529,65940,67598,50452,55966,35527,46076,10960,20823,5821,5901,13633,14138,15072,17916,19264,24870,27548,31155,32144,36254,26877,35668,10426,19780,428180,243722,68444,32887,104643,48183,11664,16,19
2021-06-19T23:59:59+02:00,207,186,14656,14432,28450,26847,33128,33771,53054,54513,65924,67587,50446,55957,35525,46071,10959,20821,5606,5740,13071,13726,14465,17440,18937,24669,27355,30984,32065,36154,26860,35654,10426,19780,427774,240197,68442,32885,104643,48180,11659,16,19
2021-06-18T23:59:59+02:00,205,179,14567,14347,28350,26782,31882,32863,52688,54206,65791,67495,50415,55923,35507,46045,10955,20817,5541,5666,12973,13642,14302,17318,18701,24441,26535,30318,31861,35918,26794,35579,10422,19773,427288,237259,65471,32779,104634,48127,11608,16,19
2021-06-17T23:59:59+02:00,191,163,14197,14085,27756,26536,31393,32603,51900,53640,65364,67229,50335,55824,35474,46004,10949,20805,5166,5406,12189,13171,13516,16707,17611,23516,24383,28354,31221,35184,26598,35302,10405,19759,424101,228269,65466,32501,104610,47449,10258,13,19
2021-06-16T23:59:59+02:00,162,135,13770,13686,27294,26182,30954,32247,51088,52937,64912,66843,50219,55704,35445,45947,10938,20793,4802,4965,11468,12495,12728,16015,16512,22395,21418,25492,30156,33981,26302,34899,10390,19718,419257,214242,65424,32473,104604,47052,9958,13,19
2021-06-15T23:59:59+02:00,101,82,13142,13069,26542,25604,30173,31654,49836,51873,64201,66319,50040,55509,35377,45835,10929,20774,4306,4335,10498,11560,11576,14636,14781,20691,17993,22191,28788,32545,25917,34380,10364,19674,411555,195636,65408,32358,104598,46744,9486,13,19
2021-06-14T23:59:59+02:00,71,61,12738,12697,26137,25279,29512,31191,48042,50406,63150,65486,49825,55284,35300,45759,10921,20762,4206,4282,10323,11432,11436,14504,14603,20571,17801,22033,28718,32465,25898,34353,10361,19673,403696,195207,65399,32087,104596,46437,8917,13,19
2021-06-13T23:59:59+02:00,70,60,12697,12653,26064,25247,29449,31164,47988,50381,63115,65462,49818,55281,35298,45756,10920,20759,4053,4205,9996,11304,11113,14393,14309,20461,17403,21690,27208,30826,25758,34158,10357,19662,403494,194472,65326,27424,104589,46229,8760,13,19
2021-06-12T23:59:59+02:00,70,59,12680,12637,26050,25237,29438,31152,47929,50311,63073,65426,49817,55278,35298,45756,10920,20759,4051,4195,9980,11290,11105,14379,14290,20444,17383,21681,27167,30781,25753,34152,10357,19662,403203,194289,65326,27422,104588,46188,8760,13,19
2021-06-11T23:59:59+02:00,68,56,12581,12507,25925,25123,29317,31028,47694,50086,62941,65307,49793,55252,35287,45745,10918,20757,3957,3926,9455,10100,10674,13471,14001,19888,17110,21204,26760,30360,25663,34070,10354,19660,401939,193249,65317,27418,104546,41405,8570,13,19
2021-06-10T23:59:59+02:00,61,49,12337,12295,25607,24843,28972,30762,46624,49071,62206,64738,49708,55158,35253,45693,10908,20744,3689,3562,8686,8850,9774,11827,12700,17140,15326,17608,25056,28445,25367,33770,10348,19636,397073,187762,65266,26978,104346,28701,8331,13,19
2021-06-09T23:59:59+02:00,48,37,12046,11972,25200,24437,28579,30366,44619,47249,61116,63800,49604,55038,35207,45639,10903,20726,3445,3442,8271,8597,9266,11507,12189,16750,14620,17013,21236,24142,25141,33469,10336,19610,389095,176233,65145,26636,104345,28165,7988,13,19
2021-06-08T23:59:59+02:00,42,26,11616,11440,24540,23815,27923,29704,41452,44404,59343,62168,49436,54848,35134,45549,10893,20704,3236,3306,7874,8339,8651,11135,11524,16328,13964,16369,15864,18204,24750,32943,10318,19582,376450,161063,65084,26303,104335,27863,7155,13,10
2021-06-07T23:59:59+02:00,37,19,11455,11251,24190,23541,27647,29498,38825,42476,58914,61806,49402,54817,35122,45528,10891,20698,3140,3238,7567,8163,8334,10959,10951,15878,13464,15892,15788,18126,24722,32893,10316,19575,370812,160749,64657,24480,104326,27464,6310,12,10
2021-06-06T23:59:59+02:00,34,18,11319,11145,23871,23312,27438,29325,37226,41290,58790,61728,49378,54789,35114,45514,10891,20696,3037,3188,7296,8075,8065,10794,10215,15197,12870,15274,15637,18015,24708,32870,10314,19575,370406,160636,61278,21327,104316,27298,5866,12,10
2021-06-05T23:59:59+02:00,34,17,11301,11128,23828,23277,27403,29299,37199,41276,58692,61643,49367,54783,35112,45512,10891,20693,3025,3177,7273,8043,8036,10778,10185,15183,12830,15250,15516,17851,24703,32862,10313,19574,370076,160212,61276,21326,104316,27283,5775,12,10
2021-06-04T23:59:59+02:00,34,15,11116,10869,23466,22813,27130,28902,36774,40827,58074,61103,49333,54742,35102,45494,10890,20687,3001,3160,7244,8027,8015,10760,10156,15158,12796,15216,15305,17645,24692,32841,10311,19573,368280,159629,59007,21313,104303,27186,5769,12,10
2021-06-03T23:59:59+02:00,32,14,10896,10653,23010,22421,26706,28567,35679,40000,55316,58753,49204,54584,35059,45431,10885,20672,2912,3079,7036,7872,7559,10463,9131,14530,11556,14519,14127,16181,24515,32624,10299,19554,364346,156286,54085,17602,104253,26879,5187,11,10
2021-06-02T23:59:59+02:00,32,14,10861,10620,22974,22387,26675,28542,35648,39959,55189,58595,49190,54561,35053,45424,10885,20671,2872,3050,6981,7854,7500,10430,8976,14491,11333,14456,12781,14707,24396,32452,10294,19547,363762,152488,54079,17591,104253,26863,5175,11,10
2021-06-01T23:59:59+02:00,19,7,10448,10278,22318,21880,25992,27959,34927,39383,52191,55450,48801,54152,34935,45262,10869,20645,2413,2691,5630,7169,6232,9856,7588,13822,10200,13493,8477,9151,23923,31772,10271,19489,353013,134314,53909,17224,104234,26287,4349,11,10
2021-05-31T23:59:59+02:00,18,6,10174,10050,21745,21483,25584,27709,34606,39180,50743,54054,48702,54027,34902,45221,10862,20637,2304,2567,5344,6924,5972,9636,7223,13581,9944,13334,8426,9089,23897,31725,10263,19476,348287,133544,53870,17105,104210,25728,3325,11,10
2021-05-30T23:59:59+02:00,17,6,10120,10002,21656,21445,25519,27676,34494,39109,50380,53713,48678,54002,34896,45215,10860,20634,2269,2537,5239,6846,5870,9568,7034,13493,9719,13238,8382,9042,23881,31718,10262,19471,347105,132950,53851,16932,104196,25425,3259,11,10
2021-05-29T23:59:59+02:00,16,6,10105,9990,21622,21427,25502,27664,34473,39096,50367,53695,48674,53998,34893,45214,10860,20634,2250,2483,5195,6721,5810,9436,6918,13296,9581,13017,8309,8952,23814,31651,10261,19470,346949,132673,53851,16880,104175,24358,3250,11,10
2021-05-28T23:59:59+02:00,16,6,10047,9922,21547,21319,25424,27546,34396,38996,50289,53597,48653,53980,34885,45204,10860,20630,2166,2216,4577,6180,5189,8714,6547,12333,9086,12022,8134,8755,23446,31171,10260,19467,346106,131181,53840,16782,104117,19054,3243,11,10
2021-05-27T23:59:59+02:00,15,6,9783,9674,21019,20941,24881,27188,33872,38618,49675,52989,48485,53787,34815,45129,10856,20611,1925,1948,3996,5659,4511,8112,6038,11567,8144,10701,7630,8097,21892,29022,10245,19445,341828,125537,53431,15648,104008,14676,3066,11,10
2021-05-26T23:59:59+02:00,15,6,9509,9428,20295,20373,24011,26517,32611,37590,48911,52286,48231,53498,34741,45015,10845,20587,1870,1877,3902,5532,4378,7949,5832,11306,7819,10317,7069,7372,19467,25601,10227,19402,337120,117077,50456,15394,103955,14516,2927,11,10
2021-05-25T23:59:59+02:00,14,6,9244,9194,19882,20016,23573,26126,32103,37075,48018,51310,47933,53183,34658,44875,10833,20557,1804,1829,3782,5435,4241,7804,5624,11084,7509,9998,6446,6533,15359,20242,10207,19344,331549,104931,50376,15350,103882,14172,2782,11,10
2021-05-24T23:59:59+02:00,13,6,9025,9038,19314,19727,22803,25739,30589,36057,47794,51137,47840,53082,34629,44845,10831,20556,1779,1814,3736,5401,4178,7762,5559,11025,7434,9941,6420,6509,15345,20233,10207,19344,329968,104814,46573,15337,103824,13881,2649,11,10
2021-05-23T23:59:59+02:00,13,6,8817,8831,18955,19435,22381,25391,30165,35736,47202,50626,47406,52627,34527,44699,10823,20547,1777,1813,3727,5396,4174,7758,5549,11016,7425,9931,6416,6498,15345,20231,10207,19344,325135,104757,46571,15335,103823,13862,2647,11,10
2021-05-22T23:59:59+02:00,13,6,8786,8794,18905,19392,22334,25359,30112,35706,47093,50556,47387,52605,34524,44690,10820,20547,1776,1810,3714,5383,4170,7752,5545,11010,7418,9927,6414,6496,15343,20231,10207,19344,324592,104725,46571,15335,103822,13841,2633,11,10
2021-05-21T23:59:59+02:00,12,6,8512,8441,18466,18876,21975,24717,29686,34897,46604,49891,47299,52483,34486,44647,10817,20542,1713,1769,3635,5344,4128,7718,5513,10965,7377,9878,6386,6470,15266,20134,10206,19343,319395,104414,46542,15334,103798,13480,2611,11,10
2021-05-20T23:59:59+02:00,12,6,7938,7890,17517,18082,20973,23799,28368,33699,44856,48070,46860,52023,34378,44493,10800,20523,1411,1607,3322,5055,3861,7330,5218,10486,6998,9425,6152,6216,13961,18598,10183,19304,307793,100676,46456,14853,103571,11136,2456,11,10
2021-05-19T23:59:59+02:00,12,6,7672,7575,16913,17479,20075,22926,27141,32442,43064,45982,46328,51467,34227,44273,10779,20493,1347,1524,3119,4841,3654,7079,4994,10133,6701,9094,5870,5883,11766,15761,10166,19245,296665,94468,46416,14382,103524,10084,2238,11,9
2021-05-18T23:59:59+02:00,11,6,7146,7031,15758,16454,18808,21677,25631,30815,40374,42750,45499,50522,33989,43969,10754,20451,1326,1498,3059,4770,3578,6960,4858,10000,6519,8883,5604,5607,10068,13595,10142,19190,280870,89342,45212,14332,103423,9847,2131,9,9
2021-05-17T23:59:59+02:00,11,6,7066,6970,15575,16344,18594,21508,25233,30488,38621,41113,45389,50444,33942,43903,10745,20428,1293,1475,3003,4725,3515,6901,4790,9898,6424,8782,5563,5567,10054,13578,10139,19182,280656,89275,40443,14050,103379,9666,1893,9,9
2021-05-16T23:59:59+02:00,10,5,6951,6918,15455,16256,18465,21402,25051,30374,35639,38343,45353,50409,33920,43879,10742,20423,1269,1457,2959,4684,3467,6844,4704,9830,6328,8702,5533,5530,10042,13562,10137,19179,280377,89227,34295,13782,103258,9557,1656,9,9
2021-05-15T23:59:59+02:00,10,5,6927,6887,15394,16198,18419,21362,24984,30331,35603,38302,45330,50382,33913,43874,10742,20423,1257,1431,2927,4611,3448,6775,4685,9749,6306,8652,5527,5525,10037,13561,10137,19179,279895,89172,34295,13778,103244,9209,1643,9,9
2021-05-14T23:59:59+02:00,10,5,6750,6519,15049,15699,18107,20945,24650,29869,35357,37950,45301,50351,33903,43869,10742,20421,1200,1370,2849,4507,3401,6673,4621,9598,6224,8523,5497,5481,10024,13552,10137,19178,278839,89087,34147,13759,100924,8406,1578,9,9
2021-05-13T23:59:59+02:00,10,5,6400,6203,14293,15115,17402,20316,23793,29127,34589,37280,45013,50008,33824,43743,10738,20410,1023,1286,2653,4398,3283,6552,4480,9430,6102,8380,5454,5443,10009,13536,10133,19173,272437,88939,33823,13678,100709,7422,1291,9,9
2021-05-12T23:59:59+02:00,10,5,6000,5931,13313,14438,16382,19515,23127,28691,34283,36999,44830,49814,33793,43712,10735,20407,1020,1284,2646,4392,3264,6548,4475,9420,6094,8375,5448,5437,10007,13531,10132,19172,266179,88878,33814,13668,100705,7417,1278,9,8
2021-05-11T23:59:59+02:00,10,5,5625,5707,12727,13992,14578,18074,20175,26165,31968,34671,43777,48554,33469,43240,10706,20358,958,1210,2530,4220,3158,6316,4356,9133,5978,8149,5377,5359,9965,13471,10124,19156,248890,88406,33537,13452,100267,6499,1098,9,8
2021-05-10T23:59:59+02:00,10,5,5476,5610,12455,13866,14228,17852,19373,25594,30590,33652,43245,47943,33412,43152,10698,20338,915,1151,2431,4058,3064,6114,4231,8869,5856,7953,5340,5329,9953,13455,10120,19147,243415,88299,33326,13391,99963,5505,786,9,8
2021-05-09T23:59:59+02:00,10,5,5070,5369,11260,13333,13227,17489,18351,25264,30047,33361,43189,47871,33387,43137,10695,20331,891,1121,2332,3953,2974,5975,4099,8694,5762,7848,5332,5315,9946,13451,10115,19144,238081,88254,33254,13349,99624,4917,428,9,7
2021-05-08T23:59:59+02:00,10,5,5059,5360,11238,13314,13202,17470,18321,25231,30007,33318,43181,47860,33386,43133,10695,20331,887,1115,2319,3945,2968,5975,4095,8688,5759,7845,5329,5312,9943,13446,10115,19144,237813,88226,33253,13349,99623,4883,423,9,7
2021-05-07T23:59:59+02:00,10,5,4958,5277,11010,13146,12910,17254,17713,24630,29059,32424,42990,47620,33330,43061,10691,20325,860,1084,2283,3890,2922,5929,4040,8634,5676,7792,5282,5265,9931,13437,10115,19143,235321,88091,31360,13346,99515,4634,208,9,7
2021-05-06T23:59:59+02:00,10,5,4543,4997,10342,12729,12151,16589,16108,23187,26511,30032,42287,46871,33164,42825,10675,20302,804,1029,2147,3640,2754,5620,3846,8161,5480,7470,5231,5212,9908,13409,10113,19135,226559,87909,28012,13032,98700,2966,48,9,7
2021-05-05T23:59:59+02:00,10,5,4230,4770,9747,12283,11432,16009,15006,22160,23663,27273,41310,45766,32882,42438,10657,20261,790,1007,2085,3515,2697,5465,3753,7950,5384,7334,5182,5157,9871,13370,10111,19132,213547,87648,27830,12894,98476,2217,40,9,7
2021-05-04T23:59:59+02:00,10,5,3880,4312,9077,11585,10661,15169,13702,20906,20060,23866,39962,44306,32510,41918,10634,20223,772,977,2018,3398,2627,5330,3661,7799,5289,7211,5144,5112,9841,13341,10109,19129,196480,87432,27812,12596,98451,1692,34,9,7
2021-05-03T23:59:59+02:00,10,4,3638,3890,8666,11091,10183,14544,13167,20251,19338,23219,39697,44055,32431,41815,10631,20208,758,948,1951,3293,2570,5223,3601,7685,5239,7124,5129,5101,9826,13324,10106,19124,190619,87292,27800,12588,98388,1096,22,9,7
2021-05-02T23:59:59+02:00,10,4,3635,3888,8648,11084,10174,14536,13146,20239,19320,23210,39696,44054,32430,41814,10630,20208,754,931,1921,3212,2524,5127,3554,7560,5219,7058,5125,5098,9825,13320,10106,19122,190531,87274,27787,12557,98381,603,18,9,7
2021-05-01T23:59:59+02:00,10,4,3633,3881,8636,11071,10166,14527,13139,20237,19309,23201,39696,44052,32430,41814,10630,20208,753,931,1920,3212,2524,5127,3554,7560,5219,7058,5125,5098,9825,13320,10105,19122,190451,87273,27786,12556,98381,603,17,9,7
2021-04-30T23:59:59+02:00,10,3,3610,3858,8590,11035,10123,14488,13078,20198,19206,23050,39428,43729,32409,41794,10629,20208,750,927,1907,3203,2523,5118,3551,7553,5217,7051,5122,5095,9821,13319,10105,19122,189527,87247,27517,12553,98376,563,17,9,7
2021-04-29T23:59:59+02:00,10,3,3344,3685,8157,10761,9575,14203,12586,19835,18469,22323,36370,40279,32149,41426,10617,20170,737,913,1859,3142,2474,5052,3485,7411,5125,6952,5084,5061,9799,13276,10103,19116,183987,87043,21680,12397,98270,129,16,9,7
2021-04-28T23:59:59+02:00,10,3,3183,3618,7893,10651,9178,14029,12211,19598,17983,21888,32581,35962,31931,41125,10604,20148,721,898,1833,3103,2429,5003,3448,7354,5060,6891,5023,5001,9747,13218,10100,19107,172825,86837,21527,11965,98224,119,11,9,7
2021-04-27T23:59:59+02:00,9,3,3102,3552,7633,10519,8825,13856,11726,19373,17505,21399,27019,29772,31554,40618,10583,20116,711,884,1801,3066,2394,4957,3395,7295,5005,6815,4972,4932,9712,13167,10097,19098,157483,86630,21505,11541,98156,116,11,9,6
2021-04-26T23:59:59+02:00,9,3,3049,3518,7492,10454,8659,13797,11495,19305,16980,21012,26985,29738,31540,40603,10583,20116,688,853,1733,3006,2328,4901,3329,7206,4912,6713,4875,4857,9631,13084,10095,19095,156906,86505,21287,10671,97125,116,11,9,6
2021-04-25T23:59:59+02:00,9,3,3011,3501,7330,10402,8421,13747,11163,19261,16152,20541,25429,28081,31485,40540,10583,20113,688,851,1727,3001,2321,4898,3324,7198,4908,6704,4872,4852,9623,13073,10095,19095,156421,86482,21277,10634,92054,100,11,9,6
2021-04-24T23:59:59+02:00,9,3,3007,3495,7314,10389,8410,13739,11149,19252,16135,20523,25386,28018,31482,40534,10582,20112,688,851,1727,3000,2321,4898,3323,7198,4908,6704,4872,4851,9621,13072,10095,19095,156219,86476,21273,10634,92027,100,11,9,6
2021-04-23T23:59:59+02:00,9,3,2989,3477,7272,10346,8365,13694,11083,19192,16075,20459,24963,27514,31449,40478,10579,20109,680,843,1709,2991,2305,4869,3271,7160,4809,6609,4735,4728,9454,12874,10089,19080,155030,86186,21133,9906,91873,100,11,9,6
2021-04-22T23:59:59+02:00,8,3,2910,3395,7080,10162,7823,13286,9875,18399,14523,19417,22949,25082,31238,40209,10560,20081,615,792,1594,2879,2180,4705,3109,6989,4625,6409,4580,4554,8944,12220,10053,19001,150231,84275,15837,8879,90912,81,11,9,6
2021-04-21T23:59:59+02:00,8,3,2857,3347,6956,10073,7612,13131,9509,18158,14053,18971,20443,21945,30941,39823,10543,20055,566,768,1514,2800,2094,4614,2983,6846,4462,6245,4394,4375,8376,11463,10010,18912,143232,82488,15074,7847,90103,73,11,8,6
2021-04-20T23:59:59+02:00,8,3,2817,3308,6849,9984,7474,13022,9257,17940,13562,18578,17055,17882,30628,39348,10526,20019,536,734,1441,2736,2007,4535,2883,6728,4326,6083,4208,4181,7516,10255,9942,18760,134379,79576,14829,7214,89033,68,11,8,5
2021-04-19T23:59:59+02:00,8,3,2803,3301,6802,9943,7422,12987,9181,17866,13425,18463,16722,17501,30596,39313,10525,20015,477,694,1323,2641,1908,4438,2750,6570,4129,5891,3955,3879,5690,7839,9727,18365,134068,73766,14634,6432,88155,65,11,8,5
2021-04-18T23:59:59+02:00,8,3,2787,3287,6726,9917,7317,12938,8985,17799,12589,18335,15313,16095,30528,39252,10522,20008,472,688,1314,2633,1893,4427,2717,6541,4068,5842,3879,3808,5280,7216,9682,18282,133855,72282,14491,6386,84044,61,11,8,5
2021-04-17T23:59:59+02:00,8,3,2777,3283,6709,9895,7287,12917,8953,17760,12557,18315,15260,16045,30474,39180,10521,20008,472,686,1314,2632,1892,4423,2713,6536,4065,5838,3878,3806,5275,7215,9681,18281,133501,72247,14490,6386,83942,61,11,8,5
2021-04-16T23:59:59+02:00,8,3,2764,3269,6675,9880,7236,12878,8878,17708,12449,18213,15015,15768,29956,38533,10518,20001,472,684,1308,2627,1883,4421,2708,6530,4057,5830,3873,3800,5258,7185,9681,18279,131980,72150,14483,6375,83270,58,11,8,5
2021-04-15T23:59:59+02:00,8,3,2713,3212,6542,9779,7047,12700,8535,17435,11975,17748,13959,14552,27842,35727,10502,19978,463,678,1303,2601,1868,4398,2685,6502,4014,5777,3818,3725,5227,7134,9673,18267,126065,71835,14207,6239,79967,47,10,8,5
2021-04-14T23:59:59+02:00,7,1,2657,3163,6448,9684,6903,12540,8264,17168,11545,17285,12779,13169,23135,29651,10484,19924,460,672,1289,2591,1856,4381,2663,6477,3971,5740,3771,3674,5167,7080,9645,18231,113695,71544,14174,6087,76921,25,10,7,5
2021-04-13T23:59:59+02:00,7,1,2605,3129,6320,9598,6752,12409,7985,16919,11121,16864,10117,10247,20064,25489,10462,19882,444,647,1241,2548,1803,4319,2554,6375,3792,5578,3558,3489,5021,6942,9636,18209,105290,71200,13980,4923,70684,21,10,7,5
2021-04-12T23:59:59+02:00,7,1,2584,3115,6260,9570,6646,12322,7793,16791,10874,16657,8754,8756,19244,24518,10461,19873,438,638,1221,2533,1787,4296,2520,6333,3739,5526,3497,3440,4986,6901,9631,18187,105172,71059,13926,4586,65111,16,10,7,5
2021-04-11T23:59:59+02:00,7,1,2556,3107,6164,9543,6531,12285,7628,16741,10675,16552,7484,7479,17518,22541,10459,19870,438,638,1220,2531,1787,4295,2520,6333,3737,5521,3493,3439,4980,6899,9631,18187,105103,71049,13920,4576,58101,12,10,7,5
2021-04-10T23:59:59+02:00,7,1,2555,3105,6154,9538,6522,12280,7623,16736,10668,16543,7476,7467,17509,22535,10459,19870,437,635,1218,2528,1786,4293,2518,6328,3734,5520,3484,3425,4972,6885,9631,18187,105021,70989,13919,4569,58092,12,9,7,5
2021-04-09T23:59:59+02:00,7,1,2493,3007,6019,9328,6365,12018,7364,16329,10356,16044,7319,7262,17393,22355,10458,19868,432,630,1200,2516,1759,4278,2487,6279,3655,5441,3371,3315,4834,6796,9626,18184,104552,70907,13890,3875,55528,10,9,7,5
2021-04-08T23:59:59+02:00,7,1,2414,2935,5923,9209,6262,11890,7193,16143,10100,15856,7125,7003,16134,20895,10447,19838,425,625,1188,2484,1734,4242,2460,6206,3603,5375,3297,3270,4755,6691,9604,18139,100903,70467,13536,3611,54920,9,9,7,5
2021-04-07T23:59:59+02:00,7,1,2387,2899,5850,9138,6174,11815,7060,16044,9858,15705,6828,6676,13820,17947,10426,19791,420,624,1178,2471,1721,4219,2446,6166,3536,5316,3226,3218,4700,6632,9597,18111,94750,70194,13375,3368,54285,8,9,7,5
2021-04-06T23:59:59+02:00,7,1,2370,2866,5754,9072,6083,11736,6907,15931,9618,15522,6471,6314,11721,15347,10399,19732,417,617,1171,2444,1709,4196,2420,6128,3472,5251,3142,3168,4655,6578,9592,18095,89723,69951,13075,3087,53039,8,7,7,5
2021-04-05T23:59:59+02:00,7,1,2362,2857,5736,9055,6071,11717,6894,15912,9598,15497,6347,6216,10441,14060,10399,19731,413,609,1167,2429,1703,4180,2404,6098,3439,5210,3112,3131,4634,6532,9586,18079,89644,69761,13039,2950,50205,7,6,7,5
2021-04-04T23:59:59+02:00,7,1,2362,2857,5733,9052,6069,11717,6892,15912,9596,15496,6342,6212,10441,14058,10399,19731,413,608,1167,2428,1703,4180,2403,6098,3439,5210,3112,3131,4632,6532,9586,18079,89635,69757,13037,2949,50192,7,6,7,5
2021-04-03T23:59:59+02:00,7,1,2360,2849,5725,9045,6064,11713,6889,15908,9593,15494,6339,6207,10434,14055,10399,19731,413,608,1167,2428,1703,4180,2403,6098,3439,5209,3112,3131,4632,6532,9586,18079,89578,69756,13036,2949,50186,7,6,7,5
2021-04-02T23:59:59+02:00,7,1,2359,2847,5719,9038,6062,11710,6885,15907,9589,15492,6335,6201,10420,14026,10398,19730,411,606,1166,2428,1702,4179,2402,6098,3438,5202,3086,3114,4622,6523,9586,18079,89495,69679,13033,2948,50185,7,6,7,5
2021-04-01T23:59:59+02:00,7,1,2338,2844,5689,9009,6019,11668,6842,15852,9534,15436,6242,6104,10125,13679,10375,19682,409,590,1163,2422,1695,4168,2386,6081,3412,5181,3024,3066,4563,6451,9511,17966,88508,69129,13012,2945,49914,7,5,7,5
2021-03-31T23:59:59+02:00,7,1,2304,2817,5613,8943,5951,11575,6739,15740,9400,15302,6097,5962,9575,12941,10333,19592,404,584,1157,2411,1688,4152,2380,6068,3392,5147,2992,3033,4516,6392,9455,17865,86535,68681,12799,2943,49547,7,4,7,4
2021-03-30T23:59:59+02:00,7,1,2284,2801,5566,8885,5888,11500,6668,15643,9302,15158,5911,5748,8672,11604,10258,19410,402,582,1154,2407,1675,4135,2362,6046,3358,5103,2935,2965,4429,6293,9325,17626,83468,67981,12418,2805,49411,7,4,5,3
2021-03-29T23:59:59+02:00,6,1,2217,2747,5463,8774,5780,11350,6499,15412,9071,14903,5553,5373,6733,9070,10038,18990,395,578,1143,2396,1662,4123,2337,6020,3329,5046,2865,2900,4312,6189,9124,17296,77379,67034,11608,2670,48984,7,4,5,3
2021-03-28T23:59:59+02:00,6,1,2196,2734,5420,8715,5704,11272,6412,15326,8953,14784,5429,5221,6093,8141,9972,18874,386,572,1128,2380,1637,4096,2290,5959,3273,4954,2780,2821,4196,6044,9052,17160,75088,66575,11350,2145,48806,4,4,5,3
2021-03-27T23:59:59+01:00,6,1,2196,2728,5409,8709,5700,11257,6397,15304,8942,14771,5401,5194,6083,8138,9972,18873,386,572,1126,2379,1636,4091,2286,5956,3264,4947,2775,2818,4180,6019,8972,17013,74981,66268,11350,2144,48741,4,4,5,3
2021-03-26T23:59:59+01:00,6,1,2180,2708,5372,8671,5661,11208,6318,15234,8793,14622,5239,5045,5914,7959,9970,18865,382,564,1120,2366,1620,4062,2258,5920,3230,4893,2714,2755,3996,5763,8267,15838,74637,63634,10519,2106,48601,4,4,5,3
2021-03-25T23:59:59+01:00,6,0,2063,2627,5196,8456,5459,10932,6110,14935,8553,14335,5079,4891,5818,7840,9967,18857,373,550,1099,2340,1596,4034,2212,5862,3157,4815,2616,2653,3623,5269,7137,14105,74183,59548,9571,1886,47362,4,3,5,3
2021-03-24T23:59:59+01:00,6,0,1977,2579,5048,8296,5298,10739,5946,14697,8349,14103,4940,4732,5704,7724,9961,18848,369,539,1086,2312,1563,3978,2153,5797,3069,4714,2482,2539,3198,4652,5739,11886,73810,54529,8409,1540,46720,4,3,5,3
2021-03-23T23:59:59+01:00,6,0,1901,2526,4937,8173,5199,10597,5825,14504,8234,13935,4858,4646,5638,7665,9953,18830,358,514,1067,2277,1530,3920,2109,5708,2987,4624,2393,2444,2748,4020,3846,8677,73416,47824,7663,1392,46340,3,3,5,3
2021-03-22T23:59:59+01:00,6,0,1836,2467,4802,8037,5066,10422,5665,14271,8042,13722,4754,4534,5569,7556,9939,18786,331,497,1038,2239,1485,3847,2043,5598,2885,4473,2280,2292,2230,3340,1339,4563,72921,39316,6625,1159,45920,1,3,5,3
2021-03-21T23:59:59+01:00,6,0,1834,2461,4790,8022,5051,10412,5649,14254,8012,13698,4731,4519,5553,7544,9935,18786,330,497,1032,2225,1476,3818,2025,5560,2859,4423,2239,2244,2188,3299,1322,4518,72898,39176,6575,875,45777,1,2,5,3
2021-03-20T23:59:59+01:00,6,0,1834,2461,4789,8021,5050,10410,5648,14253,8005,13692,4730,4518,5545,7536,9935,18786,330,497,1032,2225,1476,3818,2025,5560,2858,4422,2238,2241,2188,3299,1322,4518,72887,39174,6575,871,45750,1,2,5,3
2021-03-19T23:59:59+01:00,6,0,1781,2213,4273,6727,4641,9428,5378,13696,7781,13289,4605,4421,5475,7470,9935,18786,329,497,1032,2225,1476,3817,2025,5559,2857,4422,2236,2240,2183,3293,1321,4516,72829,39159,6565,865,40504,1,2,5,3
2021-03-18T23:59:59+01:00,6,0,1726,1961,3855,5662,4111,8048,4561,11158,6424,9957,4239,4122,5273,7250,9914,18746,328,494,1025,2212,1469,3792,1999,5520,2832,4398,2215,2225,2158,3264,1316,4507,72399,38967,6503,783,28104,1,2,5,3
2021-03-17T23:59:59+01:00,6,0,1720,1952,3845,5636,4094,8018,4537,11094,6374,9885,4202,4075,5234,7206,9908,18723,325,493,1021,2204,1463,3783,1992,5505,2822,4372,2188,2198,2138,3249,1309,4493,72143,38816,6443,734,27916,1,2,5,3
2021-03-16T23:59:59+01:00,6,0,1698,1918,3786,5555,4023,7912,4408,10932,6169,9685,3979,3886,5094,7047,9902,18702,323,489,1020,2185,1458,3770,1983,5491,2813,4353,2180,2184,2126,3221,1301,4464,71832,38651,5168,705,27695,1,2,5,3
2021-03-15T23:59:59+01:00,6,0,1688,1898,3761,5521,3998,7875,4357,10863,6090,9601,3898,3819,5041,6987,9896,18677,320,485,1011,2168,1450,3764,1967,5455,2795,4325,2165,2152,2101,3159,1293,4426,71610,38432,4810,601,27551,1,0,5,3
2021-03-14T23:59:59+01:00,6,0,1682,1888,3753,5511,3993,7859,4348,10832,6082,9579,3891,3810,5036,6979,9895,18675,320,485,1009,2168,1446,3761,1964,5453,2777,4319,2159,2150,2090,3149,1289,4424,71578,38424,4794,536,27442,1,0,5,3
2021-03-13T23:59:59+01:00,6,0,1679,1883,3740,5488,3986,7850,4328,10821,6068,9564,3888,3807,5033,6976,9895,18675,320,485,1009,2168,1446,3761,1964,5452,2777,4318,2158,2149,2090,3147,1281,4419,71554,38405,4789,536,27339,1,0,5,3
2021-03-12T23:59:59+01:00,5,0,1640,1826,3226,5341,3471,7736,4194,10695,5842,9275,3722,3661,4892,6868,9870,18628,315,463,1005,2138,1438,3737,1944,5381,2724,4233,1979,1994,2030,3097,1274,4413,71342,37635,4069,528,25476,0,0,5,3
2021-03-11T23:59:59+01:00,5,0,1532,1690,2842,5080,3034,7481,3914,10282,5215,8382,3498,3485,4786,6751,9832,18578,314,462,1002,2125,1435,3717,1937,5362,2715,4216,1972,1986,2016,3080,1269,4395,70779,37513,3807,488,21796,0,0,5,3
2021-03-10T23:59:59+01:00,5,0,1502,1658,2803,5035,2998,7422,3859,10195,5107,8265,3372,3381,4671,6637,9789,18511,312,461,1000,2122,1433,3706,1933,5349,2703,4196,1955,1979,1991,3048,1258,4381,70371,37432,3477,393,21357,0,0,5,3
2021-03-09T23:59:59+01:00,5,0,1493,1642,2771,5010,2977,7378,3821,10135,5029,8185,3275,3298,4591,6548,9683,18301,309,460,996,2116,1426,3694,1907,5327,2661,4166,1914,1954,1941,3020,1246,4372,69780,37403,3210,104,21147,0,0,5,3
2021-03-08T23:59:59+01:00,5,0,1478,1629,2741,4983,2951,7348,3798,10087,5005,8123,3234,3258,4518,6484,9509,18002,309,460,994,2112,1418,3678,1890,5294,2642,4138,1895,1935,1916,2997,1240,4353,68993,37255,3201,14,20954,0,0,5,3
2021-03-07T23:59:59+01:00,5,0,1465,1619,2711,4938,2917,7300,3765,10025,4962,8062,3199,3225,4453,6384,9433,17858,309,459,994,2111,1417,3673,1887,5284,2641,4133,1891,1932,1912,2993,1237,4345,68457,37204,3147,12,20712,0,0,5,3
2021-03-06T23:59:59+01:00,5,0,1464,1617,2705,4927,2914,7291,3757,10018,4944,8046,3189,3215,4430,6345,9345,17689,309,459,992,2108,1417,3671,1881,5275,2639,4131,1886,1924,1906,2991,1236,4342,68067,37154,3147,12,20682,0,0,5,2
2021-03-05T23:59:59+01:00,5,0,1391,1538,2607,4765,2857,7134,3672,9811,4843,7850,3139,3156,4214,6059,8641,16502,309,459,990,2106,1412,3666,1879,5274,2635,4124,1877,1920,1901,2988,1231,4339,65426,37097,3144,12,19609,0,0,5,2
2021-03-04T23:59:59+01:00,5,0,1218,1434,2437,4565,2686,6865,3504,9465,4585,7508,3023,3033,3853,5602,7479,14689,308,451,981,2082,1396,3626,1851,5221,2607,4078,1849,1895,1868,2933,1204,4293,61235,36630,3141,12,17570,0,0,5,2
2021-03-03T23:59:59+01:00,5,0,1185,1381,2358,4457,2626,6741,3417,9300,4488,7364,2937,2963,3480,5003,6096,12509,304,442,970,2059,1384,3598,1837,5171,2553,4024,1801,1860,1844,2904,1189,4265,56196,36192,3115,12,16995,0,0,4,2
2021-03-02T23:59:59+01:00,5,0,1151,1344,2298,4399,2575,6650,3335,9177,4351,7215,2823,2836,2998,4338,4101,9157,299,433,965,2033,1371,3554,1823,5116,2521,3998,1791,1846,1825,2878,1178,4238,49169,35856,2867,12,16714,0,0,3,2
2021-03-01T23:59:59+01:00,5,0,1092,1314,2236,4336,2502,6563,3241,9051,4209,7027,2692,2699,2430,3597,1394,4714,298,430,958,2021,1360,3535,1815,5100,2509,3982,1775,1836,1808,2859,1166,4210,40142,35649,2478,12,16479,0,0,3,2
2021-02-28T23:59:59+01:00,5,0,1058,1300,2194,4299,2472,6520,3193,8994,4147,6968,2625,2653,2382,3566,1386,4694,298,429,956,2016,1358,3522,1812,5086,2503,3974,1768,1825,1795,2848,1159,4195,40046,35531,2186,12,16221,0,0,3,2
2021-02-27T23:59:59+01:00,5,0,1016,1217,2129,4056,2414,6286,3129,8696,4056,6714,2570,2596,2362,3542,1383,4694,298,429,955,2016,1358,3522,1812,5085,2502,3974,1768,1824,1793,2848,1159,4195,39940,35525,2185,12,14737,0,0,3,2
2021-02-26T23:59:59+01:00,4,0,849,963,1927,3664,2252,5618,2912,7774,3745,5920,2521,2543,2344,3528,1380,4692,298,429,955,2013,1356,3520,1810,5084,2500,3973,1768,1821,1786,2847,1157,4188,39925,35492,2098,12,10610,0,0,3,2
2021-02-25T23:59:59+01:00,4,0,506,806,1647,3465,2069,5314,2716,7378,3519,5617,2440,2466,2304,3467,1376,4678,288,408,930,1963,1326,3451,1780,5003,2471,3909,1743,1794,1748,2803,1130,4148,39730,34883,1841,11,8198,0,0,3,2
2021-02-24T23:59:59+01:00,3,0,486,788,1612,3368,2007,5184,2656,7195,3453,5475,2375,2419,2269,3438,1367,4645,279,404,915,1930,1312,3397,1767,4942,2447,3864,1732,1776,1739,2784,1118,4121,39542,34523,1672,3,7523,0,0,3,2
2021-02-23T23:59:59+01:00,3,0,467,752,1551,3265,1952,5044,2578,7063,3367,5370,2315,2360,2234,3382,1352,4614,278,400,910,1915,1305,3367,1758,4911,2426,3832,1712,1756,1719,2749,1103,4068,39396,34205,1401,3,6869,0,0,3,2
2021-02-22T23:59:59+01:00,2,0,451,721,1496,3164,1913,4905,2519,6845,3306,5226,2307,2264,2219,3303,1348,4569,277,397,907,1904,1297,3340,1741,4875,2412,3802,1693,1737,1692,2721,1088,4023,39185,33904,1138,1,6232,0,0,3,2
2021-02-21T23:59:59+01:00,2,0,443,683,1438,3022,1866,4755,2466,6686,3223,5122,2271,2231,2192,3283,1338,4564,277,396,904,1896,1296,3331,1737,4865,2408,3793,1691,1734,1691,2719,1088,4022,39144,33846,905,1,5533,0,0,3,2
2021-02-20T23:59:59+01:00,2,0,439,678,1430,3018,1860,4755,2463,6683,3219,5118,2268,2230,2192,3282,1337,4564,277,396,904,1895,1296,3330,1737,4865,2407,3792,1690,1733,1688,2719,1087,4020,39140,33834,901,1,5494,0,0,3,2
2021-02-19T23:59:59+01:00,1,0,418,641,1401,2956,1833,4701,2422,6583,3132,5000,2088,2068,2129,3233,1332,4558,275,395,902,1893,1295,3329,1737,4860,2404,3791,1688,1731,1686,2718,1087,4019,38388,33809,882,1,5223,0,0,3,1
2021-02-18T23:59:59+01:00,1,0,393,585,1296,2713,1729,4457,2284,6321,3030,4818,2059,2052,2113,3216,1327,4550,275,389,894,1860,1286,3290,1719,4812,2385,3755,1676,1720,1669,2706,1075,4001,38314,33511,809,1,3818,0,0,3,1
2021-02-17T23:59:59+01:00,1,0,378,554,1257,2583,1673,4282,2214,6078,2971,4669,2040,2033,2090,3196,1312,4541,266,372,859,1775,1243,3161,1658,4653,2311,3619,1599,1651,1595,2596,1026,3884,38158,32267,758,1,2953,0,0,3,1
2021-02-16T23:59:59+01:00,1,0,360,524,1202,2463,1623,4146,2135,5893,2890,4533,2031,2029,2082,3189,1307,4530,258,355,838,1694,1188,3025,1597,4449,2239,3442,1549,1597,1535,2496,999,3756,38098,31016,728,1,2109,0,0,3,1
2021-02-15T23:59:59+01:00,1,0,350,502,1129,2319,1578,4073,2103,5840,2862,4492,2012,2013,2061,3159,1300,4510,251,336,815,1649,1156,2949,1541,4314,2168,3322,1474,1533,1481,2389,957,3579,37993,29913,618,1,1690,0,0,3,1
2021-02-14T23:59:59+01:00,1,0,342,497,1106,2263,1515,3909,2061,5748,2831,4453,2006,2011,2050,3150,1298,4503,244,331,797,1622,1140,2910,1499,4262,2130,3292,1458,1512,1457,2353,942,3537,37975,29485,553,1,1213,0,0,3,1
2021-02-13T23:59:59+01:00,1,0,342,497,1105,2263,1515,3908,2059,5747,2831,4453,2005,2009,2049,3150,1297,4500,244,331,797,1622,1140,2910,1498,4260,2130,3292,1456,1509,1456,2352,942,3536,37964,29474,553,1,1212,0,0,2,1
2021-02-12T23:59:59+01:00,1,0,338,494,1088,2254,1510,3894,2054,5738,2828,4447,1991,1999,2043,3137,1292,4497,243,330,791,1617,1134,2901,1481,4241,2111,3279,1443,1493,1441,2321,935,3503,37897,29263,545,1,1161,0,0,2,1
2021-02-11T23:59:59+01:00,1,0,318,470,1024,2156,1456,3767,1960,5474,2743,4328,1961,1966,2003,3072,1267,4441,223,304,742,1512,1054,2675,1357,3884,1927,2972,1256,1286,1273,2046,829,3153,37508,26492,508,1,389,0,0,2,1
2021-02-10T23:59:59+01:00,1,0,312,461,1002,2116,1418,3688,1906,5312,2648,4147,1892,1916,1961,3034,1249,4415,199,259,649,1323,927,2292,1169,3282,1688,2557,1098,1113,1127,1802,722,2813,37102,23019,373,1,1,0,0,2,1
2021-02-09T23:59:59+01:00,1,0,306,451,994,2084,1402,3636,1862,5245,2581,4091,1836,1880,1893,2981,1228,4394,165,199,551,1063,779,1848,964,2673,1425,2145,952,953,939,1523,606,2400,36802,19185,60,0,1,0,0,2,1
2021-02-08T23:59:59+01:00,1,0,305,449,991,2077,1392,3620,1854,5222,2562,4075,1822,1868,1875,2963,1221,4369,114,164,451,850,616,1432,765,2024,1149,1661,766,777,748,1205,483,1951,36647,15156,16,0,1,0,0,2,1
2021-02-07T23:59:59+01:00,1,0,305,449,990,2075,1391,3614,1851,5219,2555,4072,1816,1859,1859,2956,1217,4363,105,145,401,704,542,1258,686,1809,1053,1514,693,697,672,1084,418,1735,36577,13516,13,0,0,0,0,2,1
2021-02-06T23:59:59+01:00,1,0,305,449,989,2074,1391,3611,1851,5217,2555,4069,1816,1858,1854,2954,1214,4361,105,144,396,701,537,1234,670,1790,1042,1492,690,693,667,1080,417,1731,36554,13390,13,0,0,0,0,2,0
2021-02-05T23:59:59+01:00,1,0,305,448,987,2071,1387,3602,1847,5203,2549,4063,1815,1857,1846,2946,1205,4348,101,137,381,683,520,1205,638,1738,994,1429,653,643,622,1006,391,1643,36465,12785,13,0,0,0,0,2,0
2021-02-04T23:59:59+01:00,1,0,298,431,976,2039,1368,3549,1828,5126,2534,4015,1799,1837,1821,2911,1188,4317,76,106,282,461,359,812,454,1175,682,970,505,469,481,795,305,1312,36023,9245,13,0,0,0,0,2,0
2021-02-03T23:59:59+01:00,1,0,294,422,958,2012,1352,3511,1815,5077,2500,3972,1779,1814,1805,2887,1175,4303,60,82,236,395,289,633,347,919,522,724,339,325,346,568,218,959,35662,6963,13,0,0,0,0,2,0
2021-02-02T23:59:59+01:00,1,0,290,415,952,1984,1344,3479,1804,5031,2477,3937,1761,1798,1779,2846,1154,4256,39,63,181,312,242,485,265,736,377,556,235,208,221,377,150,627,35293,5074,13,0,0,0,0,2,0
2021-02-01T23:59:59+01:00,1,0,289,413,947,1977,1341,3463,1796,5011,2469,3918,1754,1787,1764,2831,1148,4243,19,39,134,227,167,310,169,490,236,321,119,105,96,184,69,277,35137,2962,13,0,0,0,0,2,0
2021-01-31T23:59:59+01:00,1,0,288,412,945,1970,1338,3454,1793,4992,2465,3903,1750,1779,1760,2824,1146,4234,18,34,116,199,150,268,152,410,200,277,100,91,88,157,61,243,35039,2564,13,0,0,0,0,2,0
2021-01-30T23:59:59+01:00,1,0,288,412,945,1970,1338,3454,1793,4992,2465,3903,1749,1779,1760,2823,1146,4233,18,34,115,199,150,266,149,407,199,276,99,90,88,157,61,243,35036,2551,13,0,0,0,0,2,0
2021-01-29T23:59:59+01:00,1,0,286,409,943,1968,1337,3446,1787,4983,2462,3900,1743,1772,1751,2813,1139,4212,16,33,114,190,141,258,137,379,168,249,72,66,79,136,56,211,34938,2305,13,0,0,0,0,1,0
2021-01-28T23:59:59+01:00,1,0,281,401,924,1912,1313,3382,1762,4921,2434,3838,1721,1752,1720,2782,1121,4177,0,0,9,19,8,18,11,46,7,22,7,3,7,9,2,13,34429,181,12,0,0,0,0,1,0
2021-01-27T23:59:59+01:00,1,0,276,383,891,1832,1279,3268,1700,4798,2374,3738,1665,1704,1676,2716,1085,4095,0,0,4,6,5,11,7,20,3,12,6,3,7,9,2,12,33472,107,8,0,0,0,0,1,0
2021-01-26T23:59:59+01:00,1,0,270,374,881,1819,1265,3230,1683,4741,2344,3672,1634,1672,1639,2646,1068,4013,0,0,4,6,5,11,7,20,3,12,6,3,7,9,2,12,32945,107,6,0,0,0,0,1,0
2021-01-25T23:59:59+01:00,1,0,259,350,839,1700,1195,3066,1593,4470,2241,3463,1575,1619,1587,2562,1022,3845,0,0,1,3,1,3,4,3,3,5,6,3,6,8,2,12,31384,60,2,0,0,0,0,1,0
2021-01-24T23:59:59+01:00,1,0,256,347,828,1681,1185,3044,1562,4437,2215,3442,1564,1611,1577,2551,1017,3838,0,0,1,2,1,3,4,3,3,5,6,3,6,8,2,12,31153,59,2,0,0,0,0,1,0
2021-01-23T23:59:59+01:00,1,0,256,347,828,1681,1184,3043,1562,4433,2214,3441,1563,1611,1576,2550,1016,3833,0,0,1,2,1,3,4,3,3,5,6,3,6,8,2,12,31136,59,2,0,0,0,0,1,0
2021-01-22T23:59:59+01:00,1,0,255,345,822,1678,1180,3038,1559,4426,2202,3436,1551,1600,1570,2531,1011,3814,0,0,1,2,1,3,4,3,3,5,6,3,6,8,2,12,31016,59,2,0,0,0,0,1,0
2021-01-21T23:59:59+01:00,1,0,244,335,795,1612,1155,2911,1503,4265,2122,3301,1453,1498,1438,2368,932,3633,0,0,1,2,1,3,4,2,3,5,4,2,5,8,1,12,29563,53,2,0,0,0,0,1,0
2021-01-20T23:59:59+01:00,1,0,221,291,723,1455,1065,2597,1367,3805,1949,2947,1333,1353,1318,2173,861,3413,0,0,1,2,1,3,4,2,3,5,4,2,5,8,1,12,26869,53,2,0,0,0,0,1,0
2021-01-19T23:59:59+01:00,1,0,190,235,625,1207,919,2151,1147,3190,1668,2517,1153,1155,1092,1837,716,2900,0,0,1,1,1,2,4,1,2,5,4,2,5,8,1,12,22700,49,2,0,0,0,0,1,0
2021-01-18T23:59:59+01:00,1,0,132,185,491,946,710,1636,879,2321,1298,1905,903,924,873,1456,560,2311,0,0,0,0,0,0,0,0,1,2,2,1,0,0,0,0,17529,6,1,0,0,0,0,1,0
2021-01-17T23:59:59+01:00,1,0,119,159,431,775,625,1415,778,2068,1186,1716,839,845,793,1320,501,2105,0,0,0,0,0,0,0,0,0,1,0,0,0,0,0,0,15675,1,0,0,0,0,0,1,0
2021-01-16T23:59:59+01:00,1,0,119,158,427,774,623,1407,768,2064,1178,1709,837,840,788,1309,493,2090,0,0,0,0,0,0,0,0,0,0,0,0,0,0,0,0,15585,0,0,0,0,0,0,0,0
2021-01-15T23:59:59+01:00,1,0,109,152,415,753,597,1369,736,1986,1117,1628,793,788,745,1224,463,1976,0,0,0,0,0,0,0,0,0,0,0,0,0,0,0,0,14852,0,0,0,0,0,0,0,0
2021-01-14T23:59:59+01:00,1,0,75,112,298,486,395,884,508,1278,762,1067,579,546,542,903,353,1501,0,0,0,0,0,0,0,0,0,0,0,0,0,0,0,0,10290,0,0,0,0,0,0,0,0
2021-01-13T23:59:59+01:00,1,0,58,85,246,409,319,667,378,978,556,760,365,344,362,614,246,1037,0,0,0,0,0,0,0,0,0,0,0,0,0,0,0,0,7425,0,0,0,0,0,0,0,0
2021-01-12T23:59:59+01:00,0,0,47,69,200,351,257,542,278,804,405,595,245,217,227,406,166,691,0,0,0,0,0,0,0,0,0,0,0,0,0,0,0,0,5500,0,0,0,0,0,0,0,0
2021-01-11T23:59:59+01:00,0,0,32,50,174,303,210,441,218,647,297,420,150,126,129,248,88,397,0,0,0,0,0,0,0,0,0,0,0,0,0,0,0,0,3930,0,0,0,0,0,0,0,0
2021-01-10T23:59:59+01:00,0,0,24,41,152,254,180,363,179,536,248,359,129,106,114,204,77,320,0,0,0,0,0,0,0,0,0,0,0,0,0,0,0,0,3286,0,0,0,0,0,0,0,0
2021-01-09T23:59:59+01:00,0,0,24,41,151,252,179,361,177,530,247,358,128,105,114,204,77,320,0,0,0,0,0,0,0,0,0,0,0,0,0,0,0,0,3268,0,0,0,0,0,0,0,0
2021-01-08T23:59:59+01:00,0,0,22,40,149,243,171,351,164,499,218,332,104,89,109,189,71,298,0,0,0,0,0,0,0,0,0,0,0,0,0,0,0,0,3049,0,0,0,0,0,0,0,0
2021-01-07T23:59:59+01:00,0,0,1,0,4,9,8,13,10,6,16,11,10,9,14,21,2,32,0,0,0,0,0,0,0,0,0,0,0,0,0,0,0,0,166,0,0,0,0,0,0,0,0
2021-01-06T23:59:59+01:00,0,0,0,0,1,3,1,5,5,2,3,6,6,2,7,10,1,14,0,0,0,0,0,0,0,0,0,0,0,0,0,0,0,0,66,0,0,0,0,0,0,0,0
2021-01-05T23:59:59+01:00,0,0,0,0,1,3,1,5,5,2,3,5,6,2,6,9,1,13,0,0,0,0,0,0,0,0,0,0,0,0,0,0,0,0,62,0,0,0,0,0,0,0,0
2021-01-04T23:59:59+01:00,0,0,0,0,1,3,1,4,4,2,3,5,6,2,5,8,1,13,0,0,0,0,0,0,0,0,0,0,0,0,0,0,0,0,58,0,0,0,0,0,0,0,0
2021-01-03T23:59:59+01:00,0,0,0,0,1,2,1,4,4,2,3,5,5,2,5,8,1,13,0,0,0,0,0,0,0,0,0,0,0,0,0,0,0,0,56,0,0,0,0,0,0,0,0
2021-01-02T23:59:59+01:00,0,0,0,0,1,2,1,4,4,2,3,5,5,2,5,8,1,13,0,0,0,0,0,0,0,0,0,0,0,0,0,0,0,0,56,0,0,0,0,0,0,0,0
2021-01-01T23:59:59+01:00,0,0,0,0,1,2,1,3,4,2,3,5,5,2,5,8,1,13,0,0,0,0,0,0,0,0,0,0,0,0,0,0,0,0,55,0,0,0,0,0,0,0,0
2020-12-31T23:59:59+01:00,0,0,0,0,1,2,1,3,4,2,3,5,5,2,5,8,1,13,0,0,0,0,0,0,0,0,0,0,0,0,0,0,0,0,55,0,0,0,0,0,0,0,0
2020-12-30T23:59:59+01:00,0,0,0,0,1,2,1,3,4,2,3,5,5,2,5,8,1,13,0,0,0,0,0,0,0,0,0,0,0,0,0,0,0,0,55,0,0,0,0,0,0,0,0
2020-12-29T23:59:59+01:00,0,0,0,0,1,1,1,2,4,1,2,5,5,2,5,8,1,13,0,0,0,0,0,0,0,0,0,0,0,0,0,0,0,0,51,0,0,0,0,0,0,0,0
2020-12-28T23:59:59+01:00,0,0,0,0,1,1,1,1,2,0,1,5,4,1,1,0,0,2,0,0,0,0,0,0,0,0,0,0,0,0,0,0,0,0,20,0,0,0,0,0,0,0,0
2020-12-27T23:59:59+01:00,0,0,0,0,1,1,1,1,2,0,0,3,2,0,1,0,0,2,0,0,0,0,0,0,0,0,0,0,0,0,0,0,0,0,14,0,0,0,0,0,0,0,0
