Datum,<15_m,<15_w,15-24_1_m,15-24_1_w,25-34_1_m,25-34_1_w,35-44_1_m,35-44_1_w,45-54_1_m,45-54_1_w,55-64_1_m,55-64_1_w,65-74_1_m,65-74_1_w,75-84_1_m,75-84_1_w,>84_1_m,>84_1_w,<24_2_m,<24_2_w,25-34_2_m,25-34_2_w,35-44_2_m,35-44_2_w,45-54_2_m,45-54_2_w,55-64_2_m,55-64_2_w,65-74_2_m,65-74_2_w,75-84_2_m,75-84_2_w,>84_2_m,>84_2_w,bp_1,bp_2,mo_1,mo_2,az_1,az_2,ja,unb_1,unb_2
2021-10-08T23:59:59+02:00,5366,4998,38430,37006,53751,48265,54675,53226,65295,65224,75056,75053,54181,59783,37385,48333,11662,22220,35333,34003,50940,45144,52259,50371,62850,62326,72747,72634,52817,58235,36487,47088,11267,21396,588643,560184,79131,76097,105561,101481,36545,31,27
2021-10-07T23:59:59+02:00,5303,4923,38274,36875,53635,48145,54570,53128,65206,65143,74989,75008,54161,59742,37362,48308,11644,22198,35006,33693,50728,44869,52075,50131,62670,62154,72594,72492,52759,58170,36460,47044,11256,21378,587403,558116,79102,75482,105559,101481,36521,31,27
2021-10-06T23:59:59+02:00,5268,4896,38228,36834,53602,48107,54527,53096,65161,65110,74966,74986,54145,59729,37354,48292,11639,22190,34965,33657,50706,44843,52054,50109,62641,62139,72570,72476,52737,58141,36442,47025,11250,21368,586945,557747,79097,75481,105559,101479,36500,31,27
2021-10-05T23:59:59+02:00,5236,4871,38151,36766,53544,48045,54477,53038,65100,65055,74925,74939,54109,59702,37335,48262,11630,22161,34901,33588,50660,44779,52021,50067,62589,62101,72530,72437,52707,58103,36415,46976,11242,21347,586229,557079,79078,75480,105559,101477,36451,31,27
2021-10-04T23:59:59+02:00,5175,4814,37939,36599,53379,47933,54364,52936,65033,64983,74860,74891,54080,59670,37320,48245,11621,22146,34600,33241,50421,44540,51839,49891,62428,61949,72415,72340,52649,58042,36360,46919,11230,21329,585154,554835,79069,75480,105559,101477,36177,31,27
2021-10-03T23:59:59+02:00,5164,4800,37917,36574,53347,47901,54341,52920,65016,64964,74850,74879,54073,59657,37315,48232,11621,22142,34547,33204,50372,44497,51801,49843,62385,61911,72377,72308,52633,58019,36348,46904,11228,21320,584913,554356,79066,75480,105555,101468,36150,31,27
2021-10-02T23:59:59+02:00,5162,4791,37914,36568,53340,47898,54340,52918,65014,64964,74848,74877,54073,59656,37315,48232,11621,22142,34545,33202,50364,44495,51799,49843,62383,61911,72377,72307,52633,58018,36348,46904,11228,21320,584884,554347,79066,75479,105555,101468,36139,31,27
2021-10-01T23:59:59+02:00,5155,4775,37872,36542,53312,47874,54317,52894,64987,64952,74826,74863,54065,59651,37313,48229,11618,22140,34527,33192,50349,44487,51786,49829,62370,61903,72360,72296,52626,58012,36346,46902,11227,21318,584662,554266,79064,75477,105555,101462,36075,31,27
2021-09-30T23:59:59+02:00,5066,4713,37667,36344,53146,47715,54176,52767,64885,64834,74756,74808,54050,59621,37302,48213,11615,22133,34385,33040,50256,44363,51711,49716,62285,61811,72295,72238,52616,57982,36338,46877,11224,21308,583161,553691,79046,74869,105552,101458,36024,30,27
2021-09-29T23:59:59+02:00,5044,4693,37635,36303,53102,47667,54139,52720,64854,64797,74726,74781,54033,59597,37290,48202,11611,22121,34358,33004,50229,44337,51689,49695,62265,61781,72273,72218,52607,57973,36333,46867,11221,21300,582709,553404,79034,74865,105552,101453,35992,30,27
2021-09-28T23:59:59+02:00,5021,4669,37576,36247,53062,47620,54104,52678,64810,64755,74682,74746,53996,59561,37271,48180,11601,22110,34302,32966,50199,44312,51664,49674,62239,61761,72237,72188,52577,57934,36311,46840,11218,21288,582156,553015,79032,74859,105552,101449,35921,30,27
2021-09-27T23:59:59+02:00,4946,4609,37376,36073,52878,47459,53983,52568,64706,64648,74584,74666,53967,59533,37259,48161,11599,22098,33882,32578,49892,43990,51435,49426,62042,61575,72108,72063,52536,57874,36290,46809,11216,21278,581104,550507,79006,74858,105552,101448,35423,30,27
2021-09-26T23:59:59+02:00,4943,4603,37356,36044,52850,47443,53969,52553,64692,64638,74572,74656,53960,59522,37258,48158,11599,22093,33868,32571,49880,43975,51430,49417,62029,61569,72100,72056,52532,57866,36289,46804,11214,21274,580933,550396,78989,74850,105552,101447,35407,30,27
2021-09-25T23:59:59+02:00,4940,4600,37350,36040,52847,47439,53965,52550,64690,64634,74568,74653,53959,59519,37257,48157,11599,22092,33865,32571,49879,43975,51430,49416,62029,61568,72098,72056,52532,57865,36289,46804,11214,21274,580889,550390,78987,74850,105552,101447,35403,30,27
2021-09-24T23:59:59+02:00,4937,4597,37331,36026,52826,47426,53944,52538,64671,64623,74554,74643,53952,59516,37254,48153,11599,22088,33855,32555,49864,43967,51411,49401,62016,61562,72079,72047,52525,57858,36283,46797,11214,21272,580772,550285,78987,74848,105549,101446,35342,30,27
2021-09-23T23:59:59+02:00,4809,4477,36928,35608,52476,47094,53652,52266,64429,64405,74371,74512,53894,59460,37222,48107,11590,22069,33668,32384,49645,43815,51242,49297,61866,61457,71963,71972,52489,57833,36258,46774,11212,21264,578454,549616,78944,74825,105549,101443,34395,29,27
2021-09-22T23:59:59+02:00,4782,4457,36886,35551,52410,47016,53586,52206,64362,64353,74312,74459,53865,59437,37214,48090,11588,22064,33632,32341,49602,43758,51183,49245,61811,61417,71915,71938,52470,57815,36252,46763,11210,21263,578023,549356,78936,74822,105546,101442,34106,29,27
2021-09-21T23:59:59+02:00,4766,4435,36829,35502,52344,46953,53541,52156,64295,64303,74255,74405,53822,59406,37201,48064,11583,22055,33601,32289,49570,43711,51144,49202,61765,61380,71876,71896,52439,57791,36241,46745,11209,21256,577474,548991,78928,74820,105544,101438,33942,29,27
2021-09-20T23:59:59+02:00,4662,4372,36495,35198,52025,46649,53306,51936,64086,64114,74097,74292,53758,59352,37180,48029,11576,22049,33091,31854,49192,43378,50859,48899,61511,61169,71709,71744,52383,57725,36218,46700,11202,21246,575651,546284,78923,74815,105543,101432,33032,29,27
2021-09-19T23:59:59+02:00,4649,4367,36482,35187,52014,46641,53293,51924,64073,64109,74089,74282,53754,59346,37177,48026,11575,22049,33070,31837,49188,43368,50851,48887,61497,61158,71697,71734,52377,57721,36217,46698,11202,21243,575545,546161,78916,74811,105542,101431,33007,29,27
2021-09-18T23:59:59+02:00,4649,4367,36480,35186,52012,46640,53293,51923,64073,64109,74089,74282,53754,59346,37177,48026,11575,22049,33067,31837,49184,43366,50851,48887,61497,61158,71697,71734,52377,57721,36217,46698,11202,21243,575543,546156,78916,74811,105542,101431,33002,29,27
2021-09-17T23:59:59+02:00,4642,4354,36466,35162,51991,46622,53282,51904,64059,64100,74074,74263,53745,59340,37174,48021,11574,22049,33060,31821,49172,43356,50847,48880,61496,61154,71689,71722,52370,57719,36217,46697,11202,21242,575381,546106,78916,74811,105541,101429,32957,29,27
2021-09-16T23:59:59+02:00,4492,4204,36099,34798,51735,46322,53069,51640,63875,63916,73917,74113,53690,59279,37158,47986,11570,22037,32931,31715,49090,43249,50768,48798,61434,61099,71637,71689,52355,57706,36207,46685,11201,21236,572945,545265,78458,74731,105540,101424,32930,29,27
2021-09-15T23:59:59+02:00,4449,4166,36031,34723,51692,46269,53002,51585,63825,63867,73880,74070,53672,59258,37148,47975,11569,22031,32879,31664,49039,43197,50711,48749,61388,61055,71608,71658,52347,57685,36197,46675,11201,21230,572574,544932,78372,74716,105540,101412,32699,29,27
2021-09-14T23:59:59+02:00,4408,4126,35968,34671,51641,46198,52961,51535,63779,63822,73836,74028,53647,59239,37133,47956,11568,22027,32815,31593,48995,43148,50677,48705,61334,61017,71573,71617,52325,57662,36188,46661,11200,21227,572034,544384,78302,74710,105540,101405,32640,29,27
2021-09-13T23:59:59+02:00,4257,3949,35600,34242,51370,45884,52746,51301,63569,63613,73701,73903,53592,59170,37096,47922,11567,22019,32352,31120,48760,42900,50495,48504,61186,60834,71431,71507,52272,57603,36172,46625,11194,21217,569449,541399,77877,74630,105539,101399,32608,29,27
2021-09-12T23:59:59+02:00,4248,3939,35577,34226,51355,45862,52729,51284,63555,63596,73692,73893,53589,59164,37091,47921,11567,22018,32327,31102,48745,42882,50485,48496,61175,60820,71415,71495,52266,57595,36166,46623,11191,21216,569301,541244,77861,74622,105528,101384,32588,29,27
2021-09-11T23:59:59+02:00,4245,3936,35573,34222,51354,45860,52724,51277,63553,63591,73690,73888,53585,59159,37091,47919,11567,22018,32318,31098,48742,42879,50482,48493,61172,60816,71412,71493,52264,57593,36166,46621,11191,21216,569274,541224,77861,74622,105528,101384,32561,29,27
2021-09-10T23:59:59+02:00,4244,3935,35460,34123,51158,45706,52533,51136,63376,63477,73556,73797,53547,59120,37071,47901,11565,22013,32192,30989,48544,42713,50284,48356,60983,60694,71278,71398,52222,57550,36144,46600,11188,21211,569217,541072,77859,74620,105527,101382,31087,29,27
2021-09-09T23:59:59+02:00,4216,3897,35381,34056,51102,45637,52473,51049,63319,63419,73516,73759,53524,59092,37057,47883,11563,22009,32098,30922,48500,42664,50233,48315,60942,60660,71235,71364,52204,57536,36137,46585,11187,21207,568611,540591,77824,74613,105513,101360,30976,29,27
2021-09-08T23:59:59+02:00,4191,3877,35348,34014,51078,45607,52455,51023,63285,63386,73495,73736,53517,59077,37050,47872,11563,22006,32040,30893,48461,42638,50205,48284,60906,60631,71219,71343,52191,57523,36127,46574,11184,21189,568265,540215,77824,74612,105513,101348,30950,29,27
2021-09-07T23:59:59+02:00,4179,3863,35308,33971,51048,45576,52431,50996,63259,63363,73459,73706,53505,59061,37034,47858,11561,22000,31993,30845,48427,42603,50165,48248,60881,60600,71185,71314,52178,57507,36118,46561,11181,21185,567892,539797,77824,74610,105513,101340,30921,29,27
2021-09-06T23:59:59+02:00,4003,3679,34830,33499,50671,45187,52165,50694,63033,63125,73301,73556,53441,58980,37015,47817,11558,21991,31784,30663,48225,42448,50022,48108,60768,60482,71090,71225,52131,57461,36102,46542,11176,21172,565085,538939,77824,74609,105513,101336,30095,29,27
2021-09-05T23:59:59+02:00,3995,3667,34813,33484,50668,45179,52153,50686,63021,63115,73286,73551,53436,58972,37009,47810,11556,21987,31766,30644,48206,42433,50009,48100,60757,60472,71080,71220,52125,57449,36100,46537,11175,21170,564949,538801,77823,74607,105513,101322,30075,29,27
2021-09-04T23:59:59+02:00,3995,3667,34812,33484,50666,45179,52152,50685,63021,63115,73286,73551,53436,58972,37009,47810,11556,21987,31765,30642,48205,42433,50007,48098,60757,60472,71079,71220,52125,57449,36100,46537,11175,21170,564947,538797,77823,74605,105513,101322,30072,29,27
2021-09-03T23:59:59+02:00,3947,3620,34648,33352,50513,45056,52041,50568,62871,62991,73161,73451,53396,58924,36988,47789,11552,21984,31491,30450,48004,42262,49836,47930,60552,60300,70934,71074,52071,57392,36075,46514,11173,21166,564808,538666,77227,73359,105502,101309,29287,29,27
2021-09-02T23:59:59+02:00,3921,3590,34589,33305,50479,45016,52009,50535,62830,62950,73123,73425,53376,58912,36979,47771,11552,21979,31422,30390,47954,42215,49795,47886,60497,60248,70893,71047,52053,57376,36066,46505,11172,21161,564399,538275,77205,73355,105502,101199,29207,29,27
2021-09-01T23:59:59+02:00,3905,3576,34563,33272,50456,44989,51990,50512,62810,62916,73094,73407,53367,58903,36975,47763,11552,21978,31372,30351,47921,42188,49765,47861,60466,60224,70870,71016,52034,57357,36056,46498,11172,21158,564129,537930,77202,73349,105502,101172,29167,29,27
2021-08-31T23:59:59+02:00,3878,3563,34523,33225,50429,44953,51962,50480,62782,62884,73064,73375,53347,58881,36967,47750,11549,21978,31313,30319,47892,42163,49742,47844,60439,60208,70855,70989,52020,57347,36053,46491,11169,21152,563738,537653,77202,73345,105501,101165,29121,29,27
2021-08-30T23:59:59+02:00,3652,3353,33935,32710,50005,44575,51610,50133,62491,62621,72856,73197,53263,58795,36937,47703,11546,21970,31031,30056,47592,41931,49514,47673,60257,60077,70699,70885,51952,57302,36035,46459,11166,21145,560734,536561,77202,73342,105500,101155,27888,29,27
2021-08-29T23:59:59+02:00,3646,3345,33914,32688,49990,44566,51596,50115,62480,62607,72846,73181,53255,58790,36935,47696,11546,21968,31013,30036,47570,41904,49493,47656,60240,60060,70687,70873,51949,57294,36032,46458,11166,21143,560592,536442,77200,73341,105499,101111,27845,29,27
2021-08-28T23:59:59+02:00,3646,3345,33911,32688,49985,44565,51595,50113,62478,62604,72844,73180,53254,58788,36935,47696,11546,21968,31004,30027,47565,41902,49490,47653,60237,60056,70684,70871,51948,57290,36032,46458,11166,21143,560583,536406,77200,73340,105499,101111,27831,29,27
2021-08-27T23:59:59+02:00,3642,3339,33903,32669,49982,44561,51583,50106,62471,62599,72827,73174,53250,58785,36934,47695,11545,21967,30986,30009,47557,41892,49480,47644,60230,60048,70672,70870,51946,57289,36031,46457,11165,21143,560509,536328,77200,73338,105499,101108,27796,29,27
2021-08-26T23:59:59+02:00,3617,3311,33862,32619,49955,44523,51541,50057,62425,62575,72794,73144,53240,58776,36927,47693,11544,21963,30689,29740,47340,41679,49305,47488,60114,59947,70587,70799,51912,57256,36014,46434,11163,21139,560158,534504,77173,73332,105498,101044,27709,29,27
2021-08-25T23:59:59+02:00,3576,3287,33812,32576,49929,44477,51507,50028,62386,62541,72758,73120,53231,58758,36921,47678,11543,21962,29932,29040,46901,41265,48982,47196,59889,59722,70411,70648,51845,57180,35992,46399,11154,21131,559726,530171,77173,73329,105498,101021,27665,29,27
2021-08-24T23:59:59+02:00,3536,3265,33753,32517,49897,44435,51479,49981,62341,62492,72714,73073,53210,58733,36908,47665,11541,21954,29699,28818,46768,41134,48874,47090,59797,59628,70326,70549,51799,57133,35971,46387,11151,21128,559235,528733,77170,73325,105496,100987,27565,29,27
2021-08-23T23:59:59+02:00,3231,3000,33119,31893,49471,44037,51137,49676,62012,62196,72421,72841,53113,58644,36870,47602,11530,21945,29281,28426,46381,40834,48633,46877,59525,59419,70101,70402,51723,57062,35947,46344,11145,21121,556166,527280,77167,73322,105495,100982,25882,29,27
2021-08-22T23:59:59+02:00,3220,2992,33109,31887,49463,44027,51129,49670,62007,62189,72416,72839,53110,58641,36868,47600,11530,21944,29257,28410,46362,40826,48624,46867,59514,59411,70094,70399,51714,57058,35944,46341,11145,21121,556101,527184,77163,73316,105492,100968,25857,29,27
2021-08-21T23:59:59+02:00,3218,2992,33103,31884,49461,44026,51128,49667,62004,62188,72415,72838,53110,58641,36868,47600,11530,21944,29244,28397,46357,40822,48618,46863,59510,59411,70094,70398,51713,57058,35944,46341,11145,21121,556085,527145,77163,73309,105492,100968,25849,29,27
2021-08-20T23:59:59+02:00,3202,2981,32979,31791,49269,43889,50954,49557,61822,62060,72269,72756,53062,58599,36853,47582,11527,21940,28705,27897,45876,40454,48336,46652,59252,59227,69890,70273,51628,57000,35914,46313,11141,21114,555859,525447,77163,73134,105492,100735,24550,29,27
2021-08-19T23:59:59+02:00,3175,2958,32929,31752,49235,43854,50906,49518,61777,62022,72220,72717,53036,58579,36846,47567,11523,21933,27764,27041,45091,39851,47910,46291,58919,58953,69615,70050,51528,56911,35872,46265,11136,21109,555446,521070,77128,72159,105487,100643,24458,29,27
2021-08-18T23:59:59+02:00,3154,2939,32882,31708,49199,43819,50867,49482,61732,61986,72173,72690,53007,58562,36832,47553,11522,21928,26469,25738,44163,38978,47203,45550,58241,58370,69128,69592,51340,56689,35795,46173,11124,21092,555013,515529,77107,68949,105484,100590,24403,29,27
2021-08-17T23:59:59+02:00,3130,2916,32812,31645,49156,43751,50824,49447,61686,61941,72137,72649,52983,58538,36819,47541,11519,21923,25178,24346,43290,38285,46602,45071,57708,57929,68695,69267,51205,56505,35720,46094,11108,21078,554463,509911,77102,66862,105483,100554,24341,29,27
2021-08-16T23:59:59+02:00,3119,2895,32795,31626,49133,43729,50815,49430,61666,61923,72116,72634,52972,58530,36817,47530,11517,21919,23740,22950,42387,37439,46326,44778,57484,57668,68488,69108,51133,56420,35689,46049,11106,21064,554235,503548,77099,66830,105481,100541,24323,29,27
2021-08-15T23:59:59+02:00,3111,2883,32781,31608,49122,43723,50804,49419,61650,61907,72101,72622,52968,58521,36814,47530,11517,21919,21312,20495,41633,36895,45959,44406,57152,57369,68203,68851,51022,56318,35652,45993,11103,21054,554098,494809,77098,66651,105471,100525,24305,29,27
2021-08-14T23:59:59+02:00,3111,2882,32776,31606,49118,43721,50801,49417,61645,61904,72097,72616,52968,58521,36813,47530,11517,21919,21286,20468,41596,36864,45942,44391,57138,57357,68191,68840,51020,56315,35651,45992,11103,21053,554091,494620,77097,66650,105471,100525,24275,29,27
2021-08-13T23:59:59+02:00,3097,2865,32733,31578,49095,43706,50779,49399,61612,61873,72075,72596,52962,58514,36810,47525,11516,21916,21168,20382,41508,36767,45880,44339,57090,57319,68151,68806,51003,56303,35642,45984,11102,21051,553932,494032,77096,66647,105470,100504,24125,29,27
2021-08-12T23:59:59+02:00,3079,2836,32686,31529,49063,43666,50741,49370,61558,61846,72039,72560,52946,58495,36793,47516,11515,21913,20698,20068,40555,35957,45511,44010,56872,57140,67974,68642,50931,56219,35612,45940,11097,21044,553523,489794,77092,66645,105468,100459,24040,29,27
2021-08-11T23:59:59+02:00,3037,2805,32629,31485,49029,43632,50717,49346,61531,61815,72011,72532,52924,58469,36781,47507,11514,21906,19802,19184,39227,34767,44907,43430,56511,56810,67681,68368,50809,56081,35575,45881,11095,21031,553108,482366,77086,66640,105468,100437,23980,29,27
2021-08-10T23:59:59+02:00,3021,2786,32576,31440,48996,43603,50688,49314,61512,61776,71972,72487,52901,58453,36770,47484,11513,21901,18776,18214,37129,32901,44020,42552,56056,56410,67291,68021,50660,55928,35514,45785,11090,21011,552650,472114,77085,66638,105467,100418,23963,29,27
2021-08-09T23:59:59+02:00,3005,2779,32547,31416,48972,43583,50661,49296,61492,61758,71951,72467,52891,58444,36765,47474,11511,21900,17355,16799,34144,30478,43355,41918,55647,56046,66959,67694,50516,55779,35463,45736,11085,20993,552398,459921,77083,66634,105463,100406,23940,29,27
2021-08-08T23:59:59+02:00,3002,2779,32535,31404,48961,43576,50656,49290,61481,61750,71947,72466,52890,58442,36765,47471,11511,21899,17327,16769,34123,30463,43318,41888,55633,56033,66950,67689,50511,55774,35462,45733,11084,20992,552338,459736,77083,66629,105451,100387,23925,29,27
2021-08-07T23:59:59+02:00,3001,2774,32528,31393,48959,43568,50650,49290,61479,61747,71940,72464,52889,58440,36764,47471,11511,21899,17298,16736,34097,30445,43283,41857,55612,56016,66939,67682,50506,55772,35460,45733,11084,20991,552291,459506,77083,66626,105451,100386,23914,29,27
2021-08-06T23:59:59+02:00,2912,2682,32180,31167,48699,43372,50391,49061,61190,61542,71664,72297,52757,58336,36710,47418,11508,21890,17088,16596,33382,29968,42811,41488,55269,55789,66628,67505,50376,55678,35411,45696,11081,20984,552220,457832,75973,66337,105447,100384,22108,29,27
2021-08-05T23:59:59+02:00,2866,2643,32021,31047,48607,43282,50311,49006,61137,61497,71611,72256,52730,58317,36701,47401,11506,21888,16856,16345,31520,28533,41766,40536,54995,55443,66416,67333,50311,55601,35388,45657,11074,20975,551336,451019,75970,66264,105438,100261,22055,29,27
2021-08-04T23:59:59+02:00,2791,2567,31753,30855,48410,43147,50159,48895,61057,61421,71548,72200,52700,58277,36688,47386,11503,21883,16567,16099,31163,28311,40574,39463,54606,55112,66240,67181,50248,55519,35358,45629,11071,20968,550041,446709,75969,66245,105436,100188,21769,26,26
2021-08-03T23:59:59+02:00,2603,2386,31239,30389,48160,42898,49984,48701,60893,61250,71402,72053,52646,58205,36666,47357,11493,21869,16130,15653,30576,27788,38841,37846,53915,54465,65906,66869,50151,55390,35311,45577,11066,20958,547080,439037,75969,66238,105433,100169,21687,26,26
2021-08-02T23:59:59+02:00,2492,2291,30923,30104,47958,42714,49832,48573,60786,61144,71314,71971,52613,58173,36644,47338,11492,21866,15824,15382,30238,27434,36701,36021,53356,53950,65699,66694,50079,55305,35289,45549,11064,20954,545138,432193,75966,66233,105428,100057,21671,26,26
2021-08-01T23:59:59+02:00,2489,2288,30912,30096,47939,42702,49821,48565,60773,61134,71304,71966,52609,58165,36640,47338,11492,21866,15701,15256,30101,27318,34397,34167,53059,53698,65605,66625,50039,55264,35282,45530,11063,20952,545084,426744,75965,66228,105381,100033,21644,26,26
2021-07-31T23:59:59+02:00,2489,2288,30907,30092,47937,42700,49819,48565,60772,61134,71304,71964,52606,58162,36640,47338,11492,21865,15686,15243,30067,27295,34385,34160,53041,53690,65593,66620,50035,55259,35282,45529,11062,20951,545065,426594,75965,66227,105380,100029,21639,26,26
2021-07-30T23:59:59+02:00,2475,2283,30861,30047,47905,42679,49795,48540,60738,61105,71269,71946,52597,58151,36640,47338,11492,21863,15526,14943,29803,26981,34204,33911,52840,53396,65427,66417,49988,55213,35271,45517,11062,20950,544894,426228,75959,66217,105377,98119,21469,26,26
2021-07-29T23:59:59+02:00,2443,2263,30704,29955,47822,42618,49741,48474,60677,61064,71224,71900,52578,58132,36632,47322,11489,21858,15211,14665,29489,26763,32918,32965,52057,52783,65072,66150,49889,55120,35228,45460,11057,20942,544229,423524,75952,63485,105366,97975,21324,26,26
2021-07-28T23:59:59+02:00,2396,2226,30550,29846,47739,42550,49668,48401,60604,60986,71157,71843,52554,58094,36614,47303,11488,21853,14809,14292,29048,26448,32547,32634,51347,52171,64680,65823,49794,55017,35194,45403,11041,20923,543279,419382,75948,63431,105360,97588,21260,26,26
2021-07-27T23:59:59+02:00,2318,2153,30309,29579,47587,42369,49523,48264,60495,60863,71057,71755,52496,58034,36586,47264,11480,21846,14165,13636,28282,25817,31795,31982,50095,51075,63950,65257,49607,54810,35126,45288,11034,20903,541450,411039,75938,63405,105354,97491,21211,26,26
2021-07-26T23:59:59+02:00,2257,2098,30107,29348,47468,42240,49448,48181,60430,60798,71006,71709,52470,58002,36574,47251,11478,21837,13801,13261,27926,25526,31178,31571,48540,49703,62975,64431,49401,54604,35058,45207,11024,20891,540216,403325,75935,63399,105350,97457,21176,26,26
2021-07-25T23:59:59+02:00,2012,1896,29287,28674,47074,41923,49161,47894,60195,60573,70822,71551,52414,57927,36547,47210,11477,21829,13709,13201,27831,25461,31093,31504,48419,49639,62888,64380,49379,54586,35051,45198,11024,20890,536032,402689,75935,63392,105343,97296,21131,26,26
2021-07-24T23:59:59+02:00,1931,1828,29029,28443,46924,41817,49043,47793,60038,60454,70693,71471,52366,57897,36529,47189,11475,21829,13574,13088,27630,25325,30931,31374,48206,49469,62725,64285,49335,54556,35036,45180,11022,20888,535337,402075,75932,63389,105342,97295,20113,26,26
2021-07-23T23:59:59+02:00,1816,1708,28698,28117,46677,41663,48786,47580,59789,60266,70489,71344,52291,57826,36510,47152,11471,21820,13319,12862,27197,25010,30546,31066,47606,48981,62396,64047,49251,54490,35014,45136,11017,20879,534335,399663,75555,63335,105331,97292,18757,26,26
2021-07-22T23:59:59+02:00,1804,1701,28620,28037,46537,41524,48572,47370,59611,60124,70370,71215,52248,57789,36494,47135,11471,21820,13090,12601,26864,24679,30193,30748,45678,47419,61590,63346,49155,54388,34976,45092,11014,20869,534027,392959,74406,63186,105288,97068,18696,26,26
2021-07-21T23:59:59+02:00,1770,1662,28355,27833,46151,41190,47979,46814,59025,59641,69913,70823,52076,57628,36436,47078,11462,21807,12667,12157,26284,24138,29619,30180,41946,44175,60101,62075,48986,54207,34912,45009,11004,20842,533471,381314,71131,62670,105134,96619,17882,26,26
2021-07-20T23:59:59+02:00,1747,1647,28236,27697,46086,41133,47932,46775,58969,59592,69860,70775,52042,57600,36420,47053,11458,21800,12169,11625,25547,23448,28966,29430,38489,41184,58553,60613,48783,53984,34830,44917,10986,20822,532783,370918,71109,59285,105117,96496,17788,26,26
2021-07-19T23:59:59+02:00,1742,1646,28209,27664,46064,41122,47920,46763,58956,59576,69848,70773,52040,57596,36420,47049,11456,21800,12123,11596,25481,23413,28934,29396,38444,41151,58511,60586,48779,53976,34829,44914,10983,20821,532644,370598,71109,59270,105102,96443,17764,26,26
2021-07-18T23:59:59+02:00,1738,1639,28184,27639,46041,41113,47908,46754,58950,59567,69841,70765,52038,57595,36419,47048,11456,21799,12061,11571,25395,23372,28874,29364,38383,41124,58451,60545,48777,53972,34826,44913,10983,20821,532523,370261,71107,59239,105094,96324,17745,26,26
2021-07-17T23:59:59+02:00,1738,1637,28163,27624,46027,41103,47897,46749,58943,59561,69834,70761,52033,57591,36418,47048,11456,21799,12033,11557,25361,23335,28841,29345,38361,41106,58416,60521,48767,53964,34824,44913,10983,20821,532442,370010,71106,59235,105094,96321,17715,26,26
2021-07-16T23:59:59+02:00,1723,1616,27897,27430,45739,40938,47668,46575,58643,59360,69602,70620,51927,57519,36374,47012,11451,21797,11780,11361,25028,23094,28538,29113,37963,40832,57908,60098,48631,53850,34772,44863,10977,20817,532126,368806,71105,59232,104962,96044,15673,26,26
2021-07-15T23:59:59+02:00,1625,1503,27434,27042,45477,40702,47522,46462,58502,59246,69499,70533,51886,57476,36359,46989,11450,21790,11482,11130,24548,22757,28169,28842,37571,40551,55859,58050,48460,53648,34714,44779,10969,20806,529796,361858,71104,59140,104954,95834,15618,26,26
2021-07-14T23:59:59+02:00,1458,1371,26869,26503,45171,40413,47318,46277,58318,59049,69338,70386,51824,57417,36334,46959,11444,21785,11289,10939,24140,22401,27817,28525,37050,40149,54639,56869,48322,53497,34663,44715,10961,20784,526621,358145,71098,57472,104935,95689,15555,26,26
2021-07-13T23:59:59+02:00,1171,1066,25915,25608,44679,40002,46959,45957,57993,58763,69066,70140,51713,57291,36291,46904,11440,21770,10945,10596,23610,21855,27195,27937,35669,38959,50506,52964,47958,53109,34533,44566,10944,20755,521229,348872,71092,52266,104932,95587,15450,26,26
2021-07-12T23:59:59+02:00,707,669,24538,24353,44119,39520,46758,45740,57780,58568,68883,69968,51651,57200,36273,46878,11438,21762,10710,10488,23409,21716,26940,27800,35419,38789,50064,52542,47883,53023,34504,44531,10944,20749,515339,347404,71091,52239,104926,94506,15425,25,26
2021-07-11T23:59:59+02:00,704,664,24519,24333,44089,39500,46740,45729,57766,58555,68869,69965,51649,57197,36270,46874,11437,21762,10614,10400,23189,21591,26674,27701,35109,38707,49350,52055,46398,51434,34414,44423,10944,20747,515252,346891,71087,52192,104912,89381,15347,25,26
2021-07-10T23:59:59+02:00,702,659,24511,24328,44084,39492,46738,45727,57760,58554,68869,69964,51649,57197,36270,46874,11437,21762,10601,10390,23166,21570,26660,27690,35087,38702,49336,52050,46384,51418,34412,44422,10944,20747,515220,346782,71086,52191,104910,89326,15337,25,26
2021-07-09T23:59:59+02:00,695,649,24063,23868,43804,39251,46672,45667,57700,58513,68817,69939,51632,57184,36266,46866,11436,21762,10520,10221,23071,21382,26599,27480,35019,38485,49270,51946,46362,51393,34408,44419,10944,20747,513459,345548,71082,52178,104904,89282,15315,25,26
2021-07-08T23:59:59+02:00,629,583,22974,22862,43006,38651,46422,45462,57492,58370,68618,69800,51555,57118,36238,46843,11434,21754,10263,10028,22696,21128,26204,27215,34538,38170,48661,51423,46024,51026,34338,44341,10937,20725,508771,341961,71057,52028,104847,88663,15112,25,26
2021-07-07T23:59:59+02:00,577,537,21652,21472,42266,37966,46198,45239,57252,58180,68451,69640,51470,57034,36201,46790,11426,21740,9894,9725,21819,20536,25093,26422,32699,36802,47740,50536,45523,50489,34231,44202,10928,20707,503388,337023,70882,47644,104825,87744,14972,25,25
2021-07-06T23:59:59+02:00,520,473,20417,20191,41412,37320,45719,44888,56856,57875,68123,69381,51371,56908,36157,46739,11418,21731,9504,9344,20954,19943,24127,25764,31212,35608,46542,49336,44744,49706,34095,44026,10915,20687,498896,329692,68948,45542,104805,86471,14826,25,25
2021-07-05T23:59:59+02:00,483,445,19006,18808,40550,36518,45503,44661,56673,57672,67962,69254,51315,56852,36136,46710,11416,21724,9215,9087,20397,19560,23458,25342,30572,35181,45782,48719,43989,48916,33965,43837,10906,20675,493171,323906,68945,45520,104798,85441,14752,23,25
2021-07-04T23:59:59+02:00,476,439,17218,16797,40208,36288,45415,44588,56587,57602,67883,69185,51283,56826,36126,46689,11414,21722,9154,9034,20258,19495,23286,25264,30314,35101,44988,48589,42625,47564,33886,43763,10904,20669,488341,323446,68918,45474,104783,81311,14681,23,25
2021-07-03T23:59:59+02:00,476,437,17196,16773,40159,36242,45396,44571,56582,57597,67877,69178,51281,56823,36126,46689,11414,21721,9110,8992,20190,19427,23224,25198,30231,35021,44767,48413,42556,47488,33841,43704,10901,20669,488154,322482,68916,45473,104782,81131,14663,23,25
2021-07-02T23:59:59+02:00,456,414,17077,16665,39692,35863,45282,44471,56528,57556,67829,69146,51269,56818,36120,46677,11414,21720,8949,8822,19863,19148,22835,24820,29814,34606,44141,47768,42354,47257,33742,43568,10895,20665,486646,319479,68898,44439,104780,80694,14650,23,25
2021-07-01T23:59:59+02:00,404,374,16769,16382,37957,34529,44709,43972,56268,57346,67654,68977,51189,56728,36092,46639,11410,21712,8576,8425,19001,18435,21868,23965,28429,33417,41110,44797,41357,46175,33129,42842,10878,20636,481161,311984,68823,39558,104758,77157,14346,23,25
2021-06-30T23:59:59+02:00,356,329,16479,16137,35770,32704,44087,43341,56043,57150,67449,68785,51107,56636,36063,46585,11406,21696,8216,8090,18327,17805,20980,23133,27154,32153,36465,39924,40276,45029,32468,42053,10857,20610,474313,301488,68777,33525,104738,74258,14272,23,25
2021-06-29T23:59:59+02:00,316,292,16257,15937,34773,31619,43635,42896,55861,56986,67277,68635,51031,56563,36024,46541,11398,21689,7633,7486,17199,16875,19726,21917,25455,30475,33720,36800,37422,41980,31724,41163,10834,20572,470105,285293,68769,33477,104724,68101,14109,23,24
2021-06-28T23:59:59+02:00,306,270,16109,15780,33061,30210,43313,42602,55696,56845,67160,68528,50985,56511,36006,46520,11395,21677,7328,7229,16642,16501,19333,21602,24947,30088,33132,36299,36042,40491,30936,40229,10830,20561,465693,282248,68744,33423,104702,62703,13812,23,24
2021-06-27T23:59:59+02:00,306,270,16088,15755,32911,30123,43251,42574,55659,56836,67134,68520,50980,56507,36003,46519,11395,21676,7284,7199,16506,16435,19170,21540,24746,30014,32905,36159,34783,39217,29309,38309,10829,20560,465374,282079,68741,33384,104696,55824,13673,23,24
2021-06-26T23:59:59+02:00,304,268,16065,15730,32887,30105,43205,42532,55635,56821,67128,68517,50979,56505,36000,46518,11395,21676,7280,7187,16487,16424,19154,21530,24713,29991,32885,36139,34769,39204,29307,38306,10829,20560,465141,281885,68738,33384,104696,55819,13672,23,24
2021-06-25T23:59:59+02:00,297,266,16006,15683,32767,30007,43013,42372,55577,56775,67086,68493,50969,56494,35996,46517,11395,21676,7094,6910,16203,15915,18885,20874,24342,29058,32497,35418,34608,38987,29284,38276,10829,20560,464303,279202,68735,33374,104679,53510,13649,23,24
2021-06-24T23:59:59+02:00,277,253,15734,15479,32308,29716,41542,41129,55113,56419,66853,68333,50915,56438,35980,46489,11390,21666,6773,6680,15503,15470,17434,19853,22264,27499,31397,34522,34204,38561,29160,38095,10817,20546,459730,269493,68732,33321,104675,53084,12874,23,24
2021-06-23T23:59:59+02:00,262,236,15453,15190,31807,29316,39438,39308,54569,55876,66602,68112,50826,56329,35940,46443,11385,21653,6566,6515,15138,15190,16907,19404,21382,26700,29697,33156,33446,37708,28969,37855,10810,20531,452670,261667,68683,33230,104671,52370,12698,23,24
2021-06-22T23:59:59+02:00,240,201,15075,14795,31138,28683,35997,36260,53657,55075,66299,67807,50719,56207,35901,46386,11381,21639,6386,6303,14732,14861,16103,18683,19964,25386,28094,31503,32648,36732,28429,37249,10792,20498,441730,251558,68650,33145,104665,51255,12392,23,24
2021-06-21T23:59:59+02:00,225,195,14832,14617,30450,28217,33834,34294,53193,54649,66120,67690,50638,56133,35876,46364,11376,21634,6291,6218,14572,14741,15933,18546,19843,25274,27984,31416,32493,36592,27220,36013,10792,20495,434895,250875,68628,33097,104634,48281,12157,23,24
2021-06-20T23:59:59+02:00,218,194,14708,14528,28548,26877,33222,33843,53104,54553,66052,67653,50615,56105,35868,46361,11375,21632,5842,5920,13626,14101,15101,17953,19287,24916,27667,31214,32328,36413,27194,35982,10790,20491,430513,245874,68624,33062,104630,48209,11667,22,24
2021-06-19T23:59:59+02:00,212,189,14682,14495,28433,26794,33193,33816,53082,54537,66036,67642,50609,56096,35866,46356,11374,21630,5629,5759,13067,13690,14493,17476,18961,24714,27472,31043,32249,36313,27177,35968,10790,20491,430106,242353,68622,33058,104630,48206,11662,22,24
2021-06-18T23:59:59+02:00,210,180,14592,14410,28329,26727,31942,32912,52717,54230,65902,67548,50578,56062,35848,46330,11370,21626,5562,5681,12966,13606,14329,17350,18725,24485,26652,30377,32043,36076,27111,35893,10786,20484,429603,239406,65657,32943,104620,48152,11611,22,24
2021-06-17T23:59:59+02:00,196,164,14217,14145,27738,26474,31454,32651,51928,53663,65476,67281,50497,55961,35814,46289,11364,21613,5183,5423,12180,13131,13540,16738,17632,23556,24493,28412,31401,35339,26912,35615,10769,20469,426397,230384,65652,32664,104596,47470,10260,20,24
2021-06-16T23:59:59+02:00,167,136,13788,13740,27273,26117,31010,32294,51115,52960,65021,66892,50378,55841,35785,46232,11353,21601,4820,4988,11462,12464,12748,16044,16531,22434,21525,25548,30333,34131,26614,35211,10754,20428,421528,216352,65605,32636,104589,47071,9961,20,24
2021-06-15T23:59:59+02:00,105,83,13156,13116,26526,25540,30227,31698,49864,51895,64309,66367,50200,55644,35718,46120,11344,21582,4326,4358,10496,11530,11593,14665,14802,20732,18093,22243,28962,32696,26227,34692,10729,20385,413817,197745,65585,32519,104584,46762,9488,20,24
2021-06-14T23:59:59+02:00,75,62,12751,12744,26115,25215,29564,31232,48071,50426,63258,65532,49984,55418,35641,46044,11336,21570,4226,4303,10320,11399,11450,14534,14625,20611,17900,22084,28891,32615,26209,34664,10725,20382,405943,197306,65575,32247,104583,46453,8917,20,24
2021-06-13T23:59:59+02:00,74,61,12710,12701,26044,25179,29501,31207,48018,50401,63223,65508,49978,55415,35639,46040,11335,21567,4070,4225,9993,11271,11127,14424,14328,20499,17499,21742,27377,30972,26069,34469,10721,20371,405743,196564,65499,27572,104576,46243,8763,20,24
2021-06-12T23:59:59+02:00,74,60,12692,12684,26028,25168,29490,31195,47958,50330,63181,65472,49977,55412,35639,46040,11335,21567,4068,4216,9978,11254,11118,14409,14309,20482,17478,21733,27336,30927,26064,34464,10721,20371,405446,196377,65499,27570,104574,46203,8763,20,24
2021-06-11T23:59:59+02:00,72,57,12592,12558,25904,25054,29368,31071,47720,50105,63049,65353,49953,55386,35628,46029,11333,21565,3975,3948,9461,10071,10689,13502,14020,19924,17205,21257,26927,30504,25973,34382,10718,20369,404178,195333,65490,27566,104534,41436,8575,20,24
2021-06-10T23:59:59+02:00,64,50,12348,12341,25587,24773,29023,30802,46646,49090,62314,64784,49868,55290,35594,45977,11323,21552,3706,3584,8695,8827,9794,11860,12719,17168,15421,17655,25206,28582,25676,34077,10712,20345,399303,189816,65433,27129,104333,28730,8337,20,23
2021-06-09T23:59:59+02:00,50,38,12054,12016,25181,24369,28626,30407,44636,47266,61223,63845,49763,55166,35547,45923,11317,21534,3459,3462,8271,8577,9283,11539,12203,16777,14709,17055,21368,24260,25450,33775,10700,20319,391317,178231,65305,26781,104331,28192,7988,20,23
2021-06-08T23:59:59+02:00,44,27,11624,11479,24511,23748,27968,29741,41465,44420,59449,62211,49592,54974,35473,45832,11307,21512,3251,3325,7870,8320,8665,11165,11540,16356,14052,16408,15987,18304,25059,33249,10682,20289,378642,163024,65242,26448,104321,27887,7152,20,19
2021-06-07T23:59:59+02:00,39,20,11462,11285,24162,23472,27686,29532,38838,42492,59020,61848,49558,54943,35461,45811,11305,21506,3154,3256,7564,8148,8346,10989,10967,15904,13547,15930,15910,18224,25028,33198,10680,20282,372984,162704,64815,24623,104312,27480,6309,20,19
2021-06-06T23:59:59+02:00,36,19,11326,11181,23841,23243,27475,29361,37240,41306,58894,61769,49534,54914,35453,45797,11305,21504,3052,3206,7292,8059,8079,10821,10228,15222,12951,15310,15758,18112,25014,33175,10678,20282,372579,162589,61433,21464,104301,27311,5865,20,18
2021-06-05T23:59:59+02:00,35,18,11308,11162,23797,23202,27440,29334,37212,41292,58794,61684,49523,54907,35451,45795,11305,21501,3040,3194,7268,8025,8048,10803,10198,15208,12908,15286,15635,17947,25009,33167,10677,20281,372236,162153,61430,21463,104301,27295,5773,20,18
2021-06-04T23:59:59+02:00,35,16,11125,10904,23437,22737,27163,28938,36784,40842,58174,61144,49489,54866,35441,45777,11303,21495,3016,3178,7239,8008,8026,10786,10167,15184,12874,15252,15423,17740,24998,33146,10675,20280,370436,161567,59160,21450,104287,27197,5767,20,18
2021-06-03T23:59:59+02:00,33,15,10904,10687,22978,22348,26737,28602,35686,40015,55412,58795,49360,54707,35398,45713,11298,21480,2923,3098,7032,7852,7569,10489,9140,14553,11625,14549,14240,16269,24819,32928,10663,20261,366488,158209,54238,17720,104237,26885,5185,20,18
2021-06-02T23:59:59+02:00,33,15,10866,10650,22943,22314,26703,28576,35655,39975,55286,58637,49346,54682,35392,45706,11298,21479,2882,3067,6977,7833,7508,10456,8984,14513,11400,14485,12884,14785,24701,32755,10658,20254,365896,154385,54232,17708,104236,26866,5172,20,18
2021-06-01T23:59:59+02:00,20,8,10450,10300,22289,21805,26017,27993,34933,39397,52284,55489,48957,54273,35274,45543,11282,21453,2426,2708,5626,7150,6236,9879,7587,13843,10265,13522,8573,9221,24221,32074,10635,20199,355133,136187,54052,17338,104217,26284,4345,20,18
2021-05-31T23:59:59+02:00,19,7,10174,10068,21712,21411,25608,27744,34611,39193,50834,54093,48859,54149,35241,45502,11275,21446,2316,2585,5336,6906,5973,9660,7223,13602,10009,13362,8522,9159,24195,32025,10627,20187,350398,135414,54009,17217,104193,25719,3326,20,18
2021-05-30T23:59:59+02:00,18,7,10118,10019,21620,21372,25543,27710,34499,39122,50468,53752,48833,54124,35235,45496,11273,21443,2279,2556,5232,6828,5873,9592,7034,13515,9783,13265,8478,9112,24179,32018,10626,20182,349210,134821,53988,17043,104176,25419,3258,20,18
2021-05-29T23:59:59+02:00,17,7,10104,10007,21586,21353,25526,27697,34478,39109,50455,53734,48829,54120,35232,45495,11273,21443,2260,2504,5189,6701,5813,9462,6918,13317,9644,13044,8407,9020,24112,31951,10625,20181,349053,134543,53988,16991,104155,24354,3249,20,18
2021-05-28T23:59:59+02:00,17,7,10044,9937,21510,21243,25445,27577,34401,39009,50375,53635,48808,54102,35223,45487,11273,21439,2177,2238,4575,6164,5193,8745,6551,12356,9148,12049,8229,8821,23741,31469,10624,20178,348199,133043,53975,16893,104097,19070,3242,19,17
2021-05-27T23:59:59+02:00,16,7,9778,9690,20985,20866,24901,27218,33877,38631,49764,53025,48638,53910,35153,45413,11269,21419,1936,1970,4000,5647,4515,8144,6041,11587,8202,10725,7723,8159,22177,29316,10609,20156,343919,127375,53566,15761,103990,14693,3066,19,17
2021-05-26T23:59:59+02:00,16,7,9503,9446,20264,20299,24027,26548,32614,37602,48999,52319,48384,53621,35077,45301,11257,21395,1879,1898,3906,5523,4382,7982,5833,11324,7876,10340,7160,7433,19737,25888,10589,20112,339200,118884,50594,15509,103937,14528,2929,19,16
2021-05-25T23:59:59+02:00,15,7,9240,9210,19852,19942,23590,26157,32104,37086,48105,51339,48086,53303,34988,45159,11245,21365,1811,1849,3786,5425,4245,7833,5623,11100,7561,10017,6534,6592,15600,20498,10569,20054,333613,106657,50512,15466,103864,14177,2785,19,16
2021-05-24T23:59:59+02:00,14,7,9024,9050,19283,19651,22819,25769,30591,36072,47881,51167,47994,53203,34959,45129,11243,21364,1786,1831,3740,5393,4180,7791,5558,11041,7485,9961,6508,6568,15586,20489,10569,20054,332030,106538,46716,15453,103803,13886,2652,19,15
2021-05-23T23:59:59+02:00,14,7,8817,8843,18927,19360,22397,25422,30167,35751,47289,50654,47560,52748,34856,44983,11235,21355,1784,1830,3730,5388,4176,7785,5548,11033,7475,9952,6503,6557,15586,20487,10569,20054,327200,106479,46714,15451,103802,13866,2650,19,15
2021-05-22T23:59:59+02:00,14,7,8786,8807,18877,19317,22351,25390,30114,35720,47181,50584,47541,52725,34853,44974,11232,21355,1783,1826,3718,5376,4172,7779,5543,11027,7468,9948,6500,6555,15583,20486,10569,20054,326657,106443,46714,15451,103801,13845,2637,19,15
2021-05-21T23:59:59+02:00,13,7,8514,8452,18436,18803,21990,24745,29687,34910,46694,49918,47452,52600,34815,44931,11229,21350,1719,1784,3641,5337,4129,7744,5511,10981,7427,9900,6470,6529,15505,20389,10568,20053,321452,106129,46683,15450,103777,13482,2615,19,15
2021-05-20T23:59:59+02:00,12,7,7940,7908,17492,18007,20982,23829,28366,33709,44947,48095,47012,52138,34706,44774,11211,21331,1420,1622,3331,5050,3864,7357,5213,10501,7046,9447,6236,6271,14190,18845,10545,20014,309845,102372,46596,14967,103547,11143,2459,19,15
2021-05-19T23:59:59+02:00,12,7,7675,7592,16887,17405,20082,22952,27137,32451,43151,46006,46481,51583,34554,44551,11190,21300,1354,1537,3129,4837,3658,7105,4987,10149,6751,9116,5952,5937,11977,15987,10527,19953,298700,96128,46557,14491,103500,10087,2240,19,14
2021-05-18T23:59:59+02:00,11,7,7149,7053,15736,16383,18811,21704,25630,30821,40460,42777,45650,50636,34316,44246,11165,21258,1333,1511,3070,4767,3582,6984,4853,10017,6570,8905,5685,5660,10272,13808,10502,19899,282914,90982,45352,14441,103395,9851,2134,18,14
2021-05-17T23:59:59+02:00,11,7,7071,6992,15556,16272,18595,21536,25230,30494,38709,41139,45540,50556,34268,44181,11155,21234,1300,1488,3016,4722,3518,6925,4784,9913,6475,8804,5643,5620,10258,13790,10498,19891,282695,90909,40585,14160,103352,9670,1896,18,14
2021-05-16T23:59:59+02:00,10,6,6956,6940,15435,16185,18466,21430,25050,30379,35726,38369,45504,50521,34246,44157,11152,21229,1277,1470,2971,4682,3470,6867,4701,9844,6381,8725,5612,5583,10246,13774,10496,19888,282414,90861,34434,13894,103233,9560,1662,18,14
2021-05-15T23:59:59+02:00,10,6,6931,6910,15374,16127,18420,21390,24983,30335,35690,38328,45481,50494,34239,44152,11152,21229,1265,1444,2939,4610,3451,6798,4682,9763,6359,8674,5606,5579,10241,13773,10496,19888,281932,90806,34433,13890,103219,9213,1649,18,14
2021-05-14T23:59:59+02:00,10,5,6758,6540,15025,15631,18107,20973,24646,29874,35445,37978,45452,50463,34229,44147,11152,21227,1206,1385,2860,4507,3404,6694,4618,9612,6276,8544,5576,5534,10228,13763,10496,19887,280868,90717,34284,13871,100909,8410,1583,18,13
2021-05-13T23:59:59+02:00,10,5,6403,6217,14266,15051,17401,20341,23788,29133,34675,37308,45165,50119,34150,44023,11148,21216,1034,1300,2665,4397,3287,6572,4477,9442,6154,8401,5534,5496,10211,13746,10492,19882,274458,90564,33953,13791,100693,7429,1297,18,13
2021-05-12T23:59:59+02:00,10,5,6006,5945,13293,14374,16380,19539,23124,28696,34368,37024,44982,49924,34119,43992,11145,21213,1031,1298,2658,4391,3269,6568,4472,9432,6146,8396,5527,5490,10209,13741,10491,19881,268206,90503,33942,13781,100689,7424,1284,18,12
2021-05-11T23:59:59+02:00,10,5,5628,5721,12707,13924,14576,18097,20173,26170,32052,34697,43927,48662,33794,43520,11116,21163,968,1224,2542,4219,3161,6331,4354,9144,6029,8170,5455,5410,10167,13679,10483,19863,250911,90025,33663,13563,100245,6498,1105,18,11
2021-05-10T23:59:59+02:00,10,5,5479,5622,12435,13798,14224,17873,19370,25601,30676,33674,43396,48048,33737,43431,11108,21144,925,1165,2443,4055,3066,6129,4229,8880,5907,7973,5418,5378,10155,13662,10479,19854,245435,89916,33452,13503,99937,5502,789,18,11
2021-05-09T23:59:59+02:00,10,5,5075,5383,11247,13270,13224,17511,18345,25270,30131,33385,43340,47976,33711,43417,11105,21136,901,1135,2344,3950,2976,5991,4097,8705,5813,7869,5409,5364,10148,13657,10474,19850,240118,89869,33380,13461,99594,4915,431,18,10
2021-05-08T23:59:59+02:00,10,5,5064,5375,11225,13251,13198,17492,18315,25237,30090,33342,43332,47965,33710,43413,11105,21136,898,1128,2332,3942,2971,5991,4093,8699,5810,7866,5406,5361,10145,13652,10474,19850,239850,89842,33378,13461,99593,4882,426,18,10
2021-05-07T23:59:59+02:00,10,5,4962,5292,10994,13083,12913,17272,17708,24636,29140,32448,43138,47724,33654,43341,11101,21130,870,1097,2298,3887,2929,5942,4039,8644,5726,7813,5359,5313,10133,13643,10474,19849,237349,89706,31486,13458,99484,4630,215,17,10
2021-05-06T23:59:59+02:00,10,5,4549,5008,10324,12667,12156,16606,16111,23190,26594,30055,42435,46975,33487,43104,11085,21107,813,1041,2162,3640,2760,5633,3845,8171,5527,7490,5308,5260,10110,13615,10472,19841,228584,89522,28143,13144,98667,2958,57,17,10
2021-05-05T23:59:59+02:00,10,5,4239,4781,9726,12225,11435,16023,15011,22161,23739,27294,41454,45869,33204,42717,11067,21065,798,1017,2099,3515,2702,5477,3751,7960,5431,7356,5259,5205,10073,13576,10470,19838,215558,89259,27959,13006,98445,2208,47,16,10
2021-05-04T23:59:59+02:00,10,5,3893,4328,9057,11534,10663,15183,13707,20910,20135,23889,40107,44408,32830,42194,11044,21026,780,987,2030,3399,2632,5342,3658,7808,5334,7233,5221,5159,10043,13547,10468,19835,198510,89039,27941,12707,98416,1683,40,16,10
2021-05-03T23:59:59+02:00,10,4,3651,3908,8650,11042,10182,14560,13173,20255,19412,23243,39841,44156,32751,42090,11041,21011,766,957,1964,3296,2574,5236,3599,7695,5283,7146,5206,5146,10028,13530,10465,19830,192657,88898,27929,12698,98353,1093,25,16,10
2021-05-02T23:59:59+02:00,10,4,3648,3907,8632,11034,10172,14552,13152,20243,19394,23232,39838,44155,32750,42089,11040,21011,762,941,1934,3214,2527,5140,3552,7570,5263,7081,5202,5143,10027,13526,10465,19828,192565,88880,27915,12666,98347,602,20,16,10
2021-05-01T23:59:59+02:00,10,4,3646,3900,8619,11020,10163,14541,13145,20241,19383,23223,39838,44153,32750,42089,11040,21011,761,941,1933,3214,2526,5140,3552,7570,5263,7081,5202,5143,10027,13526,10464,19828,192481,88879,27913,12664,98347,602,19,16,10
2021-04-30T23:59:59+02:00,10,3,3624,3874,8574,10985,10118,14502,13084,20202,19281,23072,39569,43830,32729,42068,11039,21011,757,936,1918,3206,2525,5132,3549,7563,5261,7074,5199,5140,10023,13525,10464,19828,191555,88852,27644,12661,98341,561,19,16,10
2021-04-29T23:59:59+02:00,10,3,3357,3700,8139,10713,9570,14217,12588,19837,18545,22343,36507,40377,32467,41703,11028,20975,744,922,1870,3145,2476,5066,3483,7422,5170,6975,5159,5105,10000,13482,10462,19822,186003,88645,21807,12506,98236,127,18,15,10
2021-04-28T23:59:59+02:00,10,3,3192,3634,7872,10603,9174,14044,12210,19603,18061,21909,32713,36059,32249,41401,11015,20953,727,906,1844,3106,2431,5017,3445,7364,5104,6911,5095,5043,9949,13423,10459,19812,174833,88431,21653,12067,98191,119,13,15,9
2021-04-27T23:59:59+02:00,9,3,3111,3568,7615,10474,8822,13870,11726,19378,17583,21418,27144,29865,31872,40893,10994,20920,717,892,1812,3070,2395,4971,3391,7305,5049,6835,5045,4973,9914,13370,10455,19803,159478,88219,21631,11644,98128,116,13,15,8
2021-04-26T23:59:59+02:00,9,3,3055,3533,7471,10409,8655,13810,11496,19311,17058,21032,27109,29831,31858,40878,10994,20920,694,860,1744,3011,2328,4916,3324,7215,4951,6730,4946,4898,9833,13286,10453,19800,158894,88086,21412,10769,97099,116,13,14,8
2021-04-25T23:59:59+02:00,9,3,3017,3517,7311,10358,8419,13760,11164,19268,16226,20561,25554,28170,31804,40814,10994,20917,694,859,1738,3006,2321,4913,3318,7207,4947,6721,4943,4893,9825,13275,10453,19800,158410,88063,21402,10732,92027,100,13,14,8
2021-04-24T23:59:59+02:00,9,3,3013,3511,7296,10344,8407,13752,11150,19258,16206,20543,25509,28107,31801,40808,10993,20916,694,859,1738,3005,2321,4913,3317,7207,4947,6721,4943,4892,9823,13274,10453,19800,158201,88057,21398,10732,92000,100,13,14,8
2021-04-23T23:59:59+02:00,9,3,2996,3494,7254,10302,8360,13710,11083,19199,16145,20478,25088,27603,31768,40752,10990,20913,684,851,1720,2996,2305,4884,3266,7169,4847,6624,4804,4769,9652,13075,10447,19785,157013,87764,21260,9998,91847,99,13,14,7
2021-04-22T23:59:59+02:00,8,3,2917,3415,7061,10118,7819,13302,9876,18402,14589,19432,23073,25169,31555,40482,10971,20883,619,801,1606,2883,2179,4719,3106,6997,4663,6424,4647,4595,9139,12417,10410,19706,152207,85846,15960,8968,90882,80,13,13,7
2021-04-21T23:59:59+02:00,8,3,2864,3366,6937,10030,7609,13147,9508,18161,14118,18984,20557,22031,31255,40092,10951,20857,571,777,1526,2804,2092,4628,2979,6854,4500,6259,4463,4415,8566,11649,10364,19613,145193,84041,15188,7930,90072,72,13,12,7
2021-04-20T23:59:59+02:00,8,3,2824,3327,6831,9941,7472,13038,9256,17943,13625,18592,17161,17965,30941,39618,10934,20821,541,742,1453,2740,2006,4549,2879,6734,4365,6098,4274,4220,7700,10433,10294,19461,136331,81111,14944,7296,89000,67,13,12,5
2021-04-19T23:59:59+02:00,8,3,2810,3318,6783,9901,7419,13002,9181,17869,13488,18476,16828,17584,30906,39579,10932,20816,482,702,1333,2645,1907,4451,2747,6576,4167,5907,4019,3918,5849,7997,10075,19057,136007,75242,14748,6512,88123,63,13,12,5
2021-04-18T23:59:59+02:00,8,3,2794,3304,6705,9875,7314,12951,8984,17802,12650,18346,15416,16178,30838,39516,10928,20809,476,696,1323,2637,1892,4440,2714,6547,4106,5857,3943,3847,5435,7366,10028,18973,135785,73743,14605,6463,84006,59,13,12,5
2021-04-17T23:59:59+02:00,8,3,2784,3300,6688,9852,7284,12930,8952,17763,12617,18326,15364,16128,30784,39444,10927,20809,476,693,1323,2636,1891,4436,2710,6542,4103,5853,3942,3845,5430,7365,10027,18972,135431,73707,14604,6463,83903,59,13,12,5
2021-04-16T23:59:59+02:00,8,3,2771,3286,6654,9837,7233,12891,8877,17711,12509,18223,15116,15846,30266,38795,10924,20801,476,690,1318,2631,1882,4434,2704,6536,4095,5845,3936,3839,5413,7336,10025,18970,133902,73606,14597,6452,83228,57,13,11,5
2021-04-15T23:59:59+02:00,8,3,2718,3231,6523,9739,7044,12712,8534,17438,12034,17757,14057,14623,28142,35986,10905,20778,467,684,1314,2605,1867,4411,2681,6508,4052,5792,3879,3765,5381,7284,10017,18957,127970,73288,14322,6314,79917,48,12,11,5
2021-04-14T23:59:59+02:00,7,1,2662,3180,6429,9645,6898,12551,8260,17170,11602,17294,12875,13239,23422,29904,10883,20722,463,677,1299,2595,1854,4393,2659,6483,4009,5755,3832,3713,5319,7229,9987,18919,115566,72987,14290,6160,76866,25,12,10,5
2021-04-13T23:59:59+02:00,7,1,2609,3145,6301,9560,6746,12416,7982,16919,11176,16869,10212,10313,20332,25729,10860,20678,447,653,1252,2552,1803,4331,2551,6382,3827,5593,3618,3528,5170,7090,9978,18896,107117,72639,14095,4997,70621,21,12,10,5
2021-04-12T23:59:59+02:00,7,1,2588,3131,6241,9531,6639,12330,7790,16790,10928,16661,8849,8823,19511,24754,10858,20669,441,644,1233,2536,1787,4307,2517,6342,3776,5541,3554,3480,5135,7049,9973,18874,106991,72499,14040,4659,65048,17,12,10,5
2021-04-11T23:59:59+02:00,7,1,2559,3121,6145,9505,6524,12293,7625,16739,10728,16557,7573,7546,17780,22777,10856,20666,441,644,1232,2534,1787,4306,2517,6342,3772,5536,3549,3479,5129,7047,9973,18874,106921,72488,14034,4647,58026,14,11,10,5
2021-04-10T23:59:59+02:00,7,1,2558,3119,6136,9500,6515,12288,7619,16734,10721,16549,7564,7534,17770,22770,10856,20666,441,640,1230,2531,1786,4303,2515,6338,3769,5535,3540,3465,5121,7033,9973,18874,106836,72428,14034,4640,58017,14,10,10,5
2021-04-09T23:59:59+02:00,7,1,2496,3021,6001,9293,6361,12025,7360,16326,10409,16054,7406,7329,17654,22590,10855,20664,436,635,1212,2518,1761,4285,2482,6288,3690,5454,3422,3355,4980,6938,9968,18872,106362,72341,14005,3931,55465,12,10,10,5
2021-04-08T23:59:59+02:00,7,1,2418,2949,5906,9174,6258,11895,7189,16141,10153,15865,7209,7069,16386,21132,10844,20633,429,629,1198,2484,1735,4248,2455,6215,3636,5388,3343,3308,4900,6833,9946,18826,102703,71887,13651,3663,54855,11,10,10,5
2021-04-07T23:59:59+02:00,7,1,2391,2913,5834,9102,6169,11820,7056,16041,9910,15714,6911,6743,14058,18179,10823,20586,423,628,1187,2471,1722,4224,2441,6175,3568,5329,3271,3255,4841,6771,9937,18797,96530,71601,13490,3417,54219,10,10,9,5
2021-04-06T23:59:59+02:00,7,1,2374,2881,5737,9036,6079,11741,6902,15928,9670,15531,6555,6379,11952,15561,10796,20527,420,621,1179,2444,1711,4201,2415,6137,3503,5265,3185,3205,4795,6718,9931,18779,91478,71357,13190,3132,52972,10,8,9,5
2021-04-05T23:59:59+02:00,7,1,2366,2871,5719,9019,6068,11722,6889,15909,9650,15505,6431,6279,10671,14265,10795,20526,416,614,1175,2429,1705,4185,2399,6105,3470,5224,3155,3168,4774,6673,9924,18761,91395,71164,13154,2995,50128,9,7,9,5
2021-04-04T23:59:59+02:00,7,1,2366,2871,5716,9015,6066,11722,6887,15909,9648,15504,6426,6275,10671,14263,10795,20526,416,613,1175,2428,1705,4185,2398,6105,3470,5224,3154,3168,4772,6673,9923,18760,91386,71157,13151,2994,50115,9,7,9,5
2021-04-03T23:59:59+02:00,7,1,2364,2864,5709,9007,6060,11718,6884,15905,9645,15501,6423,6270,10664,14260,10795,20526,416,613,1175,2428,1705,4185,2398,6105,3470,5223,3154,3168,4772,6673,9923,18760,91329,71156,13149,2994,50109,9,7,9,5
2021-04-02T23:59:59+02:00,7,1,2361,2862,5703,9000,6058,11715,6880,15904,9641,15499,6419,6263,10649,14231,10794,20525,414,611,1174,2428,1704,4184,2397,6105,3469,5216,3129,3151,4762,6664,9923,18760,91243,71080,13146,2993,50108,9,7,8,5
2021-04-01T23:59:59+02:00,7,1,2340,2859,5672,8970,6015,11672,6837,15849,9586,15443,6325,6166,10352,13882,10771,20475,412,595,1171,2422,1697,4173,2382,6088,3443,5195,3064,3102,4699,6589,9845,18642,90249,70512,13123,2990,49836,9,6,8,5
2021-03-31T23:59:59+02:00,7,1,2306,2832,5597,8903,5947,11578,6735,15737,9452,15309,6182,6023,9799,13134,10724,20381,407,589,1165,2411,1691,4157,2375,6075,3423,5161,3032,3069,4649,6530,9787,18540,88258,70058,12907,2988,49469,9,5,8,4
2021-03-30T23:59:59+02:00,7,1,2286,2815,5549,8846,5884,11504,6663,15638,9354,15165,5994,5809,8885,11787,10646,20196,405,586,1162,2407,1678,4140,2357,6053,3389,5116,2973,3000,4558,6432,9655,18299,85160,69351,12527,2847,49333,9,3,6,3
2021-03-29T23:59:59+02:00,6,1,2219,2760,5447,8734,5775,11357,6495,15407,9119,14910,5634,5434,6929,9255,10419,19766,398,582,1151,2396,1665,4128,2332,6026,3359,5060,2903,2934,4438,6327,9447,17959,79038,68383,11718,2710,48903,9,3,5,3
2021-03-28T23:59:59+02:00,6,1,2197,2747,5403,8674,5699,11279,6408,15321,9001,14790,5508,5281,6282,8319,10353,19647,389,576,1136,2380,1640,4101,2285,5966,3303,4969,2819,2854,4322,6181,9372,17819,76728,67919,11459,2185,48721,5,3,5,3
2021-03-27T23:59:59+01:00,6,1,2197,2740,5394,8668,5695,11264,6393,15299,8990,14778,5480,5254,6271,8315,10353,19645,389,576,1134,2379,1639,4096,2281,5963,3294,4962,2814,2851,4306,6157,9290,17670,76620,67609,11459,2184,48656,5,3,5,3
2021-03-26T23:59:59+01:00,6,1,2181,2719,5357,8629,5656,11214,6316,15229,8840,14627,5315,5105,6101,8134,10350,19635,385,568,1127,2366,1623,4067,2253,5927,3260,4908,2753,2787,4118,5898,8575,16472,76273,64933,10621,2146,48513,5,3,5,3
2021-03-25T23:59:59+01:00,6,0,2065,2639,5180,8415,5455,10938,6108,14928,8599,14340,5152,4952,6004,8013,10348,19627,376,554,1108,2340,1600,4037,2207,5869,3186,4829,2654,2680,3741,5404,7414,14702,75818,60772,9669,1923,47275,4,2,5,3
2021-03-24T23:59:59+01:00,6,0,1979,2590,5029,8253,5294,10743,5943,14690,8392,14108,5012,4793,5889,7895,10342,19616,372,543,1095,2312,1568,3982,2148,5804,3097,4729,2517,2565,3310,4786,5995,12447,75438,55692,8503,1572,46626,4,2,5,3
2021-03-23T23:59:59+01:00,6,0,1902,2539,4918,8130,5195,10600,5822,14498,8275,13939,4928,4707,5822,7835,10335,19597,361,518,1076,2277,1535,3924,2104,5714,3015,4637,2429,2471,2857,4143,4045,9171,75042,48848,7755,1424,46244,3,2,5,3
2021-03-22T23:59:59+01:00,6,0,1840,2476,4781,7995,5062,10423,5663,14265,8083,13726,4821,4592,5752,7728,10317,19552,334,501,1047,2239,1490,3850,2038,5603,2913,4486,2315,2319,2325,3448,1452,4923,74534,40093,6720,1186,45821,1,2,5,3
2021-03-21T23:59:59+01:00,6,0,1838,2470,4770,7981,5048,10413,5647,14248,8053,13701,4799,4577,5735,7715,10312,19551,333,501,1042,2225,1481,3821,2020,5565,2888,4436,2274,2270,2283,3407,1435,4877,74510,39951,6667,903,45680,1,2,5,3
2021-03-20T23:59:59+01:00,6,0,1838,2470,4769,7980,5047,10411,5646,14247,8045,13695,4798,4576,5727,7708,10312,19551,333,500,1042,2225,1481,3821,2020,5565,2886,4435,2273,2267,2283,3407,1434,4877,74499,39947,6667,898,45653,1,2,5,3
2021-03-19T23:59:59+01:00,6,0,1786,2226,4260,6698,4639,9428,5375,13690,7823,13293,4672,4478,5658,7641,10311,19551,332,500,1042,2225,1481,3820,2019,5564,2885,4435,2271,2266,2277,3401,1433,4875,74438,39931,6656,891,40434,1,2,5,3
2021-03-18T23:59:59+01:00,6,0,1731,1972,3846,5642,4110,8050,4559,11149,6464,9961,4302,4177,5452,7418,10290,19512,331,497,1035,2212,1474,3795,1992,5525,2860,4411,2250,2250,2252,3372,1428,4866,74003,39739,6591,807,28040,1,2,5,3
2021-03-17T23:59:59+01:00,6,0,1725,1964,3835,5616,4093,8020,4535,11085,6413,9887,4263,4130,5409,7372,10282,19484,328,496,1031,2204,1468,3786,1985,5510,2850,4385,2223,2221,2230,3357,1421,4850,73733,39582,6527,758,27852,1,2,5,3
2021-03-16T23:59:59+01:00,6,0,1702,1930,3776,5535,4024,7914,4408,10923,6206,9688,4040,3940,5266,7212,10275,19459,325,492,1030,2185,1463,3773,1976,5495,2841,4366,2214,2206,2217,3328,1412,4820,73415,39410,5253,728,27629,1,2,5,3
2021-03-15T23:59:59+01:00,6,0,1692,1910,3752,5499,3999,7877,4357,10854,6127,9602,3953,3873,5210,7150,10266,19432,322,488,1021,2169,1455,3767,1960,5459,2823,4338,2199,2174,2192,3264,1401,4781,73183,39190,4888,620,27483,1,0,5,3
2021-03-14T23:59:59+01:00,6,0,1686,1900,3743,5489,3994,7860,4348,10822,6118,9579,3945,3863,5205,7142,10265,19430,322,488,1019,2169,1450,3764,1957,5457,2805,4332,2193,2171,2181,3253,1396,4779,73148,39182,4870,551,27372,1,0,5,3
2021-03-13T23:59:59+01:00,6,0,1682,1894,3728,5466,3987,7850,4328,10811,6104,9563,3942,3860,5202,7139,10265,19430,322,488,1019,2169,1450,3764,1957,5456,2805,4331,2192,2170,2181,3251,1387,4774,73123,39162,4865,551,27264,1,0,5,3
2021-03-12T23:59:59+01:00,5,0,1645,1837,3220,5319,3474,7735,4194,10686,5878,9272,3771,3713,5060,7026,10239,19382,317,466,1015,2139,1442,3741,1938,5385,2752,4247,2013,2015,2121,3203,1380,4768,72906,38397,4130,543,25415,0,0,5,3
2021-03-11T23:59:59+01:00,5,0,1537,1699,2839,5062,3037,7478,3914,10274,5248,8379,3541,3537,4952,6905,10199,19326,316,465,1012,2126,1439,3721,1931,5366,2743,4230,2006,2007,2106,3186,1375,4748,72324,38272,3864,503,21739,0,0,5,3
2021-03-10T23:59:59+01:00,5,0,1507,1666,2800,5018,2999,7419,3857,10187,5139,8262,3416,3431,4834,6790,10151,19259,314,464,1011,2123,1436,3710,1927,5353,2731,4210,1987,1999,2079,3153,1365,4733,71906,38187,3532,406,21297,0,0,5,3
2021-03-09T23:59:59+01:00,5,0,1498,1650,2764,4991,2977,7375,3818,10128,5057,8183,3315,3345,4751,6701,10042,19047,311,463,1007,2117,1429,3697,1901,5331,2689,4180,1944,1974,2025,3124,1353,4723,71303,38157,3260,109,21079,0,0,5,3
2021-03-08T23:59:59+01:00,5,0,1483,1635,2735,4962,2949,7344,3795,10080,5033,8121,3273,3305,4675,6637,9861,18742,310,463,1005,2113,1421,3681,1884,5297,2670,4152,1925,1955,1998,3101,1346,4704,70499,38006,3251,17,20880,0,0,5,3
2021-03-07T23:59:59+01:00,5,0,1470,1625,2706,4918,2915,7296,3760,10019,4990,8060,3238,3271,4609,6535,9784,18597,310,462,1004,2112,1420,3675,1881,5287,2669,4147,1921,1952,1994,3097,1342,4695,69959,37951,3197,15,20637,0,0,5,3
2021-03-06T23:59:59+01:00,5,0,1469,1623,2700,4907,2912,7287,3752,10012,4972,8044,3228,3261,4586,6496,9693,18424,310,462,1002,2109,1420,3673,1875,5278,2667,4145,1916,1945,1989,3095,1341,4692,69562,37903,3197,15,20607,0,0,5,2
2021-03-05T23:59:59+01:00,5,0,1395,1546,2602,4746,2855,7129,3667,9805,4871,7848,3178,3201,4367,6207,8975,17214,310,462,1000,2107,1416,3668,1873,5277,2664,4139,1908,1941,1984,3092,1336,4688,66875,37849,3194,15,19537,0,0,5,2
2021-03-04T23:59:59+01:00,5,0,1221,1440,2435,4547,2685,6858,3499,9461,4614,7506,3062,3075,4002,5749,7788,15374,309,454,991,2084,1400,3628,1845,5224,2636,4092,1880,1916,1951,3037,1308,4642,62624,37381,3191,15,17501,0,0,5,2
2021-03-03T23:59:59+01:00,5,0,1187,1387,2357,4439,2625,6735,3413,9294,4516,7363,2976,3006,3620,5145,6371,13143,305,445,979,2062,1388,3600,1831,5174,2581,4037,1830,1880,1923,3004,1292,4613,57489,36928,3163,15,16926,0,0,4,2
2021-03-02T23:59:59+01:00,5,0,1154,1349,2296,4381,2576,6642,3331,9171,4379,7214,2862,2881,3131,4473,4321,9732,300,436,974,2035,1375,3557,1816,5119,2549,4010,1820,1864,1904,2975,1279,4585,50340,36582,2913,15,16642,0,0,3,2
2021-03-01T23:59:59+01:00,5,0,1095,1320,2234,4319,2503,6555,3237,9043,4237,7026,2731,2745,2557,3724,1543,5190,299,433,967,2023,1364,3539,1808,5104,2536,3994,1802,1853,1888,2956,1268,4556,41131,36374,2521,15,16409,0,0,3,2
2021-02-28T23:59:59+01:00,5,0,1061,1306,2193,4283,2473,6510,3189,8986,4175,6967,2666,2697,2508,3693,1535,5170,299,432,964,2017,1362,3526,1805,5090,2530,3986,1795,1842,1875,2944,1260,4542,41034,36253,2229,15,16151,0,0,3,2
2021-02-27T23:59:59+01:00,5,0,1020,1223,2125,4041,2416,6276,3126,8688,4085,6714,2611,2640,2488,3669,1532,5170,299,432,963,2017,1362,3526,1805,5089,2529,3986,1795,1841,1873,2944,1260,4542,40927,36247,2228,15,14671,0,0,3,2
2021-02-26T23:59:59+01:00,4,0,854,971,1927,3652,2254,5617,2911,7773,3776,5926,2563,2586,2469,3654,1529,5168,299,432,963,2014,1360,3524,1803,5088,2527,3985,1795,1838,1866,2943,1258,4535,40911,36214,2139,15,10581,0,0,3,2
2021-02-25T23:59:59+01:00,4,0,519,814,1649,3453,2074,5312,2715,7376,3549,5624,2481,2506,2428,3593,1525,5153,289,411,938,1964,1330,3454,1772,5007,2498,3921,1770,1810,1826,2897,1230,4494,40714,35598,1877,12,8182,0,0,2,2
2021-02-24T23:59:59+01:00,3,0,498,796,1614,3357,2012,5181,2656,7194,3483,5483,2413,2459,2392,3564,1515,5117,280,407,923,1932,1316,3400,1759,4946,2474,3877,1759,1792,1817,2878,1218,4463,40521,35236,1706,4,7508,0,0,2,2
2021-02-23T23:59:59+01:00,3,0,478,759,1554,3255,1957,5040,2578,7062,3398,5379,2353,2401,2353,3506,1500,5083,278,403,918,1917,1309,3369,1750,4914,2453,3845,1739,1772,1797,2842,1202,4408,40369,34912,1433,3,6855,0,0,2,2
2021-02-22T23:59:59+01:00,2,0,462,728,1500,3155,1918,4902,2519,6843,3337,5235,2343,2303,2337,3427,1494,5038,277,400,915,1905,1301,3342,1733,4878,2438,3815,1720,1753,1769,2811,1187,4359,40153,34601,1168,1,6220,0,0,2,2
2021-02-21T23:59:59+01:00,2,0,454,690,1442,3011,1870,4752,2466,6683,3255,5131,2307,2270,2309,3407,1484,5032,277,399,912,1897,1300,3333,1728,4868,2434,3806,1718,1750,1768,2809,1187,4358,40109,34542,935,1,5519,0,0,2,2
2021-02-20T23:59:59+01:00,2,0,450,684,1434,3007,1865,4752,2463,6680,3250,5127,2304,2269,2309,3406,1482,5032,277,399,912,1896,1300,3332,1728,4868,2433,3805,1717,1749,1765,2809,1186,4356,40104,34530,930,1,5480,0,0,2,2
2021-02-19T23:59:59+01:00,1,0,428,647,1405,2945,1838,4697,2422,6580,3163,5010,2124,2106,2245,3357,1477,5026,275,398,910,1894,1299,3331,1728,4863,2430,3804,1716,1748,1763,2808,1186,4355,39353,34507,910,1,5206,0,0,2,1
2021-02-18T23:59:59+01:00,1,0,402,590,1301,2705,1735,4455,2284,6318,3061,4829,2095,2090,2229,3340,1472,5015,275,392,902,1861,1290,3291,1710,4815,2411,3766,1705,1737,1746,2796,1174,4335,39276,34205,836,1,3808,0,0,2,1
2021-02-17T23:59:59+01:00,1,0,386,558,1263,2573,1678,4280,2214,6077,3002,4679,2076,2071,2205,3320,1458,5005,265,375,866,1775,1247,3162,1650,4656,2335,3631,1626,1668,1670,2685,1121,4213,39119,32945,785,0,2940,0,0,2,1
2021-02-16T23:59:59+01:00,1,0,368,528,1209,2454,1628,4146,2135,5892,2922,4543,2067,2066,2197,3313,1453,4993,258,358,845,1694,1192,3026,1588,4453,2264,3453,1575,1614,1606,2584,1089,4077,39058,31676,754,0,2101,0,0,2,1
2021-02-15T23:59:59+01:00,1,0,358,506,1137,2312,1583,4073,2103,5838,2894,4502,2048,2050,2172,3282,1445,4972,252,339,822,1649,1160,2950,1532,4316,2191,3333,1499,1550,1548,2472,1042,3889,38950,30544,639,0,1685,0,0,2,1
2021-02-14T23:59:59+01:00,1,0,349,500,1113,2257,1520,3912,2062,5746,2863,4463,2042,2047,2160,3272,1442,4965,246,334,804,1621,1144,2911,1490,4264,2153,3303,1483,1529,1523,2435,1025,3843,38931,30108,570,0,1211,0,0,2,1
2021-02-13T23:59:59+01:00,1,0,349,500,1112,2257,1520,3911,2060,5745,2863,4463,2041,2045,2159,3272,1441,4962,246,334,804,1621,1144,2911,1489,4262,2153,3303,1481,1526,1522,2434,1025,3842,38920,30097,570,0,1210,0,0,1,1
2021-02-12T23:59:59+01:00,1,0,342,497,1094,2249,1515,3898,2055,5737,2860,4457,2027,2035,2153,3259,1436,4959,244,333,798,1616,1138,2902,1474,4244,2135,3290,1468,1510,1507,2402,1018,3805,38854,29884,562,0,1157,0,0,1,1
2021-02-11T23:59:59+01:00,1,0,320,473,1031,2154,1462,3771,1961,5473,2775,4338,1996,2002,2113,3191,1406,4901,224,305,748,1512,1058,2678,1351,3887,1949,2984,1279,1301,1333,2124,905,3436,38455,27074,525,0,387,0,0,1,1
2021-02-10T23:59:59+01:00,1,0,314,464,1009,2114,1423,3693,1907,5312,2682,4158,1925,1953,2065,3149,1385,4875,199,260,654,1324,930,2296,1166,3286,1706,2565,1116,1124,1183,1873,788,3073,38042,23543,385,0,1,0,0,1,1
2021-02-09T23:59:59+01:00,1,0,308,453,1001,2083,1408,3641,1863,5245,2616,4103,1867,1913,1994,3094,1364,4853,166,200,555,1062,782,1852,961,2677,1436,2152,964,963,987,1583,665,2626,37741,19631,64,0,1,0,0,1,1
2021-02-08T23:59:59+01:00,1,0,306,451,998,2076,1397,3625,1855,5222,2596,4086,1853,1902,1975,3076,1357,4828,116,165,456,848,618,1435,763,2028,1158,1666,772,787,785,1249,529,2146,37583,15521,19,0,1,0,0,1,1
2021-02-07T23:59:59+01:00,1,0,306,451,997,2075,1396,3620,1852,5219,2589,4083,1847,1893,1959,3068,1352,4820,106,146,407,703,544,1260,685,1813,1061,1519,695,706,704,1125,453,1907,37511,13834,16,0,0,0,0,1,1
2021-02-06T23:59:59+01:00,1,0,306,451,996,2074,1396,3617,1852,5217,2589,4080,1847,1892,1954,3066,1349,4818,105,145,402,700,539,1236,669,1794,1050,1497,692,702,699,1121,452,1903,37488,13707,16,0,0,0,0,1,0
2021-02-05T23:59:59+01:00,1,0,306,450,994,2071,1392,3608,1848,5203,2583,4074,1846,1891,1946,3058,1339,4804,101,137,387,682,522,1207,637,1742,1000,1434,655,652,650,1047,425,1809,37397,13088,16,0,0,0,0,1,0
2021-02-04T23:59:59+01:00,1,0,299,433,983,2040,1373,3555,1829,5126,2568,4026,1830,1870,1919,3023,1319,4771,76,106,286,461,362,816,454,1179,688,976,509,477,506,829,337,1450,36948,9513,16,0,0,0,0,1,0
2021-02-03T23:59:59+01:00,1,0,295,424,965,2014,1357,3517,1815,5077,2534,3983,1810,1847,1904,2999,1305,4754,60,82,239,393,292,637,347,921,530,729,341,331,368,588,245,1062,36584,7166,16,0,0,0,0,1,0
2021-02-02T23:59:59+01:00,1,0,290,417,959,1986,1349,3484,1804,5030,2511,3948,1792,1831,1876,2957,1283,4703,39,63,183,311,244,486,265,737,382,561,237,214,234,393,166,698,36204,5213,16,0,0,0,0,1,0
2021-02-01T23:59:59+01:00,1,0,289,414,954,1978,1346,3468,1796,5009,2502,3929,1784,1820,1861,2942,1277,4689,19,39,136,225,168,312,169,489,239,324,120,109,102,192,77,314,36042,3034,16,0,0,0,0,1,0
2021-01-31T23:59:59+01:00,1,0,288,413,952,1971,1343,3459,1793,4990,2498,3914,1780,1812,1857,2934,1274,4679,18,34,118,197,151,270,152,410,202,279,101,95,94,164,69,274,35941,2628,16,0,0,0,0,1,0
2021-01-30T23:59:59+01:00,1,0,288,413,952,1971,1343,3459,1793,4990,2498,3914,1779,1812,1857,2933,1274,4678,18,34,117,197,151,267,149,407,201,278,100,94,94,164,69,274,35938,2614,16,0,0,0,0,1,0
2021-01-29T23:59:59+01:00,1,0,286,410,951,1969,1342,3451,1787,4981,2495,3911,1773,1805,1848,2921,1267,4656,16,33,116,188,142,259,137,379,169,251,73,70,84,142,62,238,35837,2359,16,0,0,0,0,1,0
2021-01-28T23:59:59+01:00,1,0,282,402,932,1915,1318,3387,1762,4919,2467,3849,1751,1785,1816,2890,1249,4619,0,0,10,19,8,19,11,45,7,22,6,4,7,10,3,15,35328,186,15,0,0,0,0,1,0
2021-01-27T23:59:59+01:00,1,0,276,384,899,1834,1283,3273,1701,4796,2407,3749,1694,1736,1771,2822,1210,4530,0,0,4,6,5,11,7,19,3,12,5,4,7,10,3,14,34354,110,11,0,0,0,0,1,0
2021-01-26T23:59:59+01:00,1,0,271,374,889,1820,1269,3234,1684,4740,2377,3682,1661,1704,1732,2750,1192,4439,0,0,4,6,5,11,7,19,3,12,5,4,7,10,3,14,33811,110,7,0,0,0,0,1,0
2021-01-25T23:59:59+01:00,1,0,261,350,847,1701,1199,3070,1593,4469,2271,3474,1601,1651,1675,2662,1141,4253,0,0,1,3,1,3,4,2,3,5,5,4,6,9,2,14,32215,62,3,0,0,0,0,1,0
2021-01-24T23:59:59+01:00,1,0,258,347,836,1681,1189,3048,1562,4436,2245,3453,1590,1642,1663,2650,1135,4245,0,0,1,2,1,3,4,2,3,5,5,4,6,9,2,14,31977,61,3,0,0,0,0,1,0
2021-01-23T23:59:59+01:00,1,0,258,347,836,1681,1188,3047,1562,4432,2244,3452,1589,1642,1662,2649,1134,4240,0,0,1,2,1,3,4,2,3,5,5,4,6,9,2,14,31960,61,3,0,0,0,0,1,0
2021-01-22T23:59:59+01:00,1,0,257,345,830,1678,1184,3042,1559,4425,2232,3447,1577,1630,1656,2630,1128,4218,0,0,1,2,1,3,4,2,3,5,5,4,6,9,2,14,31835,61,3,0,0,0,0,1,0
2021-01-21T23:59:59+01:00,1,0,246,335,803,1612,1159,2915,1503,4263,2152,3312,1478,1526,1519,2462,1044,4028,0,0,1,2,1,3,4,2,3,5,4,3,5,9,1,14,30354,57,3,0,0,0,0,1,0
2021-01-20T23:59:59+01:00,1,0,224,292,730,1456,1068,2601,1369,3805,1978,2956,1356,1379,1397,2262,967,3787,0,0,1,2,1,3,4,2,3,5,4,3,5,9,1,14,27625,57,2,0,0,0,0,1,0
2021-01-19T23:59:59+01:00,1,0,193,235,630,1207,924,2156,1148,3190,1690,2525,1172,1176,1161,1919,805,3217,0,0,1,1,1,2,4,1,2,5,4,3,5,9,1,14,23346,53,2,0,0,0,0,1,0
2021-01-18T23:59:59+01:00,1,0,136,185,498,946,713,1641,881,2323,1314,1913,912,944,927,1513,627,2568,0,0,0,0,0,0,0,0,1,2,2,1,0,0,0,0,18040,6,1,0,0,0,0,1,0
2021-01-17T23:59:59+01:00,1,0,122,159,439,776,628,1418,780,2070,1199,1723,845,864,842,1374,553,2344,0,0,0,0,0,0,0,0,0,1,0,0,0,0,0,0,16136,1,0,0,0,0,0,1,0
2021-01-16T23:59:59+01:00,1,0,121,158,435,775,626,1410,770,2066,1190,1716,843,859,837,1363,545,2328,0,0,0,0,0,0,0,0,0,0,0,0,0,0,0,0,16043,0,0,0,0,0,0,0,0
2021-01-15T23:59:59+01:00,1,0,110,151,423,754,599,1372,738,1988,1129,1634,799,806,790,1274,514,2204,0,0,0,0,0,0,0,0,0,0,0,0,0,0,0,0,15286,0,0,0,0,0,0,0,0
2021-01-14T23:59:59+01:00,1,0,76,112,302,488,398,887,510,1280,773,1073,585,559,577,943,398,1683,0,0,0,0,0,0,0,0,0,0,0,0,0,0,0,0,10645,0,0,0,0,0,0,0,0
2021-01-13T23:59:59+01:00,1,0,59,85,250,410,322,670,379,980,566,765,369,355,392,637,283,1173,0,0,0,0,0,0,0,0,0,0,0,0,0,0,0,0,7696,0,0,0,0,0,0,0,0
2021-01-12T23:59:59+01:00,0,0,48,69,204,351,258,543,279,806,411,599,248,226,244,424,189,785,0,0,0,0,0,0,0,0,0,0,0,0,0,0,0,0,5684,0,0,0,0,0,0,0,0
2021-01-11T23:59:59+01:00,0,0,32,51,177,301,211,442,220,647,301,422,151,131,140,259,105,452,0,0,0,0,0,0,0,0,0,0,0,0,0,0,0,0,4042,0,0,0,0,0,0,0,0
2021-01-10T23:59:59+01:00,0,0,24,42,155,252,182,365,179,536,251,361,130,110,125,214,93,362,0,0,0,0,0,0,0,0,0,0,0,0,0,0,0,0,3381,0,0,0,0,0,0,0,0
2021-01-09T23:59:59+01:00,0,0,24,42,154,250,181,362,177,530,250,360,129,109,125,214,93,362,0,0,0,0,0,0,0,0,0,0,0,0,0,0,0,0,3362,0,0,0,0,0,0,0,0
2021-01-08T23:59:59+01:00,0,0,22,40,152,241,173,352,164,499,220,334,105,93,119,198,86,335,0,0,0,0,0,0,0,0,0,0,0,0,0,0,0,0,3133,0,0,0,0,0,0,0,0
2021-01-07T23:59:59+01:00,0,0,1,0,4,9,8,14,10,6,17,11,10,11,14,21,3,35,0,0,0,0,0,0,0,0,0,0,0,0,0,0,0,0,174,0,0,0,0,0,0,0,0
2021-01-06T23:59:59+01:00,0,0,0,0,1,3,1,6,5,2,3,6,6,4,7,10,1,16,0,0,0,0,0,0,0,0,0,0,0,0,0,0,0,0,71,0,0,0,0,0,0,0,0
2021-01-05T23:59:59+01:00,0,0,0,0,1,3,1,5,5,2,3,5,6,4,6,10,1,15,0,0,0,0,0,0,0,0,0,0,0,0,0,0,0,0,67,0,0,0,0,0,0,0,0
2021-01-04T23:59:59+01:00,0,0,0,0,1,3,1,4,4,2,3,5,6,4,5,9,1,15,0,0,0,0,0,0,0,0,0,0,0,0,0,0,0,0,63,0,0,0,0,0,0,0,0
2021-01-03T23:59:59+01:00,0,0,0,0,1,2,1,4,4,2,3,5,5,4,5,9,1,15,0,0,0,0,0,0,0,0,0,0,0,0,0,0,0,0,61,0,0,0,0,0,0,0,0
2021-01-02T23:59:59+01:00,0,0,0,0,1,2,1,4,4,2,3,5,5,4,5,9,1,15,0,0,0,0,0,0,0,0,0,0,0,0,0,0,0,0,61,0,0,0,0,0,0,0,0
2021-01-01T23:59:59+01:00,0,0,0,0,1,2,1,3,4,2,3,5,5,4,5,9,1,15,0,0,0,0,0,0,0,0,0,0,0,0,0,0,0,0,60,0,0,0,0,0,0,0,0
2020-12-31T23:59:59+01:00,0,0,0,0,1,2,1,3,4,2,3,5,5,4,5,9,1,15,0,0,0,0,0,0,0,0,0,0,0,0,0,0,0,0,60,0,0,0,0,0,0,0,0
2020-12-30T23:59:59+01:00,0,0,0,0,1,2,1,3,4,2,3,5,5,4,5,9,1,15,0,0,0,0,0,0,0,0,0,0,0,0,0,0,0,0,60,0,0,0,0,0,0,0,0
2020-12-29T23:59:59+01:00,0,0,0,0,1,1,1,2,4,1,2,5,5,4,5,9,1,15,0,0,0,0,0,0,0,0,0,0,0,0,0,0,0,0,56,0,0,0,0,0,0,0,0
2020-12-28T23:59:59+01:00,0,0,0,0,1,1,1,1,2,0,1,5,4,1,1,0,0,2,0,0,0,0,0,0,0,0,0,0,0,0,0,0,0,0,20,0,0,0,0,0,0,0,0
2020-12-27T23:59:59+01:00,0,0,0,0,1,1,1,1,2,0,0,3,2,0,1,0,0,2,0,0,0,0,0,0,0,0,0,0,0,0,0,0,0,0,14,0,0,0,0,0,0,0,0
