Datum,<24_1_m,<24_1_w,25-34_1_m,25-34_1_w,35-44_1_m,35-44_1_w,45-54_1_m,45-54_1_w,55-64_1_m,55-64_1_w,65-74_1_m,65-74_1_w,75-84_1_m,75-84_1_w,>84_1_m,>84_1_w,<24_2_m,<24_2_w,25-34_2_m,25-34_2_w,35-44_2_m,35-44_2_w,45-54_2_m,45-54_2_w,55-64_2_m,55-64_2_w,65-74_2_m,65-74_2_w,75-84_2_m,75-84_2_w,>84_2_m,>84_2_w,bp_1,bp_2,mo_1,mo_2,az_1,az_2,ja
2021-07-04T23:59:59+02:00,17337,16883,39484,35761,44818,44106,56181,57259,67381,68831,50962,56504,35780,46364,11046,21022,8937,8855,19828,19187,22839,24788,29823,34546,44214,47882,42039,46924,33386,43220,10558,20017,482531,317822,68498,44628,104392,80295,14298
2021-07-03T23:59:59+02:00,17317,16866,39440,35718,44804,44093,56175,57255,67375,68825,50960,56502,35780,46364,11046,21021,8894,8817,19770,19122,22781,24726,29742,34468,43994,47706,41971,46852,33341,43162,10555,20017,482371,316888,68496,44627,104391,80120,14283
2021-07-02T23:59:59+02:00,17195,16748,38981,35354,44693,43999,56123,57214,67328,68795,50949,56496,35774,46354,11046,21020,8745,8657,19453,18847,22403,24353,29328,34062,43390,47083,41773,46628,33248,43033,10551,20013,480922,313958,68482,43621,104390,79713,14275
2021-07-01T23:59:59+02:00,16867,16448,37280,34040,44140,43514,55875,57016,67164,68636,50879,56411,35750,46315,11042,21013,8384,8271,18621,18170,21468,23542,28010,32942,40448,44214,40821,45599,32668,42346,10534,19989,475602,306751,68411,38880,104366,76385,14011
2021-06-30T23:59:59+02:00,16547,16177,35221,32314,43547,42900,55662,56829,66972,68451,50797,56323,35723,46266,11038,20999,8029,7941,17970,17575,20609,22749,26759,31725,36004,39512,39763,44474,32015,41571,10513,19964,469098,296529,68371,33151,104349,73545,13948
2021-06-29T23:59:59+02:00,16306,15957,34225,31248,43103,42469,55484,56674,66806,68307,50722,56249,35686,46223,11030,20992,7455,7341,16876,16665,19387,21549,25083,30070,33281,36419,36999,41511,31286,40691,10490,19926,464993,280559,68365,33107,104334,67574,13789
2021-06-28T23:59:59+02:00,16158,15790,32571,29876,42793,42177,55327,56536,66692,68203,50676,56197,35670,46202,11027,20980,7153,7079,16334,16291,18999,21238,24580,29687,32698,35926,35629,40035,30501,39763,10486,19917,460726,277539,68343,33058,104309,62222,13497
2021-06-27T23:59:59+02:00,16137,15770,32419,29792,42731,42150,55291,56527,66666,68195,50672,56193,35667,46201,11027,20979,7110,7053,16198,16226,18835,21177,24379,29614,32470,35788,34382,38770,28879,37846,10485,19916,460412,277371,68341,33018,104303,55378,13361
2021-06-26T23:59:59+02:00,16114,15750,32394,29776,42688,42111,55268,56513,66660,68192,50670,56192,35665,46200,11027,20979,7106,7041,16179,16214,18820,21169,24346,29592,32449,35767,34369,38758,28877,37843,10485,19916,460197,277180,68339,33018,104303,55373,13360
2021-06-25T23:59:59+02:00,16057,15706,32282,29678,42499,41955,55212,56469,66621,68168,50660,56181,35661,46199,11027,20979,6922,6765,15900,15712,18556,20523,23982,28662,32066,35050,34208,38544,28854,37813,10485,19916,459392,274535,68337,33009,104286,53075,13339
2021-06-24T23:59:59+02:00,15792,15501,31849,29397,41046,40723,54761,56119,66399,68017,50608,56126,35646,46173,11022,20969,6629,6546,15231,15278,17142,19539,21958,27140,30984,34163,33810,38125,28734,37637,10473,19902,454891,265032,68337,32967,104282,52654,12638
2021-06-23T23:59:59+02:00,15505,15203,31361,29011,38993,38943,54227,55588,66151,67801,50521,56020,35606,46127,11017,20956,6431,6384,14876,15010,16621,19096,21096,26354,29318,32833,33077,37306,28544,37397,10466,19887,447993,257405,68290,32879,104279,51944,12468
2021-06-22T23:59:59+02:00,15114,14788,30697,28386,35605,35950,53328,54795,65852,67501,50415,55900,35569,46071,11014,20942,6256,6174,14486,14688,15834,18388,19694,25059,27729,31187,32290,36345,28022,36802,10448,19856,437223,247404,68260,32799,104274,50885,12170
2021-06-21T23:59:59+02:00,14863,14613,30047,27946,33466,34010,52874,54383,65679,67387,50335,55827,35544,46050,11009,20937,6163,6095,14328,14574,15664,18255,19576,24949,27623,31103,32140,36209,26827,35584,10448,19854,430556,246747,68238,32753,104242,47958,11934
2021-06-20T23:59:59+02:00,14743,14535,28365,26782,32934,33626,52793,54300,65619,67357,50317,55803,35536,46048,11008,20935,5763,5839,13474,14004,14934,17749,19104,24670,27351,30934,31999,36058,26801,35553,10446,19850,426805,242462,68236,32727,104212,47892,11448
2021-06-19T23:59:59+02:00,14712,14497,28250,26702,32904,33599,52772,54284,65603,67346,50311,55794,35534,46043,11007,20933,5556,5685,12930,13602,14342,17285,18789,24473,27160,30766,31923,35960,26784,35539,10446,19850,426401,239033,68235,32725,104212,47889,11443
2021-06-18T23:59:59+02:00,14628,14407,28152,26636,31706,32719,52417,53983,65474,67256,50281,55761,35517,46019,11003,20929,5492,5612,12834,13518,14180,17165,18553,24248,26343,30108,31721,35725,26718,35465,10442,19843,425922,236109,65371,32627,104202,47838,11393
2021-06-17T23:59:59+02:00,14261,14134,27615,26411,31255,32470,51660,53428,65072,66993,50205,55663,35487,45979,10997,20917,5128,5354,12100,13066,13431,16570,17490,23337,24219,28163,31087,34999,26525,35191,10425,19829,422794,227189,65364,32349,104177,47164,10212
2021-06-16T23:59:59+02:00,13822,13715,27155,26060,30821,32118,50861,52741,64630,66612,50094,55546,35458,45922,10987,20905,4767,4917,11382,12394,12648,15887,16399,22224,21263,25311,30027,33801,26229,34788,10410,19788,418038,213222,65322,32321,104171,46776,9916
2021-06-15T23:59:59+02:00,13137,13056,26406,25489,30048,31529,49618,51685,63924,66091,49917,55354,35389,45810,10978,20886,4273,4291,10421,11465,11505,14526,14681,20536,17851,22025,28664,32370,25845,34270,10384,19745,410400,194730,65303,32208,104167,46467,9447
2021-06-14T23:59:59+02:00,12707,12667,26003,25165,29391,31071,47829,50219,62877,65260,49701,55130,35312,45734,10970,20874,4175,4238,10247,11340,11366,14396,14505,20417,17662,21869,28594,32291,25826,34242,10381,19744,402574,194311,65294,31936,104163,46167,8879
2021-06-13T23:59:59+02:00,12665,12622,25930,25134,29328,31044,47776,50194,62842,65237,49694,55127,35310,45731,10969,20871,4025,4161,9921,11214,11044,14287,14212,20309,17279,21528,27099,30672,25687,34048,10377,19733,402375,193582,65222,27330,104156,45963,8721
2021-06-12T23:59:59+02:00,12648,12605,25916,25124,29317,31032,47717,50125,62800,65201,49693,55124,35310,45731,10969,20871,4023,4151,9905,11200,11036,14273,14193,20292,17259,21519,27058,30627,25682,34042,10377,19733,402085,193398,65222,27329,104155,45922,8721
2021-06-11T23:59:59+02:00,12549,12473,25791,25011,29198,30910,47485,49902,62668,65082,49669,55098,35300,45720,10967,20869,3932,3885,9389,10017,10607,13368,13904,19740,16986,21044,26655,30208,25593,33961,10374,19731,400832,192362,65214,27326,104115,41175,8531
2021-06-10T23:59:59+02:00,12305,12264,25479,24732,28862,30648,46431,48897,61944,64522,49587,55004,35267,45668,10958,20856,3671,3523,8624,8781,9714,11733,12611,17010,15216,17480,24951,28293,25298,33663,10369,19707,396056,186913,65163,26889,103910,28547,8295
2021-06-09T23:59:59+02:00,12003,11937,25075,24326,28477,30258,44439,47087,60864,63586,49487,54885,35222,45616,10953,20839,3427,3406,8214,8530,9208,11416,12107,16626,14521,16894,21139,24009,25074,33363,10358,19682,388151,175462,65042,26548,103909,28012,7952
2021-06-08T23:59:59+02:00,11573,11410,24423,23708,27822,29601,41296,44264,59111,61965,49318,54700,35150,45527,10943,20818,3218,3270,7817,8274,8598,11044,11451,16212,13870,16254,15798,18100,24684,32838,10340,19655,375630,160376,64980,26194,103899,27733,7120
2021-06-07T23:59:59+02:00,11408,11217,24074,23434,27547,29397,38671,42342,58683,61605,49284,54669,35137,45506,10941,20812,3124,3203,7513,8099,8283,10870,10883,15766,13372,15779,15722,18023,24656,32788,10338,19648,370004,160066,64554,24384,103890,27338,6279
2021-06-06T23:59:59+02:00,11278,11112,23759,23208,27340,29227,37082,41160,58559,61526,49259,54641,35129,45492,10941,20810,3024,3154,7246,8011,8016,10709,10151,15091,12783,15163,15573,17912,24642,32765,10336,19648,369598,159952,61203,21248,103881,27183,5841
2021-06-05T23:59:59+02:00,11260,11094,23718,23172,27305,29202,37055,41145,58461,61441,49248,54635,35127,45490,10941,20807,3012,3143,7223,7980,7987,10693,10121,15076,12744,15139,15452,17748,24637,32757,10335,19647,369270,159527,61201,21247,103880,27170,5750
2021-06-04T23:59:59+02:00,11077,10835,23357,22710,27035,28807,36630,40699,57843,60904,49213,54594,35117,45472,10940,20801,2988,3127,7194,7963,7966,10675,10093,15051,12710,15105,15243,17543,24626,32736,10333,19646,367469,158948,58955,21234,103866,27073,5744
2021-06-03T23:59:59+02:00,10860,10621,22902,22320,26612,28473,35551,39876,55105,58571,49088,54441,35075,45409,10935,20786,2898,3047,6989,7817,7515,10387,9077,14431,11486,14413,14070,16091,24450,32520,10321,19627,363600,155644,54045,17561,103815,26769,5165
2021-06-02T23:59:59+02:00,10825,10589,22866,22286,26580,28449,35520,39835,54979,58414,49074,54419,35069,45402,10935,20785,2858,3018,6934,7799,7458,10353,8924,14392,11266,14352,12727,14623,24331,32348,10316,19620,363018,151861,54039,17550,103815,26753,5155
2021-06-01T23:59:59+02:00,10406,10243,22216,21780,25901,27875,34802,39267,51997,55289,48690,54020,34952,45244,10919,20759,2402,2660,5590,7120,6194,9781,7538,13727,10140,13399,8429,9087,23859,31670,10292,19562,352363,133755,53869,17184,103796,26179,4332
2021-05-31T23:59:59+02:00,10132,10012,21647,21385,25497,27626,34481,39065,50551,53897,48591,53896,34919,45203,10912,20751,2293,2537,5306,6875,5934,9562,7174,13487,9884,13240,8378,9025,23833,31624,10284,19549,347652,132990,53830,17065,103773,25620,3310
2021-05-30T23:59:59+02:00,10077,9964,21561,21348,25432,27592,34370,38994,50190,53559,48567,53871,34913,45197,10910,20748,2258,2507,5201,6796,5832,9496,6985,13399,9660,13146,8336,8980,23817,31617,10283,19544,346473,132401,53812,16892,103764,25320,3244
2021-05-29T23:59:59+02:00,10061,9953,21528,21331,25416,27580,34349,38981,50178,53541,48563,53867,34910,45196,10910,20748,2238,2454,5158,6671,5771,9365,6869,13202,9523,12926,8263,8891,23751,31550,10282,19543,346322,132128,53812,16841,103743,24253,3235
2021-05-28T23:59:59+02:00,10004,9885,21452,21222,25340,27464,34273,38881,50100,53443,48542,53849,34902,45186,10910,20744,2155,2193,4541,6132,5153,8643,6499,12239,9030,11934,8089,8699,23384,31069,10281,19540,345480,130643,53801,16743,103688,18967,3228
2021-05-27T23:59:59+02:00,9740,9638,20925,20846,24804,27108,33752,38505,49489,52842,48373,53659,34832,45112,10907,20725,1914,1927,3963,5612,4481,8043,5992,11476,8096,10626,7588,8042,21830,28918,10266,19518,341236,125013,53390,15615,103580,14613,3051
2021-05-26T23:59:59+02:00,9468,9400,20206,20286,23942,26442,32499,37479,48732,52144,48120,53370,34757,44998,10896,20701,1859,1856,3872,5486,4348,7882,5786,11216,7773,10248,7028,7317,19412,25506,10246,19475,336576,116580,50421,15361,103528,14454,2915
2021-05-25T23:59:59+02:00,9202,9168,19796,19930,23507,26052,31994,36973,47845,51175,47830,53061,34677,44858,10884,20673,1793,1808,3749,5388,4214,7735,5579,10994,7466,9933,6410,6484,15328,20180,10226,19417,331060,104506,50340,15317,103455,14111,2770
2021-05-24T23:59:59+02:00,8992,9017,19235,19644,22737,25666,30491,35962,47624,51004,47738,52960,34648,44829,10882,20672,1768,1793,3704,5354,4152,7694,5514,10934,7390,9878,6385,6460,15314,20172,10226,19417,329501,104392,46561,15305,103401,13820,2638
2021-05-23T23:59:59+02:00,8784,8811,18879,19355,22317,25318,30069,35643,47037,50495,47308,52505,34546,44683,10874,20663,1766,1792,3696,5349,4148,7690,5505,10926,7382,9872,6381,6449,15314,20170,10226,19417,324691,104343,46560,15303,103400,13801,2636
2021-05-22T23:59:59+02:00,8753,8774,18830,19312,22271,25287,30018,35613,46928,50425,47289,52483,34543,44674,10871,20663,1765,1789,3684,5337,4144,7684,5501,10920,7375,9868,6379,6447,15312,20170,10226,19417,324152,104311,46560,15303,103399,13781,2623
2021-05-21T23:59:59+02:00,8480,8421,18390,18799,21915,24649,29593,34805,46440,49761,47201,52360,34505,44631,10868,20658,1702,1748,3605,5298,4103,7650,5469,10876,7335,9820,6351,6421,15234,20074,10225,19416,318969,103998,46531,15303,103375,13425,2601
2021-05-20T23:59:59+02:00,7907,7872,17440,18009,20914,23734,28278,33607,44699,47944,46763,51901,34397,44478,10850,20639,1403,1590,3297,5009,3838,7263,5176,10400,6957,9369,6121,6169,13934,18546,10202,19377,307390,100282,46447,14825,103149,11098,2446
2021-05-19T23:59:59+02:00,7643,7557,16836,17410,20020,22866,27055,32358,42911,45863,46232,51349,34247,44259,10829,20608,1339,1509,3093,4794,3635,7012,4955,10048,6665,9040,5849,5844,11742,15718,10185,19315,296304,94107,46407,14358,103104,10050,2228
2021-05-18T23:59:59+02:00,7116,7013,15688,16391,18758,21619,25551,30736,40230,42642,45404,50407,34008,43955,10804,20566,1318,1484,3034,4724,3559,6894,4821,9918,6487,8828,5585,5571,10055,13555,10162,19260,280548,89007,45205,14308,103011,9816,2124
2021-05-17T23:59:59+02:00,7037,6953,15504,16280,18543,21450,25152,30411,38479,41006,45294,50329,33960,43889,10794,20545,1285,1462,2980,4680,3496,6835,4753,9816,6392,8728,5544,5531,10042,13538,10159,19252,280334,88944,40438,14027,102968,9636,1886
2021-05-16T23:59:59+02:00,6923,6900,15385,16192,18414,21345,24975,30298,35499,38238,45258,50294,33938,43865,10791,20540,1261,1446,2937,4640,3448,6778,4668,9749,6296,8648,5514,5494,10031,13522,10157,19249,280056,88897,34299,13760,102849,9530,1651
2021-05-15T23:59:59+02:00,6900,6869,15324,16135,18368,21305,24908,30255,35463,38198,45235,50267,33931,43860,10791,20540,1250,1420,2905,4567,3429,6709,4649,9668,6274,8598,5509,5489,10027,13521,10157,19249,279576,88843,34299,13756,102835,9183,1639
2021-05-14T23:59:59+02:00,6725,6501,14978,15639,18055,20889,24575,29796,35217,37847,45206,50236,33921,43855,10791,20538,1189,1359,2828,4466,3382,6607,4584,9514,6186,8464,5479,5445,10014,13512,10157,19248,278527,88763,34150,13718,100518,8379,1574
2021-05-13T23:59:59+02:00,6375,6186,14224,15056,17352,20262,23721,29056,34450,37178,44918,49893,33841,43730,10787,20527,1014,1274,2633,4357,3264,6487,4444,9348,6065,8322,5436,5407,9999,13496,10153,19243,272134,88619,33829,13636,100305,7399,1288
2021-05-12T23:59:59+02:00,5977,5914,13245,14380,16334,19461,23057,28622,34145,36898,44735,49699,33810,43699,10784,20524,1012,1272,2627,4352,3246,6483,4439,9338,6058,8318,5431,5402,9997,13491,10152,19242,265888,88564,33820,13627,100301,7394,1275
2021-05-11T23:59:59+02:00,5604,5688,12665,13936,14538,18023,20109,26104,31831,34577,43684,48438,33487,43226,10756,20475,953,1198,2512,4182,3140,6261,4322,9058,5943,8097,5359,5324,9955,13431,10144,19225,248635,88102,33544,13413,99865,6492,1097
2021-05-10T23:59:59+02:00,5458,5591,12395,13812,14189,17802,19308,25533,30453,33558,43152,47829,33430,43139,10748,20455,912,1139,2413,4021,3046,6058,4200,8797,5822,7901,5324,5295,9943,13415,10140,19216,243169,87999,33334,13353,99563,5504,786
2021-05-09T23:59:59+02:00,5052,5349,11201,13282,13188,17439,18287,25204,29911,33267,43096,47757,33405,43124,10745,20449,889,1109,2314,3919,2956,5920,4068,8625,5728,7796,5316,5282,9936,13412,10135,19214,237841,87964,33263,13311,99224,4916,428
2021-05-08T23:59:59+02:00,5041,5340,11182,13262,13168,17425,18260,25171,29871,33225,43088,47746,33404,43120,10745,20449,885,1103,2301,3912,2950,5920,4064,8619,5725,7793,5313,5279,9933,13407,10135,19214,237589,87937,33262,13311,99223,4882,423
2021-05-07T23:59:59+02:00,4942,5257,10954,13094,12876,17209,17655,24572,28922,32330,42896,47506,33348,43048,10741,20443,858,1072,2266,3858,2904,5874,4009,8564,5641,7739,5266,5233,9921,13398,10135,19213,235097,87805,31374,13307,99116,4633,206
2021-05-06T23:59:59+02:00,4529,4978,10287,12677,12117,16547,16052,23130,26378,29940,42193,46759,33182,42812,10725,20420,802,1017,2130,3608,2737,5568,3815,8091,5446,7419,5215,5180,9898,13370,10133,19204,226341,87624,28027,12994,98313,2970,45
2021-05-05T23:59:59+02:00,4216,4752,9695,12235,11401,15971,14955,22108,23537,27192,41218,45656,32903,42425,10707,20378,788,995,2067,3483,2680,5413,3722,7881,5349,7283,5166,5125,9863,13334,10131,19201,213376,87365,27844,12856,98092,2223,37
2021-05-04T23:59:59+02:00,3873,4295,9025,11541,10630,15135,13651,20858,19934,23788,39873,44198,32530,41906,10684,20339,770,965,2001,3366,2610,5280,3632,7730,5254,7161,5128,5079,9834,13305,10129,19198,196335,87153,27826,12560,98068,1698,31
2021-05-03T23:59:59+02:00,3631,3872,8617,11047,10154,14510,13117,20202,19216,23145,39608,43947,32451,41802,10681,20324,756,936,1934,3261,2554,5173,3572,7616,5204,7074,5113,5068,9819,13288,10126,19193,190485,87013,27814,12552,98006,1103,19
2021-05-02T23:59:59+02:00,3628,3870,8599,11040,10145,14503,13095,20190,19199,23136,39607,43946,32450,41801,10680,20324,752,919,1905,3180,2508,5078,3525,7491,5184,7009,5109,5065,9818,13284,10126,19191,190397,86996,27802,12523,97999,610,15
2021-05-01T23:59:59+02:00,3626,3863,8587,11026,10137,14494,13088,20188,19188,23127,39607,43944,32450,41801,10680,20324,751,919,1904,3180,2508,5078,3525,7491,5184,7009,5109,5065,9818,13284,10125,19191,190315,86995,27802,12522,97999,610,14
2021-04-30T23:59:59+02:00,3603,3839,8541,10990,10094,14454,13026,20149,19085,22976,39341,43621,32429,41780,10679,20324,748,915,1891,3173,2507,5069,3522,7484,5182,7002,5106,5062,9814,13283,10125,19191,189390,86971,27533,12519,97994,570,14
2021-04-29T23:59:59+02:00,3340,3668,8111,10722,9547,14170,12537,19789,18354,22255,36280,40167,32168,41412,10667,20285,735,901,1843,3111,2459,5003,3457,7343,5090,6903,5069,5029,9793,13243,10123,19185,183872,86775,21696,12362,97891,137,13
2021-04-28T23:59:59+02:00,3180,3601,7850,10611,9146,13996,12163,19552,17870,21820,32488,35850,31949,41111,10655,20264,718,884,1817,3073,2414,4954,3420,7286,5026,6841,5008,4972,9741,13186,10120,19176,172709,86570,21545,11935,97844,123,8
2021-04-27T23:59:59+02:00,3098,3536,7592,10480,8796,13821,11679,19329,17392,21330,26938,29673,31572,40604,10634,20232,708,870,1786,3036,2380,4909,3367,7229,4970,6765,4957,4904,9706,13135,10117,19167,157397,86366,21523,11512,97778,120,8
2021-04-26T23:59:59+02:00,3045,3503,7452,10416,8631,13762,11449,19261,16871,20944,26905,29641,31558,40589,10634,20232,686,839,1718,2976,2314,4853,3301,7140,4876,6664,4860,4829,9624,13053,10115,19164,156823,86242,21305,10642,96757,120,8
2021-04-25T23:59:59+02:00,3009,3486,7291,10365,8395,13712,11120,19217,16111,20493,25379,28008,31503,40526,10634,20229,686,837,1712,2972,2307,4850,3296,7132,4872,6655,4857,4824,9616,13041,10115,19164,156342,86219,21295,10605,91833,104,8
2021-04-24T23:59:59+02:00,3005,3480,7275,10352,8384,13704,11106,19208,16094,20475,25336,27945,31500,40520,10633,20228,686,837,1712,2971,2307,4850,3295,7132,4872,6655,4857,4823,9614,13040,10115,19164,156141,86213,21291,10605,91805,104,8
2021-04-23T23:59:59+02:00,2987,3464,7236,10312,8340,13659,11041,19148,16034,20411,24914,27442,31467,40465,10630,20225,678,830,1694,2962,2291,4821,3243,7095,4774,6558,4719,4700,9446,12843,10109,19149,154962,85926,21152,9874,91653,104,8
2021-04-22T23:59:59+02:00,2909,3382,7046,10129,7798,13254,9834,18357,14483,19371,22909,25021,31255,40196,10611,20197,613,778,1579,2849,2167,4658,3082,6925,4591,6358,4567,4528,8936,12191,10073,19070,150187,84025,15859,8848,90698,84,8
2021-04-21T23:59:59+02:00,2856,3335,6924,10041,7590,13102,9469,18118,14016,18924,20406,21891,30956,39808,10592,20172,564,755,1502,2772,2082,4568,2956,6782,4432,6194,4382,4349,8367,11432,10030,18981,143191,82242,15095,7821,89906,77,8
2021-04-20T23:59:59+02:00,2817,3296,6818,9952,7455,12992,9218,17901,13526,18533,17022,17840,30642,39333,10575,20136,534,721,1429,2709,1995,4490,2856,6665,4297,6033,4198,4155,7512,10230,9962,18829,134351,79347,14850,7188,88847,72,8
2021-04-19T23:59:59+02:00,2804,3289,6772,9912,7403,12957,9143,17825,13389,18418,16693,17460,30609,39300,10574,20132,475,681,1314,2616,1900,4397,2730,6512,4106,5845,3946,3856,5689,7818,9748,18433,134036,73557,14655,6434,87981,67,8
2021-04-18T23:59:59+02:00,2788,3276,6696,9886,7297,12910,8949,17758,12561,18292,15292,16063,30541,39238,10571,20125,470,676,1305,2608,1885,4387,2697,6483,4046,5796,3871,3786,5279,7195,9703,18350,133820,72077,14513,6389,83902,63,8
2021-04-17T23:59:59+02:00,2778,3272,6679,9863,7266,12888,8917,17719,12529,18272,15239,16015,30488,39166,10570,20125,470,674,1305,2607,1884,4383,2693,6478,4043,5792,3870,3784,5274,7194,9702,18349,133465,72042,14512,6389,83801,63,8
2021-04-16T23:59:59+02:00,2765,3258,6646,9848,7215,12849,8843,17666,12421,18170,14995,15741,29970,38520,10567,20117,470,672,1299,2602,1875,4381,2688,6472,4036,5784,3865,3778,5257,7164,9702,18347,131950,71946,14505,6378,83128,60,8
2021-04-15T23:59:59+02:00,2714,3201,6513,9748,7027,12671,8502,17394,11949,17706,13945,14528,27856,35713,10549,20094,461,666,1294,2577,1859,4358,2665,6444,3995,5731,3808,3703,5225,7113,9694,18335,126044,71631,14229,6241,79830,49,7
2021-04-14T23:59:59+02:00,2657,3150,6419,9653,6885,12510,8231,17127,11521,17246,12769,13146,23146,29641,10530,20040,458,661,1281,2568,1847,4341,2643,6420,3952,5694,3762,3653,5166,7059,9666,18298,113679,71345,14197,6090,76788,27,7
2021-04-13T23:59:59+02:00,2605,3116,6292,9568,6734,12380,7954,16879,11100,16829,10112,10226,20088,25491,10507,19998,442,636,1233,2525,1794,4281,2536,6318,3772,5533,3549,3467,5019,6923,9657,18276,105306,71006,14003,4926,70563,22,7
2021-04-12T23:59:59+02:00,2584,3102,6234,9540,6628,12293,7764,16751,10854,16626,8751,8741,19267,24520,10506,19989,436,627,1214,2510,1778,4260,2504,6277,3720,5481,3486,3418,4984,6882,9652,18254,105187,70871,13950,4588,65006,17,7
2021-04-11T23:59:59+02:00,2556,3094,6138,9513,6513,12256,7599,16701,10654,16521,7482,7465,17540,22546,10504,19986,436,627,1213,2508,1778,4260,2503,6277,3718,5477,3482,3417,4978,6880,9652,18254,105119,70860,13944,4578,57998,15,7
2021-04-10T23:59:59+02:00,2555,3092,6128,9508,6504,12251,7594,16696,10647,16513,7474,7453,17531,22540,10504,19986,435,624,1211,2505,1777,4258,2501,6274,3715,5476,3473,3403,4970,6866,9652,18254,105038,70802,13943,4571,57989,15,6
2021-04-09T23:59:59+02:00,2493,2994,5994,9299,6348,11989,7336,16288,10335,16014,7318,7249,17414,22360,10503,19984,430,619,1193,2493,1751,4243,2471,6225,3637,5396,3359,3293,4831,6777,9647,18251,104569,70722,13913,3875,55430,13,6
2021-04-08T23:59:59+02:00,2414,2922,5897,9179,6245,11861,7165,16102,10081,15826,7124,6991,16153,20897,10492,19955,423,615,1181,2463,1726,4208,2444,6158,3585,5332,3287,3248,4752,6672,9625,18206,100919,70294,13558,3613,54821,12,6
2021-04-07T23:59:59+02:00,2387,2886,5824,9108,6159,11789,7032,16003,9839,15675,6829,6664,13837,17946,10471,19906,418,614,1171,2450,1713,4185,2430,6122,3519,5275,3216,3196,4697,6611,9617,18179,94763,70025,13397,3371,54189,11,6
2021-04-06T23:59:59+02:00,2371,2854,5729,9043,6069,11711,6879,15891,9600,15493,6472,6302,11748,15346,10445,19847,415,608,1164,2425,1701,4162,2404,6084,3454,5210,3132,3146,4653,6556,9612,18162,89755,69783,13097,3090,52943,10,5
2021-04-05T23:59:59+02:00,2363,2845,5711,9026,6058,11692,6866,15872,9580,15468,6348,6204,10470,14060,10445,19846,411,600,1160,2410,1695,4146,2388,6054,3421,5169,3102,3109,4633,6511,9606,18146,89678,69595,13061,2953,50111,9,4
2021-04-04T23:59:59+02:00,2363,2845,5709,9023,6056,11692,6864,15872,9578,15468,6343,6200,10470,14058,10445,19846,411,599,1160,2409,1695,4146,2387,6054,3421,5169,3102,3109,4631,6511,9606,18146,89669,69591,13061,2952,50098,9,4
2021-04-03T23:59:59+02:00,2361,2837,5701,9016,6051,11688,6861,15869,9575,15466,6340,6195,10464,14055,10445,19846,411,599,1160,2409,1695,4146,2387,6054,3421,5168,3102,3109,4631,6511,9606,18146,89613,69590,13060,2952,50093,9,4
2021-04-02T23:59:59+02:00,2360,2835,5695,9011,6049,11685,6857,15868,9571,15464,6336,6189,10450,14026,10444,19845,409,597,1159,2409,1694,4145,2386,6054,3420,5161,3076,3092,4621,6502,9606,18146,89532,69513,13057,2951,50092,9,4
2021-04-01T23:59:59+02:00,2339,2832,5666,8981,6007,11643,6814,15814,9515,15408,6243,6091,10154,13680,10421,19797,407,583,1157,2403,1687,4134,2370,6038,3394,5140,3016,3047,4562,6431,9531,18033,88544,68972,13035,2948,49822,9,4
2021-03-31T23:59:59+02:00,2304,2804,5591,8916,5939,11550,6712,15702,9383,15273,6098,5949,9603,12939,10377,19707,402,577,1151,2392,1680,4118,2364,6026,3375,5106,2984,3014,4515,6372,9474,17932,86567,68524,12821,2946,49456,9,3
2021-03-30T23:59:59+02:00,2284,2788,5545,8858,5877,11475,6641,15605,9286,15131,5912,5735,8697,11600,10302,19523,400,575,1148,2388,1667,4101,2346,6004,3342,5062,2927,2946,4427,6273,9344,17694,83495,67825,12440,2807,49321,9,3
2021-03-29T23:59:59+02:00,2216,2734,5442,8747,5770,11326,6474,15376,9056,14877,5555,5363,6753,9068,10082,19102,393,571,1137,2380,1654,4089,2321,5978,3313,5006,2859,2881,4311,6170,9143,17363,77415,66885,11628,2672,48895,9,3
2021-03-28T23:59:59+02:00,2195,2721,5399,8687,5694,11249,6387,15290,8938,14757,5431,5211,6113,8138,10016,18986,384,565,1123,2364,1629,4062,2274,5917,3257,4914,2774,2802,4194,6023,9071,17226,75122,66424,11370,2146,48717,6,3
2021-03-27T23:59:59+01:00,2195,2716,5388,8681,5689,11234,6372,15269,8927,14744,5403,5184,6103,8134,10016,18985,384,565,1121,2363,1628,4057,2270,5914,3248,4907,2769,2799,4179,5998,8991,17078,75015,66117,11370,2145,48652,6,3
2021-03-26T23:59:59+01:00,2179,2696,5351,8643,5651,11185,6293,15199,8778,14593,5240,5035,5933,7955,10014,18977,380,557,1115,2350,1612,4029,2242,5878,3214,4854,2708,2736,3994,5742,8284,15901,74671,63480,10535,2107,48513,6,3
2021-03-25T23:59:59+01:00,2062,2615,5175,8429,5450,10909,6088,14901,8539,14305,5079,4881,5837,7836,10011,18969,372,544,1094,2325,1588,4001,2197,5821,3142,4779,2610,2634,3622,5249,7148,14160,74217,59389,9589,1889,47277,5,3
2021-03-24T23:59:59+01:00,1976,2567,5027,8269,5290,10716,5926,14663,8337,14073,4939,4723,5722,7719,10005,18959,368,533,1081,2297,1555,3946,2138,5756,3055,4678,2477,2523,3199,4632,5743,11936,73843,54365,8427,1544,46638,5,3
2021-03-23T23:59:59+01:00,1900,2515,4917,8147,5191,10574,5805,14470,8222,13906,4857,4637,5656,7659,9997,18941,357,509,1061,2262,1522,3888,2094,5668,2974,4587,2387,2429,2748,3998,3851,8715,73450,47648,7681,1396,46260,3,3
2021-03-22T23:59:59+01:00,1836,2456,4783,8013,5058,10400,5647,14237,8030,13693,4754,4525,5586,7549,9983,18897,330,492,1033,2225,1477,3816,2030,5559,2874,4436,2273,2278,2233,3321,1345,4597,72957,39152,6643,1162,45844,2,3
2021-03-21T23:59:59+01:00,1835,2450,4772,7998,5044,10390,5632,14220,8001,13669,4731,4510,5569,7537,9979,18897,329,492,1027,2211,1468,3787,2012,5521,2848,4386,2232,2230,2192,3280,1328,4552,72934,39012,6592,879,45706,2,2
2021-03-20T23:59:59+01:00,1835,2450,4771,7997,5043,10388,5631,14220,7994,13663,4730,4509,5561,7529,9979,18897,329,492,1027,2211,1468,3787,2012,5521,2847,4385,2231,2227,2192,3280,1328,4552,72924,39010,6592,875,45679,2,2
2021-03-19T23:59:59+01:00,1783,2201,4258,6704,4636,9407,5362,13665,7770,13260,4607,4412,5492,7463,9979,18897,328,492,1027,2211,1468,3786,2012,5520,2846,4385,2229,2226,2187,3274,1327,4550,72867,38995,6581,869,40446,2,2
2021-03-18T23:59:59+01:00,1728,1949,3842,5643,4106,8028,4545,11131,6417,9930,4243,4114,5289,7243,9958,18857,327,489,1020,2198,1461,3761,1987,5481,2821,4361,2208,2210,2162,3245,1322,4541,72436,38804,6517,786,28068,2,2
2021-03-17T23:59:59+01:00,1722,1941,3832,5617,4089,7997,4521,11067,6367,9858,4206,4067,5250,7197,9952,18833,324,488,1016,2190,1455,3752,1980,5466,2811,4335,2181,2182,2141,3230,1315,4526,72176,38651,6458,737,27880,2,2
2021-03-16T23:59:59+01:00,1700,1907,3774,5536,4018,7891,4392,10905,6161,9658,3983,3878,5108,7039,9946,18811,322,484,1015,2171,1450,3739,1971,5452,2802,4316,2173,2168,2128,3202,1307,4497,71866,38485,5180,708,27659,2,2
2021-03-15T23:59:59+01:00,1690,1887,3749,5502,3993,7854,4341,10836,6083,9574,3899,3811,5055,6979,9939,18786,319,480,1006,2154,1442,3734,1955,5416,2784,4288,2158,2136,2103,3141,1299,4459,71642,38268,4821,604,27515,2,0
2021-03-14T23:59:59+01:00,1684,1877,3741,5492,3988,7838,4332,10805,6075,9552,3892,3802,5050,6971,9938,18784,318,480,1004,2154,1438,3731,1952,5414,2767,4282,2152,2134,2092,3131,1295,4457,71610,38261,4805,539,27406,1,0
2021-03-13T23:59:59+01:00,1681,1872,3728,5470,3980,7830,4313,10795,6061,9538,3889,3799,5047,6968,9938,18784,318,480,1004,2154,1438,3731,1952,5413,2767,4281,2151,2133,2092,3129,1287,4452,71588,38242,4800,539,27305,1,0
2021-03-12T23:59:59+01:00,1641,1816,3212,5324,3465,7716,4179,10669,5836,9247,3722,3653,4905,6859,9913,18736,313,458,1000,2124,1430,3707,1933,5343,2714,4196,1974,1979,2032,3079,1280,4446,71377,37477,4076,531,25440,0,0
2021-03-11T23:59:59+01:00,1533,1680,2831,5063,3028,7462,3899,10256,5210,8359,3498,3477,4799,6742,9875,18686,312,458,997,2111,1427,3687,1926,5324,2705,4179,1968,1971,2018,3062,1275,4428,70814,37356,3814,492,21770,0,0
2021-03-10T23:59:59+01:00,1503,1649,2792,5017,2993,7403,3844,10170,5101,8242,3372,3373,4684,6627,9831,18620,310,457,995,2108,1425,3676,1922,5311,2694,4159,1951,1964,1992,3030,1264,4414,70407,37275,3483,397,21331,0,0
2021-03-09T23:59:59+01:00,1495,1633,2761,4992,2972,7359,3806,10110,5022,8162,3274,3290,4604,6538,9724,18409,307,456,992,2102,1418,3664,1896,5289,2652,4129,1908,1939,1942,3002,1252,4404,69813,37247,3215,105,21123,0,0
2021-03-08T23:59:59+01:00,1480,1620,2731,4968,2946,7329,3783,10062,4998,8100,3234,3250,4532,6475,9548,18107,307,456,990,2098,1410,3648,1879,5256,2633,4102,1892,1922,1916,2980,1246,4385,69026,37106,3206,14,20931,0,0
2021-03-07T23:59:59+01:00,1467,1610,2702,4923,2912,7281,3750,10000,4957,8041,3199,3217,4467,6374,9472,17963,307,455,990,2097,1409,3643,1876,5246,2632,4097,1888,1919,1912,2976,1243,4378,68493,37056,3153,12,20689,0,0
2021-03-06T23:59:59+01:00,1466,1608,2696,4912,2909,7272,3742,9993,4939,8025,3189,3207,4445,6335,9384,17793,307,455,988,2094,1409,3641,1870,5237,2630,4095,1883,1911,1906,2974,1243,4375,68103,37006,3153,12,20659,0,0
2021-03-05T23:59:59+01:00,1393,1530,2598,4750,2852,7115,3657,9786,4838,7829,3139,3148,4227,6048,8677,16600,307,455,986,2092,1404,3636,1868,5236,2626,4089,1874,1907,1901,2971,1238,4372,65450,36950,3150,12,19587,0,0
2021-03-04T23:59:59+01:00,1220,1427,2428,4547,2681,6846,3489,9441,4580,7489,3023,3025,3865,5590,7509,14777,306,447,977,2069,1388,3596,1840,5184,2598,4043,1846,1882,1868,2916,1211,4326,61243,36485,3147,12,17547,0,0
2021-03-03T23:59:59+01:00,1187,1374,2350,4440,2621,6728,3402,9279,4484,7346,2938,2956,3492,4992,6119,12586,302,438,966,2047,1376,3569,1826,5134,2544,3989,1799,1847,1844,2887,1196,4298,56190,36050,3121,12,16983,0,0
2021-03-02T23:59:59+01:00,1153,1338,2290,4384,2570,6637,3322,9158,4349,7197,2823,2830,3008,4325,4118,9219,297,429,961,2022,1364,3528,1813,5084,2512,3964,1789,1833,1825,2861,1185,4271,49144,35726,2872,12,16705,0,0
2021-03-01T23:59:59+01:00,1094,1308,2230,4322,2498,6551,3229,9032,4207,7009,2691,2693,2442,3586,1402,4757,296,426,954,2010,1353,3509,1805,5068,2501,3948,1773,1823,1808,2842,1173,4243,40095,35520,2486,12,16470,0,0
2021-02-28T23:59:59+01:00,1060,1294,2188,4285,2468,6508,3181,8975,4145,6950,2624,2646,2393,3555,1394,4737,296,425,952,2005,1351,3496,1802,5054,2495,3940,1766,1812,1795,2831,1165,4228,39997,35401,2194,12,16212,0,0
2021-02-27T23:59:59+01:00,1017,1212,2123,4041,2410,6274,3117,8677,4054,6695,2569,2589,2373,3531,1391,4737,296,425,951,2005,1351,3496,1802,5053,2494,3940,1766,1811,1793,2831,1165,4228,39891,35395,2193,12,14726,0,0
2021-02-26T23:59:59+01:00,848,958,1921,3650,2247,5608,2900,7756,3744,5903,2520,2536,2355,3516,1388,4735,296,425,951,2002,1349,3494,1800,5052,2492,3939,1766,1808,1787,2830,1163,4221,39876,35363,2105,12,10604,0,0
2021-02-25T23:59:59+01:00,507,801,1641,3451,2064,5304,2704,7364,3518,5601,2439,2460,2315,3455,1384,4721,286,404,925,1953,1320,3425,1770,4971,2463,3875,1741,1781,1748,2787,1136,4181,39681,34755,1850,11,8198,0,0
2021-02-24T23:59:59+01:00,487,783,1606,3355,2002,5174,2644,7181,3452,5458,2374,2413,2279,3426,1375,4687,277,400,911,1921,1306,3371,1757,4912,2439,3830,1730,1763,1739,2768,1124,4154,39492,34399,1681,3,7523,0,0
2021-02-23T23:59:59+01:00,468,747,1545,3253,1947,5034,2566,7050,3366,5353,2314,2354,2242,3370,1360,4656,276,396,906,1906,1300,3342,1748,4881,2418,3799,1710,1743,1719,2733,1109,4101,39345,34084,1409,3,6871,0,0
2021-02-22T23:59:59+01:00,451,716,1490,3154,1908,4896,2508,6832,3305,5209,2306,2257,2227,3291,1356,4611,275,393,902,1895,1292,3315,1731,4845,2404,3769,1691,1724,1693,2704,1094,4055,39134,33781,1145,1,6238,0,0
2021-02-21T23:59:59+01:00,443,678,1432,3012,1861,4746,2456,6673,3223,5105,2270,2224,2200,3271,1346,4606,275,392,899,1887,1291,3306,1728,4835,2400,3760,1689,1721,1692,2702,1094,4054,39095,33724,912,1,5539,0,0
2021-02-20T23:59:59+01:00,439,673,1424,3008,1855,4746,2453,6670,3219,5101,2267,2223,2200,3270,1345,4606,275,392,899,1886,1291,3305,1728,4835,2399,3759,1688,1720,1689,2702,1093,4052,39091,33712,908,1,5500,0,0
2021-02-19T23:59:59+01:00,417,636,1395,2946,1828,4692,2412,6571,3132,4983,2088,2062,2137,3221,1340,4600,273,391,898,1884,1290,3304,1728,4830,2396,3758,1686,1718,1687,2701,1093,4051,38342,33687,889,1,5229,0,0
2021-02-18T23:59:59+01:00,392,580,1290,2703,1723,4448,2274,6309,3030,4801,2059,2045,2121,3204,1335,4592,273,385,890,1851,1281,3265,1710,4782,2377,3722,1674,1708,1671,2689,1081,4033,38268,33391,815,1,3823,0,0
2021-02-17T23:59:59+01:00,377,549,1251,2574,1668,4273,2205,6067,2971,4652,2040,2026,2098,3184,1320,4583,264,368,855,1766,1238,3136,1649,4623,2303,3587,1598,1639,1596,2579,1032,3916,38112,32148,764,1,2962,0,0
2021-02-16T23:59:59+01:00,360,519,1197,2453,1618,4132,2126,5879,2890,4514,2031,2022,2090,3178,1315,4572,256,351,835,1686,1183,3000,1588,4419,2231,3413,1548,1586,1535,2479,1004,3786,38053,30899,734,1,2109,0,0
2021-02-15T23:59:59+01:00,350,497,1124,2309,1573,4059,2094,5826,2862,4473,2012,2006,2069,3148,1308,4552,249,333,812,1641,1152,2926,1532,4286,2160,3297,1473,1522,1480,2370,961,3607,37948,29800,624,1,1690,0,0
2021-02-14T23:59:59+01:00,342,492,1101,2253,1510,3895,2052,5734,2831,4434,2006,2004,2058,3139,1306,4546,242,328,794,1614,1136,2887,1490,4234,2122,3267,1457,1501,1456,2334,944,3565,37931,29370,559,1,1213,0,0
2021-02-13T23:59:59+01:00,342,492,1100,2253,1510,3894,2050,5733,2831,4434,2005,2002,2057,3139,1306,4543,242,328,794,1614,1136,2887,1489,4233,2122,3267,1455,1498,1455,2333,944,3564,37920,29360,559,1,1212,0,0
2021-02-12T23:59:59+01:00,338,489,1083,2244,1505,3880,2045,5724,2828,4428,1991,1992,2051,3126,1301,4540,241,327,788,1609,1130,2878,1472,4214,2103,3254,1442,1482,1440,2301,937,3530,37853,29147,551,1,1161,0,0
2021-02-11T23:59:59+01:00,318,466,1019,2146,1451,3753,1951,5461,2743,4309,1963,1961,2011,3062,1276,4484,221,301,739,1504,1050,2657,1348,3859,1920,2948,1254,1275,1271,2026,831,3175,37471,26379,514,0,389,0,0
2021-02-10T23:59:59+01:00,312,457,996,2106,1413,3674,1897,5299,2648,4127,1894,1911,1967,3024,1258,4458,197,256,646,1317,924,2276,1159,3265,1680,2535,1096,1103,1125,1786,724,2838,37063,22927,377,0,1,0,0
2021-02-09T23:59:59+01:00,306,447,988,2074,1397,3621,1854,5232,2581,4071,1836,1875,1899,2971,1237,4436,164,197,548,1060,777,1833,955,2660,1417,2126,949,944,940,1512,607,2424,36763,19113,61,0,1,0,0
2021-02-08T23:59:59+01:00,305,445,985,2067,1387,3605,1846,5209,2563,4055,1821,1863,1881,2953,1230,4411,113,164,448,850,615,1425,761,2019,1146,1653,767,776,751,1201,487,1976,36608,15152,17,0,1,0,0
2021-02-07T23:59:59+01:00,305,445,984,2066,1386,3598,1843,5206,2556,4052,1815,1854,1865,2946,1225,4405,104,145,398,704,541,1252,682,1804,1049,1506,694,696,676,1083,421,1758,36537,13513,14,0,0,0,0
2021-02-06T23:59:59+01:00,305,445,983,2065,1386,3595,1843,5204,2556,4049,1815,1853,1860,2944,1222,4403,104,144,393,701,536,1228,666,1785,1038,1485,691,692,671,1079,420,1754,36514,13387,14,0,0,0,0
2021-02-05T23:59:59+01:00,305,444,981,2063,1383,3586,1839,5190,2550,4043,1814,1852,1852,2936,1213,4390,100,137,378,683,519,1199,634,1733,990,1422,654,642,625,1005,394,1663,36427,12778,14,0,0,0,0
2021-02-04T23:59:59+01:00,298,427,969,2031,1364,3533,1820,5113,2534,3995,1798,1832,1826,2901,1196,4359,75,106,279,461,358,808,450,1171,681,964,506,468,486,795,308,1329,35982,9245,14,0,0,0,0
2021-02-03T23:59:59+01:00,294,418,952,2004,1348,3495,1807,5064,2500,3951,1778,1809,1810,2877,1183,4345,59,82,233,395,289,629,345,916,521,718,339,324,350,567,221,970,35621,6958,14,0,0,0,0
2021-02-02T23:59:59+01:00,290,411,947,1977,1340,3462,1796,5018,2477,3916,1760,1793,1784,2836,1162,4298,37,63,178,312,242,482,264,734,375,552,236,207,223,375,152,634,35253,5066,14,0,0,0,0
2021-02-01T23:59:59+01:00,289,408,942,1970,1337,3446,1788,4998,2469,3898,1753,1782,1769,2821,1156,4285,19,39,132,227,167,307,170,489,237,321,121,105,98,185,71,282,35097,2970,14,0,0,0,0
2021-01-31T23:59:59+01:00,288,407,940,1962,1334,3437,1785,4979,2465,3883,1749,1774,1765,2814,1153,4276,18,34,114,199,150,266,153,409,200,277,102,91,90,157,63,248,34997,2571,14,0,0,0,0
2021-01-30T23:59:59+01:00,288,407,940,1962,1334,3437,1785,4979,2465,3883,1748,1774,1765,2813,1153,4275,18,34,114,199,150,264,150,407,199,276,101,90,90,157,63,248,34994,2560,14,0,0,0,0
2021-01-29T23:59:59+01:00,286,404,939,1960,1333,3429,1779,4970,2462,3880,1742,1767,1756,2802,1146,4254,16,33,113,190,141,256,138,379,168,249,74,66,81,136,56,216,34895,2312,14,0,0,0,0
2021-01-28T23:59:59+01:00,281,396,921,1904,1309,3365,1754,4908,2434,3818,1720,1748,1725,2771,1128,4219,0,0,8,19,9,17,12,46,7,21,8,3,8,9,2,13,34388,182,13,0,0,0,0
2021-01-27T23:59:59+01:00,276,378,888,1824,1275,3252,1692,4785,2374,3718,1664,1700,1681,2705,1092,4136,0,0,4,6,5,11,8,20,3,12,7,3,8,9,2,12,33431,110,9,0,0,0,0
2021-01-26T23:59:59+01:00,270,369,879,1811,1261,3214,1675,4728,2344,3655,1633,1668,1644,2635,1075,4052,0,0,4,6,5,11,8,20,3,12,7,3,8,9,2,12,32906,110,7,0,0,0,0
2021-01-25T23:59:59+01:00,259,345,837,1693,1192,3051,1585,4457,2239,3446,1574,1615,1590,2550,1028,3882,0,0,1,3,1,3,5,3,3,5,7,3,7,8,2,12,31341,63,2,0,0,0,0
2021-01-24T23:59:59+01:00,256,342,826,1674,1182,3029,1554,4424,2213,3425,1564,1607,1580,2539,1022,3875,0,0,1,2,1,3,5,3,3,5,6,3,7,8,2,12,31110,61,2,0,0,0,0
2021-01-23T23:59:59+01:00,256,342,826,1674,1181,3028,1554,4420,2212,3424,1563,1607,1579,2538,1021,3870,0,0,1,2,1,3,5,3,3,5,6,3,7,8,2,12,31093,61,2,0,0,0,0
2021-01-22T23:59:59+01:00,255,340,820,1671,1177,3023,1551,4413,2200,3419,1551,1595,1573,2519,1016,3851,0,0,1,2,1,3,5,3,3,5,6,3,7,8,2,12,30972,61,2,0,0,0,0
2021-01-21T23:59:59+01:00,244,331,792,1605,1152,2898,1495,4253,2121,3284,1453,1492,1440,2355,937,3670,0,0,1,2,1,3,4,2,3,5,4,2,6,8,1,12,29520,54,2,0,0,0,0
2021-01-20T23:59:59+01:00,221,287,719,1449,1062,2584,1359,3796,1948,2933,1332,1347,1322,2167,868,3462,0,0,1,2,1,3,4,2,3,5,4,2,6,8,1,12,26854,54,2,0,0,0,0
2021-01-19T23:59:59+01:00,190,231,621,1203,917,2140,1140,3181,1666,2503,1149,1150,1097,1834,723,2941,0,0,1,1,1,2,4,1,2,5,4,2,5,8,1,12,22684,49,2,0,0,0,0
2021-01-18T23:59:59+01:00,132,184,487,945,709,1631,876,2319,1299,1902,902,925,880,1459,568,2352,0,0,0,0,0,0,0,0,1,2,2,1,0,0,0,0,17569,6,1,0,0,0,0
2021-01-17T23:59:59+01:00,119,158,427,774,624,1411,776,2066,1186,1712,838,846,799,1323,507,2144,0,0,0,0,0,0,0,0,0,1,0,0,0,0,0,0,15710,1,0,0,0,0,0
2021-01-16T23:59:59+01:00,119,157,423,773,622,1403,766,2062,1178,1706,836,841,794,1312,499,2129,0,0,0,0,0,0,0,0,0,0,0,0,0,0,0,0,15620,0,0,0,0,0,0
2021-01-15T23:59:59+01:00,109,151,411,753,596,1365,734,1984,1117,1625,792,789,750,1226,469,2011,0,0,0,0,0,0,0,0,0,0,0,0,0,0,0,0,14882,0,0,0,0,0,0
2021-01-14T23:59:59+01:00,75,111,294,486,395,879,506,1277,763,1064,578,546,547,905,359,1527,0,0,0,0,0,0,0,0,0,0,0,0,0,0,0,0,10312,0,0,0,0,0,0
2021-01-13T23:59:59+01:00,58,85,242,409,319,662,377,977,558,757,363,344,367,616,250,1058,0,0,0,0,0,0,0,0,0,0,0,0,0,0,0,0,7442,0,0,0,0,0,0
2021-01-12T23:59:59+01:00,46,69,197,351,257,538,278,803,405,592,244,218,229,407,169,705,0,0,0,0,0,0,0,0,0,0,0,0,0,0,0,0,5508,0,0,0,0,0,0
2021-01-11T23:59:59+01:00,32,50,172,303,210,437,217,646,296,420,150,126,130,249,91,402,0,0,0,0,0,0,0,0,0,0,0,0,0,0,0,0,3931,0,0,0,0,0,0
2021-01-10T23:59:59+01:00,24,41,150,254,180,360,179,535,247,359,129,106,115,204,79,325,0,0,0,0,0,0,0,0,0,0,0,0,0,0,0,0,3287,0,0,0,0,0,0
2021-01-09T23:59:59+01:00,24,41,150,252,179,359,178,530,246,358,128,105,115,204,79,325,0,0,0,0,0,0,0,0,0,0,0,0,0,0,0,0,3273,0,0,0,0,0,0
2021-01-08T23:59:59+01:00,22,40,148,243,171,349,165,499,217,332,104,89,110,189,72,303,0,0,0,0,0,0,0,0,0,0,0,0,0,0,0,0,3053,0,0,0,0,0,0
2021-01-07T23:59:59+01:00,1,0,4,9,8,13,10,6,16,11,10,9,15,21,3,32,0,0,0,0,0,0,0,0,0,0,0,0,0,0,0,0,168,0,0,0,0,0,0
2021-01-06T23:59:59+01:00,0,0,1,3,1,5,5,2,3,6,6,2,8,10,1,14,0,0,0,0,0,0,0,0,0,0,0,0,0,0,0,0,67,0,0,0,0,0,0
2021-01-05T23:59:59+01:00,0,0,1,3,1,5,5,2,3,5,6,2,7,9,1,13,0,0,0,0,0,0,0,0,0,0,0,0,0,0,0,0,63,0,0,0,0,0,0
2021-01-04T23:59:59+01:00,0,0,1,3,1,4,4,2,3,5,6,2,5,8,1,13,0,0,0,0,0,0,0,0,0,0,0,0,0,0,0,0,58,0,0,0,0,0,0
2021-01-03T23:59:59+01:00,0,0,1,2,1,4,4,2,3,5,5,2,5,8,1,13,0,0,0,0,0,0,0,0,0,0,0,0,0,0,0,0,56,0,0,0,0,0,0
2021-01-02T23:59:59+01:00,0,0,1,2,1,4,4,2,3,5,5,2,5,8,1,13,0,0,0,0,0,0,0,0,0,0,0,0,0,0,0,0,56,0,0,0,0,0,0
2021-01-01T23:59:59+01:00,0,0,1,2,1,3,4,2,3,5,5,2,5,8,1,13,0,0,0,0,0,0,0,0,0,0,0,0,0,0,0,0,55,0,0,0,0,0,0
2020-12-31T23:59:59+01:00,0,0,1,2,1,3,4,2,3,5,5,2,5,8,1,13,0,0,0,0,0,0,0,0,0,0,0,0,0,0,0,0,55,0,0,0,0,0,0
2020-12-30T23:59:59+01:00,0,0,1,2,1,3,4,2,3,5,5,2,5,8,1,13,0,0,0,0,0,0,0,0,0,0,0,0,0,0,0,0,55,0,0,0,0,0,0
2020-12-29T23:59:59+01:00,0,0,1,1,1,2,4,1,2,5,5,2,5,8,1,13,0,0,0,0,0,0,0,0,0,0,0,0,0,0,0,0,51,0,0,0,0,0,0
2020-12-28T23:59:59+01:00,0,0,1,1,1,1,2,0,1,5,4,1,1,0,0,2,0,0,0,0,0,0,0,0,0,0,0,0,0,0,0,0,20,0,0,0,0,0,0
2020-12-27T23:59:59+01:00,0,0,1,1,1,1,2,0,0,3,2,0,1,0,0,2,0,0,0,0,0,0,0,0,0,0,0,0,0,0,0,0,14,0,0,0,0,0,0
