Datum,<15_m,<15_w,15-24_1_m,15-24_1_w,25-34_1_m,25-34_1_w,35-44_1_m,35-44_1_w,45-54_1_m,45-54_1_w,55-64_1_m,55-64_1_w,65-74_1_m,65-74_1_w,75-84_1_m,75-84_1_w,>84_1_m,>84_1_w,<24_2_m,<24_2_w,25-34_2_m,25-34_2_w,35-44_2_m,35-44_2_w,45-54_2_m,45-54_2_w,55-64_2_m,55-64_2_w,65-74_2_m,65-74_2_w,75-84_2_m,75-84_2_w,>84_2_m,>84_2_w,bp_1,bp_2,mo_1,mo_2,az_1,az_2,ja,unb_1,unb_2
2021-09-29T23:59:59+02:00,5031,4684,37584,36235,53029,47606,54086,52671,64806,64774,74681,74751,54016,59572,37274,48180,11618,22128,34311,32959,50150,44281,51625,49647,62207,61738,72211,72168,52567,57920,36301,46818,11213,21264,582334,552881,78999,74808,105540,101419,35826,29,26
2021-09-28T23:59:59+02:00,5008,4661,37526,36178,52990,47559,54051,52630,64759,64731,74636,74713,53979,59536,37256,48159,11609,22116,34257,32922,50120,44258,51602,49626,62182,61719,72176,72139,52537,57882,36280,46791,11210,21253,581801,552506,78976,74802,105538,101415,35755,29,26
2021-09-27T23:59:59+02:00,4933,4601,37342,36013,52828,47407,53941,52530,64666,64631,74542,74639,53950,59510,37244,48140,11607,22104,33857,32549,49841,43947,51386,49392,61997,61541,72053,72021,52495,57822,36259,46761,11208,21243,580765,550046,78950,74801,105538,101414,35348,29,26
2021-09-26T23:59:59+02:00,4929,4595,37322,35985,52800,47393,53927,52516,64652,64621,74530,74629,53943,59499,37243,48137,11607,22100,33843,32542,49829,43932,51381,49383,61984,61535,72045,72014,52491,57814,36259,46756,11206,21239,580598,549937,78933,74793,105538,101413,35332,29,26
2021-09-25T23:59:59+02:00,4926,4592,37316,35981,52797,47389,53923,52513,64650,64617,74526,74626,53942,59496,37242,48136,11607,22099,33840,32542,49828,43932,51381,49382,61984,61534,72043,72014,52491,57813,36259,46756,11206,21239,580554,549931,78931,74793,105538,101413,35328,29,26
2021-09-24T23:59:59+02:00,4923,4589,37297,35967,52776,47376,53902,52501,64631,64606,74512,74617,53935,59493,37239,48132,11607,22095,33830,32526,49813,43924,51362,49367,61971,61528,72024,72005,52484,57806,36253,46749,11206,21237,580438,549826,78931,74791,105535,101412,35267,29,26
2021-09-23T23:59:59+02:00,4798,4471,36913,35566,52446,47059,53624,52245,64397,64393,74346,74490,53879,59439,37207,48086,11598,22076,33654,32358,49610,43780,51203,49270,61832,61429,71923,71933,52450,57784,36228,46726,11204,21229,578188,549176,78889,74769,105535,101409,34395,28,26
2021-09-22T23:59:59+02:00,4771,4451,36871,35510,52380,46982,53558,52185,64330,64341,74287,74437,53850,59416,37199,48069,11596,22071,33618,32315,49567,43723,51144,49218,61777,61389,71875,71899,52431,57766,36222,46715,11203,21228,577759,548917,78881,74766,105532,101408,34106,28,26
2021-09-21T23:59:59+02:00,4755,4429,36814,35461,52313,46923,53514,52136,64264,64291,74230,74383,53807,59385,37186,48044,11591,22062,33587,32263,49537,43676,51105,49175,61731,61352,71836,71857,52400,57742,36211,46697,11202,21221,577217,548554,78873,74764,105530,101404,33942,28,26
2021-09-20T23:59:59+02:00,4651,4366,36480,35156,51994,46619,53279,51916,64056,64103,74073,74270,53744,59331,37165,48009,11584,22056,33078,31829,49159,43343,50820,48872,61478,61142,71669,71705,52344,57676,36189,46652,11195,21211,575394,545852,78869,74759,105529,101398,33034,28,26
2021-09-19T23:59:59+02:00,4640,4362,36468,35149,51983,46611,53266,51904,64043,64098,74065,74260,53740,59325,37162,48006,11583,22056,33058,31812,49155,43333,50812,48860,61464,61131,71657,71695,52338,57672,36188,46650,11195,21208,575289,545729,78869,74756,105528,101397,33009,28,26
2021-09-18T23:59:59+02:00,4640,4362,36466,35148,51981,46610,53266,51903,64043,64098,74065,74260,53740,59325,37162,48006,11583,22056,33055,31812,49151,43331,50812,48860,61464,61131,71657,71695,52338,57672,36188,46650,11195,21208,575287,545724,78869,74756,105528,101397,33004,28,26
2021-09-17T23:59:59+02:00,4634,4349,36454,35129,51964,46596,53257,51889,64032,64093,74052,74247,53736,59322,37161,48003,11582,22056,33048,31798,49142,43321,50809,48855,61464,61129,71650,71685,52333,57671,36188,46649,11195,21207,575158,545674,78869,74756,105527,101395,32976,28,26
2021-09-16T23:59:59+02:00,4484,4200,36089,34769,51710,46297,53047,51630,63849,63910,73896,74097,53682,59263,37146,47969,11578,22045,32919,31692,49060,43216,50730,48773,61402,61074,71598,71652,52318,57658,36178,46637,11194,21200,572730,544833,78430,74677,105526,101390,32949,28,26
2021-09-15T23:59:59+02:00,4442,4162,36021,34695,51668,46244,52982,51575,63799,63861,73860,74056,53664,59242,37136,47958,11577,22039,32867,31641,49009,43164,50673,48724,61356,61030,71569,71621,52310,57637,36168,46627,11194,21194,572367,544500,78344,74662,105526,101378,32718,28,26
2021-09-14T23:59:59+02:00,4401,4122,35960,34645,51621,46174,52943,51527,63756,63817,73821,74017,53639,59224,37121,47939,11576,22035,32803,31570,48967,43115,50639,48680,61302,60992,71535,71580,52289,57614,36159,46613,11193,21191,571850,543953,78274,74656,105526,101371,32662,28,26
2021-09-13T23:59:59+02:00,4252,3947,35593,34219,51351,45862,52729,51294,63547,63609,73686,73892,53584,59155,37084,47905,11575,22027,32340,31097,48732,42867,50457,48480,61155,60809,71393,71471,52236,57555,36143,46577,11187,21181,569280,540971,77849,74576,105525,101365,32630,28,26
2021-09-12T23:59:59+02:00,4244,3937,35570,34203,51336,45840,52712,51277,63533,63592,73677,73882,53581,59149,37079,47904,11575,22026,32315,31079,48717,42849,50447,48472,61144,60795,71377,71459,52230,57547,36137,46575,11184,21180,569133,540816,77833,74568,105514,101350,32610,28,26
2021-09-11T23:59:59+02:00,4241,3934,35566,34199,51335,45838,52707,51270,63531,63587,73675,73877,53577,59144,37079,47902,11575,22026,32306,31075,48714,42846,50444,48469,61141,60791,71374,71457,52228,57545,36137,46573,11184,21180,569106,540796,77833,74568,105514,101350,32583,28,26
2021-09-10T23:59:59+02:00,4240,3933,35453,34100,51140,45684,52516,51129,63356,63473,73541,73786,53539,59105,37059,47884,11573,22021,32180,30966,48517,42680,50246,48332,60954,60669,71240,71362,52186,57502,36115,46552,11181,21175,569049,540644,77831,74566,105513,101348,31112,28,26
2021-09-09T23:59:59+02:00,4212,3895,35375,34034,51084,45615,52456,51043,63299,63416,73501,73748,53516,59077,37045,47867,11571,22017,32086,30900,48473,42631,50195,48292,60913,60635,71197,71328,52168,57488,36108,46537,11180,21171,568447,540164,77796,74559,105499,101326,31002,28,26
2021-09-08T23:59:59+02:00,4187,3875,35342,33996,51060,45583,52438,51017,63265,63383,73480,73724,53506,59062,37038,47856,11571,22014,32028,30873,48436,42605,50167,48261,60878,60607,71181,71307,52155,57475,36098,46526,11177,21152,568098,539792,77796,74558,105499,101314,30977,28,26
2021-09-07T23:59:59+02:00,4175,3861,35303,33953,51031,45552,52414,50990,63239,63360,73444,73695,53494,59046,37022,47842,11569,22008,31981,30825,48402,42570,50127,48225,60853,60576,71147,71278,52142,57459,36089,46513,11174,21148,567728,539374,77796,74556,105499,101306,30948,28,26
2021-09-06T23:59:59+02:00,3999,3677,34825,33481,50653,45163,52149,50688,63013,63122,73286,73545,53430,58965,37003,47801,11566,21999,31772,30643,48200,42415,49984,48085,60740,60458,71052,71189,52095,57413,36073,46494,11169,21135,564921,538516,77796,74555,105499,101302,30122,28,26
2021-09-05T23:59:59+02:00,3992,3665,34808,33466,50650,45155,52137,50680,63001,63112,73271,73540,53425,58957,36997,47794,11564,21995,31754,30624,48182,42400,49971,48077,60729,60448,71042,71184,52089,57401,36071,46489,11168,21133,564786,538379,77795,74553,105499,101288,30102,28,26
2021-09-04T23:59:59+02:00,3992,3665,34807,33466,50648,45155,52136,50679,63001,63112,73271,73540,53425,58957,36997,47794,11564,21995,31754,30622,48181,42400,49969,48075,60729,60448,71041,71184,52089,57401,36071,46489,11168,21133,564784,538376,77795,74551,105499,101288,30099,28,26
2021-09-03T23:59:59+02:00,3944,3618,34643,33335,50495,45032,52025,50562,62852,62988,73146,73440,53385,58909,36977,47773,11560,21992,31482,30430,47980,42229,49798,47909,60525,60276,70896,71038,52035,57344,36046,46466,11166,21129,564645,538245,77202,73311,105488,101275,29314,28,26
2021-09-02T23:59:59+02:00,3919,3589,34584,33289,50461,44992,51993,50529,62811,62947,73108,73414,53365,58898,36968,47756,11560,21987,31414,30370,47930,42182,49757,47865,60470,60223,70854,71011,52017,57328,36037,46457,11165,21124,564241,537853,77180,73307,105488,101165,29234,28,26
2021-09-01T23:59:59+02:00,3903,3575,34558,33256,50438,44965,51974,50506,62791,62913,73079,73396,53356,58889,36964,47748,11560,21986,31364,30331,47897,42155,49727,47840,60440,60199,70831,70980,51998,57309,36027,46450,11165,21121,563971,537509,77177,73301,105488,101138,29194,28,26
2021-08-31T23:59:59+02:00,3876,3562,34518,33210,50411,44929,51946,50473,62763,62881,73049,73364,53336,58867,36955,47735,11557,21986,31306,30299,47869,42131,49704,47823,60413,60183,70816,70953,51984,57299,36023,46443,11162,21115,563580,537234,77177,73297,105487,101132,29147,28,26
2021-08-30T23:59:59+02:00,3650,3353,33930,32695,49987,44551,51594,50126,62472,62618,72841,73186,53252,58781,36924,47688,11554,21978,31024,30036,47569,41900,49476,47652,60231,60052,70660,70849,51916,57254,36004,46411,11159,21108,560577,536143,77177,73294,105486,101122,27913,28,26
2021-08-29T23:59:59+02:00,3644,3345,33909,32673,49972,44542,51580,50108,62461,62604,72831,73170,53244,58776,36922,47681,11554,21976,31006,30016,47547,41873,49455,47635,60214,60035,70648,70837,51913,57246,36001,46410,11159,21106,560435,536024,77175,73293,105485,101078,27870,28,26
2021-08-28T23:59:59+02:00,3644,3345,33906,32673,49967,44541,51579,50106,62459,62601,72829,73169,53243,58774,36922,47681,11554,21976,30997,30007,47542,41871,49452,47632,60211,60031,70645,70835,51912,57242,36001,46410,11159,21106,560426,535988,77175,73292,105485,101078,27856,28,26
2021-08-27T23:59:59+02:00,3640,3339,33898,32654,49964,44537,51567,50099,62452,62596,72812,73163,53239,58771,36921,47680,11553,21975,30979,29989,47534,41861,49442,47623,60204,60023,70633,70834,51910,57241,36000,46409,11158,21106,560352,535910,77175,73290,105485,101075,27821,28,26
2021-08-26T23:59:59+02:00,3615,3311,33857,32604,49937,44499,51525,50050,62406,62572,72779,73133,53229,58762,36914,47678,11552,21971,30682,29720,47318,41648,49268,47467,60088,59922,70548,70763,51876,57208,35983,46386,11156,21102,560001,534088,77148,73284,105484,101011,27734,28,26
2021-08-25T23:59:59+02:00,3574,3287,33807,32561,49911,44453,51491,50021,62367,62538,72743,73109,53220,58744,36908,47664,11551,21970,29926,29020,46879,41234,48945,47175,59863,59697,70373,70612,51808,57132,35962,46351,11147,21094,559570,529757,77148,73281,105484,100988,27690,28,26
2021-08-24T23:59:59+02:00,3534,3265,33748,32502,49880,44411,51463,49974,62322,62489,72699,73062,53199,58719,36895,47651,11549,21962,29693,28798,46746,41103,48837,47069,59771,59603,70288,70512,51762,57085,35941,46339,11144,21091,559080,528318,77145,73277,105482,100954,27590,28,26
2021-08-23T23:59:59+02:00,3229,3000,33114,31879,49454,44014,51121,49669,61993,62193,72406,72831,53102,58630,36857,47588,11538,21953,29276,28408,46359,40803,48596,46856,59499,59394,70063,70365,51686,57014,35916,46296,11138,21084,556014,526866,77142,73275,105481,100949,25907,28,26
2021-08-22T23:59:59+02:00,3218,2992,33104,31873,49446,44004,51113,49663,61988,62186,72401,72829,53099,58627,36855,47586,11538,21952,29252,28392,46340,40795,48587,46846,59488,59386,70056,70362,51677,57010,35913,46293,11138,21084,555949,526770,77138,73269,105478,100935,25882,28,26
2021-08-21T23:59:59+02:00,3216,2992,33098,31870,49444,44003,51112,49660,61985,62185,72400,72828,53099,58627,36855,47586,11538,21952,29239,28379,46335,40791,48581,46841,59484,59386,70056,70361,51676,57010,35913,46293,11138,21084,555933,526730,77138,73262,105478,100935,25874,28,26
2021-08-20T23:59:59+02:00,3200,2981,32974,31777,49253,43867,50938,49550,61803,62058,72254,72746,53051,58585,36840,47568,11535,21948,28701,27879,45856,40423,48299,46630,59226,59202,69852,70236,51591,56952,35883,46265,11134,21077,555709,525033,77138,73088,105478,100702,24576,28,26
2021-08-19T23:59:59+02:00,3173,2958,32924,31738,49219,43832,50890,49511,61758,62020,72205,72707,53025,58565,36833,47553,11531,21941,27761,27023,45070,39820,47873,46269,58894,58929,69577,70013,51491,56863,35841,46217,11129,21071,555296,520656,77103,72114,105473,100610,24484,28,26
2021-08-18T23:59:59+02:00,3152,2939,32877,31694,49183,43797,50851,49475,61713,61984,72158,72680,52996,58548,36819,47539,11530,21936,26466,25721,44142,38947,47168,45528,58217,58347,69090,69555,51303,56641,35764,46125,11117,21054,554863,515117,77082,68907,105470,100557,24429,28,26
2021-08-17T23:59:59+02:00,3128,2916,32807,31631,49140,43728,50808,49440,61667,61939,72121,72639,52972,58524,36806,47527,11527,21931,25175,24329,43270,38256,46567,45050,57685,57905,68657,69229,51168,56457,35689,46045,11101,21040,554311,509500,77077,66822,105469,100520,24367,28,26
2021-08-16T23:59:59+02:00,3117,2895,32790,31612,49117,43706,50799,49423,61647,61921,72100,72624,52961,58516,36804,47516,11525,21927,23738,22933,42367,37411,46291,44757,57461,57644,68450,69070,51096,56372,35658,46000,11099,21026,554083,503139,77074,66790,105467,100507,24349,28,26
2021-08-15T23:59:59+02:00,3109,2883,32776,31594,49108,43700,50788,49412,61631,61905,72085,72612,52957,58507,36801,47516,11525,21927,21310,20479,41613,36867,45924,44385,57129,57345,68165,68814,50985,56270,35621,45944,11096,21016,553948,494402,77073,66611,105457,100491,24331,28,26
2021-08-14T23:59:59+02:00,3109,2882,32772,31592,49104,43698,50785,49410,61626,61902,72081,72606,52957,58507,36800,47516,11525,21927,21284,20452,41576,36836,45907,44370,57115,57334,68153,68803,50983,56267,35620,45943,11096,21015,553942,494214,77072,66610,105457,100491,24301,28,26
2021-08-13T23:59:59+02:00,3095,2865,32729,31564,49081,43683,50763,49392,61593,61871,72059,72586,52951,58500,36797,47511,11524,21924,21166,20366,41488,36739,45845,44318,57067,57296,68113,68769,50966,56255,35611,45935,11095,21013,553783,493626,77071,66607,105456,100470,24151,28,26
2021-08-12T23:59:59+02:00,3077,2836,32682,31515,49049,43644,50725,49363,61539,61842,72023,72550,52935,58481,36780,47502,11523,21921,20696,20052,40536,35929,45476,43989,56849,57118,67936,68605,50894,56171,35581,45891,11090,21006,553373,489390,77067,66605,105454,100425,24066,28,26
2021-08-11T23:59:59+02:00,3035,2805,32625,31471,49015,43610,50701,49339,61512,61811,71995,72522,52913,58455,36768,47493,11522,21914,19800,19168,39209,34740,44872,43409,56488,56788,67643,68331,50772,56033,35544,45832,11088,20993,552958,481965,77061,66600,105454,100403,24006,28,26
2021-08-10T23:59:59+02:00,3019,2786,32573,31426,48982,43580,50672,49307,61493,61772,71956,72477,52890,58439,36757,47470,11521,21909,18774,18198,37113,32877,43985,42532,56033,56388,67253,67984,50623,55880,35483,45736,11083,20973,552499,471719,77061,66598,105453,100384,23989,28,26
2021-08-09T23:59:59+02:00,3003,2779,32544,31402,48959,43561,50645,49289,61473,61754,71936,72457,52880,58430,36752,47460,11519,21908,17354,16783,34128,30455,43320,41898,55624,56024,66921,67657,50479,55732,35432,45687,11078,20955,552250,459530,77059,66594,105449,100371,23966,28,26
2021-08-08T23:59:59+02:00,3000,2779,32532,31391,48948,43554,50640,49283,61464,61747,71933,72456,52879,58428,36752,47457,11519,21907,17326,16753,34107,30440,43283,41868,55610,56011,66912,67652,50474,55727,35431,45684,11077,20954,552194,459345,77059,66589,105438,100352,23951,28,26
2021-08-07T23:59:59+02:00,2999,2774,32525,31380,48946,43546,50634,49283,61462,61744,71926,72454,52878,58426,36751,47457,11519,21907,17297,16720,34081,30422,43248,41837,55589,55994,66901,67645,50469,55725,35429,45684,11077,20953,552147,459115,77059,66586,105438,100351,23940,28,26
2021-08-06T23:59:59+02:00,2910,2682,32177,31154,48687,43350,50375,49054,61173,61540,71650,72287,52746,58322,36697,47404,11516,21898,17088,16580,33368,29946,42776,41467,55244,55767,66590,67469,50339,55631,35380,45647,11074,20946,552076,457442,75951,66298,105434,100349,22134,28,26
2021-08-05T23:59:59+02:00,2864,2643,32019,31035,48595,43260,50295,49000,61120,61496,71597,72246,52719,58303,36688,47387,11514,21896,16856,16329,31510,28515,41735,40516,54970,55421,66378,67297,50274,55554,35357,45608,11067,20937,551196,450642,75948,66225,105425,100226,22081,28,26
2021-08-04T23:59:59+02:00,2789,2567,31751,30843,48399,43125,50142,48889,61040,61419,71534,72190,52689,58263,36675,47372,11511,21891,16567,16083,31154,28293,40545,39443,54581,55090,66202,67145,50211,55472,35327,45580,11064,20930,549899,446334,75947,66206,105423,100153,21796,25,25
2021-08-03T23:59:59+02:00,2601,2386,31236,30377,48149,42876,49966,48695,60876,61248,71388,72043,52635,58191,36653,47343,11501,21877,16129,15638,30568,27771,38814,37826,53890,54443,65868,66833,50114,55344,35280,45528,11059,20920,546937,438667,75947,66200,105420,100134,21713,25,25
2021-08-02T23:59:59+02:00,2490,2291,30920,30092,47947,42692,49814,48567,60769,61142,71300,71961,52602,58159,36631,47324,11500,21874,15824,15367,30230,27417,36675,36001,53331,53928,65660,66657,50042,55259,35258,45500,11057,20916,544995,431823,75944,66195,105415,100022,21697,25,25
2021-08-01T23:59:59+02:00,2487,2288,30910,30084,47928,42680,49803,48559,60756,61132,71290,71956,52598,58151,36627,47324,11500,21874,15701,15241,30093,27301,34372,34148,53034,53677,65566,66588,50002,55218,35251,45481,11056,20914,544941,426377,75943,66190,105369,99998,21670,25,25
2021-07-31T23:59:59+02:00,2487,2288,30905,30080,47926,42678,49801,48559,60755,61132,71290,71954,52595,58148,36627,47324,11500,21873,15686,15228,30059,27278,34360,34141,53016,53669,65554,66583,49998,55213,35251,45480,11055,20913,544922,426227,75943,66189,105368,99994,21665,25,25
2021-07-30T23:59:59+02:00,2473,2283,30859,30035,47894,42657,49777,48534,60721,61103,71255,71936,52586,58137,36627,47324,11500,21871,15527,14928,29795,26964,34179,33892,52815,53376,65388,66380,49951,55167,35240,45468,11055,20912,544751,425862,75937,66179,105365,98085,21495,25,25
2021-07-29T23:59:59+02:00,2441,2263,30702,29943,47812,42596,49723,48468,60660,61062,71210,71890,52567,58118,36619,47308,11497,21866,15212,14650,29482,26746,32895,32946,52035,52764,65033,66113,49852,55074,35197,45411,11050,20904,544087,423159,75930,63453,105354,97941,21350,25,25
2021-07-28T23:59:59+02:00,2394,2226,30548,29834,47729,42528,49650,48396,60587,60984,71143,71833,52543,58080,36601,47290,11496,21861,14810,14277,29041,26431,32524,32615,51325,52153,64641,65786,49757,54971,35163,45354,11034,20885,543139,419018,75926,63399,105348,97554,21286,25,25
2021-07-27T23:59:59+02:00,2316,2153,30307,29567,47577,42347,49505,48259,60478,60861,71043,71745,52485,58020,36573,47251,11488,21854,14166,13621,28277,25800,31773,31964,50073,51058,63912,65220,49571,54764,35095,45239,11027,20865,541310,410682,75916,63373,105342,97457,21237,25,25
2021-07-26T23:59:59+02:00,2255,2098,30106,29336,47458,42218,49430,48176,60413,60796,70992,71699,52459,57988,36561,47238,11486,21845,13803,13246,27922,25510,31156,31554,48518,49687,62937,64394,49365,54558,35027,45158,11017,20853,540077,402974,75913,63367,105338,97423,21202,25,25
2021-07-25T23:59:59+02:00,2010,1896,29286,28663,47064,41901,49143,47889,60178,60571,70809,71541,52403,57913,36534,47197,11485,21837,13711,13186,27827,25445,31071,31487,48397,49623,62850,64344,49343,54540,35020,45149,11017,20852,535895,402339,75913,63360,105331,97262,21157,25,25
2021-07-24T23:59:59+02:00,1929,1828,29028,28432,46914,41795,49025,47788,60021,60452,70680,71461,52355,57883,36516,47176,11483,21837,13576,13073,27626,25309,30909,31357,48184,49453,62687,64249,49299,54510,35005,45131,11015,20850,535200,401725,75910,63357,105330,97261,20139,25,25
2021-07-23T23:59:59+02:00,1814,1708,28697,28106,46667,41641,48768,47575,59771,60264,70476,71334,52280,57812,36497,47139,11479,21828,13321,12847,27193,24994,30524,31049,47583,48965,62358,64011,49216,54444,34983,45087,11010,20841,534198,399314,75533,63303,105319,97258,18782,25,25
2021-07-22T23:59:59+02:00,1802,1701,28619,28026,46528,41502,48554,47365,59593,60122,70357,71205,52237,57776,36481,47122,11479,21828,13093,12587,26860,24663,30171,30731,45656,47403,61552,63310,49120,54342,34945,45043,11007,20831,533891,392613,74385,63154,105276,97034,18721,25,25
2021-07-21T23:59:59+02:00,1768,1662,28355,27822,46142,41168,47961,46809,59008,59639,69900,70813,52065,57615,36423,47065,11470,21815,12670,12144,26280,24122,29597,30163,41924,44162,60064,62039,48951,54161,34881,44960,10997,20804,533336,380971,71111,62639,105122,96586,17907,25,25
2021-07-20T23:59:59+02:00,1745,1647,28237,27686,46077,41111,47914,46770,58953,59590,69847,70765,52031,57587,36407,47040,11466,21808,12172,11612,25543,23432,28944,29413,38469,41171,58517,60577,48748,53938,34799,44868,10979,20784,532649,370578,71090,59254,105105,96463,17813,25,25
2021-07-19T23:59:59+02:00,1740,1646,28210,27653,46055,41100,47902,46758,58940,59574,69835,70763,52029,57583,36407,47036,11464,21808,12126,11583,25478,23398,28912,29379,38424,41138,58475,60550,48744,53930,34798,44865,10976,20783,532510,370259,71090,59240,105090,96410,17789,25,25
2021-07-18T23:59:59+02:00,1736,1639,28185,27628,46032,41091,47890,46749,58934,59565,69828,70755,52027,57582,36406,47035,11464,21807,12064,11558,25392,23357,28852,29347,38363,41111,58415,60509,48742,53926,34795,44864,10976,20783,532389,369922,71088,59209,105082,96291,17770,25,25
2021-07-17T23:59:59+02:00,1736,1637,28164,27613,46018,41081,47879,46744,58927,59559,69821,70751,52022,57578,36405,47035,11464,21807,12036,11544,25358,23320,28819,29328,38341,41093,58380,60485,48732,53918,34793,44864,10976,20783,532308,369671,71087,59205,105082,96288,17740,25,25
2021-07-16T23:59:59+02:00,1721,1616,27898,27419,45730,40916,47650,46570,58626,59358,69589,70610,51916,57506,36361,46999,11459,21805,11783,11348,25025,23079,28516,29096,37942,40819,57872,60062,48596,53804,34741,44814,10970,20779,531992,368467,71086,59202,104950,96011,15697,25,25
2021-07-15T23:59:59+02:00,1623,1503,27435,27031,45468,40680,47504,46457,58485,59244,69486,70522,51875,57463,36346,46976,11458,21798,11485,11117,24545,22742,28148,28825,37550,40538,55825,58016,48425,53602,34683,44730,10962,20768,529661,361524,71085,59110,104942,95801,15642,25,25
2021-07-14T23:59:59+02:00,1456,1371,26870,26492,45163,40391,47301,46272,58301,59047,69324,70375,51813,57404,36321,46946,11452,21793,11292,10926,24137,22386,27796,28508,37029,40136,54608,56835,48287,53451,34632,44666,10954,20746,526487,357812,71079,57444,104923,95656,15579,25,25
2021-07-13T23:59:59+02:00,1169,1066,25916,25597,44671,39979,46942,45952,57976,58761,69052,70129,51702,57278,36278,46891,11448,21778,10947,10584,23607,21840,27175,27921,35649,38946,50475,52931,47923,53063,34502,44517,10937,20717,521095,348543,71073,52240,104920,95554,15473,25,25
2021-07-12T23:59:59+02:00,705,669,24539,24342,44111,39497,46741,45735,57763,58566,68869,69957,51640,57187,36260,46865,11446,21770,10712,10476,23406,21701,26920,27784,35399,38776,50033,52509,47848,52977,34473,44482,10937,20711,515205,347075,71072,52213,104914,94473,15448,24,25
2021-07-11T23:59:59+02:00,702,664,24520,24322,44081,39477,46723,45724,57749,58553,68855,69955,51638,57184,36257,46861,11445,21770,10616,10388,23186,21576,26654,27686,35089,38694,49319,52023,46363,51389,34383,44374,10937,20709,515118,346564,71068,52166,104901,89349,15370,24,25
2021-07-10T23:59:59+02:00,700,659,24512,24317,44076,39469,46721,45722,57743,58552,68855,69954,51638,57184,36257,46861,11445,21770,10603,10378,23163,21555,26640,27675,35067,38689,49305,52018,46349,51373,34381,44373,10937,20709,515086,346455,71067,52165,104899,89294,15360,24,25
2021-07-09T23:59:59+02:00,693,649,24065,23857,43796,39229,46655,45662,57683,58511,68803,69929,51621,57171,36253,46853,11444,21770,10522,10209,23068,21367,26579,27465,34999,38472,49239,51914,46327,51348,34377,44370,10937,20709,513326,345221,71064,52152,104893,89250,15338,24,25
2021-07-08T23:59:59+02:00,627,583,22976,22851,42998,38629,46405,45457,57475,58368,68604,69790,51544,57105,36225,46830,11442,21762,10265,10016,22693,21113,26184,27200,34518,38158,48630,51392,45990,50981,34307,44292,10930,20687,508638,341637,71039,52002,104836,88631,15135,24,25
2021-07-07T23:59:59+02:00,575,537,21654,21462,42258,37945,46181,45234,57235,58178,68437,69630,51459,57021,36188,46777,11434,21748,9896,9713,21816,20521,25076,26407,32681,36791,47709,50505,45489,50444,34200,44153,10922,20669,503256,336702,70864,47622,104815,87712,14995,24,24
2021-07-06T23:59:59+02:00,518,473,20419,20181,41406,37300,45702,44883,56840,57873,68109,69371,51360,56895,36144,46726,11426,21739,9505,9332,20951,19928,24111,25750,31194,35597,46511,49305,44710,49661,34065,43977,10909,20649,498765,329373,68934,45521,104795,86439,14848,24,24
2021-07-05T23:59:59+02:00,482,445,19009,18798,40544,36498,45486,44656,56657,57670,67948,69244,51304,56839,36123,46697,11424,21732,9217,9075,20394,19546,23443,25329,30554,35170,45751,48689,43955,48871,33935,43788,10900,20637,493042,323591,68931,45499,104788,85410,14774,22,24
2021-07-04T23:59:59+02:00,475,439,17221,16787,40201,36268,45398,44583,56572,57600,67869,69175,51272,56813,36113,46676,11422,21730,9156,9022,20255,19481,23271,25251,30296,35090,44957,48559,42591,47520,33856,43714,10898,20631,488212,323131,68904,45453,104773,81281,14703,22,24
2021-07-03T23:59:59+02:00,475,437,17199,16763,40152,36222,45379,44566,56567,57596,67863,69168,51270,56810,36113,46676,11422,21729,9112,8981,20187,19413,23209,25185,30213,35010,44736,48383,42522,47444,33811,43655,10895,20631,488026,322168,68902,45452,104772,81101,14685,22,24
2021-07-02T23:59:59+02:00,455,414,17080,16655,39686,35843,45265,44466,56513,57555,67815,69136,51258,56805,36107,46664,11422,21728,8951,8811,19860,19134,22821,24807,29796,34595,44110,47738,42320,47214,33712,43520,10889,20627,486519,319166,68884,44418,104770,80666,14672,22,24
2021-07-01T23:59:59+02:00,403,374,16772,16372,37950,34510,44692,43967,56253,57346,67640,68967,51178,56715,36079,46626,11418,21720,8578,8414,18998,18423,21854,23953,28412,33406,41080,44767,41323,46132,33099,42794,10872,20598,481034,311671,68809,39540,104748,77130,14369,22,24
2021-06-30T23:59:59+02:00,355,329,16482,16127,35762,32686,44070,43336,56028,57150,67435,68775,51096,56623,36050,46572,11414,21704,8218,8079,18325,17793,20966,23121,27137,32143,36437,39896,40242,44987,32438,42005,10851,20572,474186,301179,68763,33509,104728,74232,14295,22,24
2021-06-29T23:59:59+02:00,315,292,16260,15927,34765,31601,43618,42891,55846,56986,67263,68625,51020,56550,36011,46528,11406,21697,7635,7475,17197,16864,19713,21906,25439,30466,33692,36776,37388,41939,31695,41115,10828,20534,469978,284993,68755,33461,104714,68078,14132,22,22
2021-06-28T23:59:59+02:00,305,270,16112,15770,33053,30192,43296,42597,55680,56845,67146,68517,50974,56498,35993,46507,11403,21685,7330,7219,16640,16490,19321,21591,24930,30080,33104,36276,36008,40450,30907,40181,10824,20523,465566,281950,68729,33408,104692,62681,13834,22,22
2021-06-27T23:59:59+02:00,305,270,16091,15745,32902,30105,43234,42569,55643,56836,67120,68509,50969,56494,35990,46506,11403,21684,7286,7189,16503,16424,19158,21529,24729,30006,32877,36136,34751,39178,29280,38260,10823,20522,465246,281780,68726,33369,104686,55805,13695,22,22
2021-06-26T23:59:59+02:00,303,268,16068,15720,32878,30087,43188,42527,55619,56821,67114,68506,50968,56492,35987,46505,11403,21684,7282,7177,16484,16413,19142,21519,24696,29983,32857,36116,34738,39165,29278,38257,10823,20522,465013,281587,68723,33369,104686,55800,13694,22,22
2021-06-25T23:59:59+02:00,296,266,16009,15673,32758,29989,42996,42367,55561,56775,67072,68482,50958,56481,35983,46504,11403,21684,7096,6900,16200,15904,18873,20863,24325,29050,32469,35395,34577,38948,29255,38227,10823,20522,464175,278904,68720,33359,104669,53491,13671,22,22
2021-06-24T23:59:59+02:00,276,253,15738,15469,32299,29699,41527,41124,55097,56419,66839,68322,50904,56425,35967,46476,11398,21674,6776,6670,15500,15460,17423,19843,22247,27491,31370,34499,34173,38523,29131,38046,10811,20508,459605,269200,68717,33306,104665,53065,12897,22,22
2021-06-23T23:59:59+02:00,261,236,15457,15180,31798,29299,39423,39303,54553,55876,66588,68101,50815,56316,35927,46430,11393,21661,6569,6505,15135,15180,16897,19395,21365,26694,29676,33133,33415,37671,28940,37806,10804,20493,452545,261385,68668,33215,104661,52351,12721,22,22
2021-06-22T23:59:59+02:00,239,201,15079,14785,31132,28666,35983,36256,53641,55075,66285,67796,50708,56194,35888,46373,11389,21647,6389,6293,14729,14851,16093,18674,19947,25380,28074,31481,32617,36696,28400,37200,10786,20460,441608,251279,68636,33130,104656,51236,12415,22,22
2021-06-21T23:59:59+02:00,224,195,14836,14607,30444,28201,33821,34290,53177,54649,66106,67679,50627,56120,35863,46351,11384,21642,6294,6208,14570,14731,15924,18537,19826,25268,27964,31394,32462,36557,27191,35967,10786,20457,434775,250599,68614,33082,104625,48265,12180,22,22
2021-06-20T23:59:59+02:00,217,194,14712,14518,28545,26864,33210,33840,53088,54553,66038,67642,50604,56092,35855,46348,11383,21640,5845,5913,13625,14095,15099,17947,19274,24911,27651,31195,32297,36378,27165,35936,10784,20453,430400,245628,68610,33047,104621,48193,11690,22,22
2021-06-19T23:59:59+02:00,211,189,14686,14485,28430,26781,33181,33813,53066,54537,66022,67631,50598,56083,35853,46343,11382,21638,5631,5753,13065,13686,14492,17470,18948,24709,27457,31024,32218,36278,27148,35922,10784,20453,429993,242110,68608,33043,104621,48190,11685,22,22
2021-06-18T23:59:59+02:00,209,180,14596,14400,28325,26714,31931,32909,52701,54230,65888,67537,50567,56049,35835,46317,11378,21634,5562,5676,12965,13602,14328,17343,18712,24480,26637,30358,32012,36041,27082,35847,10780,20446,429490,239163,65643,32926,104611,48136,11634,22,22
2021-06-17T23:59:59+02:00,195,164,14221,14135,27734,26461,31442,32648,51912,53663,65461,67270,50486,55948,35801,46276,11372,21621,5183,5418,12179,13128,13538,16731,17620,23551,24478,28394,31370,35305,26883,35569,10763,20431,426284,230146,65638,32647,104587,47454,10281,20,22
2021-06-16T23:59:59+02:00,166,136,13792,13730,27269,26104,30998,32291,51100,52960,65006,66881,50368,55828,35772,46219,11361,21609,4820,4984,11462,12461,12746,16038,16522,22430,21510,25530,30302,34098,26586,35165,10748,20390,421417,216123,65591,32619,104580,47055,9982,20,22
2021-06-15T23:59:59+02:00,105,83,13160,13106,26522,25527,30215,31695,49848,51894,64295,66356,50190,55631,35705,46107,11352,21590,4325,4356,10496,11528,11591,14659,14793,20729,18078,22226,28931,32663,26199,34646,10723,20347,413706,197520,65571,32502,104575,46746,9509,20,22
2021-06-14T23:59:59+02:00,75,62,12755,12734,26112,25202,29553,31229,48056,50424,63244,65521,49974,55405,35628,46031,11344,21578,4225,4301,10320,11397,11448,14528,14616,20609,17886,22067,28860,32582,26181,34618,10719,20344,405834,197083,65561,32230,104574,46437,8938,20,22
2021-06-13T23:59:59+02:00,74,61,12714,12691,26041,25166,29490,31203,48003,50399,63209,65497,49968,55402,35626,46027,11343,21575,4069,4223,9993,11269,11125,14417,14319,20497,17485,21725,27346,30943,26041,34423,10715,20333,405634,196341,65485,27559,104567,46227,8783,20,22
2021-06-12T23:59:59+02:00,74,60,12696,12674,26025,25155,29479,31191,47943,50328,63167,65461,49967,55399,35626,46027,11343,21575,4067,4214,9978,11252,11117,14402,14300,20480,17464,21716,27305,30898,26036,34417,10715,20333,405337,196155,65485,27557,104565,46186,8783,20,22
2021-06-11T23:59:59+02:00,72,57,12596,12548,25900,25041,29358,31067,47705,50103,63035,65342,49943,55373,35615,46016,11341,21573,3974,3946,9460,10070,10688,13495,14011,19922,17191,21241,26896,30476,25946,34335,10712,20331,404070,195113,65476,27553,104525,41421,8594,20,22
2021-06-10T23:59:59+02:00,64,50,12352,12331,25583,24760,29014,30798,46632,49087,62300,64773,49858,55277,35581,45964,11331,21560,3705,3582,8694,8826,9793,11854,12710,17166,15407,17639,25182,28553,25649,34030,10706,20307,399196,189602,65419,27116,104324,28716,8356,20,21
2021-06-09T23:59:59+02:00,50,38,12058,12006,25177,24356,28617,30403,44623,47263,61209,63834,49753,55153,35534,45910,11325,21542,3458,3460,8271,8576,9282,11533,12195,16775,14697,17042,21347,24234,25423,33729,10694,20281,391210,178028,65291,26769,104322,28179,8008,20,21
2021-06-08T23:59:59+02:00,44,27,11628,11470,24507,23736,27959,29736,41454,44417,59435,62201,49582,54961,35460,45819,11315,21520,3250,3323,7871,8319,8664,11160,11533,16354,14040,16395,15969,18279,25033,33204,10676,20251,378539,162829,65228,26436,104312,27875,7172,20,17
2021-06-07T23:59:59+02:00,39,20,11466,11276,24158,23460,27678,29527,38826,42488,59006,61838,49548,54930,35448,45798,11313,21514,3153,3254,7565,8147,8345,10984,10961,15901,13536,15917,15892,18199,25002,33153,10674,20244,372881,162510,64801,24612,104303,27468,6328,20,17
2021-06-06T23:59:59+02:00,36,19,11330,11172,23837,23231,27467,29356,37228,41302,58879,61758,49524,54901,35440,45784,11313,21512,3051,3204,7293,8058,8078,10816,10223,15219,12943,15297,15740,18088,24988,33130,10672,20244,372475,162396,61418,21456,104292,27300,5884,20,16
2021-06-05T23:59:59+02:00,35,18,11312,11153,23793,23190,27432,29329,37200,41288,58780,61673,49513,54894,35438,45782,11313,21509,3039,3192,7269,8024,8047,10798,10193,15205,12900,15273,15617,17924,24983,33122,10671,20243,372133,161961,61415,21455,104292,27284,5792,20,16
2021-06-04T23:59:59+02:00,35,16,11129,10895,23433,22725,27156,28933,36772,40838,58161,61133,49479,54853,35428,45764,11311,21503,3015,3176,7240,8007,8025,10781,10162,15181,12866,15239,15405,17717,24972,33101,10669,20242,370334,161375,59146,21442,104278,27186,5786,20,16
2021-06-03T23:59:59+02:00,33,15,10908,10678,22974,22336,26730,28597,35674,40011,55400,58785,49350,54694,35385,45700,11306,21488,2922,3096,7033,7851,7568,10484,9135,14551,11620,14539,14222,16249,24793,32883,10657,20223,366386,158018,54227,17719,104228,26876,5204,19,16
2021-06-02T23:59:59+02:00,33,15,10870,10641,22939,22302,26696,28571,35643,39971,55274,58627,49336,54669,35379,45693,11306,21487,2881,3065,6978,7832,7507,10451,8979,14511,11395,14476,12867,14766,24675,32710,10652,20216,365794,154197,54221,17707,104227,26857,5191,19,16
2021-06-01T23:59:59+02:00,20,8,10453,10292,22285,21793,26009,27989,34921,39393,52272,55480,48947,54260,35261,45530,11290,21461,2425,2706,5627,7149,6234,9875,7582,13840,10260,13513,8560,9205,24198,32030,10629,20161,355034,136010,54041,17337,104208,26276,4362,19,16
2021-05-31T23:59:59+02:00,19,7,10177,10060,21709,21398,25600,27738,34599,39189,50823,54084,48849,54136,35228,45489,11283,21454,2315,2583,5337,6904,5971,9654,7218,13599,10004,13353,8509,9143,24172,31983,10621,20149,350302,135237,53998,17216,104184,25714,3339,19,16
2021-05-30T23:59:59+02:00,18,7,10121,10011,21617,21359,25535,27704,34487,39118,50457,53743,48823,54111,35222,45483,11281,21451,2278,2554,5233,6826,5871,9586,7029,13512,9778,13256,8465,9096,24156,31976,10620,20144,349114,134644,53977,17042,104167,25414,3271,19,16
2021-05-29T23:59:59+02:00,17,7,10107,9999,21583,21340,25518,27691,34466,39105,50444,53725,48819,54107,35219,45482,11281,21451,2259,2502,5190,6700,5811,9456,6913,13314,9639,13035,8394,9005,24089,31909,10619,20143,348957,134367,53977,16990,104146,24350,3262,19,16
2021-05-28T23:59:59+02:00,17,7,10047,9929,21507,21230,25437,27570,34389,39005,50364,53626,48798,54089,35210,45474,11281,21447,2176,2236,4576,6163,5190,8739,6546,12353,9143,12040,8216,8806,23719,31427,10618,20140,348102,132868,53964,16892,104088,19065,3255,18,15
2021-05-27T23:59:59+02:00,16,7,9781,9682,20982,20853,24893,27211,33865,38627,49752,53016,48628,53897,35140,45400,11277,21427,1935,1968,4001,5646,4513,8138,6036,11584,8197,10716,7710,8144,22155,29275,10603,20118,343821,127202,53555,15760,103981,14688,3079,18,15
2021-05-26T23:59:59+02:00,16,7,9506,9438,20260,20286,24020,26540,32603,37598,48988,52310,48374,53608,35064,45287,11265,21403,1878,1896,3907,5522,4379,7975,5830,11321,7871,10332,7147,7419,19719,25848,10583,20074,339104,118719,50584,15508,103928,14524,2939,18,15
2021-05-25T23:59:59+02:00,15,7,9243,9202,19848,19929,23583,26150,32093,37082,48094,51331,48076,53290,34976,45145,11253,21373,1810,1847,3787,5424,4242,7826,5620,11098,7556,10009,6523,6579,15585,20461,10563,20016,333520,106502,50502,15465,103855,14173,2795,18,15
2021-05-24T23:59:59+02:00,14,7,9027,9041,19279,19639,22812,25763,30580,36068,47869,51159,47984,53190,34947,45115,11251,21372,1785,1829,3741,5392,4178,7784,5555,11039,7480,9953,6497,6555,15571,20452,10563,20016,331936,106383,46707,15452,103794,13882,2662,18,15
2021-05-23T23:59:59+02:00,14,7,8820,8834,18923,19349,22390,25417,30156,35747,47277,50646,47550,52735,34844,44969,11243,21363,1783,1828,3731,5387,4174,7778,5545,11031,7470,9944,6492,6544,15571,20450,10563,20016,327108,106324,46705,15450,103793,13862,2660,18,15
2021-05-22T23:59:59+02:00,14,7,8789,8798,18873,19306,22344,25385,30103,35716,47169,50576,47531,52712,34841,44960,11240,21363,1782,1824,3719,5375,4170,7772,5540,11025,7463,9940,6489,6542,15568,20449,10563,20016,326565,106288,46705,15450,103792,13841,2647,18,15
2021-05-21T23:59:59+02:00,13,7,8517,8445,18432,18792,21983,24740,29676,34906,46682,49910,47442,52587,34803,44917,11237,21358,1718,1783,3642,5336,4127,7737,5508,10979,7422,9892,6459,6516,15490,20352,10562,20015,321362,105975,46674,15449,103768,13478,2625,18,15
2021-05-20T23:59:59+02:00,12,7,7942,7901,17488,17996,20977,23824,28356,33705,44935,48087,47003,52126,34694,44760,11219,21339,1419,1621,3332,5049,3862,7350,5211,10499,7042,9439,6225,6261,14175,18813,10539,19976,309760,102227,46587,14966,103537,11140,2469,18,15
2021-05-19T23:59:59+02:00,12,7,7677,7585,16884,17394,20077,22948,27127,32447,43139,45998,46472,51571,34542,44537,11198,21308,1353,1536,3130,4836,3656,7098,4985,10147,6747,9108,5941,5927,11964,15959,10521,19916,298617,95990,46548,14490,103490,10084,2250,18,14
2021-05-18T23:59:59+02:00,11,7,7151,7046,15733,16372,18806,21700,25620,30817,40448,42770,45641,50624,34304,44231,11173,21266,1332,1510,3071,4766,3580,6977,4851,10015,6566,8897,5674,5651,10261,13784,10496,19862,282831,90851,45343,14440,103385,9848,2144,17,14
2021-05-17T23:59:59+02:00,11,7,7073,6985,15551,16262,18592,21532,25221,30490,38696,41133,45531,50545,34256,44166,11163,21242,1300,1487,3015,4721,3517,6918,4782,9911,6470,8796,5632,5611,10247,13766,10492,19854,282615,90779,40578,14159,103342,9667,1904,17,14
2021-05-16T23:59:59+02:00,10,6,6958,6933,15430,16175,18463,21426,25041,30375,35713,38364,45495,50510,34234,44142,11160,21237,1277,1469,2971,4681,3469,6860,4699,9842,6375,8717,5601,5574,10235,13750,10490,19851,282334,90731,34429,13893,103223,9558,1669,17,14
2021-05-15T23:59:59+02:00,10,6,6933,6903,15369,16117,18417,21386,24974,30331,35677,38323,45472,50483,34227,44137,11160,21237,1265,1443,2939,4609,3450,6791,4680,9761,6353,8666,5595,5570,10230,13749,10490,19851,281852,90676,34428,13889,103209,9211,1656,17,14
2021-05-14T23:59:59+02:00,10,5,6760,6533,15020,15621,18104,20969,24637,29870,35432,37973,45443,50452,34217,44132,11160,21235,1206,1384,2860,4506,3403,6687,4616,9610,6270,8536,5565,5525,10217,13739,10490,19850,280788,90587,34279,13870,100899,8408,1590,17,13
2021-05-13T23:59:59+02:00,10,5,6405,6210,14262,15042,17398,20337,23779,29129,34661,37303,45156,50108,34138,44008,11156,21224,1034,1299,2665,4396,3285,6565,4475,9440,6147,8393,5523,5487,10200,13722,10486,19845,274381,90434,33948,13790,100683,7427,1302,17,13
2021-05-12T23:59:59+02:00,10,5,6006,5941,13289,14366,16378,19535,23115,28692,34355,37019,44973,49913,34107,43977,11153,21221,1031,1297,2658,4390,3267,6561,4470,9430,6139,8388,5516,5481,10198,13717,10485,19844,268133,90373,33937,13780,100679,7422,1289,17,12
2021-05-11T23:59:59+02:00,10,5,5628,5717,12701,13916,14574,18093,20164,26166,32040,34692,43918,48652,33782,43505,11124,21171,968,1223,2540,4217,3159,6325,4352,9142,6022,8162,5445,5401,10156,13655,10477,19826,250841,89896,33658,13562,100235,6497,1107,17,11
2021-05-10T23:59:59+02:00,10,5,5479,5618,12429,13791,14222,17869,19361,25598,30664,33669,43387,48038,33725,43416,11116,21151,925,1164,2441,4053,3064,6123,4227,8878,5900,7965,5408,5369,10144,13638,10473,19817,245366,89787,33447,13502,99927,5501,791,17,11
2021-05-09T23:59:59+02:00,10,5,5075,5379,11241,13263,13222,17507,18336,25267,30119,33379,43331,47966,33699,43402,11113,21143,901,1134,2342,3948,2974,5985,4095,8703,5806,7860,5399,5355,10137,13633,10468,19813,240049,89740,33375,13460,99584,4914,432,17,10
2021-05-08T23:59:59+02:00,10,5,5064,5371,11219,13244,13196,17488,18306,25234,30079,33336,43323,47955,33698,43398,11113,21143,898,1127,2330,3940,2969,5985,4091,8697,5803,7857,5396,5352,10134,13628,10468,19813,239782,89713,33373,13460,99583,4881,427,17,10
2021-05-07T23:59:59+02:00,10,5,4962,5288,10988,13076,12911,17268,17698,24633,29129,32442,43129,47714,33642,43326,11109,21137,870,1096,2296,3885,2927,5936,4036,8642,5719,7804,5349,5304,10122,13619,10468,19812,237281,89577,31481,13457,99474,4629,215,16,10
2021-05-06T23:59:59+02:00,10,5,4549,5004,10318,12660,12154,16602,16101,23187,26584,30049,42426,46965,33475,43089,11093,21114,813,1040,2160,3638,2758,5627,3842,8169,5520,7482,5298,5251,10099,13591,10466,19804,228516,89393,28139,13143,98657,2958,57,16,10
2021-05-05T23:59:59+02:00,10,5,4239,4777,9720,12218,11433,16019,15002,22160,23729,27289,41445,45859,33193,42702,11075,21072,798,1016,2097,3513,2700,5472,3748,7958,5424,7348,5249,5196,10062,13552,10464,19801,215494,89131,27955,13005,98435,2208,47,16,10
2021-05-04T23:59:59+02:00,10,5,3892,4326,9052,11527,10661,15180,13699,20910,20125,23884,40098,44399,32819,42179,11052,21033,780,986,2028,3397,2630,5337,3655,7806,5327,7225,5211,5150,10032,13523,10462,19798,198452,88911,27937,12706,98406,1683,40,16,10
2021-05-03T23:59:59+02:00,10,4,3650,3906,8645,11036,10180,14557,13165,20255,19402,23238,39832,44147,32740,42075,11049,21018,766,956,1962,3294,2572,5231,3596,7693,5276,7138,5197,5137,10017,13506,10459,19793,192600,88771,27925,12697,98343,1093,25,16,10
2021-05-02T23:59:59+02:00,10,4,3647,3905,8627,11028,10170,14549,13144,20243,19384,23227,39829,44146,32739,42074,11048,21018,762,940,1932,3212,2525,5135,3549,7568,5256,7073,5193,5134,10016,13502,10459,19791,192508,88753,27911,12665,98337,602,20,16,10
2021-05-01T23:59:59+02:00,10,4,3645,3898,8614,11014,10161,14538,13137,20241,19373,23218,39829,44144,32739,42074,11048,21018,761,940,1931,3212,2524,5135,3549,7568,5256,7073,5193,5134,10016,13502,10458,19791,192424,88752,27909,12663,98337,602,19,16,10
2021-04-30T23:59:59+02:00,10,3,3623,3872,8569,10979,10116,14499,13076,20202,19271,23067,39560,43821,32718,42053,11047,21018,757,935,1917,3204,2523,5127,3546,7561,5254,7066,5190,5131,10012,13501,10458,19791,191498,88726,27640,12660,98331,561,19,16,10
2021-04-29T23:59:59+02:00,10,3,3356,3698,8134,10707,9568,14214,12580,19837,18535,22338,36498,40369,32456,41688,11036,20982,744,921,1869,3143,2474,5061,3480,7420,5163,6967,5150,5096,9989,13458,10456,19785,185946,88519,21804,12505,98226,127,18,15,10
2021-04-28T23:59:59+02:00,10,3,3191,3632,7867,10597,9172,14041,12202,19603,18051,21905,32704,36051,32238,41386,11023,20960,727,905,1843,3105,2429,5012,3442,7362,5098,6903,5087,5034,9938,13399,10453,19775,174777,88308,21650,12066,98181,119,13,15,9
2021-04-27T23:59:59+02:00,9,3,3110,3566,7610,10468,8820,13867,11719,19378,17573,21414,27137,29858,31861,40879,11002,20927,717,891,1811,3069,2393,4966,3388,7303,5043,6827,5037,4964,9903,13346,10449,19766,159427,88096,21628,11643,98118,116,13,15,8
2021-04-26T23:59:59+02:00,9,3,3055,3531,7466,10403,8654,13807,11489,19311,17049,21028,27102,29824,31847,40864,11002,20927,694,859,1743,3010,2326,4911,3322,7213,4945,6723,4938,4889,9822,13262,10447,19763,158845,87963,21409,10770,97089,116,13,15,8
2021-04-25T23:59:59+02:00,9,3,3017,3515,7306,10352,8418,13757,11157,19268,16218,20557,25547,28164,31793,40800,11002,20924,694,858,1737,3005,2319,4908,3316,7205,4941,6714,4935,4884,9814,13251,10447,19763,158361,87940,21399,10733,92019,100,13,15,8
2021-04-24T23:59:59+02:00,9,3,3013,3509,7291,10338,8406,13749,11143,19258,16198,20539,25502,28101,31790,40794,11001,20923,694,858,1737,3004,2319,4908,3315,7205,4941,6714,4935,4883,9812,13250,10447,19763,158152,87934,21395,10733,91992,100,13,15,8
2021-04-23T23:59:59+02:00,9,3,2996,3492,7249,10296,8359,13707,11076,19199,16137,20474,25081,27597,31757,40738,10998,20920,684,850,1719,2995,2303,4879,3264,7167,4841,6617,4796,4760,9641,13051,10441,19748,156964,87641,21257,9999,91839,99,13,15,7
2021-04-22T23:59:59+02:00,8,3,2917,3413,7056,10112,7818,13299,9869,18403,14582,19429,23065,25162,31544,40468,10979,20890,619,800,1605,2882,2177,4714,3104,6995,4657,6417,4639,4586,9128,12394,10404,19669,152156,85724,15960,8969,90874,80,13,14,7
2021-04-21T23:59:59+02:00,8,3,2864,3364,6932,10024,7608,13144,9502,18162,14111,18981,20550,22024,31244,40078,10959,20864,571,776,1525,2803,2090,4623,2977,6852,4494,6252,4455,4406,8555,11627,10358,19577,145145,83921,15188,7931,90063,72,13,13,7
2021-04-20T23:59:59+02:00,8,3,2824,3325,6826,9935,7471,13035,9250,17944,13618,18589,17155,17959,30930,39603,10942,20828,541,741,1452,2739,2003,4544,2878,6732,4360,6091,4267,4212,7689,10413,10288,19425,136283,80997,14944,7296,88992,67,13,13,5
2021-04-19T23:59:59+02:00,8,3,2810,3316,6778,9895,7418,12999,9175,17870,13481,18473,16822,17578,30895,39564,10940,20823,482,701,1332,2644,1904,4446,2746,6574,4162,5900,4013,3911,5843,7984,10069,19022,135959,75143,14748,6512,88115,63,13,13,5
2021-04-18T23:59:59+02:00,8,3,2794,3302,6700,9869,7313,12948,8978,17803,12643,18343,15410,16173,30827,39501,10936,20816,476,695,1322,2636,1889,4435,2713,6545,4101,5851,3937,3840,5432,7356,10022,18939,135737,73652,14605,6463,83999,59,13,13,5
2021-04-17T23:59:59+02:00,8,3,2784,3298,6683,9847,7283,12927,8946,17764,12610,18323,15358,16123,30773,39429,10935,20816,476,692,1322,2635,1888,4431,2709,6540,4098,5847,3936,3838,5427,7355,10021,18938,135384,73616,14604,6463,83896,59,13,13,5
2021-04-16T23:59:59+02:00,8,3,2771,3284,6649,9832,7232,12888,8871,17712,12502,18220,15110,15842,30255,38781,10932,20808,476,689,1317,2630,1879,4429,2703,6534,4090,5839,3930,3832,5410,7326,10019,18936,133855,73515,14597,6452,83223,57,13,12,5
2021-04-15T23:59:59+02:00,8,3,2718,3229,6518,9734,7043,12709,8528,17439,12028,17754,14051,14619,28131,35972,10913,20785,467,683,1313,2604,1864,4406,2680,6506,4047,5786,3873,3758,5378,7274,10011,18923,127924,73197,14322,6314,79912,48,12,12,5
2021-04-14T23:59:59+02:00,7,1,2662,3178,6424,9640,6897,12549,8255,17171,11596,17291,12868,13235,23414,29890,10891,20729,463,676,1298,2594,1851,4388,2658,6481,4004,5749,3826,3707,5316,7219,9981,18885,115524,72897,14290,6160,76861,25,12,11,5
2021-04-13T23:59:59+02:00,7,1,2609,3143,6296,9555,6745,12414,7977,16922,11170,16866,10205,10309,20326,25716,10868,20685,447,652,1251,2551,1800,4326,2550,6380,3822,5587,3612,3522,5168,7080,9972,18862,107079,72550,14095,4997,70617,21,12,11,5
2021-04-12T23:59:59+02:00,7,1,2588,3129,6236,9526,6638,12328,7785,16793,10922,16658,8844,8818,19505,24741,10866,20676,441,643,1232,2535,1784,4303,2516,6340,3771,5535,3548,3474,5133,7039,9967,18840,106955,72411,14040,4659,65043,17,12,11,5
2021-04-11T23:59:59+02:00,7,1,2559,3119,6140,9500,6523,12291,7620,16742,10722,16554,7569,7541,17774,22764,10864,20673,441,643,1231,2533,1784,4302,2516,6340,3767,5529,3543,3473,5127,7037,9967,18840,106885,72400,14034,4647,58022,13,11,11,5
2021-04-10T23:59:59+02:00,7,1,2558,3117,6131,9495,6514,12286,7614,16737,10715,16546,7560,7529,17764,22757,10864,20673,441,639,1229,2530,1783,4299,2514,6336,3764,5528,3534,3459,5119,7023,9967,18840,106800,72340,14034,4640,58013,13,10,11,5
2021-04-09T23:59:59+02:00,7,1,2496,3019,5996,9288,6360,12023,7355,16329,10403,16051,7402,7324,17648,22577,10863,20671,436,634,1211,2517,1758,4281,2481,6286,3685,5447,3416,3349,4978,6929,9962,18838,106326,72254,14005,3931,55461,11,10,11,5
2021-04-08T23:59:59+02:00,7,1,2418,2947,5901,9169,6257,11893,7184,16144,10147,15862,7205,7065,16380,21119,10852,20640,429,628,1197,2484,1732,4244,2454,6213,3631,5381,3338,3302,4898,6824,9940,18792,102668,71802,13651,3663,54851,10,10,11,5
2021-04-07T23:59:59+02:00,7,1,2391,2911,5829,9098,6168,11818,7051,16044,9905,15711,6907,6738,14053,18170,10831,20593,423,627,1186,2471,1719,4220,2440,6173,3563,5322,3266,3249,4839,6762,9931,18763,96501,71516,13490,3417,54215,9,10,10,5
2021-04-06T23:59:59+02:00,7,1,2374,2879,5733,9032,6078,11739,6897,15931,9665,15528,6551,6374,11947,15556,10804,20534,420,620,1178,2444,1708,4197,2414,6135,3498,5258,3180,3199,4793,6709,9925,18745,91454,71272,13190,3132,52968,9,8,10,5
2021-04-05T23:59:59+02:00,7,1,2366,2869,5715,9015,6067,11720,6884,15912,9645,15502,6427,6274,10666,14261,10803,20533,416,613,1174,2429,1702,4181,2398,6104,3465,5217,3150,3162,4772,6664,9918,18727,91371,71080,13154,2995,50125,8,7,10,5
2021-04-04T23:59:59+02:00,7,1,2366,2869,5712,9011,6065,11720,6882,15912,9643,15501,6422,6270,10666,14259,10803,20533,416,612,1174,2428,1702,4181,2397,6104,3465,5217,3149,3162,4770,6664,9917,18726,91362,71073,13151,2994,50112,8,7,10,5
2021-04-03T23:59:59+02:00,7,1,2364,2862,5705,9003,6059,11716,6879,15908,9640,15498,6419,6265,10659,14256,10803,20533,416,612,1174,2428,1702,4181,2397,6104,3465,5216,3149,3162,4770,6664,9917,18726,91305,71072,13149,2994,50106,8,7,10,5
2021-04-02T23:59:59+02:00,7,1,2361,2860,5699,8996,6057,11713,6875,15907,9636,15496,6415,6258,10644,14227,10802,20532,414,610,1173,2428,1701,4180,2396,6104,3464,5209,3124,3145,4760,6655,9917,18726,91219,70996,13146,2993,50105,8,7,9,5
2021-04-01T23:59:59+02:00,7,1,2340,2857,5668,8966,6014,11670,6832,15852,9581,15440,6321,6161,10348,13878,10779,20482,412,594,1170,2422,1694,4169,2381,6087,3438,5188,3059,3096,4697,6581,9839,18609,90226,70430,13123,2990,49833,8,6,9,5
2021-03-31T23:59:59+02:00,7,1,2306,2830,5593,8899,5946,11576,6730,15740,9447,15306,6178,6018,9794,13131,10732,20388,407,588,1164,2411,1688,4153,2374,6074,3418,5154,3027,3063,4648,6522,9781,18507,88235,69977,12907,2988,49466,8,5,9,4
2021-03-30T23:59:59+02:00,7,1,2286,2813,5546,8842,5883,11502,6659,15641,9349,15162,5990,5804,8881,11788,10654,20203,405,585,1161,2407,1675,4136,2356,6052,3384,5109,2968,2994,4557,6424,9649,18266,85144,69270,12527,2847,49330,8,3,7,3
2021-03-29T23:59:59+02:00,6,1,2219,2758,5444,8730,5774,11355,6492,15410,9114,14907,5630,5430,6927,9256,10427,19774,398,581,1150,2396,1662,4124,2331,6025,3354,5053,2898,2928,4437,6320,9441,17927,79026,68304,11719,2710,48900,8,3,6,3
2021-03-28T23:59:59+02:00,6,1,2197,2745,5400,8670,5698,11277,6405,15324,8996,14788,5504,5277,6279,8320,10361,19655,389,575,1135,2380,1638,4097,2284,5965,3298,4961,2814,2849,4321,6174,9366,17787,76716,67839,11460,2186,48718,5,3,6,3
2021-03-27T23:59:59+01:00,6,1,2197,2738,5391,8664,5694,11262,6390,15302,8985,14776,5476,5250,6268,8316,10361,19653,389,575,1133,2379,1637,4092,2280,5962,3289,4954,2809,2846,4305,6150,9284,17637,76608,67528,11460,2185,48653,5,3,6,3
2021-03-26T23:59:59+01:00,6,1,2181,2717,5354,8625,5655,11212,6313,15232,8835,14625,5311,5101,6098,8135,10358,19643,385,567,1126,2366,1621,4063,2252,5926,3255,4900,2748,2782,4118,5892,8569,16439,76261,64854,10622,2147,48510,5,3,6,3
2021-03-25T23:59:59+01:00,6,0,2065,2637,5177,8411,5454,10937,6105,14931,8594,14338,5148,4948,6002,8014,10356,19635,376,553,1107,2340,1598,4033,2206,5868,3181,4822,2649,2677,3742,5398,7411,14674,75807,60705,9670,1924,47273,4,2,6,3
2021-03-24T23:59:59+01:00,6,0,1979,2588,5026,8249,5293,10742,5940,14693,8387,14106,5009,4789,5887,7896,10350,19624,372,542,1094,2312,1566,3978,2147,5803,3092,4722,2512,2562,3309,4776,5987,12412,75428,55607,8504,1573,46624,4,2,6,3
2021-03-23T23:59:59+01:00,6,0,1902,2537,4915,8126,5194,10599,5819,14501,8270,13937,4925,4703,5821,7836,10343,19605,361,517,1075,2277,1533,3920,2103,5713,3010,4631,2425,2468,2856,4135,4042,9141,75033,48777,7756,1425,46242,3,2,6,3
2021-03-22T23:59:59+01:00,6,0,1840,2474,4778,7991,5061,10423,5660,14268,8078,13724,4818,4589,5751,7728,10325,19560,334,500,1046,2239,1488,3846,2037,5602,2908,4481,2312,2316,2325,3441,1451,4914,74526,40049,6721,1187,45819,1,2,6,3
2021-03-21T23:59:59+01:00,6,0,1838,2468,4767,7977,5047,10413,5644,14251,8048,13699,4796,4574,5734,7715,10320,19559,333,500,1041,2225,1479,3817,2019,5564,2882,4431,2271,2267,2283,3400,1434,4868,74502,39907,6668,903,45678,1,2,6,3
2021-03-20T23:59:59+01:00,6,0,1838,2468,4766,7976,5046,10411,5643,14250,8041,13693,4795,4573,5726,7707,10320,19559,333,500,1041,2225,1479,3817,2019,5564,2880,4430,2270,2264,2283,3400,1433,4868,74491,39904,6668,898,45651,1,2,6,3
2021-03-19T23:59:59+01:00,6,0,1786,2224,4257,6694,4638,9428,5373,13693,7819,13291,4669,4475,5657,7640,10319,19559,332,500,1041,2225,1479,3816,2018,5563,2879,4430,2268,2263,2277,3394,1432,4866,74430,39888,6657,891,40433,1,2,6,3
2021-03-18T23:59:59+01:00,6,0,1731,1970,3843,5638,4109,8050,4557,11152,6460,9961,4300,4174,5452,7417,10298,19520,331,497,1034,2212,1472,3791,1991,5524,2854,4406,2247,2247,2252,3365,1427,4857,73995,39696,6592,807,28043,1,2,6,3
2021-03-17T23:59:59+01:00,6,0,1725,1962,3832,5612,4092,8020,4533,11088,6409,9887,4261,4127,5409,7371,10290,19492,328,496,1030,2204,1466,3782,1984,5509,2844,4380,2220,2218,2230,3350,1420,4841,73725,39539,6528,758,27855,1,2,6,3
2021-03-16T23:59:59+01:00,6,0,1702,1928,3774,5531,4023,7914,4406,10926,6202,9688,4038,3937,5266,7211,10283,19467,325,492,1029,2185,1461,3769,1975,5494,2835,4361,2212,2204,2217,3321,1411,4811,73407,39369,5254,728,27633,1,2,6,3
2021-03-15T23:59:59+01:00,6,0,1692,1908,3750,5495,3998,7877,4355,10857,6123,9602,3951,3870,5210,7149,10274,19440,322,488,1020,2169,1453,3763,1959,5458,2817,4333,2197,2172,2191,3257,1400,4772,73175,39148,4889,620,27487,1,0,6,3
2021-03-14T23:59:59+01:00,6,0,1686,1898,3741,5485,3993,7860,4346,10825,6114,9579,3943,3860,5205,7141,10273,19438,322,488,1018,2169,1448,3760,1956,5456,2799,4327,2191,2169,2180,3246,1395,4770,73140,39140,4871,551,27376,1,0,6,3
2021-03-13T23:59:59+01:00,6,0,1682,1892,3726,5462,3986,7850,4326,10814,6100,9563,3940,3857,5202,7138,10273,19438,322,488,1018,2169,1448,3760,1956,5455,2799,4326,2190,2168,2180,3244,1386,4765,73115,39120,4866,551,27268,1,0,6,3
2021-03-12T23:59:59+01:00,5,0,1645,1835,3218,5315,3472,7735,4192,10689,5874,9272,3769,3710,5059,7025,10247,19390,317,466,1014,2139,1440,3737,1937,5384,2746,4242,2011,2013,2120,3195,1379,4759,72897,38354,4131,543,25418,0,0,6,3
2021-03-11T23:59:59+01:00,5,0,1537,1697,2837,5059,3035,7478,3912,10276,5244,8378,3539,3534,4951,6904,10207,19334,316,465,1011,2126,1437,3717,1930,5365,2737,4225,2004,2005,2105,3178,1374,4739,72316,38229,3864,503,21741,0,0,6,3
2021-03-10T23:59:59+01:00,5,0,1507,1664,2798,5015,2997,7419,3855,10189,5135,8261,3413,3428,4833,6789,10159,19267,314,464,1010,2123,1434,3706,1926,5352,2725,4205,1985,1997,2078,3145,1364,4724,71898,38144,3531,406,21299,0,0,6,3
2021-03-09T23:59:59+01:00,5,0,1498,1648,2762,4988,2975,7375,3816,10130,5053,8182,3312,3342,4750,6700,10050,19056,311,463,1006,2117,1427,3693,1900,5330,2683,4175,1942,1972,2024,3116,1352,4714,71296,38114,3259,109,21081,0,0,6,3
2021-03-08T23:59:59+01:00,5,0,1483,1633,2733,4959,2947,7344,3793,10082,5029,8120,3270,3302,4673,6636,9869,18751,310,463,1004,2113,1419,3677,1883,5296,2665,4147,1923,1953,1997,3093,1345,4695,70491,37964,3250,17,20882,0,0,6,3
2021-03-07T23:59:59+01:00,5,0,1470,1623,2704,4915,2913,7296,3759,10021,4986,8059,3235,3268,4607,6535,9792,18605,310,462,1003,2112,1418,3671,1880,5286,2664,4142,1919,1950,1993,3089,1341,4687,69951,37910,3196,15,20640,0,0,6,3
2021-03-06T23:59:59+01:00,5,0,1469,1621,2698,4904,2910,7287,3751,10014,4968,8043,3225,3258,4584,6496,9700,18432,310,462,1001,2109,1418,3669,1874,5277,2662,4140,1914,1943,1988,3087,1340,4684,69553,37862,3196,15,20610,0,0,6,2
2021-03-05T23:59:59+01:00,5,0,1395,1544,2600,4743,2853,7129,3666,9807,4867,7847,3175,3198,4365,6207,8982,17222,310,462,999,2107,1414,3664,1872,5276,2659,4134,1906,1939,1983,3084,1335,4680,66866,37808,3193,15,19540,0,0,6,2
2021-03-04T23:59:59+01:00,5,0,1221,1438,2433,4544,2683,6858,3498,9463,4610,7505,3059,3073,4001,5748,7786,15380,309,454,990,2084,1398,3624,1844,5223,2631,4087,1877,1914,1950,3029,1307,4634,62605,37339,3190,15,17504,0,0,6,2
2021-03-03T23:59:59+01:00,5,0,1187,1385,2355,4436,2623,6735,3412,9296,4512,7362,2972,3003,3620,5144,6370,13149,305,445,978,2062,1386,3596,1830,5173,2576,4032,1827,1878,1922,2997,1291,4605,57470,36887,3162,15,16929,0,0,5,2
2021-03-02T23:59:59+01:00,5,0,1154,1347,2294,4378,2574,6642,3330,9173,4375,7213,2858,2878,3131,4472,4321,9739,300,436,973,2035,1373,3553,1815,5118,2544,4005,1817,1862,1903,2968,1278,4577,50323,36541,2912,15,16645,0,0,4,2
2021-03-01T23:59:59+01:00,5,0,1095,1318,2232,4316,2501,6555,3236,9045,4233,7026,2728,2741,2555,3720,1541,5185,299,433,966,2023,1362,3535,1807,5103,2531,3989,1800,1852,1887,2949,1267,4548,41096,36335,2520,15,16412,0,0,4,2
2021-02-28T23:59:59+01:00,5,0,1061,1304,2192,4280,2471,6510,3188,8988,4171,6966,2663,2693,2506,3689,1533,5165,299,432,963,2017,1360,3522,1804,5089,2525,3981,1793,1841,1874,2937,1259,4534,40998,36214,2229,15,16154,0,0,4,2
2021-02-27T23:59:59+01:00,5,0,1020,1222,2124,4038,2414,6276,3125,8690,4081,6713,2608,2636,2486,3665,1530,5165,299,432,962,2017,1360,3522,1804,5088,2524,3981,1793,1840,1872,2937,1259,4534,40892,36208,2228,15,14674,0,0,4,2
2021-02-26T23:59:59+01:00,4,0,854,970,1926,3649,2252,5617,2910,7774,3772,5923,2560,2582,2467,3650,1527,5163,299,432,962,2014,1358,3520,1802,5087,2522,3980,1793,1837,1865,2936,1257,4527,40876,36175,2139,15,10581,0,0,4,2
2021-02-25T23:59:59+01:00,4,0,519,813,1648,3450,2072,5312,2714,7376,3545,5621,2478,2502,2426,3589,1523,5148,289,411,937,1964,1328,3450,1771,5006,2493,3916,1768,1809,1825,2890,1229,4486,40679,35559,1877,12,8181,0,0,3,2
2021-02-24T23:59:59+01:00,3,0,498,795,1613,3354,2010,5181,2654,7194,3479,5480,2410,2455,2390,3560,1513,5112,280,407,922,1932,1314,3396,1758,4945,2469,3872,1757,1791,1816,2871,1217,4455,40486,35197,1706,4,7506,0,0,3,2
2021-02-23T23:59:59+01:00,3,0,478,758,1553,3252,1955,5040,2576,7062,3394,5376,2350,2397,2351,3502,1498,5078,278,403,917,1917,1307,3365,1749,4913,2448,3840,1737,1771,1796,2835,1202,4400,40334,34874,1433,3,6853,0,0,3,2
2021-02-22T23:59:59+01:00,2,0,462,727,1499,3153,1916,4901,2517,6843,3333,5232,2341,2300,2335,3423,1492,5033,277,400,914,1905,1299,3338,1732,4877,2433,3810,1718,1752,1768,2805,1187,4351,40120,34564,1168,1,6218,0,0,3,2
2021-02-21T23:59:59+01:00,2,0,454,689,1441,3009,1868,4751,2464,6683,3250,5128,2305,2267,2307,3403,1482,5027,277,399,911,1897,1298,3329,1727,4867,2429,3801,1716,1749,1767,2803,1187,4350,40076,34505,934,1,5517,0,0,3,2
2021-02-20T23:59:59+01:00,2,0,450,683,1433,3005,1863,4751,2461,6680,3245,5124,2302,2266,2307,3402,1480,5027,277,399,911,1896,1298,3328,1727,4867,2428,3800,1715,1748,1764,2803,1186,4348,40071,34493,929,1,5478,0,0,3,2
2021-02-19T23:59:59+01:00,1,0,428,646,1404,2943,1836,4696,2420,6580,3158,5006,2122,2103,2243,3353,1475,5021,275,398,909,1894,1297,3327,1727,4862,2425,3799,1714,1747,1762,2802,1186,4347,39319,34470,909,1,5204,0,0,3,1
2021-02-18T23:59:59+01:00,1,0,402,589,1301,2703,1733,4454,2282,6318,3056,4825,2093,2087,2227,3336,1470,5010,275,392,901,1861,1288,3287,1709,4814,2406,3761,1703,1736,1745,2790,1174,4327,39242,34168,835,1,3807,0,0,3,1
2021-02-17T23:59:59+01:00,1,0,386,557,1263,2571,1676,4279,2212,6077,2997,4676,2074,2068,2203,3316,1456,5000,265,375,865,1775,1245,3158,1649,4655,2331,3626,1624,1667,1668,2678,1121,4205,39085,32907,784,0,2940,0,0,3,1
2021-02-16T23:59:59+01:00,1,0,368,527,1209,2452,1626,4145,2133,5892,2917,4540,2065,2063,2195,3309,1451,4988,258,358,844,1694,1190,3022,1587,4452,2260,3449,1573,1613,1604,2577,1089,4069,39024,31639,753,0,2101,0,0,3,1
2021-02-15T23:59:59+01:00,1,0,358,505,1137,2310,1581,4072,2101,5838,2889,4499,2046,2047,2170,3278,1443,4967,252,339,821,1649,1158,2946,1531,4315,2187,3329,1497,1549,1546,2465,1042,3881,38916,30507,638,0,1685,0,0,3,1
2021-02-14T23:59:59+01:00,1,0,349,499,1113,2255,1518,3911,2060,5746,2858,4460,2041,2044,2158,3268,1440,4960,246,334,803,1621,1142,2907,1489,4263,2149,3299,1481,1528,1521,2428,1025,3835,38897,30071,570,0,1211,0,0,3,1
2021-02-13T23:59:59+01:00,1,0,349,499,1112,2255,1518,3910,2058,5745,2858,4460,2040,2042,2157,3268,1439,4957,246,334,803,1621,1142,2907,1488,4261,2149,3299,1479,1525,1520,2427,1025,3834,38886,30060,570,0,1210,0,0,2,1
2021-02-12T23:59:59+01:00,1,0,342,496,1094,2247,1513,3897,2053,5737,2855,4454,2026,2032,2151,3255,1434,4954,244,333,797,1616,1136,2898,1473,4243,2131,3286,1466,1509,1505,2395,1018,3797,38820,29847,562,0,1157,0,0,2,1
2021-02-11T23:59:59+01:00,1,0,320,472,1031,2152,1460,3770,1959,5473,2770,4335,1995,1999,2111,3187,1404,4897,224,305,747,1512,1056,2674,1350,3886,1945,2981,1277,1300,1332,2117,906,3428,38422,27040,525,0,387,0,0,2,1
2021-02-10T23:59:59+01:00,1,0,314,463,1009,2112,1421,3692,1905,5312,2676,4154,1924,1949,2063,3145,1383,4871,199,260,653,1324,928,2292,1165,3285,1702,2563,1114,1123,1182,1866,789,3066,38006,23511,385,0,1,0,0,2,1
2021-02-09T23:59:59+01:00,1,0,308,452,1001,2081,1405,3640,1861,5245,2610,4099,1866,1909,1992,3090,1362,4849,166,200,554,1062,781,1848,960,2675,1434,2150,962,962,986,1576,666,2619,37704,19601,64,0,1,0,0,2,1
2021-02-08T23:59:59+01:00,1,0,306,450,998,2074,1394,3624,1853,5222,2590,4082,1852,1898,1973,3072,1355,4824,116,165,455,848,617,1433,763,2026,1157,1665,770,786,784,1245,530,2141,37546,15501,19,0,1,0,0,2,1
2021-02-07T23:59:59+01:00,1,0,306,450,997,2073,1393,3619,1850,5219,2583,4079,1846,1889,1957,3064,1350,4816,106,146,406,703,543,1258,685,1811,1060,1518,694,705,703,1121,454,1902,37474,13815,16,0,0,0,0,2,1
2021-02-06T23:59:59+01:00,1,0,306,450,996,2072,1393,3616,1850,5217,2583,4076,1846,1888,1952,3062,1347,4814,105,145,401,700,538,1234,669,1792,1049,1496,691,701,698,1117,453,1898,37451,13688,16,0,0,0,0,2,0
2021-02-05T23:59:59+01:00,1,0,306,449,994,2069,1389,3607,1846,5203,2577,4070,1845,1887,1944,3054,1337,4800,101,137,386,682,521,1205,637,1740,999,1433,654,651,649,1043,426,1804,37360,13069,16,0,0,0,0,2,0
2021-02-04T23:59:59+01:00,1,0,299,432,983,2038,1370,3554,1827,5126,2562,4022,1829,1866,1917,3019,1317,4767,76,106,285,461,361,815,454,1179,687,975,508,476,505,825,337,1445,36911,9496,16,0,0,0,0,2,0
2021-02-03T23:59:59+01:00,1,0,295,423,965,2012,1354,3516,1813,5077,2528,3979,1809,1843,1902,2995,1303,4750,60,82,238,393,291,636,347,921,529,728,341,331,368,585,245,1061,36547,7157,16,0,0,0,0,2,0
2021-02-02T23:59:59+01:00,1,0,290,416,959,1984,1346,3483,1802,5030,2505,3944,1791,1827,1874,2953,1281,4699,39,63,182,311,244,485,265,737,381,560,237,214,234,390,167,697,36167,5206,16,0,0,0,0,2,0
2021-02-01T23:59:59+01:00,1,0,289,413,954,1976,1343,3467,1794,5009,2496,3925,1783,1816,1859,2938,1275,4685,19,39,135,225,168,311,169,489,238,324,120,109,102,191,78,313,36005,3030,16,0,0,0,0,2,0
2021-01-31T23:59:59+01:00,1,0,288,412,952,1969,1340,3458,1791,4990,2492,3910,1779,1808,1855,2930,1272,4675,18,34,117,197,151,269,152,409,201,279,101,95,94,163,70,273,35904,2623,16,0,0,0,0,2,0
2021-01-30T23:59:59+01:00,1,0,288,412,952,1969,1340,3458,1791,4990,2492,3910,1778,1808,1855,2929,1272,4674,18,34,116,197,151,266,149,406,200,278,100,94,94,163,70,273,35901,2609,16,0,0,0,0,2,0
2021-01-29T23:59:59+01:00,1,0,286,409,950,1967,1339,3450,1785,4981,2489,3907,1772,1801,1846,2917,1265,4652,16,33,115,188,142,258,137,378,168,251,73,70,84,141,63,237,35800,2354,16,0,0,0,0,1,0
2021-01-28T23:59:59+01:00,1,0,282,401,931,1913,1315,3386,1760,4919,2461,3844,1750,1781,1814,2886,1247,4615,0,0,9,19,8,18,11,45,7,22,6,4,7,10,3,15,35290,184,15,0,0,0,0,1,0
2021-01-27T23:59:59+01:00,1,0,276,383,898,1832,1280,3272,1699,4796,2401,3744,1693,1732,1769,2818,1208,4526,0,0,4,6,5,11,7,19,3,12,5,4,7,10,3,14,34316,110,11,0,0,0,0,1,0
2021-01-26T23:59:59+01:00,1,0,271,373,888,1818,1266,3233,1682,4740,2371,3678,1660,1700,1730,2746,1190,4435,0,0,4,6,5,11,7,19,3,12,5,4,7,10,3,14,33774,110,7,0,0,0,0,1,0
2021-01-25T23:59:59+01:00,1,0,261,349,846,1699,1196,3069,1591,4469,2265,3470,1600,1647,1672,2658,1139,4249,0,0,1,3,1,3,4,2,3,5,5,4,6,9,2,14,32177,62,3,0,0,0,0,1,0
2021-01-24T23:59:59+01:00,1,0,258,346,835,1679,1186,3047,1560,4436,2239,3449,1589,1638,1661,2646,1133,4241,0,0,1,2,1,3,4,2,3,5,5,4,6,9,2,14,31940,61,3,0,0,0,0,1,0
2021-01-23T23:59:59+01:00,1,0,258,346,835,1679,1185,3046,1560,4432,2238,3448,1588,1638,1660,2645,1132,4236,0,0,1,2,1,3,4,2,3,5,5,4,6,9,2,14,31923,61,3,0,0,0,0,1,0
2021-01-22T23:59:59+01:00,1,0,257,344,829,1676,1181,3041,1557,4425,2226,3443,1576,1626,1654,2626,1126,4214,0,0,1,2,1,3,4,2,3,5,5,4,6,9,2,14,31798,61,3,0,0,0,0,1,0
2021-01-21T23:59:59+01:00,1,0,246,334,802,1610,1156,2914,1502,4263,2147,3308,1478,1522,1517,2458,1043,4024,0,0,1,2,1,3,4,2,3,5,4,3,5,9,1,14,30321,57,3,0,0,0,0,1,0
2021-01-20T23:59:59+01:00,1,0,224,291,729,1454,1066,2600,1368,3805,1973,2952,1356,1375,1395,2258,966,3783,0,0,1,2,1,3,4,2,3,5,4,3,5,9,1,14,27593,57,2,0,0,0,0,1,0
2021-01-19T23:59:59+01:00,1,0,193,234,629,1205,922,2155,1147,3190,1686,2520,1171,1172,1159,1915,804,3213,0,0,1,1,1,2,4,1,2,5,4,3,5,9,1,14,23313,53,2,0,0,0,0,1,0
2021-01-18T23:59:59+01:00,1,0,136,184,497,945,711,1640,880,2322,1311,1910,912,940,925,1511,626,2566,0,0,0,0,0,0,0,0,1,2,2,1,0,0,0,0,18015,6,1,0,0,0,0,1,0
2021-01-17T23:59:59+01:00,1,0,122,158,438,775,626,1418,779,2069,1196,1720,845,860,840,1372,552,2342,0,0,0,0,0,0,0,0,0,1,0,0,0,0,0,0,16112,1,0,0,0,0,0,1,0
2021-01-16T23:59:59+01:00,1,0,121,157,434,774,624,1410,769,2065,1187,1713,843,855,835,1361,544,2326,0,0,0,0,0,0,0,0,0,0,0,0,0,0,0,0,16019,0,0,0,0,0,0,0,0
2021-01-15T23:59:59+01:00,1,0,110,150,422,753,598,1372,737,1987,1126,1632,799,802,788,1272,513,2201,0,0,0,0,0,0,0,0,0,0,0,0,0,0,0,0,15263,0,0,0,0,0,0,0,0
2021-01-14T23:59:59+01:00,1,0,76,111,301,487,397,886,509,1279,770,1071,584,555,574,941,397,1677,0,0,0,0,0,0,0,0,0,0,0,0,0,0,0,0,10616,0,0,0,0,0,0,0,0
2021-01-13T23:59:59+01:00,1,0,59,84,249,409,321,669,378,979,564,764,368,353,391,635,282,1172,0,0,0,0,0,0,0,0,0,0,0,0,0,0,0,0,7678,0,0,0,0,0,0,0,0
2021-01-12T23:59:59+01:00,0,0,48,69,203,351,258,542,279,806,411,599,248,226,244,423,189,785,0,0,0,0,0,0,0,0,0,0,0,0,0,0,0,0,5681,0,0,0,0,0,0,0,0
2021-01-11T23:59:59+01:00,0,0,32,51,176,301,211,441,220,647,301,422,151,131,140,258,105,452,0,0,0,0,0,0,0,0,0,0,0,0,0,0,0,0,4039,0,0,0,0,0,0,0,0
2021-01-10T23:59:59+01:00,0,0,24,42,154,252,182,364,179,536,251,361,130,110,125,213,93,362,0,0,0,0,0,0,0,0,0,0,0,0,0,0,0,0,3378,0,0,0,0,0,0,0,0
2021-01-09T23:59:59+01:00,0,0,24,42,153,250,181,361,177,530,250,360,129,109,125,213,93,362,0,0,0,0,0,0,0,0,0,0,0,0,0,0,0,0,3359,0,0,0,0,0,0,0,0
2021-01-08T23:59:59+01:00,0,0,22,40,151,241,173,351,164,499,220,334,105,93,119,197,86,335,0,0,0,0,0,0,0,0,0,0,0,0,0,0,0,0,3130,0,0,0,0,0,0,0,0
2021-01-07T23:59:59+01:00,0,0,1,0,4,9,8,13,10,6,17,11,10,11,14,21,3,35,0,0,0,0,0,0,0,0,0,0,0,0,0,0,0,0,173,0,0,0,0,0,0,0,0
2021-01-06T23:59:59+01:00,0,0,0,0,1,3,1,5,5,2,3,6,6,4,7,10,1,16,0,0,0,0,0,0,0,0,0,0,0,0,0,0,0,0,70,0,0,0,0,0,0,0,0
2021-01-05T23:59:59+01:00,0,0,0,0,1,3,1,5,5,2,3,5,6,4,6,10,1,15,0,0,0,0,0,0,0,0,0,0,0,0,0,0,0,0,67,0,0,0,0,0,0,0,0
2021-01-04T23:59:59+01:00,0,0,0,0,1,3,1,4,4,2,3,5,6,4,5,9,1,15,0,0,0,0,0,0,0,0,0,0,0,0,0,0,0,0,63,0,0,0,0,0,0,0,0
2021-01-03T23:59:59+01:00,0,0,0,0,1,2,1,4,4,2,3,5,5,4,5,9,1,15,0,0,0,0,0,0,0,0,0,0,0,0,0,0,0,0,61,0,0,0,0,0,0,0,0
2021-01-02T23:59:59+01:00,0,0,0,0,1,2,1,4,4,2,3,5,5,4,5,9,1,15,0,0,0,0,0,0,0,0,0,0,0,0,0,0,0,0,61,0,0,0,0,0,0,0,0
2021-01-01T23:59:59+01:00,0,0,0,0,1,2,1,3,4,2,3,5,5,4,5,9,1,15,0,0,0,0,0,0,0,0,0,0,0,0,0,0,0,0,60,0,0,0,0,0,0,0,0
2020-12-31T23:59:59+01:00,0,0,0,0,1,2,1,3,4,2,3,5,5,4,5,9,1,15,0,0,0,0,0,0,0,0,0,0,0,0,0,0,0,0,60,0,0,0,0,0,0,0,0
2020-12-30T23:59:59+01:00,0,0,0,0,1,2,1,3,4,2,3,5,5,4,5,9,1,15,0,0,0,0,0,0,0,0,0,0,0,0,0,0,0,0,60,0,0,0,0,0,0,0,0
2020-12-29T23:59:59+01:00,0,0,0,0,1,1,1,2,4,1,2,5,5,4,5,9,1,15,0,0,0,0,0,0,0,0,0,0,0,0,0,0,0,0,56,0,0,0,0,0,0,0,0
2020-12-28T23:59:59+01:00,0,0,0,0,1,1,1,1,2,0,1,5,4,1,1,0,0,2,0,0,0,0,0,0,0,0,0,0,0,0,0,0,0,0,20,0,0,0,0,0,0,0,0
2020-12-27T23:59:59+01:00,0,0,0,0,1,1,1,1,2,0,0,3,2,0,1,0,0,2,0,0,0,0,0,0,0,0,0,0,0,0,0,0,0,0,14,0,0,0,0,0,0,0,0
