Datum,<15_m,<15_w,15-24_1_m,15-24_1_w,25-34_1_m,25-34_1_w,35-44_1_m,35-44_1_w,45-54_1_m,45-54_1_w,55-64_1_m,55-64_1_w,65-74_1_m,65-74_1_w,75-84_1_m,75-84_1_w,>84_1_m,>84_1_w,<24_2_m,<24_2_w,25-34_2_m,25-34_2_w,35-44_2_m,35-44_2_w,45-54_2_m,45-54_2_w,55-64_2_m,55-64_2_w,65-74_2_m,65-74_2_w,75-84_2_m,75-84_2_w,>84_2_m,>84_2_w,bp_1,bp_2,mo_1,mo_2,az_1,az_2,ja,unb_1,unb_2
2021-09-16T23:59:59+02:00,4466,4190,35988,34726,51750,46373,52987,51622,63859,63912,73868,74117,53608,59216,36877,47767,11185,21266,32804,31613,49040,43229,50619,48729,61379,61034,71508,71626,52241,57565,35942,46438,10878,20562,571153,543090,78303,74580,105732,101501,32562,29,25
2021-09-15T23:59:59+02:00,4426,4153,35936,34672,51727,46343,52950,51587,63830,63884,73839,74091,53594,59198,36872,47759,11184,21263,32766,31582,49011,43197,50587,48697,61351,61008,71486,71609,52236,57547,35937,46432,10878,20559,570811,542762,78218,74565,105732,101489,32520,29,25
2021-09-14T23:59:59+02:00,4386,4113,35872,34622,51682,46273,52911,51539,63788,63840,73800,74052,53570,59180,36856,47740,11183,21260,32701,31516,48972,43148,50554,48652,61299,60972,71454,71569,52214,57525,35928,46418,10877,20556,570296,542231,78149,74558,105732,101482,32463,29,25
2021-09-13T23:59:59+02:00,4240,3940,35514,34200,51417,45963,52698,51309,63581,63634,73665,73928,53515,59111,36819,47707,11182,21252,32243,31049,48738,42902,50376,48456,61154,60791,71312,71460,52163,57467,35912,46382,10871,20547,567754,539284,77732,74477,105731,101476,32430,29,25
2021-09-12T23:59:59+02:00,4232,3930,35493,34184,51400,45941,52681,51292,63568,63617,73655,73918,53512,59105,36814,47706,11182,21251,32218,31032,48724,42884,50366,48448,61143,60777,71296,71448,52156,57458,35906,46380,10868,20546,567607,539129,77716,74469,105720,101461,32410,29,25
2021-09-11T23:59:59+02:00,4229,3927,35489,34181,51398,45939,52676,51285,63566,63612,73653,73913,53508,59100,36814,47704,11182,21251,32209,31029,48721,42881,50363,48445,61140,60773,71293,71446,52154,57456,35906,46378,10868,20546,567579,539109,77716,74469,105720,101461,32384,29,25
2021-09-10T23:59:59+02:00,4228,3926,35376,34084,51207,45790,52491,51145,63391,63500,73520,73823,53470,59061,36794,47686,11180,21246,32084,30921,48528,42720,50171,48309,60954,60654,71160,71352,52112,57413,35884,46356,10865,20541,567522,538958,77714,74467,105719,101459,30935,29,25
2021-09-09T23:59:59+02:00,4201,3888,35298,34023,51151,45721,52436,51060,63336,63445,73480,73785,53447,59032,36780,47670,11178,21242,31992,30853,48485,42671,50124,48267,60915,60620,71117,71319,52094,57400,35877,46341,10864,20537,566926,538476,77680,74460,105705,101437,30834,29,25
2021-09-08T23:59:59+02:00,4176,3867,35263,33985,51125,45690,52419,51034,63303,63412,73459,73762,53439,59017,36774,47659,11178,21240,31933,30826,48448,42646,50099,48239,60882,60593,71102,71299,52082,57388,35867,46330,10861,20519,566581,538119,77680,74459,105705,101425,30808,29,25
2021-09-07T23:59:59+02:00,4164,3852,35223,33943,51096,45660,52394,51005,63277,63390,73425,73733,53427,59001,36758,47643,11175,21234,31886,30782,48413,42614,50062,48209,60858,60563,71069,71271,52069,57373,35860,46317,10858,20515,566209,537723,77680,74457,105705,101418,30778,29,25
2021-09-06T23:59:59+02:00,3989,3670,34758,33473,50730,45279,52133,50709,63057,63152,73268,73584,53362,58920,36739,47602,11172,21226,31682,30603,48212,42459,49921,48071,60748,60445,70974,71183,52021,57327,35844,46298,10853,20502,563444,536868,77680,74456,105705,101414,29966,29,25
2021-09-05T23:59:59+02:00,3981,3658,34743,33458,50728,45271,52121,50701,63046,63142,73253,73579,53358,58912,36733,47595,11170,21221,31662,30584,48196,42445,49908,48062,60736,60435,70962,71177,52015,57315,35842,46293,10852,20500,563311,536725,77679,74454,105705,101401,29947,29,25
2021-09-04T23:59:59+02:00,3981,3658,34742,33458,50726,45271,52120,50700,63046,63142,73253,73579,53358,58912,36733,47595,11170,21221,31661,30582,48195,42445,49906,48060,60736,60435,70961,71177,52015,57315,35842,46293,10852,20500,563309,536721,77679,74452,105705,101401,29944,29,25
2021-09-03T23:59:59+02:00,3933,3611,34580,33332,50577,45149,52016,50584,62898,63019,73128,73481,53318,58864,36713,47574,11166,21218,31390,30392,48001,42274,49737,47895,60534,60263,70816,71032,51961,57258,35817,46270,10849,20496,563170,536587,77096,73217,105694,101388,29173,29,25
2021-09-02T23:59:59+02:00,3908,3582,34525,33287,50547,45109,51983,50552,62860,62980,73091,73456,53297,58853,36704,47557,11166,21214,31322,30331,47955,42229,49695,47850,60480,60210,70774,71005,51943,57242,35808,46261,10848,20492,562774,536198,77075,73212,105694,101277,29100,29,25
2021-09-01T23:59:59+02:00,3891,3568,34498,33256,50522,45082,51963,50530,62840,62947,73062,73438,53288,58844,36700,47549,11166,21213,31271,30292,47922,42199,49665,47825,60451,60185,70752,70974,51924,57223,35798,46254,10848,20489,562505,535853,77071,73205,105694,101250,29059,29,25
2021-08-31T23:59:59+02:00,3864,3555,34458,33207,50495,45044,51936,50497,62812,62914,73032,73407,53267,58822,36692,47536,11163,21213,31212,30262,47895,42173,49643,47808,60424,60169,70737,70947,51910,57213,35794,46247,10845,20483,562108,535577,77071,73202,105694,101244,29013,29,25
2021-08-30T23:59:59+02:00,3637,3347,33878,32697,50078,44672,51589,50156,62522,62655,72825,73229,53185,58736,36662,47489,11160,21205,30934,30000,47599,41945,49419,47641,60242,60042,70580,70843,51844,57168,35775,46215,10842,20476,559136,534495,77071,73199,105693,101234,27794,29,25
2021-08-29T23:59:59+02:00,3631,3339,33856,32675,50060,44664,51573,50139,62511,62641,72815,73213,53177,58731,36660,47482,11160,21203,30916,29980,47575,41918,49399,47625,60225,60025,70568,70831,51841,57160,35772,46214,10842,20474,558989,534376,77070,73198,105692,101190,27751,29,25
2021-08-28T23:59:59+02:00,3631,3339,33853,32675,50055,44663,51572,50137,62509,62638,72813,73212,53176,58729,36660,47482,11160,21203,30907,29972,47569,41916,49397,47623,60222,60021,70565,70829,51840,57156,35772,46214,10842,20474,558980,534342,77070,73197,105692,101190,27737,29,25
2021-08-27T23:59:59+02:00,3626,3333,33846,32654,50051,44661,51560,50131,62501,62633,72796,73206,53172,58727,36659,47481,11159,21202,30889,29953,47560,41909,49388,47614,60214,60013,70553,70828,51838,57155,35771,46213,10841,20474,558905,534264,77070,73195,105692,101187,27703,29,25
2021-08-26T23:59:59+02:00,3601,3306,33805,32605,50026,44622,51519,50083,62457,62610,72764,73177,53162,58717,36651,47479,11158,21198,30597,29694,47349,41703,49219,47460,60100,59918,70471,70760,51806,57124,35755,46190,10839,20470,558554,532490,77044,73188,105691,101123,27623,29,25
2021-08-25T23:59:59+02:00,3560,3282,33756,32563,50000,44577,51488,50056,62419,62577,72728,73155,53154,58698,36645,47465,11157,21197,29851,28993,46921,41292,48894,47168,59877,59695,70297,70610,51739,57048,35734,46155,10830,20462,558134,528187,77044,73185,105691,101100,27580,29,25
2021-08-24T23:59:59+02:00,3520,3260,33699,32503,49971,44534,51460,50008,62375,62529,72683,73108,53132,58674,36632,47452,11155,21189,29623,28773,46793,41162,48786,47062,59785,59601,70212,70510,51693,57000,35713,46143,10827,20459,557643,526757,77040,73181,105689,101065,27484,29,25
2021-08-23T23:59:59+02:00,3217,2994,33068,31886,49549,44141,51119,49708,62049,62236,72390,72878,53037,58585,36594,47389,11144,21180,29204,28381,46410,40864,48545,46850,59516,59394,69986,70362,51616,56930,35688,46100,10821,20452,554610,525312,77037,73179,105688,101060,25801,29,25
2021-08-22T23:59:59+02:00,3206,2986,33057,31879,49539,44131,51111,49702,62044,62229,72386,72876,53034,58582,36592,47387,11144,21179,29181,28365,46392,40856,48537,46839,59505,59386,69980,70359,51606,56926,35685,46097,10821,20452,554541,525215,77033,73175,105685,101046,25777,29,25
2021-08-21T23:59:59+02:00,3204,2986,33051,31876,49537,44129,51110,49699,62041,62228,72385,72875,53034,58582,36592,47387,11144,21179,29169,28352,46387,40852,48532,46834,59500,59386,69980,70358,51605,56926,35685,46097,10821,20452,554524,525173,77033,73171,105685,101046,25769,29,25
2021-08-20T23:59:59+02:00,3188,2975,32929,31783,49348,44000,50939,49589,61862,62102,72239,72795,52986,58539,36577,47369,11141,21175,28632,27850,45914,40498,48253,46624,59247,59203,69777,70235,51521,56868,35655,46069,10817,20445,554297,523481,77033,72997,105684,100819,24494,29,25
2021-08-19T23:59:59+02:00,3161,2952,32878,31744,49314,43964,50892,49547,61817,62064,72190,72756,52960,58519,36570,47354,11137,21168,27690,26997,45126,39894,47826,46261,58916,58930,69504,70011,51421,56779,35613,46022,10812,20439,553883,519108,76998,72021,105679,100727,24399,29,25
2021-08-18T23:59:59+02:00,3140,2933,32832,31700,49278,43929,50854,49511,61772,62027,72143,72730,52931,58502,36556,47340,11136,21163,26397,25689,44201,39016,47124,45520,58241,58346,69017,69556,51234,56557,35536,45928,10800,20422,553452,513560,76977,68823,105676,100674,24344,29,25
2021-08-17T23:59:59+02:00,3118,2910,32760,31642,49237,43862,50812,49477,61729,61985,72107,72690,52908,58478,36543,47328,11133,21158,25107,24302,43333,38322,46524,45041,57713,57904,68585,69230,51099,56373,35461,45848,10784,20408,552919,507945,76972,66747,105675,100637,24283,29,25
2021-08-16T23:59:59+02:00,3107,2890,32743,31621,49213,43840,50803,49460,61709,61968,72086,72674,52896,58470,36542,47317,11131,21154,23674,22902,42423,37471,46252,44749,57491,57644,68379,69070,51026,56289,35431,45803,10782,20394,552691,501581,76969,66715,105673,100624,24263,29,25
2021-08-15T23:59:59+02:00,3100,2879,32732,31605,49202,43835,50793,49450,61694,61952,72071,72662,52892,58462,36539,47317,11131,21154,21239,20431,41669,36933,45886,44382,57158,57348,68095,68814,50914,56186,35394,45747,10779,20385,552567,492835,76968,66536,105663,100608,24244,29,25
2021-08-14T23:59:59+02:00,3100,2878,32728,31603,49197,43834,50790,49448,61689,61949,72067,72656,52892,58462,36538,47317,11131,21154,21216,20405,41629,36903,45869,44367,57145,57338,68083,68803,50912,56184,35393,45746,10779,20384,552561,492654,76967,66533,105663,100608,24214,29,25
2021-08-13T23:59:59+02:00,3086,2861,32686,31576,49174,43819,50768,49430,61656,61918,72045,72636,52887,58455,36535,47312,11130,21151,21099,20318,41541,36804,45807,44314,57097,57300,68043,68769,50895,56172,35384,45737,10778,20382,552404,492063,76966,66530,105662,100587,24065,29,25
2021-08-12T23:59:59+02:00,3069,2832,32638,31526,49139,43779,50730,49401,61603,61889,72009,72600,52871,58436,36518,47303,11129,21148,20633,20005,40587,35994,45440,43983,56879,57123,67866,68604,50823,56089,35353,45692,10773,20374,551989,487826,76962,66528,105660,100542,23981,29,25
2021-08-11T23:59:59+02:00,3028,2801,32581,31482,49105,43743,50705,49377,61576,61859,71981,72572,52849,58410,36506,47294,11128,21144,19739,19119,39260,34808,44838,43404,56519,56793,67573,68331,50702,55951,35316,45633,10771,20361,551576,480408,76956,66524,105659,100520,23922,29,25
2021-08-10T23:59:59+02:00,3013,2782,32530,31437,49068,43713,50675,49345,61557,61819,71941,72527,52826,58394,36495,47271,11127,21139,18716,18152,37158,32947,43953,42527,56067,56397,67184,67983,50551,55797,35255,45536,10766,20341,551114,470172,76956,66522,105658,100501,23903,29,25
2021-08-09T23:59:59+02:00,2997,2775,32501,31413,49044,43695,50647,49327,61538,61801,71921,72507,52817,58385,36490,47261,11125,21138,17292,16736,34163,30512,43289,41893,55662,56035,66852,67657,50410,55649,35204,45487,10761,20323,550865,457965,76954,66518,105654,100488,23881,29,25
2021-08-08T23:59:59+02:00,2994,2775,32489,31403,49034,43688,50642,49321,61530,61794,71918,72506,52816,58383,36490,47258,11125,21137,17265,16706,34141,30498,43252,41861,55649,56022,66843,67652,50405,55643,35203,45484,10760,20322,550810,457777,76954,66513,105643,100469,23868,29,25
2021-08-07T23:59:59+02:00,2993,2770,32482,31393,49031,43680,50637,49321,61527,61791,71911,72504,52815,58381,36489,47258,11125,21137,17239,16676,34113,30479,43219,41831,55628,56005,66832,67645,50399,55641,35201,45484,10760,20321,550761,457550,76954,66510,105643,100468,23859,29,25
2021-08-06T23:59:59+02:00,2905,2678,32139,31169,48777,43482,50382,49095,61239,61586,71636,72337,52683,58277,36435,47205,11122,21128,17034,16540,33404,30002,42751,41463,55284,55779,66522,67469,50269,55547,35152,45447,10757,20314,550692,455880,75847,66223,105639,100466,22069,29,25
2021-08-05T23:59:59+02:00,2858,2639,31984,31052,48683,43392,50302,49042,61186,61541,71584,72296,52656,58258,36426,47188,11120,21126,16804,16286,31544,28570,41710,40518,55009,55430,66310,67297,50204,55470,35129,45408,10750,20305,549818,449083,75844,66150,105630,100343,22013,29,25
2021-08-04T23:59:59+02:00,2783,2562,31738,30859,48495,43257,50149,48930,61105,61465,71522,72240,52627,58218,36413,47173,11117,21121,16538,16043,31190,28349,40518,39444,54618,55099,66136,67145,50139,55386,35099,45380,10747,20298,548527,444771,75843,66131,105628,100269,21755,22,24
2021-08-03T23:59:59+02:00,2595,2382,31229,30397,48245,43008,49975,48739,60942,61291,71376,72093,52572,58147,36391,47144,11107,21107,16099,15598,30604,27821,38787,37826,53927,54451,65801,66835,50042,55258,35051,45329,10742,20288,545583,437102,75843,66125,105625,100250,21668,22,24
2021-08-02T23:59:59+02:00,2484,2287,30915,30113,48047,42827,49822,48610,60834,61187,71287,72011,52539,58115,36369,47125,11106,21104,15795,15329,30265,27469,36641,36001,53369,53939,65593,66659,49970,55173,35029,45301,10740,20284,543649,430259,75840,66121,105620,100138,21652,22,23
2021-08-01T23:59:59+02:00,2481,2284,30903,30106,48028,42816,49810,48602,60821,61177,71278,72005,52534,58107,36365,47125,11106,21104,15671,15204,30127,27355,34335,34146,53071,53689,65501,66590,49931,55133,35022,45283,10739,20282,543593,424812,75838,66117,105574,100115,21626,22,23
2021-07-31T23:59:59+02:00,2481,2284,30899,30102,48026,42814,49808,48602,60820,61177,71278,72003,52531,58105,36365,47125,11106,21103,15656,15192,30094,27335,34322,34139,53053,53681,65488,66585,49927,55128,35022,45282,10738,20281,543575,424664,75838,66116,105574,100112,21621,22,23
2021-07-30T23:59:59+02:00,2467,2279,30852,30057,47994,42793,49784,48577,60786,61148,71243,71985,52522,58094,36365,47125,11106,21101,15501,14891,29836,27019,34142,33889,52853,53389,65324,66382,49880,55082,35011,45270,10738,20280,543400,424312,75833,66107,105571,98201,21453,22,23
2021-07-29T23:59:59+02:00,2435,2259,30692,29965,47911,42732,49731,48512,60725,61107,71197,71939,52503,58075,36357,47109,11103,21096,15189,14615,29523,26806,32855,32940,52071,52778,64969,66114,49781,54990,34969,45213,10733,20272,542737,421617,75826,63380,105559,98056,21305,22,23
2021-07-28T23:59:59+02:00,2389,2222,30539,29855,47828,42663,49658,48440,60652,61030,71131,71882,52479,58037,36339,47091,11102,21091,14786,14244,29084,26489,32485,32609,51357,52164,64577,65787,49687,54888,34935,45156,10717,20253,541792,417476,75822,63327,105553,97666,21240,22,23
2021-07-27T23:59:59+02:00,2311,2149,30298,29586,47675,42487,49514,48303,60544,60907,71031,71794,52421,57976,36311,47052,11094,21084,14144,13589,28318,25862,31734,31957,50104,51070,63851,65219,49500,54683,34867,45041,10710,20235,539964,409147,75812,63301,105547,97569,21193,22,23
2021-07-26T23:59:59+02:00,2250,2094,30098,29352,47557,42358,49439,48219,60481,60842,70980,71749,52395,57944,36300,47039,11092,21075,13779,13213,27967,25574,31116,31547,48546,49701,62874,64392,49295,54479,34799,44959,10700,20223,538736,401437,75809,63296,105543,97539,21155,22,23
2021-07-25T23:59:59+02:00,2003,1892,29276,28679,47166,42045,49154,47934,60245,60619,70799,71591,52339,57869,36273,46997,11091,21068,13686,13153,27871,25512,31031,31481,48426,49639,62787,64343,49274,54462,34792,44950,10700,20222,534563,400808,75809,63289,105536,97379,21111,22,23
2021-07-24T23:59:59+02:00,1923,1824,29022,28449,47015,41940,49037,47835,60090,60500,70670,71511,52291,57839,36256,46976,11089,21068,13551,13043,27667,25378,30872,31353,48215,49468,62624,64248,49230,54432,34777,44932,10698,20220,533874,400198,75807,63286,105535,97377,20098,22,23
2021-07-23T23:59:59+02:00,1811,1703,28692,28123,46770,41789,48782,47622,59841,60311,70466,71384,52216,57768,36237,46939,11085,21059,13300,12819,27234,25064,30493,31046,47617,48978,62295,64013,49147,54366,34755,44888,10693,20211,532880,397802,75430,63232,105524,97375,18743,22,23
2021-07-22T23:59:59+02:00,1799,1696,28613,28045,46632,41648,48571,47411,59663,60169,70349,71255,52173,57731,36221,46922,11085,21059,13073,12567,26899,24730,30143,30728,45693,47416,61491,63313,49051,54264,34717,44844,10690,20201,532576,391110,74278,63083,105482,97152,18685,22,23
2021-07-21T23:59:59+02:00,1766,1657,28348,27840,46248,41314,47980,46855,59080,59686,69892,70865,52001,57570,36163,46865,11076,21046,12647,12128,26321,24188,29569,30160,41964,44178,60007,62045,48881,54084,34654,44761,10680,20174,532023,379478,71009,62573,105328,96705,17871,22,23
2021-07-20T23:59:59+02:00,1743,1642,28227,27703,46185,41256,47934,46817,59026,59636,69839,70818,51966,57542,36147,46839,11072,21039,12148,11595,25583,23497,28919,29410,38508,41186,58461,60581,48678,53863,34572,44669,10662,20154,531335,369092,70989,59181,105311,96582,17775,22,23
2021-07-19T23:59:59+02:00,1738,1641,28197,27668,46163,41243,47922,46803,59013,59620,69827,70816,51964,57538,36147,46835,11070,21039,12103,11567,25520,23463,28888,29377,38464,41154,58420,60554,48674,53855,34571,44666,10659,20153,531189,368781,70989,59168,105296,96531,17749,22,23
2021-07-18T23:59:59+02:00,1734,1634,28171,27642,46139,41234,47908,46790,59007,59610,69820,70807,51962,57537,36146,46834,11070,21038,12041,11542,25435,23423,28827,29344,38403,41127,58360,60513,48672,53851,34568,44665,10659,20153,531057,368445,70987,59137,105288,96411,17730,22,23
2021-07-17T23:59:59+02:00,1734,1632,28152,27629,46124,41225,47898,46786,59000,59605,69813,70803,51957,57533,36145,46834,11070,21038,12014,11531,25402,23387,28794,29324,38381,41110,58325,60489,48662,53843,34566,44665,10659,20153,530980,368197,70986,59133,105288,96408,17703,22,23
2021-07-16T23:59:59+02:00,1719,1612,27886,27440,45841,41060,47674,46613,58701,59403,69581,70662,51851,57460,36101,46798,11065,21036,11761,11337,25073,23147,28496,29094,37985,40835,57817,60066,48526,53729,34514,44615,10653,20149,530664,366997,70985,59130,105163,96133,15670,22,23
2021-07-15T23:59:59+02:00,1621,1499,27423,27052,45583,40821,47528,46500,58561,59290,69478,70574,51810,57418,36086,46776,11064,21029,11468,11110,24593,22802,28131,28822,37591,40556,55771,58022,48356,53528,34457,44531,10645,20138,528339,360056,70982,59045,105155,95922,15616,22,23
2021-07-14T23:59:59+02:00,1454,1367,26857,26513,45277,40532,47325,46315,58378,59092,69318,70427,51749,57359,36060,46746,11058,21024,11281,10923,24183,22450,27779,28503,37067,40154,54553,56842,48219,53378,34406,44467,10637,20116,525164,356347,70976,57385,105136,95776,15554,22,23
2021-07-13T23:59:59+02:00,1169,1063,25904,25615,44784,40118,46968,45997,58052,58807,69043,70180,51636,57233,36017,46691,11054,21009,10936,10585,23648,21903,27161,27917,35688,38963,50422,52937,47856,52990,34277,44318,10620,20087,519772,347091,70969,52181,105133,95669,15445,22,23
2021-07-12T23:59:59+02:00,704,666,24522,24356,44224,39637,46769,45781,57839,58611,68859,70008,51574,57142,35999,46665,11052,21001,10703,10477,23441,21765,26909,27782,35442,38794,49981,52516,47781,52905,34247,44283,10620,20081,513875,345632,70969,52155,105127,94589,15418,21,23
2021-07-11T23:59:59+02:00,701,661,24501,24336,44194,39616,46751,45769,57825,58599,68845,70006,51572,57139,35996,46661,11051,21001,10607,10392,23224,21642,26644,27683,35132,38711,49268,52029,46295,51315,34157,44177,10620,20079,513786,345127,70966,52109,105114,89466,15338,21,23
2021-07-10T23:59:59+02:00,699,656,24494,24330,44189,39608,46748,45766,57818,58598,68845,70005,51572,57139,35996,46661,11051,21001,10595,10383,23200,21623,26630,27674,35109,38706,49255,52024,46281,51299,34155,44176,10620,20079,513752,345023,70963,52108,105112,89410,15329,21,23
2021-07-09T23:59:59+02:00,692,646,24046,23869,43912,39369,46679,45705,57757,58557,68794,69980,51555,57126,35992,46653,11050,21001,10516,10212,23106,21434,26569,27465,35042,38489,49191,51920,46259,51274,34151,44173,10620,20079,511992,343795,70960,52095,105106,89366,15305,21,23
2021-07-08T23:59:59+02:00,626,579,22964,22860,43105,38764,46426,45501,57548,58413,68596,69840,51476,57060,35964,46630,11048,20993,10259,10021,22728,21181,26172,27203,34565,38178,48583,51402,45923,50908,34081,44095,10613,20057,507285,340219,70936,51947,105048,88750,15104,21,23
2021-07-07T23:59:59+02:00,574,533,21638,21461,42362,38075,46205,45279,57310,58222,68430,69680,51391,56976,35927,46575,11040,20979,9885,9714,21850,20591,25069,26407,32728,36808,47662,50516,45421,50371,33974,43956,10605,20039,501886,335274,70762,47562,105024,87835,14965,21,23
2021-07-06T23:59:59+02:00,516,470,20403,20176,41511,37426,45726,44928,56916,57917,68102,69420,51291,56850,35883,46523,11032,20970,9493,9331,20987,19997,24106,25751,31237,35613,46467,49315,44641,49588,33838,43780,10592,20019,497382,327944,68835,45456,105002,86561,14821,21,23
2021-07-05T23:59:59+02:00,480,442,18995,18790,40646,36622,45508,44702,56733,57714,67941,69292,51235,56795,35862,46494,11030,20963,9204,9075,20426,19615,23439,25331,30597,35185,45708,48702,43885,48798,33708,43592,10583,20007,491651,322163,68832,45433,104995,85532,14748,19,23
2021-07-04T23:59:59+02:00,473,436,17206,16749,40299,36391,45420,44629,56648,57645,67862,69224,51202,56769,35852,46474,11028,20961,9143,9023,20285,19550,23265,25253,30339,35105,44914,48574,42518,47448,33629,43518,10581,20001,486790,321703,68805,45388,104979,81401,14675,19,23
2021-07-03T23:59:59+02:00,473,435,17185,16729,40249,36343,45404,44614,56641,57641,67856,69217,51200,56766,35852,46474,11028,20960,9100,8982,20219,19482,23205,25189,30255,35026,44693,48398,42449,47373,33584,43459,10578,20001,486607,320745,68803,45387,104978,81221,14660,19,23
2021-07-02T23:59:59+02:00,452,412,17070,16624,39779,35968,45291,44517,56588,57599,67807,69185,51188,56761,35846,46462,11028,20959,8942,8815,19891,19204,22819,24811,29836,34613,44064,47753,42247,47144,33486,43323,10572,19997,485107,317749,68786,44351,104976,80787,14648,19,23
2021-07-01T23:59:59+02:00,400,372,16764,16342,38041,34633,44717,44017,56328,57390,67633,69016,51108,56671,35818,46423,11024,20951,8567,8420,19028,18498,21854,23957,28451,33423,41036,44784,41250,46063,32873,42595,10555,19968,479618,310266,68711,39467,104953,77250,14347,19,23
2021-06-30T23:59:59+02:00,352,327,16473,16096,35849,32807,44093,43384,56104,57194,67428,68824,51024,56578,35789,46369,11020,20935,8208,8084,18356,17870,20969,23126,27176,32162,36397,39914,40170,44919,32209,41807,10534,19943,472751,299782,68666,33435,104934,74357,14276,19,23
2021-06-29T23:59:59+02:00,313,290,16254,15896,34845,31723,43645,42939,55922,57034,67257,68675,50947,56504,35750,46325,11012,20928,7627,7475,17224,16935,19716,21907,25478,30486,33651,36791,37317,41870,31468,40920,10511,19905,468552,283585,68658,33388,104920,68201,14110,19,21
2021-06-28T23:59:59+02:00,303,268,16111,15739,33123,30297,43323,42643,55757,56894,67140,68569,50901,56452,35732,46304,11009,20916,7323,7214,16672,16557,19324,21591,24969,30102,33060,36292,35933,40380,30679,39985,10507,19893,464115,280530,68636,33339,104899,62800,13812,19,21
2021-06-27T23:59:59+02:00,303,268,16089,15716,32968,30209,43261,42614,55720,56885,67114,68561,50896,56448,35729,46303,11009,20915,7279,7186,16534,16489,19159,21529,24767,30028,32832,36151,34676,39109,29053,38060,10506,19892,463792,280356,68633,33300,104892,55921,13672,19,21
2021-06-26T23:59:59+02:00,301,266,16068,15696,32944,30192,43216,42573,55697,56871,67108,68558,50894,56446,35726,46302,11009,20915,7275,7174,16514,16477,19143,21521,24734,30006,32811,36130,34663,39097,29051,38057,10506,19892,463569,280163,68631,33300,104892,55916,13671,19,21
2021-06-25T23:59:59+02:00,295,265,16014,15651,32831,30092,43024,42413,55639,56826,67068,68534,50884,56435,35722,46301,11009,20915,7087,6897,16231,15968,18874,20867,24366,29070,32422,35408,34501,38881,29028,38027,10506,19892,462746,277486,68630,33291,104875,53599,13648,19,21
2021-06-24T23:59:59+02:00,274,252,15741,15451,32380,29803,41553,41168,55172,56469,66835,68374,50831,56378,35706,46273,11004,20905,6771,6672,15536,15524,17423,19850,22285,27511,31324,34512,34099,38460,28904,37847,10494,19878,458168,267794,68629,33239,104871,53173,12882,19,21
2021-06-23T23:59:59+02:00,259,235,15458,15158,31881,29402,39447,39342,54624,55925,66583,68153,50742,56269,35666,46227,10999,20892,6564,6509,15173,15245,16897,19401,21403,26712,29631,33152,33341,37611,28713,37606,10487,19863,451082,259986,68583,33149,104868,52458,12710,19,21
2021-06-22T23:59:59+02:00,237,200,15074,14765,31212,28769,36001,36289,53711,55125,66280,67848,50636,56147,35627,46170,10995,20878,6387,6298,14767,14917,16097,18684,19985,25396,28029,31500,32542,36636,28174,36999,10469,19830,440128,249890,68551,33066,104863,51342,12403,19,21
2021-06-21T23:59:59+02:00,222,194,14831,14591,30522,28306,33830,34321,53247,54699,66101,67731,50555,56073,35601,46148,10990,20873,6291,6213,14606,14800,15927,18549,19865,25284,27921,31415,32387,36497,26965,35765,10469,19827,433288,249217,68529,33019,104832,48369,12167,19,21
2021-06-20T23:59:59+02:00,215,193,14706,14502,28614,26966,33217,33874,53158,54603,66032,67694,50532,56045,35593,46145,10989,20871,5842,5917,13662,14166,15104,17962,19314,24928,27611,31217,32223,36320,26939,35734,10467,19823,428898,244258,68525,32984,104828,48299,11679,19,21
2021-06-19T23:59:59+02:00,209,188,14681,14469,28500,26885,33186,33847,53136,54587,66016,67683,50526,56036,35591,46140,10988,20869,5627,5755,13099,13754,14497,17485,18987,24727,27418,31046,32144,36220,26922,35720,10467,19823,428493,240730,68523,32982,104828,48296,11674,19,21
2021-06-18T23:59:59+02:00,207,180,14592,14383,28400,26820,31936,32937,52769,54280,65883,67590,50495,56002,35573,46114,10984,20865,5557,5679,13001,13670,14332,17360,18751,24498,26598,30379,31939,35984,26856,35645,10463,19816,428004,237788,65546,32865,104819,48242,11622,19,21
2021-06-17T23:59:59+02:00,193,164,14220,14120,27805,26574,31447,32675,51979,53714,65456,67323,50414,55902,35540,46073,10978,20853,5180,5420,12216,13198,13544,16748,17658,23571,24440,28414,31298,35249,26658,35367,10446,19802,424808,228777,65541,32587,104795,47563,10270,16,21
2021-06-16T23:59:59+02:00,164,136,13792,13721,27341,26219,31007,32318,51167,53008,65004,66935,50296,55782,35511,46016,10967,20841,4815,4977,11493,12522,12754,16055,16557,22449,21471,25547,30230,34043,26361,34964,10431,19761,419951,214723,65499,32559,104789,47166,9970,16,21
2021-06-15T23:59:59+02:00,103,83,13164,13101,26589,25641,30223,31723,49914,51944,64289,66408,50118,55586,35442,45904,10958,20822,4319,4345,10523,11585,11599,14673,14826,20744,18036,22236,28859,32606,25976,34445,10405,19717,412232,196083,65483,32444,104783,46857,9498,16,21
2021-06-14T23:59:59+02:00,73,62,12760,12729,26182,25316,29562,31259,48116,50474,63238,65572,49903,55361,35365,45828,10950,20810,4219,4292,10348,11456,11459,14541,14648,20623,17844,22077,28789,32526,25957,34418,10401,19714,404360,195649,65474,32172,104781,46550,8929,16,21
2021-06-13T23:59:59+02:00,72,61,12718,12684,26108,25284,29499,31232,48063,50449,63202,65548,49896,55358,35363,45824,10949,20807,4065,4215,10020,11328,11136,14430,14351,20511,17444,21734,27275,30886,25817,34223,10397,19703,404157,194910,65398,27500,104774,46341,8772,16,21
2021-06-12T23:59:59+02:00,72,60,12701,12668,26094,25273,29488,31220,48004,50378,63160,65512,49895,55355,35363,45824,10949,20807,4063,4205,10004,11314,11128,14416,14332,20494,17424,21725,27234,30841,25812,34217,10397,19703,403864,194727,65398,27498,104773,46300,8772,16,21
2021-06-11T23:59:59+02:00,70,57,12602,12538,25969,25159,29367,31096,47769,50152,63028,65392,49871,55329,35352,45813,10947,20805,3969,3934,9478,10120,10697,13508,14042,19937,17151,21247,26824,30420,25722,34135,10394,19701,402598,193685,65389,27494,104731,41506,8582,16,21
2021-06-10T23:59:59+02:00,62,50,12357,12326,25651,24878,29022,30829,46696,49135,62290,64822,49786,55233,35318,45761,10937,20792,3701,3570,8709,8870,9796,11862,12737,17181,15365,17646,25114,28500,25424,33832,10388,19677,397725,188186,65336,27055,104526,28776,8342,16,21
2021-06-09T23:59:59+02:00,49,38,12066,12002,25242,24471,28629,30433,44688,47313,61199,63883,49682,55110,35271,45707,10931,20774,3456,3450,8293,8616,9288,11542,12226,16790,14656,17049,21283,24188,25198,33531,10376,19651,389735,176630,65213,26711,104525,28240,7999,16,21
2021-06-08T23:59:59+02:00,43,27,11636,11468,24581,23849,27973,29769,41521,44467,59426,62250,49511,54918,35198,45616,10921,20752,3247,3313,7895,8358,8671,11170,11563,16369,13999,16403,15908,18242,24806,33005,10358,19623,377078,161444,65152,26378,104515,27937,7165,16,14
2021-06-07T23:59:59+02:00,38,20,11475,11279,24230,23575,27696,29562,38893,42538,58997,61888,49477,54887,35186,45595,10919,20746,3151,3245,7588,8182,8354,10994,10987,15918,13496,15925,15832,18164,24776,32955,10356,19616,371436,161128,64725,24551,104506,27535,6319,15,14
2021-06-06T23:59:59+02:00,35,19,11340,11173,23910,23346,27487,29389,37290,41352,58870,61808,49453,54859,35178,45581,10919,20744,3048,3195,7317,8094,8084,10826,10249,15236,12901,15306,15680,18053,24762,32932,10354,19616,371028,161014,61339,21389,104495,27369,5876,15,13
2021-06-05T23:59:59+02:00,35,18,11322,11156,23867,23311,27452,29363,37263,41338,58772,61723,49442,54853,35176,45579,10919,20741,3036,3184,7294,8062,8055,10810,10219,15222,12861,15282,15559,17889,24757,32924,10353,19615,370698,160590,61337,21388,104495,27354,5785,15,13
2021-06-04T23:59:59+02:00,35,16,11137,10896,23504,22847,27179,28966,36835,40887,58154,61182,49408,54812,35166,45561,10917,20735,3012,3167,7265,8046,8034,10792,10190,15197,12826,15248,15348,17683,24746,32903,10351,19614,368896,160006,59066,21374,104481,27257,5779,15,13
2021-06-03T23:59:59+02:00,33,15,10917,10680,23047,22453,26754,28630,35739,40060,55393,58831,49279,54654,35123,45497,10912,20720,2923,3086,7058,7890,7577,10495,9162,14566,11580,14548,14166,16216,24568,32686,10339,19595,364954,156655,54142,17648,104431,26950,5196,14,13
2021-06-02T23:59:59+02:00,33,15,10882,10647,23011,22419,26723,28605,35708,40019,55266,58673,49265,54631,35117,45490,10912,20719,2883,3057,7003,7872,7518,10462,9005,14526,11357,14485,12808,14731,24448,32512,10334,19588,364370,152828,54136,17637,104431,26934,5184,14,13
2021-06-01T23:59:59+02:00,20,8,10469,10305,22354,21910,26037,28022,34987,39443,52264,55526,48874,54223,34999,45327,10896,20693,2424,2698,5649,7186,6247,9885,7613,13856,10223,13520,8500,9171,23973,31833,10312,19533,353609,134635,53966,17269,104412,26357,4356,14,13
2021-05-31T23:59:59+02:00,19,7,10195,10074,21779,21513,25629,27769,34666,39240,50815,54130,48775,54098,34966,45286,10889,20685,2314,2574,5363,6941,5987,9664,7248,13615,9967,13360,8449,9109,23947,31786,10304,19520,348875,133865,53927,17148,104388,25798,3331,14,13
2021-05-30T23:59:59+02:00,18,7,10141,10026,21690,21475,25564,27735,34554,39169,50450,53789,48750,54072,34960,45280,10887,20682,2279,2544,5258,6863,5885,9597,7058,13527,9742,13264,8405,9062,23931,31779,10303,19515,347690,133272,53908,16975,104372,25494,3265,14,13
2021-05-29T23:59:59+02:00,17,7,10126,10014,21656,21457,25547,27723,34533,39156,50437,53771,48746,54068,34957,45279,10887,20682,2260,2490,5214,6737,5825,9465,6942,13330,9604,13043,8332,8972,23864,31712,10302,19514,347534,132995,53908,16923,104351,24426,3256,14,13
2021-05-28T23:59:59+02:00,17,7,10068,9946,21581,21349,25468,27604,34456,39056,50359,53672,48725,54050,34949,45270,10887,20678,2176,2223,4596,6195,5204,8740,6570,12363,9106,12045,8156,8775,23496,31231,10301,19511,346690,131501,53896,16825,104293,19107,3249,14,13
2021-05-27T23:59:59+02:00,16,7,9804,9698,21053,20970,24923,27246,33932,38677,49746,53064,48555,53858,34879,45195,10883,20659,1934,1955,4011,5673,4525,8136,6059,11595,8160,10720,7651,8117,21939,29081,10286,19489,342407,125850,53487,15690,104185,14711,3072,14,13
2021-05-26T23:59:59+02:00,16,7,9529,9451,20328,20401,24053,26573,32671,37648,48980,52359,48300,53569,34805,45081,10872,20635,1879,1883,3917,5546,4391,7973,5853,11334,7835,10336,7089,7392,19510,25654,10268,19446,337688,117378,50511,15436,104132,14550,2933,14,13
2021-05-25T23:59:59+02:00,15,7,9264,9216,19915,20044,23615,26182,32163,37133,48086,51381,48002,53251,34715,44938,10860,20605,1813,1835,3797,5447,4253,7828,5643,11110,7523,10015,6466,6554,15396,20283,10248,19388,332100,105206,50431,15391,104059,14205,2788,14,13
2021-05-24T23:59:59+02:00,14,7,9044,9059,19346,19755,22843,25795,30647,36115,47862,51208,47909,53150,34686,44908,10858,20604,1788,1819,3751,5413,4190,7786,5578,11051,7447,9959,6440,6530,15382,20274,10248,19388,330518,105088,46624,15378,103999,13914,2655,14,13
2021-05-23T23:59:59+02:00,14,7,8836,8852,18987,19462,22421,25447,30222,35794,47270,50696,47475,52695,34583,44762,10850,20595,1786,1818,3742,5408,4186,7781,5568,11043,7439,9951,6435,6519,15382,20272,10248,19388,325681,105034,46622,15376,103998,13894,2653,14,13
2021-05-22T23:59:59+02:00,14,7,8805,8815,18937,19419,22374,25415,30169,35764,47161,50626,47456,52673,34580,44753,10846,20595,1785,1815,3729,5395,4182,7775,5564,11037,7432,9947,6433,6517,15380,20272,10248,19388,325137,105002,46622,15376,103997,13873,2639,14,13
2021-05-21T23:59:59+02:00,13,7,8531,8460,18497,18903,22013,24773,29742,34954,46672,49961,47367,52551,34542,44710,10843,20590,1722,1773,3650,5356,4140,7741,5531,10992,7391,9898,6405,6491,15303,20175,10247,19387,319933,104691,46592,15375,103973,13510,2617,14,13
2021-05-20T23:59:59+02:00,12,7,7956,7910,17547,18107,21009,23854,28423,33754,44925,48138,46927,52091,34433,44554,10826,20571,1420,1611,3337,5067,3874,7351,5234,10510,7011,9446,6171,6236,13997,18638,10224,19348,308319,100950,46506,14895,103745,11161,2460,14,13
2021-05-19T23:59:59+02:00,12,7,7690,7594,16941,17500,20110,22979,27196,32495,43127,46049,46396,51536,34279,44331,10805,20541,1356,1528,3134,4853,3668,7100,5007,10157,6716,9114,5888,5901,11795,15795,10207,19289,297170,94729,46466,14423,103696,10107,2242,14,11
2021-05-18T23:59:59+02:00,11,7,7164,7049,15786,16474,18844,21730,25684,30867,40434,42816,45566,50589,34040,44026,10780,20499,1335,1502,3074,4782,3592,6981,4872,10024,6533,8903,5622,5625,10095,13628,10182,19234,281364,89600,45261,14373,103594,9869,2135,12,11
2021-05-17T23:59:59+02:00,11,7,7084,6988,15603,16364,18629,21561,25286,30539,38680,41177,45456,50510,33993,43960,10771,20475,1302,1479,3018,4737,3528,6922,4804,9921,6436,8802,5581,5585,10081,13611,10179,19226,281148,89532,40488,14091,103550,9686,1896,12,11
2021-05-16T23:59:59+02:00,10,6,6969,6936,15483,16276,18500,21454,25103,30424,35696,38406,45420,50475,33971,43936,10768,20470,1278,1461,2974,4695,3480,6865,4718,9853,6340,8721,5551,5548,10069,13595,10177,19223,280869,89484,34334,13822,103429,9576,1659,12,11
2021-05-15T23:59:59+02:00,10,6,6945,6905,15422,16218,18454,21414,25036,30381,35660,38365,45397,50448,33964,43931,10768,20470,1266,1435,2942,4622,3461,6796,4699,9771,6318,8671,5545,5543,10064,13594,10177,19223,280387,89429,34334,13818,103415,9227,1646,12,11
2021-05-14T23:59:59+02:00,10,5,6768,6535,15077,15718,18142,20997,24701,29919,35414,38013,45368,50417,33954,43926,10768,20468,1209,1374,2864,4518,3414,6693,4635,9620,6236,8542,5515,5499,10051,13585,10177,19222,279329,89344,34186,13799,101093,8424,1580,12,11
2021-05-13T23:59:59+02:00,10,5,6417,6219,14321,15134,17436,20365,23842,29177,34645,37343,45080,50074,33875,43801,10764,20457,1031,1290,2668,4409,3295,6571,4494,9450,6114,8399,5472,5461,10036,13568,10173,19217,272921,89195,33862,13718,100878,7436,1292,12,11
2021-05-12T23:59:59+02:00,10,5,6015,5946,13341,14457,16415,19563,23176,28740,34339,37060,44895,49879,33844,43770,10761,20454,1028,1288,2661,4403,3276,6567,4489,9440,6106,8394,5466,5455,10034,13563,10172,19216,266652,89134,33853,13708,100874,7431,1279,12,10
2021-05-11T23:59:59+02:00,10,5,5640,5722,12753,14009,14609,18121,20221,26212,32024,34732,43841,48619,33520,43298,10732,20405,966,1214,2544,4231,3169,6333,4370,9152,5990,8168,5395,5377,9992,13502,10164,19200,249350,88660,33576,13492,100436,6509,1099,12,10
2021-05-10T23:59:59+02:00,10,5,5491,5625,12481,13883,14259,17898,19419,25641,30646,33711,43309,48006,33463,43210,10724,20385,923,1155,2445,4069,3075,6131,4245,8888,5868,7971,5358,5346,9980,13486,10160,19191,243872,88552,33365,13431,100131,5515,786,12,10
2021-05-09T23:59:59+02:00,10,5,5085,5384,11286,13350,13257,17535,18394,25311,30101,33420,43253,47934,33438,43195,10721,20378,899,1125,2345,3964,2985,5992,4113,8713,5774,7866,5350,5332,9973,13482,10155,19188,238534,88507,33293,13389,99790,4926,428,12,9
2021-05-08T23:59:59+02:00,10,5,5074,5375,11264,13331,13231,17516,18364,25278,30061,33377,43245,47923,33437,43191,10721,20378,895,1119,2332,3956,2979,5992,4109,8707,5771,7863,5347,5329,9970,13477,10155,19188,238265,88479,33292,13389,99789,4892,423,12,9
2021-05-07T23:59:59+02:00,10,5,4973,5292,11036,13163,12939,17299,17755,24677,29113,32481,43054,47683,33381,43119,10717,20372,868,1088,2296,3901,2933,5946,4054,8653,5688,7810,5300,5282,9958,13467,10155,19187,235770,88343,31398,13386,99681,4643,208,12,9
2021-05-06T23:59:59+02:00,10,5,4558,5012,10367,12745,12179,16633,16149,23230,26563,30088,42350,46934,33215,42883,10701,20349,812,1033,2158,3651,2764,5637,3860,8180,5492,7487,5249,5229,9935,13439,10153,19179,227003,88161,28046,13072,98862,2971,48,12,9
2021-05-05T23:59:59+02:00,10,5,4245,4784,9772,12299,11458,16051,15048,22202,23710,27326,41371,45827,32933,42495,10683,20308,798,1011,2096,3525,2707,5481,3766,7969,5396,7351,5200,5174,9898,13400,10151,19176,213974,87899,27863,12934,98638,2220,40,12,9
2021-05-04T23:59:59+02:00,10,5,3895,4324,9099,11600,10685,15210,13744,20947,20099,23911,40023,44366,32561,41975,10660,20270,780,981,2029,3408,2637,5345,3674,7817,5300,7228,5162,5127,9867,13371,10149,19173,196880,87680,27845,12634,98613,1694,34,12,9
2021-05-03T23:59:59+02:00,10,4,3653,3901,8688,11105,10207,14583,13209,20292,19376,23264,39758,44114,32482,41872,10657,20255,766,952,1962,3301,2580,5237,3614,7702,5250,7141,5148,5116,9852,13354,10146,19168,191013,87540,27833,12626,98550,1095,22,12,9
2021-05-02T23:59:59+02:00,10,4,3650,3899,8670,11098,10198,14575,13188,20280,19358,23255,39757,44113,32481,41871,10656,20255,762,935,1932,3220,2534,5140,3567,7577,5230,7075,5144,5113,9851,13350,10146,19166,190925,87522,27820,12595,98543,601,18,12,9
2021-05-01T23:59:59+02:00,10,4,3648,3892,8657,11085,10190,14566,13181,20278,19347,23246,39757,44111,32481,41871,10656,20255,761,935,1931,3220,2534,5140,3567,7577,5230,7075,5144,5113,9851,13350,10145,19166,190845,87521,27818,12594,98543,601,17,12,9
2021-04-30T23:59:59+02:00,10,3,3625,3869,8611,11049,10147,14527,13120,20239,19244,23095,39488,43788,32460,41851,10655,20255,758,931,1918,3211,2533,5131,3564,7570,5228,7068,5141,5110,9847,13349,10145,19166,189920,87495,27549,12591,98538,561,17,12,9
2021-04-29T23:59:59+02:00,10,3,3359,3696,8177,10775,9597,14242,12626,19875,18506,22367,36426,40334,32200,41484,10644,20220,745,917,1870,3150,2484,5065,3498,7428,5136,6969,5103,5076,9825,13306,10143,19160,184373,87291,21709,12435,98432,127,16,11,9
2021-04-28T23:59:59+02:00,10,3,3197,3629,7913,10664,9200,14067,12249,19638,18018,21933,32634,36016,31983,41183,10631,20198,728,902,1844,3111,2439,5016,3461,7370,5070,6905,5041,5015,9772,13248,10140,19151,173202,87081,21556,11997,98386,118,11,11,9
2021-04-27T23:59:59+02:00,9,3,3116,3563,7653,10532,8847,13894,11764,19413,17540,21444,27071,29822,31606,40675,10610,20166,718,888,1812,3074,2404,4970,3406,7311,5015,6828,4990,4945,9737,13197,10137,19142,157854,86872,21534,11571,98318,115,11,11,8
2021-04-26T23:59:59+02:00,9,3,3063,3529,7511,10467,8681,13835,11533,19345,17015,21057,27037,29788,31592,40660,10610,20166,695,856,1744,3014,2337,4913,3340,7221,4919,6724,4891,4870,9657,13113,10135,19139,157277,86740,21316,10697,97286,115,11,11,8
2021-04-25T23:59:59+02:00,9,3,3025,3512,7349,10415,8443,13785,11201,19301,16185,20585,25480,28126,31537,40597,10610,20163,695,854,1738,3009,2330,4910,3334,7213,4915,6715,4888,4865,9649,13102,10135,19139,156789,86716,21306,10660,92209,99,11,11,8
2021-04-24T23:59:59+02:00,9,3,3021,3506,7333,10402,8432,13777,11187,19292,16168,20567,25437,28063,31534,40591,10609,20162,695,854,1738,3008,2330,4910,3333,7213,4915,6715,4888,4864,9647,13101,10135,19139,156587,86710,21302,10660,92182,99,11,11,8
2021-04-23T23:59:59+02:00,9,3,3003,3488,7291,10359,8387,13732,11119,19232,16108,20503,25014,27559,31501,40535,10606,20159,686,846,1720,2999,2314,4881,3280,7175,4816,6620,4751,4741,9480,12903,10129,19124,155397,86420,21162,9931,92027,99,11,11,7
2021-04-22T23:59:59+02:00,8,3,2924,3406,7099,10175,7845,13324,9908,18438,14554,19458,22999,25127,31289,40266,10587,20130,621,795,1605,2887,2189,4717,3118,7004,4632,6420,4596,4567,8970,12248,10093,19045,150597,84508,15857,8904,91064,80,11,11,7
2021-04-21T23:59:59+02:00,8,3,2871,3358,6975,10085,7634,13169,9541,18196,14084,19011,20483,21984,30991,39879,10570,20104,572,771,1525,2808,2102,4626,2992,6861,4469,6256,4410,4386,8400,11488,10050,18956,143578,82717,15093,7868,90254,72,11,10,7
2021-04-20T23:59:59+02:00,8,3,2831,3319,6868,9996,7496,13060,9288,17978,13593,18617,17094,17919,30678,39403,10553,20068,542,737,1452,2744,2015,4547,2893,6742,4334,6095,4224,4192,7538,10276,9982,18805,134719,79803,14848,7235,89184,67,11,10,5
2021-04-19T23:59:59+02:00,8,3,2817,3311,6821,9955,7444,13025,9212,17904,13456,18501,16761,17538,30643,39364,10551,20063,482,697,1332,2649,1916,4449,2760,6584,4137,5903,3970,3887,5708,7856,9767,18409,134398,73980,14652,6449,88306,64,11,10,5
2021-04-18T23:59:59+02:00,8,3,2801,3297,6744,9929,7339,12976,9014,17837,12620,18372,15349,16132,30575,39302,10548,20056,476,691,1322,2641,1901,4438,2727,6554,4076,5854,3894,3815,5298,7232,9722,18326,134184,72491,14509,6403,84188,60,11,10,5
2021-04-17T23:59:59+02:00,8,3,2791,3293,6727,9907,7309,12955,8982,17798,12588,18352,15296,16082,30521,39230,10547,20056,476,689,1322,2640,1900,4434,2723,6549,4073,5850,3893,3813,5293,7231,9721,18325,133830,72456,14508,6403,84086,60,11,10,5
2021-04-16T23:59:59+02:00,8,3,2778,3279,6693,9892,7258,12916,8907,17746,12480,18249,15051,15805,30003,38581,10544,20049,476,687,1316,2635,1891,4432,2717,6543,4065,5842,3888,3807,5276,7201,9721,18323,132307,72358,14501,6392,83413,57,11,10,5
2021-04-15T23:59:59+02:00,8,3,2725,3221,6560,9791,7069,12738,8564,17473,12006,17784,13995,14587,27888,35774,10528,20026,467,681,1311,2609,1876,4409,2694,6515,4022,5789,3833,3732,5245,7150,9713,18311,126391,72043,14225,6256,80104,46,10,10,5
2021-04-14T23:59:59+02:00,7,1,2669,3171,6466,9696,6925,12577,8292,17206,11576,17321,12814,13204,23177,29692,10508,19972,463,675,1297,2599,1864,4392,2672,6490,3979,5752,3786,3681,5184,7096,9684,18275,114007,71749,14192,6104,77056,24,10,9,5
2021-04-13T23:59:59+02:00,7,1,2617,3137,6338,9610,6774,12444,8013,16957,11152,16900,10150,10279,20102,25528,10486,19929,447,650,1249,2556,1811,4326,2561,6388,3799,5589,3572,3496,5037,6958,9675,18253,105594,71399,13998,4936,70813,20,10,9,5
2021-04-12T23:59:59+02:00,7,1,2596,3123,6278,9581,6666,12357,7821,16829,10905,16693,8783,8784,19280,24556,10485,19920,441,641,1229,2541,1795,4303,2527,6346,3746,5537,3511,3448,5002,6917,9670,18231,105473,71258,13943,4599,65230,16,10,9,5
2021-04-11T23:59:59+02:00,7,1,2568,3115,6182,9554,6551,12320,7655,16779,10705,16587,7508,7505,17553,22577,10483,19917,441,641,1228,2539,1795,4302,2527,6346,3744,5532,3507,3447,4996,6915,9670,18231,105403,71248,13937,4589,58208,12,10,9,5
2021-04-10T23:59:59+02:00,7,1,2567,3113,6172,9549,6542,12315,7650,16774,10698,16578,7500,7492,17544,22571,10483,19917,440,638,1226,2536,1794,4300,2525,6341,3741,5531,3498,3433,4988,6901,9670,18231,105321,71188,13936,4582,58198,12,9,9,5
2021-04-09T23:59:59+02:00,7,1,2505,3015,6037,9339,6385,12053,7390,16366,10386,16079,7343,7287,17428,22391,10482,19915,435,633,1208,2524,1767,4285,2494,6292,3662,5452,3385,3323,4849,6812,9665,18228,104852,71106,13907,3887,55632,10,9,9,5
2021-04-08T23:59:59+02:00,7,1,2426,2943,5941,9220,6282,11924,7219,16180,10129,15891,7149,7028,16169,20931,10471,19885,428,628,1196,2492,1742,4249,2467,6219,3610,5386,3310,3276,4769,6707,9643,18183,101201,70664,13553,3621,55024,9,9,9,5
2021-04-07T23:59:59+02:00,7,1,2399,2907,5868,9149,6194,11849,7086,16080,9887,15740,6852,6699,13851,17981,10450,19838,422,627,1186,2479,1729,4225,2453,6179,3543,5327,3239,3224,4714,6648,9636,18155,95041,70389,13392,3378,54387,8,9,9,5
2021-04-06T23:59:59+02:00,7,1,2382,2874,5771,9083,6103,11769,6933,15967,9647,15556,6495,6335,11750,15377,10423,19778,419,620,1179,2452,1717,4202,2427,6141,3479,5262,3155,3174,4669,6594,9631,18139,90006,70146,13091,3097,53138,8,7,9,5
2021-04-05T23:59:59+02:00,7,1,2374,2864,5753,9066,6091,11750,6920,15948,9627,15531,6371,6237,10469,14083,10423,19777,415,612,1175,2437,1711,4186,2411,6110,3446,5221,3125,3137,4648,6548,9625,18123,89924,69955,13055,2960,50298,7,6,9,5
2021-04-04T23:59:59+02:00,7,1,2374,2864,5750,9063,6089,11750,6918,15948,9625,15530,6366,6233,10469,14081,10423,19777,415,611,1175,2436,1711,4186,2410,6110,3446,5221,3125,3137,4646,6548,9625,18123,89915,69951,13053,2959,50285,7,6,9,5
2021-04-03T23:59:59+02:00,7,1,2372,2856,5742,9056,6084,11746,6915,15944,9622,15528,6363,6228,10462,14078,10423,19777,415,611,1175,2436,1711,4186,2410,6110,3446,5220,3125,3137,4646,6548,9625,18123,89858,69950,13052,2959,50279,7,6,9,5
2021-04-02T23:59:59+02:00,7,1,2370,2854,5736,9049,6082,11743,6911,15943,9618,15526,6359,6222,10448,14049,10422,19776,413,609,1174,2436,1710,4185,2409,6110,3445,5213,3099,3120,4636,6539,9625,18123,89775,69873,13049,2958,50278,7,6,8,5
2021-04-01T23:59:59+02:00,7,1,2349,2851,5705,9020,6039,11701,6868,15888,9563,15470,6266,6125,10153,13702,10399,19728,411,593,1171,2430,1703,4174,2393,6093,3418,5192,3035,3071,4576,6467,9550,18010,88788,69318,13028,2955,50006,7,5,8,5
2021-03-31T23:59:59+02:00,7,1,2315,2824,5629,8954,5971,11607,6763,15775,9429,15335,6121,5982,9602,12963,10357,19638,406,587,1165,2419,1696,4158,2386,6080,3398,5158,3003,3038,4529,6408,9494,17909,86809,68869,12814,2953,49638,7,4,8,4
2021-03-30T23:59:59+02:00,7,1,2295,2808,5582,8896,5908,11532,6692,15676,9331,15191,5935,5768,8696,11625,10282,19457,404,585,1162,2415,1683,4141,2368,6057,3364,5114,2946,2970,4441,6309,9363,17670,83739,68166,12432,2815,49501,7,4,6,3
2021-03-29T23:59:59+02:00,6,1,2228,2754,5479,8785,5800,11381,6523,15444,9098,14936,5576,5391,6755,9091,10062,19036,397,581,1151,2404,1670,4129,2343,6030,3334,5057,2876,2905,4322,6205,9158,17338,77645,67210,11619,2679,49073,7,4,5,3
2021-03-28T23:59:59+02:00,6,1,2206,2741,5435,8726,5724,11303,6435,15358,8981,14818,5452,5237,6111,8162,9997,18920,388,575,1136,2387,1645,4102,2296,5968,3278,4965,2790,2826,4206,6060,9085,17201,75348,66749,11361,2151,48895,4,4,5,3
2021-03-27T23:59:59+01:00,6,1,2206,2735,5424,8720,5720,11288,6420,15336,8970,14805,5424,5210,6101,8159,9997,18919,388,575,1134,2386,1644,4097,2292,5965,3269,4958,2785,2823,4190,6035,9005,17054,75241,66442,11361,2150,48830,4,4,5,3
2021-03-26T23:59:59+01:00,6,1,2190,2715,5387,8682,5681,11239,6341,15266,8821,14656,5261,5061,5932,7978,9995,18911,384,567,1128,2373,1628,4069,2264,5929,3235,4904,2724,2760,4006,5779,8300,15878,74894,63808,10530,2112,48690,4,4,5,3
2021-03-25T23:59:59+01:00,6,0,2073,2634,5211,8467,5478,10962,6133,14966,8581,14367,5101,4908,5836,7859,9992,18903,375,553,1107,2347,1604,4040,2218,5871,3162,4826,2626,2658,3632,5286,7169,14139,74439,59714,9582,1892,47448,4,3,5,3
2021-03-24T23:59:59+01:00,6,0,1986,2586,5063,8307,5317,10769,5969,14728,8376,14135,4961,4749,5722,7743,9986,18893,371,542,1094,2319,1571,3984,2159,5806,3074,4725,2492,2543,3206,4666,5767,11917,74063,54683,8420,1546,46805,4,3,5,3
2021-03-23T23:59:59+01:00,6,0,1909,2533,4952,8184,5218,10627,5848,14535,8260,13967,4879,4663,5656,7684,9978,18874,360,517,1075,2284,1537,3926,2115,5716,2992,4634,2403,2449,2756,4033,3868,8703,73667,47964,7673,1398,46425,3,3,5,3
2021-03-22T23:59:59+01:00,6,0,1844,2474,4817,8048,5085,10452,5688,14302,8068,13752,4775,4549,5587,7575,9962,18829,333,500,1046,2246,1492,3852,2049,5606,2890,4483,2288,2296,2236,3349,1345,4578,73165,39421,6635,1163,46005,1,3,5,3
2021-03-21T23:59:59+01:00,6,0,1842,2468,4805,8033,5070,10442,5672,14285,8038,13728,4752,4534,5571,7563,9958,18829,332,500,1040,2232,1483,3823,2031,5568,2864,4433,2247,2248,2194,3308,1328,4533,73142,39281,6585,879,45862,1,2,5,3
2021-03-20T23:59:59+01:00,6,0,1842,2468,4804,8032,5069,10440,5671,14284,8031,13722,4751,4533,5563,7555,9958,18829,332,500,1040,2232,1483,3823,2031,5568,2863,4432,2246,2245,2194,3308,1327,4533,73131,39278,6585,875,45835,1,2,5,3
2021-03-19T23:59:59+01:00,6,0,1789,2220,4287,6736,4660,9456,5401,13726,7806,13320,4624,4435,5493,7489,9958,18829,331,500,1040,2232,1483,3822,2030,5567,2862,4432,2244,2244,2189,3302,1326,4531,73073,39262,6575,869,40580,1,2,5,3
2021-03-18T23:59:59+01:00,6,0,1734,1965,3868,5670,4129,8072,4580,11184,6448,9984,4258,4134,5291,7268,9937,18789,330,497,1033,2219,1476,3797,2002,5527,2837,4408,2222,2229,2164,3273,1321,4522,72642,39067,6513,786,28155,1,2,5,3
2021-03-17T23:59:59+01:00,6,0,1728,1956,3858,5644,4112,8042,4556,11120,6398,9912,4220,4087,5252,7224,9931,18766,327,496,1029,2211,1470,3788,1995,5512,2827,4382,2195,2202,2144,3258,1314,4508,72386,38916,6453,737,27966,1,2,5,3
2021-03-16T23:59:59+01:00,6,0,1705,1922,3799,5563,4041,7931,4427,10956,6193,9712,3997,3898,5112,7066,9925,18745,325,492,1028,2192,1465,3775,1986,5498,2818,4363,2187,2188,2132,3229,1306,4479,72070,38750,5176,708,27745,1,2,5,3
2021-03-15T23:59:59+01:00,6,0,1695,1902,3774,5529,4016,7894,4376,10886,6112,9627,3914,3831,5059,7006,9919,18720,322,488,1019,2175,1457,3769,1970,5462,2800,4335,2172,2156,2107,3167,1298,4441,71846,38531,4814,604,27601,1,0,5,3
2021-03-14T23:59:59+01:00,6,0,1689,1892,3766,5519,4011,7878,4367,10855,6104,9605,3907,3822,5054,6998,9918,18718,322,488,1017,2175,1452,3766,1967,5460,2782,4329,2166,2154,2097,3157,1294,4439,71814,38523,4798,539,27492,1,0,5,3
2021-03-13T23:59:59+01:00,6,0,1686,1887,3753,5496,4004,7869,4347,10844,6090,9589,3904,3819,5051,6995,9918,18718,322,488,1017,2175,1452,3766,1967,5459,2782,4328,2165,2153,2097,3155,1286,4434,71790,38504,4793,539,27388,1,0,5,3
2021-03-12T23:59:59+01:00,5,0,1647,1830,3238,5349,3488,7755,4212,10719,5864,9300,3737,3673,4910,6887,9893,18671,317,466,1013,2145,1444,3742,1947,5388,2728,4243,1985,1998,2037,3105,1279,4428,71577,37732,4073,531,25523,0,0,5,3
2021-03-11T23:59:59+01:00,5,0,1538,1693,2851,5087,3051,7499,3930,10305,5234,8405,3513,3497,4804,6770,9855,18621,316,465,1010,2132,1441,3722,1940,5369,2719,4226,1978,1990,2023,3088,1274,4410,71013,37610,3811,491,21829,0,0,5,3
2021-03-10T23:59:59+01:00,5,0,1508,1661,2812,5042,3015,7440,3873,10218,5126,8288,3387,3393,4689,6656,9812,18554,314,464,1008,2129,1439,3711,1936,5356,2707,4206,1960,1982,1998,3056,1263,4396,70604,37527,3481,396,21389,0,0,5,3
2021-03-09T23:59:59+01:00,5,0,1499,1645,2779,5017,2994,7396,3835,10158,5048,8208,3290,3310,4609,6566,9706,18344,311,463,1004,2123,1432,3698,1910,5334,2665,4176,1919,1957,1947,3028,1251,4387,70012,37497,3214,106,21178,0,0,5,3
2021-03-08T23:59:59+01:00,5,0,1484,1631,2750,4990,2968,7366,3812,10110,5024,8145,3249,3270,4534,6502,9532,18045,311,463,1002,2119,1424,3682,1893,5301,2646,4148,1900,1938,1922,3005,1245,4368,69222,37349,3205,16,20985,0,0,5,3
2021-03-07T23:59:59+01:00,5,0,1471,1621,2720,4945,2934,7318,3779,10048,4981,8084,3213,3237,4468,6402,9455,17901,311,462,1001,2118,1423,3677,1890,5291,2645,4143,1896,1935,1918,3000,1242,4360,68683,37296,3151,14,20743,0,0,5,3
2021-03-06T23:59:59+01:00,5,0,1470,1619,2714,4934,2931,7309,3771,10041,4963,8068,3203,3227,4445,6362,9366,17732,311,462,999,2115,1423,3675,1884,5282,2643,4141,1891,1927,1912,2998,1241,4357,68291,37246,3151,14,20713,0,0,5,2
2021-03-05T23:59:59+01:00,5,0,1397,1540,2616,4772,2874,7151,3686,9834,4862,7872,3153,3168,4228,6076,8661,16545,311,462,997,2113,1418,3670,1882,5281,2639,4134,1882,1923,1907,2995,1236,4354,65648,37189,3148,14,19639,0,0,5,2
2021-03-04T23:59:59+01:00,5,0,1224,1436,2446,4572,2702,6881,3518,9488,4604,7529,3037,3044,3867,5620,7499,14729,310,454,988,2089,1402,3630,1854,5228,2611,4086,1854,1898,1874,2940,1209,4308,61451,36720,3145,14,17600,0,0,5,2
2021-03-03T23:59:59+01:00,5,0,1191,1383,2367,4464,2642,6757,3431,9323,4507,7385,2950,2974,3492,5019,6114,12545,306,445,976,2066,1390,3602,1840,5178,2555,4031,1805,1863,1849,2910,1194,4280,56401,36275,3119,14,17025,0,0,4,2
2021-03-02T23:59:59+01:00,5,0,1157,1346,2307,4406,2590,6666,3349,9200,4370,7236,2836,2848,3009,4354,4114,9191,301,436,971,2039,1377,3558,1825,5123,2523,4004,1795,1848,1830,2884,1183,4253,49366,35935,2871,14,16744,0,0,3,2
2021-03-01T23:59:59+01:00,5,0,1096,1316,2245,4343,2516,6578,3255,9073,4228,7047,2704,2711,2439,3613,1400,4741,300,433,964,2027,1366,3539,1817,5108,2511,3988,1779,1838,1813,2865,1171,4225,40316,35729,2482,14,16509,0,0,3,2
2021-02-28T23:59:59+01:00,5,0,1062,1302,2203,4306,2486,6534,3207,9015,4166,6988,2637,2665,2390,3582,1392,4721,300,432,961,2021,1364,3526,1814,5094,2505,3980,1772,1827,1800,2854,1164,4210,40220,35609,2188,14,16250,0,0,3,2
2021-02-27T23:59:59+01:00,5,0,1020,1219,2138,4062,2428,6300,3143,8717,4074,6732,2582,2608,2370,3558,1389,4721,300,432,960,2021,1364,3526,1814,5093,2504,3980,1772,1826,1798,2854,1164,4210,40114,35603,2187,14,14762,0,0,3,2
2021-02-26T23:59:59+01:00,4,0,853,965,1936,3669,2265,5630,2925,7793,3763,5937,2533,2555,2352,3544,1386,4719,300,432,960,2018,1362,3524,1812,5092,2502,3979,1772,1823,1791,2853,1162,4203,40098,35570,2100,14,10628,0,0,3,2
2021-02-25T23:59:59+01:00,4,0,509,808,1656,3470,2082,5325,2728,7394,3536,5634,2451,2478,2312,3483,1382,4705,290,411,935,1968,1332,3455,1782,5011,2473,3915,1747,1796,1753,2809,1135,4163,39901,34961,1843,13,8210,0,0,3,2
2021-02-24T23:59:59+01:00,3,0,489,790,1620,3373,2020,5195,2668,7211,3470,5492,2385,2431,2277,3454,1373,4672,281,407,920,1934,1317,3401,1769,4950,2449,3870,1736,1778,1744,2790,1123,4136,39713,34600,1674,4,7533,0,0,3,2
2021-02-23T23:59:59+01:00,3,0,470,753,1559,3270,1965,5055,2590,7080,3384,5387,2325,2372,2242,3397,1358,4641,279,403,915,1919,1310,3371,1760,4919,2428,3838,1716,1758,1724,2755,1108,4083,39567,34281,1403,4,6878,0,0,3,2
2021-02-22T23:59:59+01:00,2,0,454,722,1504,3169,1926,4916,2531,6862,3323,5243,2317,2276,2227,3318,1354,4596,278,400,912,1908,1302,3344,1743,4883,2414,3808,1697,1739,1697,2727,1093,4038,39356,33980,1140,2,6241,0,0,3,2
2021-02-21T23:59:59+01:00,2,0,446,684,1446,3027,1878,4766,2478,6703,3240,5139,2281,2243,2200,3298,1344,4591,278,399,909,1900,1301,3335,1739,4873,2410,3799,1695,1736,1696,2725,1093,4037,39314,33922,907,2,5542,0,0,3,2
2021-02-20T23:59:59+01:00,2,0,442,679,1438,3023,1872,4766,2475,6700,3236,5135,2278,2242,2200,3297,1343,4591,278,399,909,1899,1301,3334,1739,4873,2409,3798,1694,1735,1693,2725,1092,4035,39310,33910,903,2,5503,0,0,3,2
2021-02-19T23:59:59+01:00,1,0,421,642,1409,2961,1844,4710,2433,6600,3149,5016,2098,2079,2137,3247,1338,4585,276,398,907,1897,1300,3333,1739,4868,2406,3797,1692,1733,1691,2724,1092,4034,38552,33885,884,2,5231,0,0,3,1
2021-02-18T23:59:59+01:00,1,0,396,586,1304,2718,1740,4466,2295,6338,3047,4834,2069,2063,2121,3230,1333,4577,276,392,899,1864,1291,3294,1721,4820,2387,3761,1680,1722,1674,2712,1080,4016,38478,33587,811,2,3826,0,0,3,1
2021-02-17T23:59:59+01:00,1,0,380,555,1265,2588,1683,4291,2225,6095,2988,4685,2050,2044,2098,3210,1318,4568,267,375,863,1779,1248,3165,1660,4661,2313,3625,1603,1653,1600,2601,1029,3899,38322,32340,760,1,2959,0,0,3,1
2021-02-16T23:59:59+01:00,1,0,362,525,1210,2468,1633,4155,2146,5910,2907,4548,2041,2040,2090,3203,1313,4557,259,358,842,1698,1193,3029,1599,4457,2241,3448,1553,1599,1539,2501,1002,3771,38262,31088,730,1,2114,0,0,3,1
2021-02-15T23:59:59+01:00,1,0,352,503,1137,2324,1588,4082,2114,5857,2879,4507,2022,2023,2068,3173,1306,4537,252,339,819,1653,1161,2953,1543,4321,2170,3328,1477,1535,1485,2393,960,3593,38155,29981,620,1,1695,0,0,3,1
2021-02-14T23:59:59+01:00,1,0,344,498,1113,2268,1525,3918,2072,5764,2848,4468,2016,2021,2057,3164,1304,4530,245,334,801,1626,1145,2914,1501,4269,2132,3298,1461,1514,1461,2357,945,3551,38136,29553,555,1,1217,0,0,3,1
2021-02-13T23:59:59+01:00,1,0,344,498,1112,2268,1525,3917,2070,5763,2848,4468,2015,2019,2056,3164,1303,4527,245,334,801,1626,1145,2914,1500,4267,2132,3298,1459,1511,1460,2356,945,3550,38125,29542,555,1,1216,0,0,2,1
2021-02-12T23:59:59+01:00,1,0,340,495,1095,2259,1520,3903,2065,5754,2845,4462,2001,2009,2050,3150,1298,4524,244,333,795,1621,1139,2905,1483,4248,2113,3285,1446,1495,1445,2325,938,3517,38057,29331,547,1,1165,0,0,2,1
2021-02-11T23:59:59+01:00,1,0,320,471,1030,2161,1466,3776,1971,5490,2759,4341,1971,1976,2010,3085,1273,4468,224,306,746,1516,1059,2679,1359,3891,1929,2978,1259,1287,1277,2049,832,3167,37666,26557,510,1,391,0,0,2,1
2021-02-10T23:59:59+01:00,1,0,314,462,1008,2120,1428,3697,1917,5327,2663,4160,1902,1926,1967,3046,1255,4441,199,260,653,1326,932,2296,1171,3287,1690,2562,1099,1113,1131,1804,723,2823,37256,23068,375,1,1,0,0,2,1
2021-02-09T23:59:59+01:00,1,0,308,452,1000,2088,1412,3645,1873,5260,2596,4104,1845,1888,1899,2993,1234,4420,165,200,554,1066,784,1852,966,2677,1426,2150,953,953,943,1525,607,2409,36953,19230,62,0,1,0,0,2,1
2021-02-08T23:59:59+01:00,1,0,307,450,997,2081,1402,3628,1865,5237,2577,4087,1831,1876,1881,2975,1227,4395,114,165,454,853,620,1435,767,2027,1150,1664,767,777,751,1206,484,1960,36796,15194,18,0,1,0,0,2,1
2021-02-07T23:59:59+01:00,1,0,307,450,996,2079,1401,3623,1862,5234,2570,4084,1825,1867,1865,2968,1223,4388,105,146,404,707,546,1260,688,1812,1054,1517,694,697,675,1085,419,1740,36726,13549,15,0,0,0,0,2,1
2021-02-06T23:59:59+01:00,1,0,307,450,995,2078,1401,3620,1862,5232,2570,4081,1825,1866,1860,2966,1220,4386,105,145,399,704,541,1236,672,1793,1043,1495,691,693,670,1081,418,1736,36703,13423,15,0,0,0,0,2,0
2021-02-05T23:59:59+01:00,1,0,307,449,993,2075,1397,3611,1858,5218,2564,4075,1824,1865,1852,2958,1211,4373,101,138,384,686,524,1207,640,1741,995,1432,654,643,625,1007,392,1648,36614,12818,15,0,0,0,0,2,0
2021-02-04T23:59:59+01:00,1,0,300,432,982,2043,1378,3558,1839,5141,2549,4027,1808,1845,1827,2923,1194,4342,76,107,285,464,363,814,456,1178,683,973,506,469,483,796,306,1314,36172,9274,15,0,0,0,0,2,0
2021-02-03T23:59:59+01:00,1,0,296,423,964,2016,1362,3520,1826,5092,2515,3983,1788,1822,1811,2899,1181,4328,60,83,239,398,293,635,349,921,523,726,340,325,347,568,219,961,35810,6988,15,0,0,0,0,2,0
2021-02-02T23:59:59+01:00,1,0,291,416,958,1988,1353,3488,1815,5046,2492,3948,1769,1806,1785,2858,1160,4281,39,64,184,315,246,486,266,738,378,557,236,208,221,377,151,629,35438,5095,15,0,0,0,0,2,0
2021-02-01T23:59:59+01:00,1,0,290,413,953,1981,1350,3472,1807,5026,2484,3929,1762,1795,1770,2843,1154,4268,19,39,137,230,171,311,169,490,237,322,119,105,96,184,69,278,35281,2976,15,0,0,0,0,2,0
2021-01-31T23:59:59+01:00,1,0,289,412,951,1974,1347,3463,1804,5007,2480,3914,1758,1787,1766,2836,1152,4259,18,34,119,199,151,268,152,410,200,277,100,91,88,157,61,243,35183,2568,15,0,0,0,0,2,0
2021-01-30T23:59:59+01:00,1,0,289,412,951,1974,1347,3463,1804,5007,2480,3914,1757,1787,1766,2835,1152,4258,18,34,118,199,151,266,149,407,199,276,99,90,88,157,61,243,35180,2555,15,0,0,0,0,2,0
2021-01-29T23:59:59+01:00,1,0,287,409,949,1972,1346,3455,1798,4998,2477,3911,1751,1780,1757,2825,1145,4237,16,33,117,190,142,258,137,379,168,249,72,66,79,136,56,211,35082,2309,15,0,0,0,0,1,0
2021-01-28T23:59:59+01:00,1,0,283,401,929,1917,1322,3391,1773,4936,2449,3849,1729,1760,1726,2794,1126,4202,0,0,9,19,8,18,11,46,7,22,6,3,7,9,2,13,34573,180,14,0,0,0,0,1,0
2021-01-27T23:59:59+01:00,1,0,278,383,896,1837,1287,3277,1711,4813,2389,3749,1673,1712,1682,2728,1089,4120,0,0,4,6,5,11,7,20,3,12,5,3,7,9,2,12,33614,106,10,0,0,0,0,1,0
2021-01-26T23:59:59+01:00,1,0,272,374,886,1824,1272,3239,1694,4756,2358,3683,1642,1680,1645,2657,1072,4038,0,0,4,6,5,11,7,20,3,12,5,3,7,9,2,12,33085,106,7,0,0,0,0,1,0
2021-01-25T23:59:59+01:00,1,0,261,350,844,1705,1202,3075,1603,4483,2253,3475,1584,1627,1593,2573,1026,3870,0,0,1,3,1,3,4,3,3,5,5,3,6,8,2,12,31521,59,3,0,0,0,0,1,0
2021-01-24T23:59:59+01:00,1,0,258,347,833,1686,1192,3053,1572,4450,2227,3454,1573,1619,1583,2562,1021,3863,0,0,1,2,1,3,4,3,3,5,5,3,6,8,2,12,31290,58,3,0,0,0,0,1,0
2021-01-23T23:59:59+01:00,1,0,258,347,833,1686,1191,3052,1572,4446,2226,3453,1572,1619,1582,2561,1020,3858,0,0,1,2,1,3,4,3,3,5,5,3,6,8,2,12,31273,58,3,0,0,0,0,1,0
2021-01-22T23:59:59+01:00,1,0,257,345,827,1683,1187,3047,1568,4439,2214,3448,1560,1608,1576,2542,1015,3839,0,0,1,2,1,3,4,3,3,5,5,3,6,8,2,12,31152,58,3,0,0,0,0,1,0
2021-01-21T23:59:59+01:00,1,0,246,335,800,1617,1162,2919,1512,4277,2133,3313,1461,1506,1444,2379,936,3657,0,0,1,2,1,3,4,2,3,5,4,2,5,8,1,12,29694,53,3,0,0,0,0,1,0
2021-01-20T23:59:59+01:00,1,0,222,291,727,1460,1072,2605,1374,3815,1960,2957,1340,1359,1324,2181,862,3423,0,0,1,2,1,3,4,2,3,5,4,2,5,8,1,12,26970,53,2,0,0,0,0,1,0
2021-01-19T23:59:59+01:00,1,0,191,235,628,1212,925,2158,1154,3198,1679,2525,1160,1161,1098,1844,716,2909,0,0,1,1,1,2,4,1,2,5,4,2,5,8,1,12,22791,49,2,0,0,0,0,1,0
2021-01-18T23:59:59+01:00,1,0,133,185,494,951,716,1641,884,2328,1306,1912,910,928,877,1460,560,2319,0,0,0,0,0,0,0,0,1,2,2,1,0,0,0,0,17603,6,1,0,0,0,0,1,0
2021-01-17T23:59:59+01:00,1,0,120,159,434,780,631,1419,782,2075,1194,1722,845,849,797,1324,501,2112,0,0,0,0,0,0,0,0,0,1,0,0,0,0,0,0,15744,1,0,0,0,0,0,1,0
2021-01-16T23:59:59+01:00,1,0,120,158,430,779,629,1411,772,2071,1186,1715,843,844,792,1313,493,2097,0,0,0,0,0,0,0,0,0,0,0,0,0,0,0,0,15654,0,0,0,0,0,0,0,0
2021-01-15T23:59:59+01:00,1,0,110,152,418,758,602,1373,740,1993,1125,1634,799,791,749,1228,463,1982,0,0,0,0,0,0,0,0,0,0,0,0,0,0,0,0,14918,0,0,0,0,0,0,0,0
2021-01-14T23:59:59+01:00,1,0,76,112,301,491,399,885,509,1281,769,1071,583,548,543,904,353,1506,0,0,0,0,0,0,0,0,0,0,0,0,0,0,0,0,10332,0,0,0,0,0,0,0,0
2021-01-13T23:59:59+01:00,1,0,59,85,249,414,323,668,379,981,561,763,368,346,362,614,246,1042,0,0,0,0,0,0,0,0,0,0,0,0,0,0,0,0,7461,0,0,0,0,0,0,0,0
2021-01-12T23:59:59+01:00,0,0,48,69,203,356,260,543,279,807,409,596,247,218,227,406,166,696,0,0,0,0,0,0,0,0,0,0,0,0,0,0,0,0,5530,0,0,0,0,0,0,0,0
2021-01-11T23:59:59+01:00,0,0,32,50,177,307,213,441,218,648,300,420,150,126,129,248,88,398,0,0,0,0,0,0,0,0,0,0,0,0,0,0,0,0,3945,0,0,0,0,0,0,0,0
2021-01-10T23:59:59+01:00,0,0,24,41,155,255,180,363,179,537,251,359,129,106,114,204,77,320,0,0,0,0,0,0,0,0,0,0,0,0,0,0,0,0,3294,0,0,0,0,0,0,0,0
2021-01-09T23:59:59+01:00,0,0,24,41,154,253,179,361,177,531,250,358,128,105,114,204,77,320,0,0,0,0,0,0,0,0,0,0,0,0,0,0,0,0,3276,0,0,0,0,0,0,0,0
2021-01-08T23:59:59+01:00,0,0,22,40,152,244,171,351,164,500,220,332,104,89,109,189,71,298,0,0,0,0,0,0,0,0,0,0,0,0,0,0,0,0,3056,0,0,0,0,0,0,0,0
2021-01-07T23:59:59+01:00,0,0,1,0,4,9,8,13,10,6,16,11,10,9,14,21,2,32,0,0,0,0,0,0,0,0,0,0,0,0,0,0,0,0,166,0,0,0,0,0,0,0,0
2021-01-06T23:59:59+01:00,0,0,0,0,1,3,1,5,5,2,3,6,6,2,7,10,1,14,0,0,0,0,0,0,0,0,0,0,0,0,0,0,0,0,66,0,0,0,0,0,0,0,0
2021-01-05T23:59:59+01:00,0,0,0,0,1,3,1,5,5,2,3,5,6,2,6,9,1,13,0,0,0,0,0,0,0,0,0,0,0,0,0,0,0,0,62,0,0,0,0,0,0,0,0
2021-01-04T23:59:59+01:00,0,0,0,0,1,3,1,4,4,2,3,5,6,2,5,8,1,13,0,0,0,0,0,0,0,0,0,0,0,0,0,0,0,0,58,0,0,0,0,0,0,0,0
2021-01-03T23:59:59+01:00,0,0,0,0,1,2,1,4,4,2,3,5,5,2,5,8,1,13,0,0,0,0,0,0,0,0,0,0,0,0,0,0,0,0,56,0,0,0,0,0,0,0,0
2021-01-02T23:59:59+01:00,0,0,0,0,1,2,1,4,4,2,3,5,5,2,5,8,1,13,0,0,0,0,0,0,0,0,0,0,0,0,0,0,0,0,56,0,0,0,0,0,0,0,0
2021-01-01T23:59:59+01:00,0,0,0,0,1,2,1,3,4,2,3,5,5,2,5,8,1,13,0,0,0,0,0,0,0,0,0,0,0,0,0,0,0,0,55,0,0,0,0,0,0,0,0
2020-12-31T23:59:59+01:00,0,0,0,0,1,2,1,3,4,2,3,5,5,2,5,8,1,13,0,0,0,0,0,0,0,0,0,0,0,0,0,0,0,0,55,0,0,0,0,0,0,0,0
2020-12-30T23:59:59+01:00,0,0,0,0,1,2,1,3,4,2,3,5,5,2,5,8,1,13,0,0,0,0,0,0,0,0,0,0,0,0,0,0,0,0,55,0,0,0,0,0,0,0,0
2020-12-29T23:59:59+01:00,0,0,0,0,1,1,1,2,4,1,2,5,5,2,5,8,1,13,0,0,0,0,0,0,0,0,0,0,0,0,0,0,0,0,51,0,0,0,0,0,0,0,0
2020-12-28T23:59:59+01:00,0,0,0,0,1,1,1,1,2,0,1,5,4,1,1,0,0,2,0,0,0,0,0,0,0,0,0,0,0,0,0,0,0,0,20,0,0,0,0,0,0,0,0
2020-12-27T23:59:59+01:00,0,0,0,0,1,1,1,1,2,0,0,3,2,0,1,0,0,2,0,0,0,0,0,0,0,0,0,0,0,0,0,0,0,0,14,0,0,0,0,0,0,0,0
