Datum,<15_1_m,<15_1_w,15-24_1_m,15-24_1_w,25-34_1_m,25-34_1_w,35-44_1_m,35-44_1_w,45-54_1_m,45-54_1_w,55-64_1_m,55-64_1_w,65-74_1_m,65-74_1_w,75-84_1_m,75-84_1_w,>84_1_m,>84_1_w,<15_2_m,<15_2_w,15-24_2_m,15-24_2_w,25-34_2_m,25-34_2_w,35-44_2_m,35-44_2_w,45-54_2_m,45-54_2_w,55-64_2_m,55-64_2_w,65-74_2_m,65-74_2_w,75-84_2_m,75-84_2_w,>84_2_m,>84_2_w,bp_1,bp_2,mo_1,mo_2,az_1,az_2,ja,unb_1,unb_2
2021-11-11T23:59:59+01:00,6715,6268,43228,40991,58594,52182,58404,56227,68485,67713,76974,76574,54786,60383,37632,48699,11745,22386,5373,5015,38011,36434,53266,47349,54113,52189,64498,63903,74125,73797,53443,58894,36851,47574,11391,21636,623581,580103,79556,76891,105638,101651,39180,37,37
2021-11-10T23:59:59+01:00,6619,6180,42833,40710,58212,51845,58122,56002,68241,67483,76804,76411,54722,60320,37610,48662,11737,22376,5356,4989,37919,36377,53197,47278,54054,52126,64449,63854,74071,73758,53414,58861,36834,47552,11386,21632,620584,579447,79542,76880,105638,101649,39094,37,37
2021-11-09T23:59:59+01:00,6552,6129,42731,40623,58088,51707,58008,55876,68118,67376,76727,76322,54680,60280,37595,48636,11730,22361,5331,4964,37848,36335,53152,47221,54004,52039,64394,63779,73994,73682,53383,58824,36816,47526,11379,21615,619269,578821,79516,76694,105637,101648,39086,37,37
2021-11-08T23:59:59+01:00,6417,6018,42024,39981,57369,51121,57466,55453,67716,67004,76454,76060,54564,60191,37568,48596,11724,22347,5304,4943,37748,36238,52999,47108,53918,51966,64328,63696,73919,73627,53354,58791,36805,47510,11376,21611,614096,578059,79499,76687,105637,101648,38810,37,37
2021-11-07T23:59:59+01:00,6365,5985,41879,39852,57197,50980,57336,55355,67625,66938,76408,76014,54547,60171,37560,48592,11722,22343,5287,4929,37680,36171,52934,47030,53865,51925,64302,63648,73895,73606,53344,58781,36798,47505,11375,21605,612949,577527,79448,76665,105637,101647,38804,37,37
2021-11-06T23:59:59+01:00,6360,5976,41862,39834,57177,50967,57321,55345,67616,66929,76402,76011,54545,60171,37558,48592,11722,22342,5285,4929,37679,36169,52932,47027,53863,51923,64297,63647,73893,73604,53342,58779,36798,47504,11375,21605,612814,577502,79447,76664,105637,101647,38801,37,37
2021-11-05T23:59:59+01:00,6344,5956,41821,39805,57140,50917,57274,55316,67592,66911,76374,75998,54541,60165,37555,48590,11722,22340,5277,4924,37656,36161,52923,47016,53855,51916,64285,63635,73886,73595,53338,58777,36796,47500,11375,21605,612470,577396,79444,76661,105637,101647,38779,37,37
2021-11-04T23:59:59+01:00,6221,5813,41288,39325,56558,50458,56829,54956,67172,66592,76162,75859,54503,60118,37542,48559,11716,22332,5217,4861,37454,36024,52725,46870,53683,51788,64127,63517,73785,73528,53306,58752,36782,47481,11364,21600,608677,576263,79376,76635,105636,101646,38283,37,37
2021-11-03T23:59:59+01:00,6186,5768,41194,39261,56444,50364,56736,54875,67102,66526,76117,75816,54493,60099,37534,48543,11711,22327,5173,4827,37382,35962,52676,46822,53640,51732,64081,63474,73743,73491,53290,58727,36770,47462,11360,21592,607816,575637,79357,76630,105635,101643,38257,37,37
2021-11-02T23:59:59+01:00,6139,5719,41063,39150,56280,50245,56620,54769,66975,66449,76044,75757,54466,60075,37521,48531,11710,22317,5102,4755,37249,35811,52525,46667,53524,51612,63995,63375,73658,73405,53244,58684,36751,47430,11357,21582,606606,574225,79331,76595,105635,101643,38226,37,37
2021-11-01T23:59:59+01:00,6055,5641,40572,38782,55758,49897,56257,54514,66696,66247,75905,75666,54431,60047,37514,48524,11707,22309,5069,4714,37109,35697,52395,46575,53410,51528,63898,63313,73596,73360,53231,58671,36742,47415,11354,21575,603613,573487,79308,76554,105635,101641,37933,37,37
2021-10-31T23:59:59+01:00,6053,5641,40567,38776,55755,49894,56252,54510,66693,66244,75903,75664,54431,60047,37514,48524,11707,22309,5069,4714,37107,35694,52395,46574,53408,51527,63897,63313,73596,73360,53231,58671,36742,47415,11354,21575,603581,573480,79305,76554,105635,101641,37930,37,37
2021-10-30T23:59:59+02:00,6049,5639,40564,38776,55748,49891,56251,54508,66691,66243,75903,75662,54431,60047,37514,48524,11707,22309,5069,4714,37107,35694,52395,46573,53407,51526,63896,63312,73596,73360,53230,58671,36742,47415,11354,21575,603555,573475,79305,76554,105635,101641,37929,37,37
2021-10-29T23:59:59+02:00,6046,5634,40546,38760,55734,49873,56234,54499,66672,66236,75886,75657,54429,60044,37513,48523,11705,22309,5067,4711,37098,35683,52394,46568,53403,51521,63893,63306,73588,73352,53225,58670,36741,47412,11353,21574,603405,573406,79301,76551,105635,101639,37926,37,37
2021-10-28T23:59:59+02:00,5947,5534,40026,38404,55268,49542,55827,54198,66333,66009,75714,75550,54392,60015,37508,48503,11703,22299,5007,4664,36923,35566,52234,46453,53264,51415,63746,63225,73505,73305,53200,58644,36727,47394,11351,21567,600305,572445,79262,76530,105630,101638,37540,37,37
2021-10-27T23:59:59+02:00,5922,5513,39975,38345,55198,49487,55770,54148,66269,65982,75688,75531,54376,60003,37502,48492,11702,22293,4983,4638,36872,35526,52184,46418,53233,51379,63702,63174,73470,73279,53177,58624,36721,47383,11348,21556,599746,571948,79253,76518,105630,101632,37532,37,37
2021-10-26T23:59:59+02:00,5874,5479,39867,38251,55097,49384,55698,54081,66202,65915,75636,75491,54361,59987,37489,48476,11699,22289,4931,4595,36769,35384,52088,46332,53166,51297,63649,63113,73410,73226,53144,58603,36707,47358,11342,21543,598847,570967,79252,76510,105630,101631,37512,37,37
2021-10-25T23:59:59+02:00,5812,5411,39637,38018,54816,49184,55446,53920,65985,65773,75533,75413,54339,59956,37482,48466,11699,22286,4918,4586,36713,35323,52002,46280,53098,51258,63602,63073,73365,73195,53135,58587,36701,47353,11340,21540,597024,570658,79252,76508,105630,101631,37235,37,37
2021-10-24T23:59:59+02:00,5782,5382,39553,37934,54738,49107,55390,53882,65938,65747,75513,75395,54334,59947,37477,48463,11698,22282,4885,4570,36651,35261,51958,46236,53064,51217,63565,63044,73343,73163,53127,58574,36690,47345,11338,21538,596424,570177,79250,76501,105630,101631,37223,37,37
2021-10-23T23:59:59+02:00,5782,5382,39552,37934,54736,49107,55388,53879,65938,65747,75513,75395,54334,59946,37477,48463,11698,22282,4885,4570,36651,35260,51958,46236,53064,51215,63565,63044,73343,73163,53127,58574,36690,47345,11338,21538,596416,570175,79250,76501,105630,101631,37222,37,37
2021-10-22T23:59:59+02:00,5779,5377,39526,37916,54717,49094,55377,53872,65924,65734,75504,75388,54330,59943,37477,48461,11697,22282,4880,4561,36635,35246,51946,46217,53056,51204,63549,63037,73329,73154,53117,58567,36689,47342,11337,21536,596285,570026,79239,76500,105629,101629,37210,37,37
2021-10-21T23:59:59+02:00,5703,5298,39274,37722,54448,48906,55167,53720,65741,65612,75407,75334,54312,59926,37470,48452,11694,22276,4795,4489,36410,35040,51762,46059,52887,51073,63418,62915,73245,73095,53092,58531,36677,47324,11333,21530,594598,568552,79205,76463,105629,101628,36995,37,37
2021-10-20T23:59:59+02:00,5681,5284,39239,37696,54428,48885,55152,53692,65715,65586,75382,75316,54304,59915,37462,48437,11693,22269,4776,4469,36391,35010,51740,46027,52863,51043,63395,62893,73220,73068,53074,58508,36671,47311,11330,21523,594284,568205,79199,76453,105629,101628,36989,37,37
2021-10-19T23:59:59+02:00,5647,5254,39186,37662,54392,48846,55116,53662,65684,65554,75357,75290,54288,59895,37454,48422,11689,22266,4753,4447,36336,34963,51699,45973,52829,51004,63357,62859,73182,73029,53062,58484,36651,47296,11325,21513,593824,567667,79193,76449,105629,101626,36983,37,37
2021-10-18T23:59:59+02:00,5613,5226,39047,37531,54271,48749,55035,53581,65619,65515,75301,75256,54278,59879,37447,48409,11687,22265,4686,4386,36188,34819,51575,45851,52747,50913,63310,62796,73123,72981,53037,58449,36640,47278,11320,21507,592968,566630,79181,76417,105629,101626,36896,37,37
2021-10-17T23:59:59+02:00,5607,5219,39036,37520,54257,48733,55031,53571,65614,65504,75294,75252,54275,59875,37444,48407,11687,22261,4676,4375,36168,34790,51554,45827,52731,50891,63296,62779,73105,72967,53026,58437,36634,47271,11319,21498,592850,566379,79181,76411,105629,101625,36892,37,37
2021-10-16T23:59:59+02:00,5607,5219,39035,37520,54255,48732,55028,53569,65614,65504,75294,75252,54275,59875,37444,48407,11687,22261,4673,4372,36163,34786,51550,45824,52727,50887,63294,62775,73103,72966,53025,58436,36633,47270,11319,21496,592844,566337,79181,76411,105629,101625,36889,37,37
2021-10-15T23:59:59+02:00,5602,5216,39017,37507,54239,48721,55022,53564,65597,65498,75287,75240,54267,59873,37440,48400,11686,22261,4665,4370,36151,34784,51544,45817,52722,50881,63289,62768,73099,72960,53021,58432,36630,47269,11319,21495,592714,566274,79181,76409,105629,101618,36878,37,37
2021-10-14T23:59:59+02:00,5544,5159,38882,37388,54104,48620,54929,53482,65528,65416,75223,75185,54236,59852,37432,48383,11679,22246,4549,4254,35869,34456,51325,45592,52571,50709,63143,62623,73004,72883,52964,58385,36606,47238,11314,21486,591687,564184,79163,76370,105629,101606,36774,37,37
2021-10-13T23:59:59+02:00,5504,5125,38847,37345,54070,48584,54903,53447,65503,65391,75202,75158,54224,59840,37425,48375,11675,22242,4518,4227,35829,34416,51299,45551,52535,50673,63109,62587,72971,72853,52940,58369,36597,47215,11313,21475,591279,563750,79150,76333,105629,101590,36767,37,37
2021-10-12T23:59:59+02:00,5470,5102,38774,37300,54010,48515,54862,53399,65470,65357,75165,75119,54208,59822,37415,48359,11669,22232,4498,4202,35773,34363,51252,45496,52499,50637,63072,62545,72931,72806,52915,58340,36574,47191,11307,21462,590681,563156,79148,76328,105629,101587,36755,37,37
2021-10-11T23:59:59+02:00,5415,5050,38611,37168,53875,48400,54757,53315,65396,65295,75117,75090,54196,59804,37404,48348,11667,22228,4406,4121,35546,34147,51065,45308,52365,50503,62975,62432,72846,72742,52876,58302,36560,47163,11302,21449,589729,561566,79146,76326,105629,101582,36597,37,37
2021-10-10T23:59:59+02:00,5396,5040,38564,37129,53834,48359,54736,53284,65379,65276,75101,75069,54193,59799,37400,48345,11666,22222,4387,4114,35512,34126,51044,45281,52347,50486,62965,62420,72833,72728,52872,58293,36555,47153,11299,21445,589402,561344,79143,76318,105629,101578,36583,37,37
2021-10-09T23:59:59+02:00,5396,5039,38564,37129,53834,48359,54736,53284,65379,65276,75101,75069,54193,59799,37400,48345,11666,22222,4387,4114,35511,34126,51044,45281,52347,50486,62963,62420,72833,72728,52872,58293,36555,47153,11299,21445,589401,561343,79143,76317,105629,101577,36583,37,37
2021-10-08T23:59:59+02:00,5388,5026,38546,37111,53821,48344,54729,53280,65368,65267,75089,75060,54191,59796,37398,48340,11665,22221,4380,4105,35497,34107,51032,45266,52342,50475,62954,62413,72827,72722,52870,58291,36553,47149,11299,21443,589262,561226,79143,76315,105629,101576,36571,37,37
2021-10-07T23:59:59+02:00,5319,4942,38370,36959,53695,48219,54617,53178,65270,65177,75021,75011,54172,59759,37374,48316,11658,22207,4229,3936,35121,33758,50784,44955,52143,50207,62758,62217,72658,72564,52803,58221,36526,47099,11286,21418,587950,558992,79113,75547,105628,101569,36538,37,37
2021-10-06T23:59:59+02:00,5283,4914,38325,36918,53663,48182,54573,53140,65220,65141,74994,74989,54153,59745,37367,48300,11652,22198,4209,3919,35080,33722,50762,44926,52122,50184,62729,62202,72633,72547,52781,58191,36507,47079,11279,21406,587471,558612,79108,75546,105626,101566,36517,37,37
2021-10-05T23:59:59+02:00,5251,4889,38244,36844,53598,48119,54523,53075,65157,65084,74950,74942,54115,59717,37348,48269,11642,22165,4178,3890,35013,33652,50715,44863,52087,50140,62676,62164,72593,72507,52749,58153,36477,47026,11271,21383,586720,557929,79089,75545,105626,101564,36462,37,37
2021-10-04T23:59:59+02:00,5188,4831,38029,36674,53426,48002,54408,52972,65088,65013,74884,74894,54085,59683,37333,48251,11633,22150,4066,3754,34708,33303,50469,44619,51901,49963,62515,62011,72476,72410,52692,58092,36422,46970,11259,21364,585628,555670,79078,75545,105625,101564,36178,37,37
2021-10-03T23:59:59+02:00,5177,4817,38007,36650,53393,47967,54383,52958,65071,64995,74873,74882,54078,59670,37328,48238,11633,22146,4050,3750,34656,33267,50419,44575,51863,49915,62473,61972,72436,72378,52675,58068,36410,46955,11257,21356,585381,555188,79076,75545,105622,101553,36152,37,37
2021-10-02T23:59:59+02:00,5175,4808,38003,36643,53386,47963,54380,52956,65068,64994,74869,74879,54078,59669,37328,48238,11633,22146,4049,3750,34654,33265,50411,44573,51859,49915,62471,61972,72435,72377,52675,58067,36410,46955,11257,21356,585345,555179,79076,75544,105622,101553,36138,37,37
2021-10-01T23:59:59+02:00,5167,4791,37958,36615,53353,47937,54357,52931,65037,64979,74842,74862,54068,59664,37325,48235,11630,22144,4045,3747,34635,33253,50393,44565,51845,49901,62458,61963,72418,72365,52666,58061,36407,46953,11255,21354,585102,555094,79074,75542,105620,101547,36064,37,37
2021-09-30T23:59:59+02:00,5076,4728,37750,36412,53185,47775,54214,52803,64932,64860,74772,74804,54053,59634,37314,48218,11627,22137,3968,3672,34492,33102,50300,44438,51769,49787,62374,61870,72351,72306,52654,58031,36399,46928,11252,21344,583576,554514,79056,74933,105617,101542,36011,36,37
2021-09-29T23:59:59+02:00,5053,4707,37716,36371,53138,47727,54176,52756,64900,64822,74742,74776,54036,59611,37303,48207,11623,22125,3952,3655,34464,33066,50273,44412,51747,49766,62353,61840,72329,72286,52645,58022,36394,46918,11250,21336,583115,554226,79044,74929,105617,101537,35979,36,37
2021-09-28T23:59:59+02:00,5030,4683,37655,36314,53098,47677,54141,52714,64856,64779,74697,74741,53998,59575,37284,48185,11615,22114,3938,3639,34408,33028,50241,44384,51721,49744,62327,61820,72292,72256,52616,57984,36372,46891,11247,21324,582557,553834,79042,74923,105617,101532,35906,36,37
2021-09-27T23:59:59+02:00,4955,4623,37459,36136,52914,47511,54020,52604,64753,64672,74599,74662,53969,59547,37272,48167,11613,22103,3805,3480,33985,32639,49934,44060,51492,49495,62130,61634,72164,72130,52575,57924,36351,46860,11245,21314,581501,551321,79021,74922,105617,101531,35406,36,37
2021-09-26T23:59:59+02:00,4952,4617,37437,36106,52886,47493,54006,52588,64737,64662,74587,74652,53962,59536,37271,48164,11613,22098,3796,3473,33970,32632,49922,44045,51486,49486,62116,61628,72156,72123,52571,57916,36350,46855,11243,21310,581327,551209,79001,74914,105616,101529,35389,36,37
2021-09-25T23:59:59+02:00,4949,4614,37431,36102,52883,47489,54002,52585,64735,64658,74583,74650,53961,59533,37270,48163,11613,22097,3796,3472,33967,32632,49921,44045,51486,49485,62116,61627,72154,72123,52571,57915,36350,46855,11243,21310,581284,551203,78999,74914,105616,101529,35385,36,37
2021-09-24T23:59:59+02:00,4946,4611,37413,36088,52862,47476,53981,52573,64716,64647,74570,74640,53954,59530,37267,48159,11613,22093,3792,3466,33957,32617,49906,44036,51466,49470,62103,61621,72136,72114,52564,57908,36344,46848,11243,21308,581168,551097,78999,74912,105613,101528,35325,36,37
2021-09-23T23:59:59+02:00,4816,4491,37008,35669,52509,47143,53690,52300,64474,64430,74386,74510,53892,59474,37238,48115,11604,22073,3759,3424,33772,32447,49686,43883,51297,49366,61952,61516,72020,72038,52528,57883,36320,46827,11241,21300,578838,550426,78956,74890,105613,101525,34381,36,37
2021-09-22T23:59:59+02:00,4787,4468,36966,35613,52442,47066,53623,52240,64407,64378,74327,74457,53863,59451,37230,48098,11602,22068,3742,3412,33736,32404,49643,43826,51238,49315,61897,61476,71973,72004,52510,57865,36314,46816,11239,21299,578400,550168,78949,74887,105610,101524,34093,36,37
2021-09-21T23:59:59+02:00,4771,4445,36909,35564,52375,47001,53578,52190,64341,64327,74269,74403,53820,59419,37216,48072,11597,22059,3721,3398,33704,32352,49609,43779,51199,49270,61851,61438,71934,71963,52479,57841,36303,46798,11238,21292,577846,549800,78940,74885,105608,101519,33928,36,37
2021-09-20T23:59:59+02:00,4667,4381,36573,35260,52051,46692,53342,51967,64129,64137,74110,74290,53755,59365,37195,48037,11590,22053,3516,3210,33193,31919,49231,43443,50914,48966,61596,61227,71767,71811,52423,57776,36280,46753,11231,21282,576000,547091,78935,74880,105607,101513,33018,36,36
2021-09-19T23:59:59+02:00,4654,4376,36560,35249,52040,46684,53328,51955,64117,64132,74101,74280,53752,59359,37192,48034,11589,22053,3506,3202,33172,31902,49227,43433,50906,48954,61582,61216,71755,71801,52417,57772,36279,46751,11231,21279,575894,546968,78928,74876,105606,101512,32993,36,36
2021-09-18T23:59:59+02:00,4654,4376,36558,35248,52038,46683,53328,51954,64117,64132,74100,74280,53752,59359,37192,48034,11589,22053,3505,3202,33169,31902,49223,43431,50906,48954,61582,61216,71754,71801,52416,57772,36279,46751,11231,21279,575892,546962,78928,74876,105606,101512,32987,36,36
2021-09-17T23:59:59+02:00,4647,4363,36542,35224,52016,46665,53317,51935,64100,64123,74085,74261,53743,59352,37189,48029,11588,22052,3504,3198,33159,31885,49211,43421,50902,48945,61578,61212,71746,71789,52409,57770,36279,46750,11231,21277,575728,546909,78928,74876,105606,101510,32935,36,36
2021-09-16T23:59:59+02:00,4496,4212,36172,34861,51760,46365,53105,51670,63916,63938,73927,74111,53688,59292,37172,47994,11585,22040,3436,3157,33031,31779,49129,43314,50823,48863,61517,61157,71695,71756,52394,57756,36270,46738,11230,21273,573286,546073,78471,74796,105605,101505,32908,36,36
2021-09-15T23:59:59+02:00,4453,4174,36104,34787,51716,46312,53039,51614,63866,63889,73887,74068,53670,59271,37162,47983,11584,22034,3393,3125,32977,31729,49079,43262,50766,48813,61470,61113,71665,71725,52386,57735,36260,46728,11230,21267,572913,545737,78384,74781,105605,101492,32677,36,36
2021-09-14T23:59:59+02:00,4412,4134,36041,34734,51666,46241,52997,51563,63820,63843,73842,74026,53645,59252,37147,47964,11582,22030,3347,3097,32911,31658,49034,43213,50732,48768,61416,61075,71629,71684,52363,57711,36251,46714,11229,21264,572369,545183,78314,74775,105605,101485,32617,36,36
2021-09-13T23:59:59+02:00,4262,3955,35670,34300,51392,45924,52780,51329,63610,63633,73706,73901,53590,59182,37109,47930,11581,22022,3057,2845,32443,31186,48800,42963,50550,48567,61269,60892,71487,71573,52310,57652,36235,46678,11223,21254,569767,542189,77886,74696,105604,101479,32584,36,36
2021-09-12T23:59:59+02:00,4253,3945,35647,34284,51376,45901,52762,51312,63596,63616,73697,73891,53587,59176,37104,47929,11581,22021,3040,2837,32417,31168,48784,42945,50540,48559,61258,60877,71471,71561,52303,57644,36229,46676,11220,21253,569617,542032,77870,74688,105593,101464,32563,36,35
2021-09-11T23:59:59+02:00,4250,3942,35643,34280,51375,45899,52756,51305,63594,63611,73695,73885,53583,59171,37104,47927,11581,22021,3037,2836,32408,31164,48781,42942,50536,48555,61255,60873,71468,71558,52301,57642,36229,46674,11220,21253,569590,542011,77870,74688,105593,101464,32534,36,35
2021-09-10T23:59:59+02:00,4249,3941,35530,34179,51179,45745,52564,51163,63417,63496,73562,73794,53545,59132,37084,47909,11579,22016,3027,2826,32282,31052,48581,42776,50338,48418,61065,60750,71335,71463,52259,57599,36207,46653,11217,21248,569531,541857,77868,74685,105592,101462,31058,36,34
2021-09-09T23:59:59+02:00,4221,3902,35450,34111,51122,45674,52503,51075,63359,63438,73522,73756,53522,59104,37070,47890,11577,22012,2994,2795,32188,30984,48536,42727,50286,48377,61024,60716,71294,71430,52240,57585,36199,46638,11216,21244,568920,541374,77833,74678,105573,101440,30947,36,34
2021-09-08T23:59:59+02:00,4196,3882,35416,34069,51097,45643,52485,51049,63325,63405,73501,73733,53515,59089,37063,47879,11577,22009,2976,2779,32129,30954,48498,42701,50258,48346,60988,60688,71278,71410,52227,57572,36189,46627,11213,21226,568571,540999,77833,74677,105573,101428,30921,36,34
2021-09-07T23:59:59+02:00,4183,3868,35376,34025,51065,45612,52461,51023,63300,63381,73466,73704,53503,59073,37047,47865,11575,22003,2954,2761,32082,30905,48463,42665,50218,48309,60964,60658,71246,71382,52214,57556,36180,46614,11210,21222,568197,540581,77832,74675,105573,101420,30893,36,34
2021-09-06T23:59:59+02:00,4007,3684,34896,33553,50689,45221,52195,50721,63073,63141,73308,73553,53440,58992,37028,47825,11572,21994,2913,2706,31875,30723,48260,42508,50075,48169,60850,60539,71151,71293,52168,57510,36164,46595,11205,21209,565386,539723,77832,74674,105573,101416,30066,36,34
2021-09-05T23:59:59+02:00,3999,3672,34877,33538,50686,45213,52183,50713,63061,63131,73293,73548,53435,58984,37022,47818,11570,21990,2905,2696,31855,30704,48241,42493,50062,48161,60839,60529,71141,71288,52162,57498,36162,46590,11204,21207,565250,539585,77831,74672,105573,101402,30044,36,34
2021-09-04T23:59:59+02:00,3999,3672,34876,33538,50685,45213,52182,50712,63061,63131,73293,73548,53435,58984,37022,47818,11570,21990,2905,2696,31854,30702,48241,42493,50060,48159,60839,60529,71140,71288,52162,57498,36162,46590,11204,21207,565248,539581,77831,74670,105573,101402,30042,36,34
2021-09-03T23:59:59+02:00,3951,3625,34712,33404,50531,45088,52071,50594,62912,63008,73168,73448,53395,58936,37001,47797,11566,21987,2828,2608,31579,30510,48038,42324,49888,47992,60633,60357,70995,71142,52108,57441,36137,46567,11202,21203,565108,539448,77232,73424,105562,101389,29257,36,34
2021-09-02T23:59:59+02:00,3925,3595,34652,33356,50496,45047,52038,50561,62872,62968,73129,73421,53375,58924,36992,47779,11566,21981,2812,2583,31509,30449,47988,42276,49847,47948,60578,60305,70954,71115,52090,57425,36127,46559,11201,21198,564694,539054,77210,73420,105562,101280,29176,36,34
2021-09-01T23:59:59+02:00,3909,3581,34624,33323,50473,45020,52019,50539,62852,62935,73101,73403,53366,58915,36988,47771,11566,21980,2784,2564,31459,30410,47955,42249,49817,47923,60546,60281,70931,71084,52071,57406,36117,46552,11201,21195,564427,538708,77206,73414,105561,101253,29136,36,34
2021-08-31T23:59:59+02:00,3882,3568,34584,33275,50447,44984,51991,50507,62824,62903,73071,73371,53345,58893,36980,47758,11563,21980,2775,2552,31399,30377,47928,42224,49795,47906,60518,60265,70916,71057,52057,57396,36114,46545,11198,21189,564035,538431,77206,73410,105560,101246,29090,36,34
2021-08-30T23:59:59+02:00,3656,3358,33996,32757,50023,44603,51641,50161,62534,62641,72865,73193,53262,58807,36949,47711,11560,21972,2717,2493,31115,30113,47629,41990,49569,47736,60335,60133,70762,70953,51989,57350,36095,46514,11195,21182,561031,537334,77206,73407,105559,101236,27859,35,34
2021-08-29T23:59:59+02:00,3650,3350,33974,32736,50006,44594,51625,50142,62523,62627,72855,73177,53254,58802,36947,47704,11560,21970,2711,2492,31094,30092,47606,41963,49548,47719,60318,60116,70750,70941,51986,57341,36092,46513,11195,21180,560886,537212,77204,73405,105558,101192,27814,35,34
2021-08-28T23:59:59+02:00,3650,3350,33971,32736,50001,44593,51624,50140,62522,62624,72853,73176,53252,58800,36947,47704,11560,21970,2711,2489,31085,30083,47601,41961,49545,47716,60315,60112,70747,70939,51985,57337,36092,46513,11195,21180,560877,537176,77204,73404,105558,101192,27800,35,34
2021-08-27T23:59:59+02:00,3646,3344,33962,32717,49998,44589,51614,50133,62515,62619,72836,73170,53248,58797,36946,47703,11559,21969,2703,2486,31067,30065,47593,41951,49537,47707,60308,60104,70735,70938,51983,57336,36091,46512,11194,21180,560802,537098,77204,73402,105558,101189,27767,35,34
2021-08-26T23:59:59+02:00,3621,3316,33921,32665,49971,44553,51573,50084,62469,62595,72804,73140,53238,58787,36939,47701,11558,21965,2629,2392,30770,29796,47375,41739,49362,47551,60192,60003,70650,70867,51949,57303,36074,46488,11192,21176,560452,535274,77177,73396,105557,101124,27680,35,34
2021-08-25T23:59:59+02:00,3580,3292,33870,32620,49945,44507,51537,50055,62430,62560,72768,73116,53229,58769,36934,47686,11557,21964,2366,2171,30013,29094,46931,41326,49035,47259,59968,59778,70475,70716,51882,57227,36052,46453,11183,21168,560020,530938,77177,73393,105557,101101,27631,35,34
2021-08-24T23:59:59+02:00,3540,3269,33811,32561,49914,44465,51509,50007,62385,62511,72725,73069,53208,58744,36921,47673,11555,21956,2289,2107,29779,28872,46799,41194,48927,47152,59876,59684,70390,70617,51836,57180,36032,46441,11179,21165,559529,529500,77174,73387,105555,101067,27531,35,34
2021-08-23T23:59:59+02:00,3235,3002,33172,31939,49488,44067,51167,49701,62059,62215,72432,72837,53111,58655,36882,47610,11544,21947,2229,2054,29358,28479,46413,40897,48685,46940,59606,59475,70166,70470,51760,57109,36008,46398,11173,21159,556456,528049,77170,73384,105553,101062,25850,35,34
2021-08-22T23:59:59+02:00,3224,2994,33161,31933,49478,44057,51159,49695,62054,62208,72427,72835,53107,58652,36880,47608,11544,21946,2225,2051,29333,28461,46394,40888,48675,46929,59595,59467,70159,70466,51751,57105,36005,46395,11173,21159,556390,527949,77166,73375,105548,101048,25825,34,34
2021-08-21T23:59:59+02:00,3222,2994,33156,31931,49476,44056,51158,49692,62051,62207,72426,72834,53107,58652,36880,47608,11544,21946,2224,2049,29320,28449,46389,40884,48669,46925,59591,59467,70159,70465,51750,57105,36005,46395,11173,21159,556375,527910,77166,73368,105548,101048,25818,34,34
2021-08-20T23:59:59+02:00,3206,2983,33032,31836,49284,43919,50985,49583,61870,62078,72280,72752,53059,58610,36865,47590,11541,21942,2197,2035,28779,27950,45910,40514,48388,46715,59334,59283,69955,70340,51665,57047,35975,46367,11169,21152,556148,526211,77166,73193,105548,100816,24521,33,34
2021-08-19T23:59:59+02:00,3179,2960,32980,31796,49250,43883,50937,49544,61825,62040,72231,72713,53033,58590,36858,47575,11537,21935,2109,1953,27837,27096,45126,39913,47963,46355,58999,59009,69679,70119,51565,56958,35933,46319,11164,21147,555732,521839,77131,72219,105543,100724,24428,33,34
2021-08-18T23:59:59+02:00,3158,2941,32930,31752,49216,43848,50898,49508,61781,62003,72185,72686,53004,58573,36844,47561,11536,21930,2010,1855,26544,25797,44200,39041,47257,45615,58318,58425,69193,69663,51377,56738,35856,46226,11152,21130,555300,516311,77110,69011,105540,100669,24372,33,34
2021-08-17T23:59:59+02:00,3134,2918,32861,31688,49170,43780,50855,49473,61734,61957,72149,72645,52981,58549,36831,47549,11533,21925,1881,1745,25257,24406,43324,38351,46656,45134,57784,57983,68760,69337,51242,56554,35780,46147,11136,21116,554750,510694,77105,66926,105539,100633,24306,33,34
2021-08-16T23:59:59+02:00,3122,2897,32844,31669,49147,43757,50846,49455,61714,61939,72127,72630,52971,58541,36829,47538,11531,21921,1789,1660,23820,23016,42422,37508,46377,44840,57558,57721,68552,69178,51169,56468,35749,46103,11134,21102,554520,504332,77102,66893,105537,100620,24287,33,34
2021-08-15T23:59:59+02:00,3114,2885,32830,31651,49136,43751,50836,49445,61698,61923,72112,72618,52967,58532,36826,47538,11531,21921,1505,1403,21392,20564,41668,36966,46010,44465,57227,57422,68266,68921,51057,56366,35712,46047,11131,21092,554384,495592,77101,66714,105527,100604,24270,33,34
2021-08-14T23:59:59+02:00,3114,2884,32825,31648,49130,43749,50833,49443,61693,61920,72108,72611,52967,58532,36825,47538,11531,21921,1503,1395,21366,20537,41630,36934,45993,44450,57212,57410,68253,68910,51055,56363,35711,46046,11131,21091,554374,495399,77099,66713,105527,100604,24240,33,34
2021-08-13T23:59:59+02:00,3100,2867,32782,31619,49106,43736,50811,49426,61660,61889,72086,72592,52961,58525,36822,47533,11530,21918,1478,1370,21246,20450,41541,36836,45931,44398,57164,57370,68212,68878,51038,56351,35702,46038,11130,21089,554217,494805,77098,66710,105526,100583,24090,33,34
2021-08-12T23:59:59+02:00,3082,2837,32735,31570,49074,43694,50774,49397,61606,61862,72050,72557,52946,58506,36805,47524,11529,21915,1393,1310,20774,20138,40589,36024,45562,44068,56946,57191,68035,68714,50965,56267,35672,45994,11125,21082,553809,490566,77094,66706,105523,100538,24005,33,34
2021-08-11T23:59:59+02:00,3040,2806,32679,31525,49040,43660,50749,49373,61579,61831,72022,72529,52924,58480,36793,47515,11528,21908,1169,1130,19878,19255,39261,34835,44957,43489,56585,56863,67742,68440,50843,56130,35634,45935,11123,21069,553393,483142,77088,66701,105523,100516,23945,33,34
2021-08-10T23:59:59+02:00,3024,2787,32626,31480,49009,43630,50720,49340,61559,61790,71984,72484,52902,58464,36782,47492,11527,21903,923,886,18850,18290,37162,32967,44070,42612,56130,56463,67351,68093,50693,55977,35573,45839,11118,21049,552935,472889,77087,66699,105522,100497,23927,33,34
2021-08-09T23:59:59+02:00,3009,2780,32597,31456,48983,43610,50692,49321,61539,61773,71964,72463,52892,58455,36777,47482,11525,21902,493,475,17427,16878,34177,30548,43404,41979,55722,56100,67018,67766,50549,55828,35522,45789,11113,21031,552685,460704,77085,66695,105517,100485,23901,33,34
2021-08-08T23:59:59+02:00,3006,2780,32583,31443,48971,43603,50687,49315,61528,61765,71960,72462,52891,58452,36777,47479,11525,21901,490,472,17399,16848,34156,30533,43367,41949,55708,56087,67009,67761,50544,55823,35521,45786,11112,21030,552621,460520,77085,66689,105504,100466,23886,33,34
2021-08-07T23:59:59+02:00,3005,2775,32575,31432,48969,43595,50681,49314,61525,61762,71953,72460,52890,58450,36776,47479,11525,21901,487,468,17367,16815,34130,30513,43331,41918,55686,56069,66998,67754,50539,55821,35519,45786,11112,21029,552571,460282,77085,66686,105504,100465,23875,33,34
2021-08-06T23:59:59+02:00,2916,2683,32227,31204,48710,43401,50423,49084,61238,61558,71679,72294,52758,58347,36722,47427,11522,21892,479,466,17158,16671,33418,30030,42860,41549,55345,55843,66689,67578,50409,55727,35470,45750,11109,21022,552499,458600,75974,66396,105500,100463,22080,33,34
2021-08-05T23:59:59+02:00,2870,2644,32068,31085,48617,43313,50342,49029,61185,61513,71627,72253,52733,58328,36713,47410,11520,21890,451,433,16925,16419,31558,28594,41815,40594,55070,55497,66476,67405,50346,55650,35447,45711,11102,21013,551618,451783,75971,66322,105490,100338,22029,33,34
2021-08-04T23:59:59+02:00,2795,2568,31805,30893,48429,43176,50192,48918,61107,61436,71564,72197,52703,58288,36700,47395,11517,21885,425,410,16642,16171,31212,28370,40624,39519,54681,55165,66299,67253,50283,55568,35417,45683,11099,21006,550318,447463,75970,66303,105488,100265,21763,30,33
2021-08-03T23:59:59+02:00,2608,2387,31290,30427,48179,42928,50016,48726,60946,61265,71418,72050,52649,58216,36678,47366,11507,21871,375,346,16204,15723,30623,27844,38890,37901,53989,54519,65965,66941,50187,55439,35370,45631,11094,20996,547367,439784,75968,66296,105485,100246,21678,30,33
2021-08-02T23:59:59+02:00,2497,2292,30976,30142,47978,42745,49863,48598,60839,61159,71330,71968,52616,58184,36656,47347,11506,21868,333,313,15899,15452,30287,27490,36747,36076,53430,54004,65758,66766,50115,55354,35348,45603,11092,20992,545427,432936,75965,66291,105480,100136,21663,30,33
2021-08-01T23:59:59+02:00,2493,2289,30964,30133,47959,42732,49850,48589,60826,61149,71320,71962,52611,58175,36652,47347,11506,21868,320,303,15774,15327,30150,27374,34446,34222,53133,53751,65665,66697,50074,55314,35341,45584,11091,20990,545365,427489,75961,66286,105433,100111,21637,30,33
2021-07-31T23:59:59+02:00,2493,2289,30959,30129,47957,42730,49848,48589,60825,61149,71320,71960,52608,58172,36652,47347,11506,21867,319,303,15760,15315,30115,27347,34434,34215,53115,53743,65653,66692,50070,55309,35341,45583,11090,20989,545346,427336,75961,66285,105432,100107,21632,30,33
2021-07-30T23:59:59+02:00,2479,2284,30912,30083,47925,42709,49825,48565,60791,61120,71285,71942,52599,58161,36652,47347,11506,21865,317,298,15598,15012,29848,27033,34253,33967,52914,53449,65487,66489,50024,55263,35331,45571,11090,20987,545174,426963,75955,66275,105429,98197,21463,30,33
2021-07-29T23:59:59+02:00,2447,2264,30755,29989,47841,42648,49773,48499,60729,61079,71238,71896,52579,58142,36644,47331,11503,21860,294,276,15280,14730,29532,26813,32966,33019,52129,52836,65131,66221,49925,55170,35288,45514,11085,20979,544504,424250,75948,63535,105418,98052,21318,30,33
2021-07-28T23:59:59+02:00,2400,2227,30602,29880,47758,42580,49700,48427,60656,61001,71171,71839,52555,58104,36626,47312,11502,21855,264,256,14875,14353,29091,26498,32595,32688,51419,52223,64739,65894,49830,55067,35254,45457,11069,20960,543556,420099,75944,63480,105412,97666,21254,30,33
2021-07-27T23:59:59+02:00,2322,2154,30362,29613,47607,42401,49555,48289,60544,60877,71071,71751,52497,58044,36598,47273,11494,21848,188,166,14230,13698,28326,25869,31844,32034,50166,51127,64006,65327,49642,54860,35186,45342,11062,20940,541727,411754,75934,63454,105406,97568,21204,30,33
2021-07-26T23:59:59+02:00,2261,2099,30159,29382,47489,42272,49480,48205,60479,60812,71020,71705,52471,58012,36586,47260,11492,21839,151,139,13867,13323,27967,25578,31228,31620,48609,49753,63029,64500,49437,54654,35118,45261,11052,20927,540492,404027,75931,63448,105402,97536,21169,30,33
2021-07-25T23:59:59+02:00,2015,1897,29339,28707,47095,41955,49194,47918,60245,60587,70836,71547,52415,57937,36559,47218,11491,21831,148,137,13774,13262,27870,25513,31144,31552,48489,49689,62942,64449,49415,54636,35111,45252,11052,20926,536306,403388,75931,63440,105395,97375,21125,30,33
2021-07-24T23:59:59+02:00,1934,1829,29082,28476,46945,41849,49077,47817,60087,60469,70707,71467,52366,57907,36541,47198,11489,21831,147,131,13640,13145,27670,25377,30982,31422,48275,49520,62778,64355,49371,54606,35096,45235,11050,20924,535610,402770,75928,63437,105394,97374,20110,30,33
2021-07-23T23:59:59+02:00,1819,1709,28752,28150,46701,41694,48823,47604,59837,60283,70504,71340,52292,57836,36522,47162,11485,21822,137,123,13387,12911,27238,25059,30599,31114,47674,49033,62449,64116,49288,54540,35074,45192,11045,20915,534607,400344,75553,63383,105383,97371,18763,30,33
2021-07-22T23:59:59+02:00,1807,1702,28671,28070,46560,41554,48607,47392,59659,60139,70385,71211,52249,57799,36506,47145,11485,21822,119,118,13158,12648,26901,24726,30245,30794,45745,47470,61643,63415,49192,54438,35036,45148,11042,20905,534289,393632,74404,63232,105339,97144,18702,30,33
2021-07-21T23:59:59+02:00,1773,1660,28409,27863,46172,41216,48015,46836,59074,59659,69929,70822,52078,57639,36448,47088,11476,21809,104,108,12734,12199,26319,24183,29671,30226,42009,44225,60156,62142,49024,54257,34972,45066,11032,20878,533729,381972,71133,62714,105185,96696,17890,30,33
2021-07-20T23:59:59+02:00,1750,1645,28289,27727,46108,41160,47967,46797,59018,59611,69875,70776,52044,57611,36431,47063,11471,21802,88,81,12234,11664,25581,23493,29016,29475,38555,41231,58609,60678,48820,54034,34890,44973,11014,20858,533041,371557,71111,59334,105168,96574,17796,30,33
2021-07-19T23:59:59+02:00,1745,1644,28262,27688,46086,41148,47953,46785,59005,59595,69863,70774,52042,57607,36431,47059,11469,21802,87,79,12186,11631,25514,23458,28981,29441,38510,41198,58568,60651,48816,54026,34889,44970,11011,20857,532897,371230,71110,59318,105151,96521,17771,30,33
2021-07-18T23:59:59+02:00,1741,1637,28237,27663,46062,41138,47941,46776,58999,59587,69856,70766,52040,57606,36430,47058,11469,21801,87,78,12123,11605,25429,23416,28921,29408,38449,41172,58508,60610,48814,54022,34886,44969,11011,20857,532776,370892,71108,59287,105143,96402,17751,30,33
2021-07-17T23:59:59+02:00,1741,1635,28214,27649,46048,41126,47930,46771,58991,59581,69849,70762,52036,57602,36429,47058,11469,21801,85,76,12095,11591,25395,23380,28888,29389,38427,41154,58472,60586,48804,54014,34884,44969,11011,20857,532693,370642,71107,59283,105142,96398,17721,30,33
2021-07-16T23:59:59+02:00,1726,1614,27949,27456,45759,40960,47699,46601,58690,59379,69616,70621,51930,57531,36385,47022,11464,21799,85,73,11844,11396,25061,23139,28583,29159,38026,40879,57963,60163,48667,53901,34832,44919,11005,20853,532378,369436,71106,59279,105010,96122,15678,30,33
2021-07-15T23:59:59+02:00,1628,1501,27485,27071,45498,40726,47553,46488,58550,59266,69513,70535,51889,57489,36370,46999,11463,21792,77,66,11544,11165,24580,22801,28217,28889,37634,40598,55913,58115,48496,53699,34773,44835,10997,20842,530057,362487,71104,59186,105002,95911,15624,30,33
2021-07-14T23:59:59+02:00,1461,1369,26919,26533,45194,40436,47348,46303,58365,59069,69352,70389,51827,57430,36345,46969,11457,21787,70,58,11351,10971,24172,22444,27864,28570,37111,40196,54692,56934,48358,53548,34722,44771,10989,20820,526881,358765,71098,57516,104983,95765,15562,30,33
2021-07-13T23:59:59+02:00,1174,1064,25967,25638,44701,40025,46989,45982,58042,58784,69079,70143,51716,57304,36302,46914,11453,21772,58,43,11007,10629,23641,21891,27241,27982,35730,39006,50555,53025,47994,53160,34591,44622,10972,20791,521492,349477,71092,52309,104980,95663,15456,30,33
2021-07-12T23:59:59+02:00,710,667,24593,24385,44141,39540,46789,45767,57829,58590,68896,69971,51654,57213,36285,46888,11451,21764,50,40,10769,10520,23438,21752,26987,27846,35479,38836,50113,52603,47919,53074,34560,44587,10972,20785,515609,348004,71091,52281,104974,94581,15431,29,33
2021-07-11T23:59:59+02:00,707,662,24574,24364,44109,39521,46771,45754,57815,58577,68882,69968,51652,57210,36282,46884,11450,21764,48,40,10674,10431,23216,21626,26720,27747,35168,38754,49398,52116,46434,51483,34470,44479,10972,20783,515521,347489,71087,52233,104959,89453,15351,29,33
2021-07-10T23:59:59+02:00,705,657,24566,24358,44104,39512,46768,45752,57809,58576,68882,69967,51652,57210,36282,46884,11450,21764,45,39,10661,10420,23194,21605,26706,27736,35146,38749,49384,52111,46420,51467,34468,44478,10972,20783,515486,347380,71086,52232,104957,89398,15341,29,33
2021-07-09T23:59:59+02:00,698,647,24115,23898,43825,39272,46702,45692,57749,58535,68830,69942,51635,57197,36279,46876,11449,21763,45,39,10580,10249,23098,21416,26645,27526,35078,38532,49318,52007,46398,51442,34464,44475,10972,20783,513724,346142,71082,52219,104951,89354,15319,29,33
2021-07-08T23:59:59+02:00,632,581,23028,22896,43029,38674,46452,45490,57542,58392,68633,69803,51557,57131,36251,46853,11447,21755,40,34,10321,10059,22721,21161,26249,27260,34597,38217,48708,51483,46060,51075,34394,44397,10965,20761,509055,342553,71055,52066,104893,88735,15115,29,33
2021-07-07T23:59:59+02:00,580,535,21707,21508,42291,37988,46227,45268,57302,58200,68467,69643,51473,57048,36214,46799,11439,21741,33,30,9948,9750,21847,20568,25138,26467,32760,36847,47788,50596,45560,50537,34287,44257,10956,20743,503677,337611,70882,47683,104872,87815,14971,29,32
2021-07-06T23:59:59+02:00,523,472,20473,20228,41437,37345,45750,44916,56906,57894,68139,69386,51375,56922,36170,46748,11431,21732,25,25,9555,9370,20980,19972,24172,25808,31274,35652,46586,49392,44779,49752,34151,44082,10943,20723,499197,330264,68947,45582,104852,86540,14823,29,32
2021-07-05T23:59:59+02:00,486,444,19061,18854,40572,36542,45533,44689,56722,57691,67978,69259,51319,56866,36149,46719,11429,21725,23,21,9264,9114,20423,19587,23503,25385,30634,35224,45828,48774,44024,48961,34021,43893,10934,20711,493471,324475,68945,45560,104845,85507,14750,28,32
2021-07-04T23:59:59+02:00,479,438,17271,16853,40232,36314,45445,44614,56636,57622,67899,69191,51287,56840,36139,46698,11427,21723,23,21,9202,9062,20283,19524,23331,25307,30375,35146,45034,48644,42660,47608,33942,43819,10932,20705,488649,324014,68919,45515,104830,81375,14682,28,32
2021-07-03T23:59:59+02:00,479,436,17249,16822,40183,36267,45426,44597,56631,57617,67892,69184,51285,56837,36139,46698,11427,21722,22,21,9158,9018,20215,19455,23269,25241,30292,35066,44813,48468,42591,47532,33897,43760,10929,20705,488453,323048,68917,45514,104829,81194,14664,28,32
2021-07-02T23:59:59+02:00,459,413,17132,16712,39718,35884,45310,44497,56577,57576,67844,69153,51273,56832,36133,46686,11427,21721,22,19,8996,8846,19890,19172,22877,24862,29874,34650,44188,47822,42388,47303,33798,43624,10923,20701,486944,320037,68899,44480,104827,80757,14649,28,32
2021-07-01T23:59:59+02:00,407,373,16824,16428,37983,34553,44736,43998,56316,57366,67670,68984,51193,56741,36105,46648,11423,21713,17,14,8619,8447,19027,18460,21908,24007,28489,33459,41156,44848,41391,46221,33183,42898,10906,20672,481461,312531,68825,39598,104805,77219,14342,28,32
2021-06-30T23:59:59+02:00,359,328,16535,16181,35799,32731,44113,43368,56092,57171,67466,68792,51112,56649,36076,46594,11419,21697,16,13,8259,8113,18352,17832,21018,23174,27208,32192,36510,39974,40310,45074,32521,42109,10885,20645,474623,302019,68780,33568,104785,74320,14266,28,32
2021-06-29T23:59:59+02:00,319,291,16309,15980,34805,31648,43661,42923,55910,57007,67294,68643,51036,56576,36037,46550,11411,21690,14,10,7675,7506,17222,16903,19760,21957,25506,30512,33765,36844,37456,42024,31777,41216,10862,20607,470418,285801,68772,33518,104771,68165,14101,28,31
2021-06-28T23:59:59+02:00,310,269,16158,15820,33094,30241,43340,42629,55745,56866,67179,68535,50990,56524,36019,46529,11408,21678,13,8,7371,7249,16665,16526,19367,21642,24998,30124,33176,36343,36078,40533,30988,40281,10858,20596,466002,282752,68747,33465,104750,62761,13807,28,31
2021-06-27T23:59:59+02:00,310,269,16137,15794,32943,30154,43277,42602,55710,56857,67153,68527,50986,56520,36016,46528,11408,21677,12,8,7327,7220,16529,16459,19203,21580,24798,30050,32949,36203,34820,39259,29361,38358,10857,20595,465683,282581,68743,33426,104745,55881,13669,28,31
2021-06-26T23:59:59+02:00,308,267,16113,15766,32920,30136,43231,42558,55685,56841,67147,68524,50985,56518,36013,46527,11408,21677,11,8,7323,7207,16510,16448,19187,21569,24765,30027,32929,36183,34806,39245,29359,38355,10857,20595,465444,282383,68739,33426,104745,55876,13668,28,31
2021-06-25T23:59:59+02:00,301,265,16052,15715,32798,30035,43038,42398,55628,56795,67105,68500,50975,56507,36009,46526,11408,21677,11,8,7135,6929,16225,15940,18918,20913,24394,29094,32541,35460,34645,39027,29336,38324,10857,20595,464596,279693,68735,33415,104728,53568,13645,28,31
2021-06-24T23:59:59+02:00,280,252,15778,15509,32342,29744,41569,41154,55162,56439,66872,68339,50920,56451,35993,46498,11403,21667,10,8,6813,6695,15525,15493,17466,19891,22311,27534,31440,34563,34239,38600,29212,38142,10845,20580,460024,269970,68730,33362,104724,53138,12866,28,31
2021-06-23T23:59:59+02:00,264,235,15496,15215,31836,29343,39466,39332,54618,55895,66622,68119,50831,56342,35953,46452,11398,21654,9,6,6607,6529,15161,15217,16940,19442,21426,26732,29737,33196,33481,37745,29020,37901,10838,20565,452955,262138,68679,33270,104719,52423,12690,28,31
2021-06-22T23:59:59+02:00,242,200,15115,14822,31172,28711,36029,36284,53705,55092,66320,67814,50724,56220,35914,46395,11394,21640,6,5,6427,6315,14758,14888,16135,18721,20007,25417,28130,31541,32680,36769,28480,37295,10820,20533,442021,252016,68647,33185,104712,51310,12385,28,31
2021-06-21T23:59:59+02:00,227,194,14871,14644,30485,28247,33868,34318,53240,54666,66141,67696,50643,56146,35888,46373,11389,21635,6,5,6330,6231,14597,14768,15963,18583,19886,25304,28021,31453,32524,36629,27270,36060,10820,20530,435187,251327,68625,33136,104681,48336,12150,28,31
2021-06-20T23:59:59+02:00,220,193,14747,14555,28587,26907,33258,33869,53151,54571,66073,67660,50620,56118,35880,46369,11388,21633,6,5,5873,5932,13652,14128,15130,17990,19329,24946,27704,31251,32357,36448,27244,36029,10818,20526,430809,246308,68621,33101,104678,48264,11664,27,31
2021-06-19T23:59:59+02:00,214,188,14722,14522,28470,26822,33229,33842,53129,54555,66057,67649,50614,56109,35878,46364,11387,21631,6,5,5660,5772,13092,13720,14522,17511,19000,24744,27509,31080,32278,36348,27227,36015,10818,20526,430399,242785,68619,33097,104678,48261,11659,27,31
2021-06-18T23:59:59+02:00,212,179,14632,14438,28363,26753,31978,32939,52762,54248,65923,67555,50583,56075,35860,46338,11383,21627,6,4,5593,5694,12991,13635,14357,17385,18764,24515,26689,30412,32071,36111,27161,35939,10814,20519,429891,239833,65654,32982,104668,48206,11608,27,31
2021-06-17T23:59:59+02:00,198,163,14255,14173,27773,26500,31490,32679,51974,53681,65498,67289,50502,55974,35826,46297,11377,21614,5,4,5213,5436,12207,13160,13568,16774,17673,23586,24529,28449,31429,35374,26962,35662,10797,20504,426683,230810,65648,32705,104644,47524,10262,26,31
2021-06-16T23:59:59+02:00,169,135,13827,13766,27310,26144,31046,32323,51162,52979,65043,66900,50383,55854,35797,46240,11366,21602,5,4,4846,4999,11490,12492,12775,16079,16569,22463,21557,25583,30357,34166,26664,35258,10782,20463,421819,216756,65602,32676,104637,47127,9962,26,31
2021-06-15T23:59:59+02:00,106,82,13195,13140,26565,25567,30267,31729,49910,51914,64331,66375,50205,55656,35730,46128,11357,21583,5,4,4349,4372,10525,11556,11619,14700,14840,20760,18125,22276,28983,32728,26277,34736,10757,20419,414108,198132,65582,32558,104632,46818,9492,26,31
2021-06-14T23:59:59+02:00,76,61,12789,12766,26153,25242,29605,31263,48118,50445,63280,65542,49989,55430,35653,46052,11349,21571,5,4,4248,4316,10349,11423,11477,14568,14663,20637,17932,22116,28910,32647,26259,34708,10753,20416,406235,197687,65572,32286,104632,46508,8919,26,31
2021-06-13T23:59:59+02:00,75,60,12745,12723,26082,25206,29542,31237,48065,50420,63245,65518,49983,55427,35651,46048,11348,21568,5,4,4092,4237,10021,11293,11154,14457,14366,20524,17531,21772,27396,31003,26119,34513,10749,20405,406033,196938,65496,27610,104625,46299,8763,26,31
2021-06-12T23:59:59+02:00,75,59,12727,12706,26066,25196,29530,31225,48005,50349,63203,65483,49982,55424,35651,46048,11348,21568,5,4,4089,4228,10006,11276,11145,14442,14347,20507,17509,21763,27355,30958,26114,34508,10749,20405,405737,196750,65496,27608,104623,46258,8763,26,31
2021-06-11T23:59:59+02:00,73,56,12626,12579,25940,25081,29407,31099,47767,50122,63071,65364,49958,55398,35640,46037,11346,21566,5,4,3996,3956,9488,10087,10716,13532,14059,19949,17236,21286,26946,30534,26023,34426,10746,20403,404461,195705,65486,27603,104583,41479,8574,26,31
2021-06-10T23:59:59+02:00,65,49,12383,12359,25617,24796,29061,30830,46692,49106,62336,64794,49873,55302,35606,45985,11336,21553,5,3,3725,3590,8720,8842,9823,11890,12756,17188,15445,17680,25223,28612,25727,34119,10740,20379,399570,190176,65429,27164,104381,28760,8337,26,30
2021-06-09T23:59:59+02:00,51,37,12089,12035,25208,24390,28663,30437,44678,47282,61246,63856,49768,55178,35560,45931,11331,21535,5,3,3475,3466,8295,8590,9310,11570,12239,16796,14732,17080,21385,24289,25500,33817,10728,20353,391582,178582,65302,26815,104379,28221,7986,26,29
2021-06-08T23:59:59+02:00,45,26,11657,11495,24538,23766,28005,29772,41506,44437,59469,62221,49597,54986,35486,45840,11321,21513,5,3,3265,3330,7894,8334,8692,11197,11576,16377,14073,16433,16002,18328,25109,33292,10710,20323,378897,163372,65239,26482,104369,27915,7149,26,25
2021-06-07T23:59:59+02:00,40,19,11494,11299,24187,23489,27721,29564,38879,42509,59042,61859,49563,54955,35474,45819,11319,21507,5,3,3170,3259,7588,8162,8373,11020,11002,15924,13568,15954,15925,18248,25078,33241,10708,20316,373235,163051,64812,24657,104360,27505,6306,26,25
2021-06-06T23:59:59+02:00,37,18,11358,11194,23864,23258,27509,29392,37284,41325,58917,61781,49539,54926,35466,45805,11319,21505,5,3,3070,3207,7313,8073,8106,10851,10262,15242,12968,15332,15773,18136,25064,33218,10706,20316,372828,162935,61434,21491,104349,27335,5860,26,24
2021-06-05T23:59:59+02:00,35,17,11340,11174,23820,23218,27474,29365,37256,41311,58817,61696,49528,54919,35464,45803,11319,21502,5,3,3058,3195,7289,8039,8075,10833,10231,15227,12923,15308,15650,17971,25059,33210,10705,20315,372484,162495,61431,21490,104349,27319,5768,26,24
2021-06-04T23:59:59+02:00,35,15,11158,10915,23461,22753,27196,28970,36828,40863,58197,61156,49494,54878,35454,45785,11317,21496,5,2,3034,3180,7260,8021,8052,10816,10200,15203,12889,15274,15438,17763,25048,33189,10703,20314,370686,161907,59162,21477,104335,27221,5762,26,24
2021-06-03T23:59:59+02:00,33,14,10939,10697,22999,22363,26770,28636,35728,40036,55435,58806,49365,54719,35411,45721,11312,21481,5,2,2942,3101,7051,7866,7595,10519,9169,14571,11638,14568,14254,16291,24869,32971,10691,20295,366733,158542,54240,17744,104284,26907,5182,26,23
2021-06-02T23:59:59+02:00,33,14,10901,10660,22962,22330,26736,28610,35695,39995,55307,58648,49351,54694,35405,45714,11312,21480,5,2,2900,3071,6995,7845,7533,10485,9013,14530,11412,14504,12896,14804,24751,32798,10687,20288,366136,154710,54234,17733,104283,26885,5168,26,23
2021-06-01T23:59:59+02:00,20,7,10485,10311,22305,21819,26051,28030,34974,39415,52306,55499,48962,54286,35286,45551,11296,21454,5,2,2444,2713,5642,7165,6259,9910,7614,13859,10278,13542,8582,9234,24271,32117,10664,20235,355374,136504,54051,17363,104264,26304,4342,26,23
2021-05-31T23:59:59+02:00,19,6,10206,10082,21729,21425,25642,27782,34651,39211,50855,54101,48863,54162,35252,45511,11289,21446,5,2,2333,2595,5352,6923,5995,9690,7249,13618,10021,13381,8531,9172,24245,32068,10656,20222,350634,135729,54007,17242,104240,25739,3325,26,23
2021-05-30T23:59:59+02:00,18,6,10149,10033,21636,21385,25577,27748,34539,39141,50489,53759,48837,54138,35246,45505,11287,21443,5,2,2296,2565,5247,6845,5895,9622,7061,13530,9794,13284,8487,9123,24229,32061,10655,20217,349445,135134,53986,17068,104223,25437,3256,26,23
2021-05-29T23:59:59+02:00,17,6,10135,10021,21603,21366,25560,27735,34518,39128,50476,53741,48833,54134,35243,45504,11287,21443,5,2,2276,2513,5204,6718,5835,9492,6945,13332,9655,13062,8416,9031,24162,31994,10654,20216,349289,134853,53986,17016,104202,24373,3247,26,23
2021-05-28T23:59:59+02:00,17,6,10075,9951,21527,21254,25479,27614,34440,39028,50396,53643,48811,54116,35234,45496,11287,21439,5,2,2194,2247,4591,6183,5213,8774,6577,12369,9160,12067,8238,8832,23790,31512,10653,20213,348432,133351,53973,16919,104143,19088,3240,25,22
2021-05-27T23:59:59+02:00,16,6,9807,9704,21000,20878,24935,27253,33916,38650,49783,53033,48640,53925,35165,45422,11283,21419,3,2,1953,1981,4014,5664,4537,8172,6067,11599,8213,10742,7732,8171,22225,29359,10637,20191,344147,127681,53562,15786,104037,14709,3064,25,22
2021-05-26T23:59:59+02:00,16,6,9531,9456,20281,20313,24062,26581,32653,37624,49019,52327,48386,53636,35089,45311,11271,21395,3,1,1896,1909,3917,5537,4405,8007,5859,11338,7887,10358,7169,7445,19782,25925,10617,20147,339428,119176,50591,15533,103984,14543,2929,25,21
2021-05-25T23:59:59+02:00,15,6,9267,9220,19869,19957,23623,26189,32142,37106,48125,51348,48088,53317,35001,45169,11259,21365,3,1,1830,1859,3798,5438,4267,7859,5651,11114,7573,10036,6543,6603,15639,20530,10597,20089,333833,106939,50509,15490,103912,14193,2787,25,21
2021-05-24T23:59:59+02:00,14,6,9051,9061,19300,19665,22850,25801,30633,36092,47900,51177,47996,53217,34972,45139,11257,21364,3,1,1804,1841,3752,5406,4202,7817,5585,11054,7497,9979,6517,6578,15625,20521,10597,20089,332249,106818,46715,15476,103852,13900,2654,25,20
2021-05-23T23:59:59+02:00,14,6,8844,8854,18945,19375,22427,25453,30210,35771,47309,50664,47563,52762,34869,44993,11249,21355,3,1,1802,1840,3742,5402,4197,7811,5574,11046,7486,9970,6512,6567,15625,20519,10597,20089,327424,106757,46713,15474,103850,13881,2651,25,20
2021-05-22T23:59:59+02:00,14,6,8813,8817,18894,19332,22380,25421,30157,35740,47202,50594,47544,52739,34866,44984,11246,21355,3,1,1801,1836,3730,5390,4193,7805,5569,11040,7479,9966,6509,6565,15622,20518,10597,20089,326879,106721,46713,15474,103849,13860,2638,25,20
2021-05-21T23:59:59+02:00,13,6,8538,8462,18454,18819,22018,24776,29729,34931,46715,49927,47455,52614,34828,44941,11243,21350,3,1,1736,1795,3653,5351,4148,7769,5536,10993,7437,9917,6479,6539,15544,20421,10596,20088,321672,106402,46682,15473,103825,13496,2615,25,20
2021-05-20T23:59:59+02:00,12,6,7965,7918,17512,18026,21011,23861,28408,33729,44968,48102,47015,52152,34720,44785,11225,21331,3,1,1436,1632,3345,5064,3882,7382,5237,10515,7056,9463,6244,6281,14224,18875,10572,20049,310068,102633,46594,14989,103596,11156,2463,25,20
2021-05-19T23:59:59+02:00,12,6,7700,7604,16908,17425,20108,22983,27176,32468,43172,46013,46484,51596,34570,44562,11204,21299,3,1,1371,1546,3146,4850,3675,7130,5011,10163,6761,9133,5960,5947,12005,16015,10554,19988,298916,96378,46553,14513,103550,10103,2246,25,19
2021-05-18T23:59:59+02:00,11,6,7174,7066,15755,16403,18837,21735,25669,30838,40482,42780,45654,50649,34334,44258,11179,21257,3,1,1348,1520,3086,4779,3600,7009,4876,10031,6580,8921,5693,5669,10298,13835,10530,19934,283131,91227,45349,14462,103443,9865,2140,24,19
2021-05-17T23:59:59+02:00,11,6,7096,7003,15571,16292,18621,21567,25268,30510,38732,41142,45544,50569,34286,44193,11169,21233,3,1,1315,1497,3029,4733,3535,6950,4806,9927,6485,8820,5652,5629,10284,13817,10526,19926,282908,91154,40583,14181,103399,9682,1899,24,19
2021-05-16T23:59:59+02:00,10,5,6981,6950,15450,16205,18492,21460,25088,30395,35750,38373,45508,50534,34264,44169,11166,21228,3,1,1292,1478,2985,4693,3487,6892,4723,9857,6391,8741,5621,5592,10272,13801,10524,19923,282625,91106,34435,13915,103279,9571,1665,24,19
2021-05-15T23:59:59+02:00,10,5,6956,6920,15389,16147,18446,21418,25020,30350,35714,38332,45485,50507,34257,44164,11166,21228,3,1,1279,1453,2953,4622,3468,6823,4704,9776,6368,8690,5615,5588,10267,13800,10524,19923,282139,91049,34434,13911,103265,9226,1652,24,19
2021-05-14T23:59:59+02:00,10,4,6783,6549,15041,15652,18131,20999,24682,29889,35469,37982,45456,50476,34247,44159,11166,21226,3,1,1220,1393,2873,4519,3419,6720,4640,9625,6285,8560,5586,5543,10254,13790,10524,19922,281073,90962,34284,13891,100953,8419,1587,24,18
2021-05-13T23:59:59+02:00,10,4,6428,6222,14284,15073,17424,20367,23822,29146,34701,37311,45169,50132,34168,44036,11162,21215,3,1,1048,1308,2678,4407,3302,6599,4499,9453,6163,8415,5543,5505,10237,13773,10520,19917,274661,90804,33951,13810,100737,7439,1301,24,17
2021-05-12T23:59:59+02:00,10,4,6030,5950,13312,14402,16403,19565,23157,28709,34393,37027,44987,49936,34137,44005,11159,21212,3,1,1045,1306,2671,4400,3284,6595,4494,9443,6155,8410,5536,5499,10235,13768,10519,19916,268413,90743,33940,13799,100733,7434,1288,24,16
2021-05-11T23:59:59+02:00,10,4,5652,5725,12722,13951,14601,18124,20204,26184,32078,34699,43932,48676,33812,43533,11130,21162,3,0,983,1231,2553,4226,3175,6357,4376,9155,6038,8185,5464,5419,10192,13706,10511,19898,251121,90263,33661,13583,100287,6505,1106,24,15
2021-05-10T23:59:59+02:00,10,4,5502,5626,12450,13824,14247,17898,19401,25614,30703,33676,43401,48061,33754,43444,11122,21143,3,0,940,1172,2454,4061,3081,6155,4251,8892,5916,7987,5426,5387,10180,13689,10507,19889,245639,90152,33450,13523,99976,5509,791,24,15
2021-05-09T23:59:59+02:00,10,4,5099,5387,11264,13297,13246,17536,18374,25282,30158,33387,43345,47988,33728,43430,11119,21135,3,0,915,1141,2356,3954,2991,6017,4119,8716,5822,7883,5417,5373,10173,13684,10502,19885,240320,90105,33377,13481,99635,4918,433,24,14
2021-05-08T23:59:59+02:00,10,4,5087,5379,11242,13277,13220,17517,18344,25250,30117,33344,43337,47977,33727,43426,11119,21135,3,0,911,1134,2343,3947,2986,6017,4115,8710,5819,7880,5414,5370,10170,13679,10502,19885,240051,90079,33375,13481,99634,4883,428,24,14
2021-05-07T23:59:59+02:00,10,4,4986,5296,11013,13109,12934,17296,17736,24650,29167,32450,43143,47736,33671,43354,11115,21129,3,0,881,1103,2309,3892,2943,5968,4061,8656,5735,7827,5367,5322,10157,13670,10502,19884,237546,89943,31486,13477,99526,4628,218,23,14
2021-05-06T23:59:59+02:00,10,4,4573,5011,10343,12692,12175,16629,16139,23206,26619,30057,42442,46987,33504,43117,11099,21108,3,0,822,1047,2175,3645,2774,5658,3866,8183,5536,7505,5316,5268,10134,13642,10500,19878,228777,89760,28144,13163,98711,2955,60,23,14
2021-05-05T23:59:59+02:00,10,4,4264,4781,9742,12247,11455,16046,15038,22178,23766,27294,41460,45881,33221,42730,11081,21066,3,0,806,1023,2112,3520,2716,5502,3772,7972,5440,7370,5267,5213,10097,13603,10498,19875,215741,89495,27961,13025,98490,2205,50,22,14
2021-05-04T23:59:59+02:00,10,4,3915,4330,9076,11557,10683,15206,13734,20926,20161,23886,40112,44420,32847,42206,11058,21027,3,0,788,992,2043,3404,2645,5367,3679,7819,5343,7246,5228,5167,10067,13574,10496,19872,198689,89271,27943,12726,98462,1679,43,21,14
2021-05-03T23:59:59+02:00,10,4,3672,3912,8668,11064,10202,14581,13200,20271,19437,23237,39846,44168,32768,42102,11055,21012,3,0,774,962,1976,3303,2586,5259,3619,7704,5291,7159,5212,5154,10051,13556,10493,19867,192833,89127,27931,12715,98398,1087,26,21,14
2021-05-02T23:59:59+02:00,10,4,3670,3910,8648,11055,10192,14571,13179,20259,19419,23227,39843,44167,32767,42101,11054,21012,3,0,770,946,1945,3222,2539,5163,3572,7579,5271,7095,5208,5150,10050,13552,10493,19865,192738,89109,27917,12683,98391,597,21,21,13
2021-05-01T23:59:59+02:00,10,4,3667,3902,8635,11041,10183,14560,13171,20257,19406,23218,39843,44165,32767,42101,11054,21012,3,0,769,946,1944,3222,2538,5163,3572,7579,5271,7095,5208,5150,10050,13552,10492,19865,192649,89108,27915,12681,98391,597,20,21,13
2021-04-30T23:59:59+02:00,10,3,3644,3877,8590,11006,10139,14521,13109,20218,19304,23065,39574,43842,32746,42080,11053,21012,3,0,764,941,1929,3214,2537,5155,3569,7572,5269,7088,5205,5147,10046,13551,10492,19865,191722,89081,27646,12678,98385,556,19,21,13
2021-04-29T23:59:59+02:00,10,3,3374,3703,8153,10734,9591,14236,12610,19853,18567,22335,36510,40391,32484,41714,11042,20976,3,0,751,927,1880,3153,2488,5089,3503,7432,5178,6989,5165,5112,10023,13508,10490,19859,186163,88874,21809,12523,98277,123,17,20,13
2021-04-28T23:59:59+02:00,10,3,3207,3637,7886,10623,9195,14063,12230,19618,18083,21900,32723,36074,32266,41412,11029,20954,3,0,734,911,1854,3114,2443,5041,3465,7374,5112,6925,5099,5050,9971,13449,10487,19849,174993,88659,21656,12083,98232,115,12,20,12
2021-04-27T23:59:59+02:00,9,3,3126,3571,7626,10494,8843,13889,11746,19393,17604,21408,27154,29879,31890,40905,11008,20921,3,0,724,897,1822,3077,2407,4995,3411,7315,5057,6849,5049,4980,9936,13396,10483,19840,159634,88445,21634,11661,98169,112,12,20,11
2021-04-26T23:59:59+02:00,9,3,3069,3535,7482,10430,8675,13829,11515,19327,17079,21021,27118,29845,31876,40890,11008,20921,3,0,701,865,1754,3018,2339,4940,3343,7224,4959,6744,4949,4905,9857,13312,10481,19837,159048,88312,21416,10785,97137,111,12,19,11
2021-04-25T23:59:59+02:00,9,3,3032,3518,7322,10379,8439,13779,11183,19284,16246,20551,25564,28181,31822,40826,11008,20918,3,0,701,864,1748,3013,2332,4937,3337,7216,4955,6735,4946,4900,9849,13301,10481,19837,158561,88289,21407,10748,92065,95,12,19,11
2021-04-24T23:59:59+02:00,9,3,3028,3512,7307,10364,8427,13771,11169,19274,16224,20533,25518,28118,31819,40820,11007,20917,3,0,701,864,1748,3012,2332,4937,3336,7216,4955,6735,4946,4899,9847,13300,10481,19837,158349,88283,21403,10748,92037,95,12,19,11
2021-04-23T23:59:59+02:00,9,3,3011,3495,7267,10320,8380,13729,11102,19215,16163,20468,25097,27613,31786,40764,11004,20914,3,0,691,856,1730,3003,2316,4908,3285,7178,4855,6638,4806,4776,9675,13101,10475,19822,157159,87989,21266,10013,91884,94,12,19,10
2021-04-22T23:59:59+02:00,8,3,2930,3416,7074,10134,7841,13322,9893,18417,14607,19420,23079,25178,31573,40494,10985,20884,3,0,626,806,1616,2891,2189,4742,3125,7006,4671,6437,4649,4602,9163,12443,10438,19743,152342,86068,15968,8985,90919,75,12,17,10
2021-04-21T23:59:59+02:00,8,3,2878,3368,6951,10047,7630,13166,9525,18176,14136,18973,20564,22043,31273,40105,10966,20858,3,0,577,781,1536,2812,2102,4651,2998,6863,4508,6273,4465,4422,8592,11675,10392,19650,145337,84264,15195,7947,90110,67,12,16,10
2021-04-20T23:59:59+02:00,8,3,2838,3329,6845,9958,7493,13055,9273,17958,13643,18581,17172,17978,30959,39631,10949,20824,3,0,547,746,1464,2748,2016,4571,2896,6741,4373,6112,4275,4227,7722,10456,10322,19499,136481,81324,14951,7312,89037,62,12,16,8
2021-04-19T23:59:59+02:00,8,3,2823,3320,6798,9918,7440,13019,9197,17884,13505,18464,16838,17596,30925,39595,10947,20819,3,0,488,706,1344,2652,1916,4473,2761,6582,4175,5921,4020,3926,5868,8012,10103,19094,136159,75441,14754,6525,88158,58,12,16,8
2021-04-18T23:59:59+02:00,8,3,2807,3306,6720,9892,7335,12968,8999,17817,12667,18334,15425,16188,30857,39533,10943,20812,3,0,482,700,1333,2644,1901,4462,2728,6553,4114,5871,3944,3855,5454,7381,10056,19010,135937,73940,14611,6477,84038,54,12,16,8
2021-04-17T23:59:59+02:00,8,3,2797,3302,6703,9869,7305,12947,8967,17778,12634,18314,15373,16138,30803,39461,10942,20812,3,0,482,697,1333,2642,1900,4458,2724,6548,4111,5867,3943,3853,5449,7380,10055,19009,135583,73903,14610,6477,83935,54,12,16,8
2021-04-16T23:59:59+02:00,8,3,2784,3288,6669,9854,7253,12908,8892,17726,12526,18210,15125,15856,30284,38812,10939,20804,3,0,481,694,1328,2637,1891,4456,2718,6542,4103,5859,3937,3847,5432,7351,10053,19007,134052,73801,14603,6466,83259,52,12,15,8
2021-04-15T23:59:59+02:00,8,3,2730,3233,6537,9756,7063,12729,8549,17453,12049,17744,14065,14633,28160,36003,10920,20781,3,0,472,688,1324,2611,1877,4432,2695,6514,4060,5806,3880,3773,5399,7297,10045,18994,128116,73480,14328,6328,79946,43,11,15,8
2021-04-14T23:59:59+02:00,7,1,2674,3182,6443,9661,6917,12569,8275,17185,11617,17282,12883,13250,23439,29922,10899,20725,3,0,468,681,1310,2601,1864,4413,2673,6489,4018,5768,3832,3721,5337,7241,10014,18956,115715,73176,14294,6172,76897,23,11,14,7
2021-04-13T23:59:59+02:00,7,1,2623,3146,6315,9576,6764,12434,7997,16934,11192,16858,10218,10325,20348,25747,10876,20681,3,0,451,657,1263,2558,1813,4350,2565,6388,3836,5605,3620,3536,5187,7102,10005,18933,107263,72826,14100,5009,70654,19,11,14,7
2021-04-12T23:59:59+02:00,7,1,2602,3132,6255,9547,6657,12348,7804,16805,10943,16648,8856,8832,19525,24771,10874,20672,3,0,445,649,1243,2541,1796,4325,2531,6348,3786,5553,3556,3488,5152,7061,10000,18911,107133,72686,14045,4668,65076,16,11,14,7
2021-04-11T23:59:59+02:00,7,1,2575,3122,6159,9521,6541,12311,7639,16754,10744,16546,7581,7555,17794,22793,10872,20669,3,0,445,649,1242,2539,1796,4325,2531,6348,3782,5548,3551,3487,5146,7059,10000,18911,107064,72675,14038,4656,58058,14,10,14,7
2021-04-10T23:59:59+02:00,7,1,2574,3120,6150,9516,6532,12306,7633,16749,10737,16538,7572,7543,17784,22786,10872,20669,3,0,445,645,1239,2536,1795,4322,2529,6344,3779,5547,3542,3473,5138,7044,10000,18911,106979,72613,14038,4649,58049,14,9,14,7
2021-04-09T23:59:59+02:00,7,1,2512,3022,6015,9309,6377,12044,7375,16342,10425,16043,7415,7339,17667,22607,10871,20667,3,0,440,640,1221,2523,1769,4304,2496,6294,3700,5465,3424,3363,4996,6948,9995,18909,106504,72523,14008,3939,55503,12,9,14,7
2021-04-08T23:59:59+02:00,7,1,2434,2950,5920,9189,6274,11914,7204,16157,10169,15854,7217,7079,16398,21147,10860,20636,3,0,433,634,1206,2489,1743,4267,2468,6222,3646,5399,3346,3316,4915,6843,9973,18863,102841,72071,13654,3668,54892,11,9,14,7
2021-04-07T23:59:59+02:00,7,1,2407,2914,5847,9117,6182,11839,7071,16057,9926,15703,6919,6752,14069,18196,10839,20589,3,0,427,632,1195,2476,1730,4243,2454,6182,3578,5340,3274,3263,4856,6781,9964,18833,96666,71784,13494,3421,54253,10,9,13,7
2021-04-06T23:59:59+02:00,7,1,2390,2884,5750,9050,6092,11760,6917,15944,9686,15521,6563,6388,11957,15577,10812,20530,3,0,423,625,1187,2449,1719,4220,2428,6144,3513,5276,3188,3213,4810,6728,9958,18815,91608,71538,13194,3137,53007,10,7,13,7
2021-04-05T23:59:59+02:00,7,1,2382,2874,5731,9033,6081,11741,6903,15924,9666,15495,6437,6288,10677,14282,10811,20529,3,0,419,618,1183,2434,1713,4204,2412,6112,3480,5235,3159,3175,4789,6683,9951,18797,91523,71345,13157,3000,50163,9,6,13,7
2021-04-04T23:59:59+02:00,7,1,2382,2874,5728,9029,6079,11741,6901,15924,9664,15494,6432,6283,10677,14280,10811,20529,3,0,419,617,1183,2433,1713,4204,2411,6112,3480,5235,3158,3175,4786,6683,9950,18796,91514,71337,13154,2999,50150,9,6,12,7
2021-04-03T23:59:59+02:00,7,1,2379,2867,5721,9021,6073,11736,6898,15920,9661,15491,6429,6278,10670,14277,10811,20529,3,0,419,617,1183,2433,1713,4204,2411,6112,3480,5234,3158,3175,4786,6683,9950,18796,91456,71336,13152,2999,50143,9,6,12,7
2021-04-02T23:59:59+02:00,7,1,2376,2865,5716,9014,6071,11733,6894,15919,9657,15489,6425,6271,10655,14248,10810,20528,3,0,417,615,1182,2433,1712,4203,2409,6112,3479,5227,3133,3158,4776,6674,9950,18796,91371,71259,13149,2998,50142,9,6,11,7
2021-04-01T23:59:59+02:00,7,1,2355,2862,5685,8984,6028,11690,6852,15864,9602,15433,6331,6174,10359,13899,10787,20479,3,0,415,599,1179,2427,1705,4191,2393,6095,3452,5206,3067,3109,4713,6598,9872,18678,90379,70686,13126,2995,49871,9,5,11,7
2021-03-31T23:59:59+02:00,7,1,2322,2835,5610,8916,5959,11595,6750,15752,9468,15299,6188,6031,9807,13150,10740,20385,3,0,410,593,1173,2415,1699,4175,2386,6082,3432,5172,3035,3076,4663,6539,9814,18576,88387,70232,12910,2993,49504,9,3,11,6
2021-03-30T23:59:59+02:00,7,1,2302,2818,5563,8857,5896,11520,6677,15653,9371,15156,6000,5817,8893,11802,10662,20201,3,0,408,589,1169,2411,1686,4158,2368,6060,3398,5128,2977,3007,4572,6441,9682,18334,85289,69523,12530,2851,49365,9,3,9,5
2021-03-29T23:59:59+02:00,6,1,2235,2763,5461,8744,5786,11373,6509,15422,9135,14901,5641,5442,6941,9267,10435,19771,3,0,400,586,1158,2400,1672,4146,2343,6033,3368,5072,2907,2940,4449,6335,9474,17994,79166,68551,11722,2712,48934,9,3,8,5
2021-03-28T23:59:59+02:00,6,1,2213,2750,5417,8683,5711,11295,6421,15336,9017,14781,5515,5289,6294,8328,10368,19653,3,0,390,578,1142,2384,1645,4119,2296,5973,3312,4982,2823,2860,4335,6196,9398,17854,76852,68092,11463,2186,48752,5,3,8,4
2021-03-27T23:59:59+01:00,6,1,2212,2743,5409,8677,5707,11280,6406,15314,9006,14769,5487,5262,6283,8324,10368,19651,3,0,390,578,1140,2383,1644,4114,2292,5970,3303,4975,2817,2857,4319,6171,9316,17705,76744,67780,11463,2185,48687,5,3,8,4
2021-03-26T23:59:59+01:00,6,1,2195,2722,5372,8638,5668,11230,6329,15244,8856,14619,5322,5113,6113,8143,10365,19642,3,0,386,570,1132,2370,1628,4085,2264,5934,3269,4921,2756,2793,4130,5911,8599,16506,76398,65098,10626,2147,48543,5,3,8,4
2021-03-25T23:59:59+01:00,6,0,2078,2642,5195,8423,5468,10953,6121,14940,8615,14331,5159,4960,6016,8021,10362,19634,3,0,377,555,1112,2344,1605,4055,2218,5876,3194,4842,2657,2686,3752,5416,7436,14732,75940,60923,9673,1927,47301,4,2,8,4
2021-03-24T23:59:59+01:00,6,0,1993,2594,5044,8262,5308,10759,5955,14701,8408,14100,5019,4801,5902,7903,10356,19623,3,0,373,543,1099,2316,1572,4000,2159,5810,3105,4742,2520,2572,3320,4798,6016,12482,75560,55844,8509,1576,46655,4,2,8,4
2021-03-23T23:59:59+01:00,6,0,1916,2543,4933,8139,5208,10618,5834,14510,8290,13931,4936,4717,5835,7843,10349,19604,3,0,362,517,1080,2281,1539,3942,2115,5720,3023,4650,2431,2478,2866,4153,4063,9197,75164,48984,7764,1427,46274,3,2,8,4
2021-03-22T23:59:59+01:00,6,0,1854,2479,4796,8004,5074,10441,5674,14277,8098,13718,4829,4602,5765,7735,10332,19563,2,0,335,500,1052,2243,1494,3868,2049,5610,2921,4499,2314,2325,2334,3454,1464,4938,74660,40208,6726,1187,45851,1,2,8,4
2021-03-21T23:59:59+01:00,6,0,1852,2473,4785,7990,5060,10430,5658,14260,8068,13693,4807,4587,5748,7723,10327,19562,2,0,334,500,1047,2229,1485,3839,2031,5572,2896,4449,2273,2276,2292,3413,1447,4892,74635,40066,6674,904,45710,1,2,8,4
2021-03-20T23:59:59+01:00,6,0,1852,2473,4783,7989,5059,10428,5657,14259,8060,13687,4806,4586,5740,7714,10327,19562,2,0,334,499,1047,2229,1485,3839,2031,5572,2894,4448,2272,2273,2292,3413,1446,4892,74621,40062,6674,899,45683,1,2,8,4
2021-03-19T23:59:59+01:00,6,0,1800,2228,4273,6708,4651,9446,5388,13701,7838,13285,4679,4486,5670,7647,10326,19562,2,0,333,499,1047,2229,1485,3838,2030,5571,2893,4448,2270,2272,2286,3406,1444,4890,74558,40044,6663,892,40463,1,2,8,4
2021-03-18T23:59:59+01:00,6,0,1745,1975,3859,5651,4122,8069,4571,11159,6477,9954,4310,4185,5465,7423,10305,19524,2,0,332,496,1040,2216,1478,3813,2003,5532,2868,4424,2249,2256,2261,3377,1439,4881,74122,39852,6599,808,28070,1,2,7,4
2021-03-17T23:59:59+01:00,6,0,1739,1966,3847,5625,4105,8039,4547,11094,6426,9880,4271,4138,5422,7377,10297,19496,1,0,329,495,1036,2208,1472,3804,1996,5517,2858,4397,2222,2227,2239,3362,1432,4865,73851,39694,6535,759,27880,1,2,7,4
2021-03-16T23:59:59+01:00,6,0,1715,1933,3788,5543,4035,7933,4419,10932,6218,9683,4047,3948,5279,7218,10290,19472,1,0,326,491,1035,2189,1467,3791,1987,5501,2849,4377,2213,2212,2226,3332,1423,4834,73538,39518,5258,729,27654,1,2,7,4
2021-03-15T23:59:59+01:00,6,0,1705,1913,3764,5506,4009,7895,4368,10863,6139,9597,3960,3881,5222,7156,10281,19445,1,0,323,487,1026,2173,1459,3785,1971,5465,2831,4349,2198,2180,2201,3267,1412,4795,73305,39297,4890,621,27508,1,0,7,4
2021-03-14T23:59:59+01:00,6,0,1699,1903,3755,5496,4004,7878,4359,10832,6130,9574,3952,3870,5216,7148,10280,19443,1,0,323,487,1024,2173,1454,3782,1968,5463,2813,4343,2192,2177,2190,3256,1407,4793,73269,39289,4872,552,27397,1,0,7,4
2021-03-13T23:59:59+01:00,6,0,1695,1897,3740,5473,3997,7868,4339,10821,6116,9558,3949,3867,5213,7145,10280,19443,1,0,323,487,1024,2173,1454,3782,1968,5462,2813,4342,2191,2176,2190,3254,1398,4788,73244,39269,4867,552,27289,1,0,7,4
2021-03-12T23:59:59+01:00,5,0,1658,1839,3231,5327,3481,7751,4205,10696,5890,9267,3779,3720,5071,7032,10254,19395,1,0,318,465,1020,2143,1446,3757,1949,5391,2760,4258,2012,2022,2130,3205,1391,4782,73023,38502,4133,544,25438,0,0,7,4
2021-03-11T23:59:59+01:00,5,0,1551,1700,2848,5067,3043,7494,3924,10281,5257,8375,3551,3545,4963,6911,10214,19339,1,0,317,464,1017,2130,1443,3737,1942,5372,2751,4241,2005,2014,2115,3188,1386,4762,72438,38377,3868,504,21756,0,0,6,4
2021-03-10T23:59:59+01:00,5,0,1519,1666,2809,5022,3005,7435,3867,10193,5147,8258,3425,3439,4845,6797,10166,19272,1,0,315,463,1016,2127,1439,3726,1938,5358,2739,4221,1986,2006,2088,3155,1376,4747,72018,38290,3536,407,21310,0,0,6,4
2021-03-09T23:59:59+01:00,5,0,1509,1650,2772,4994,2983,7391,3828,10133,5065,8179,3324,3352,4762,6708,10057,19060,1,0,312,462,1012,2120,1432,3713,1912,5336,2697,4191,1943,1981,2034,3126,1364,4737,71411,38259,3264,110,21091,0,0,6,4
2021-03-08T23:59:59+01:00,5,0,1493,1635,2743,4965,2954,7360,3805,10085,5041,8117,3282,3312,4685,6644,9876,18756,1,0,311,462,1010,2116,1424,3697,1895,5302,2678,4163,1924,1962,2007,3103,1357,4718,70605,38108,3255,18,20892,0,0,6,4
2021-03-07T23:59:59+01:00,5,0,1480,1624,2713,4922,2919,7312,3770,10024,4999,8058,3247,3278,4619,6542,9798,18610,1,0,311,461,1009,2115,1423,3691,1892,5292,2677,4158,1920,1959,2003,3099,1353,4709,70063,38053,3201,16,20650,0,0,6,4
2021-03-06T23:59:59+01:00,5,0,1479,1623,2708,4910,2916,7303,3762,10017,4981,8042,3237,3268,4596,6503,9707,18438,1,0,311,461,1007,2112,1423,3689,1886,5283,2675,4156,1915,1952,1998,3097,1352,4706,69667,38005,3201,16,20621,0,0,6,3
2021-03-05T23:59:59+01:00,5,0,1406,1547,2609,4749,2859,7144,3677,9810,4881,7847,3187,3208,4376,6213,8987,17228,1,0,311,461,1005,2110,1419,3684,1884,5282,2672,4150,1907,1948,1993,3094,1347,4702,66975,37951,3198,16,19554,0,0,6,3
2021-03-04T23:59:59+01:00,5,0,1234,1441,2443,4550,2690,6873,3509,9466,4623,7506,3071,3082,4011,5754,7793,15384,1,0,309,453,996,2087,1403,3644,1856,5229,2644,4102,1879,1923,1960,3039,1319,4656,62710,37481,3195,16,17524,0,0,6,3
2021-03-03T23:59:59+01:00,5,0,1200,1387,2367,4442,2629,6750,3423,9299,4526,7363,2984,3012,3628,5148,6374,13149,1,0,305,444,985,2064,1391,3616,1842,5179,2589,4047,1829,1887,1932,3006,1303,4627,57562,37028,3167,16,16952,0,0,5,3
2021-03-02T23:59:59+01:00,5,0,1167,1348,2306,4383,2580,6658,3341,9175,4389,7214,2869,2887,3139,4477,4324,9739,1,0,300,435,980,2037,1378,3574,1827,5124,2557,4020,1819,1871,1912,2977,1289,4599,50414,36681,2916,16,16667,0,0,4,3
2021-03-01T23:59:59+01:00,5,0,1108,1319,2244,4321,2507,6572,3246,9047,4247,7026,2735,2750,2565,3727,1545,5195,1,0,299,432,973,2025,1367,3556,1819,5109,2544,4004,1801,1860,1896,2958,1278,4570,41196,36473,2524,16,16435,0,0,4,3
2021-02-28T23:59:59+01:00,5,0,1072,1304,2203,4286,2477,6527,3198,8990,4185,6967,2670,2702,2516,3696,1537,5175,1,0,299,431,970,2018,1365,3543,1816,5095,2538,3995,1794,1849,1883,2946,1270,4555,41099,36349,2231,16,16176,0,0,4,3
2021-02-27T23:59:59+01:00,5,0,1031,1222,2135,4045,2419,6293,3135,8692,4095,6714,2615,2645,2496,3672,1534,5175,1,0,299,431,969,2018,1365,3543,1816,5094,2537,3995,1794,1848,1881,2946,1270,4555,40992,36343,2230,16,14697,0,0,4,3
2021-02-26T23:59:59+01:00,4,0,865,970,1937,3656,2257,5633,2919,7776,3785,5925,2567,2591,2477,3656,1530,5173,1,0,299,431,969,2015,1363,3541,1814,5093,2535,3994,1794,1845,1874,2945,1268,4548,40974,36310,2141,16,10602,0,0,4,3
2021-02-25T23:59:59+01:00,4,0,530,814,1660,3456,2078,5328,2723,7379,3558,5624,2485,2511,2436,3595,1526,5158,1,0,290,410,944,1964,1332,3470,1782,5012,2506,3930,1769,1817,1834,2899,1239,4507,40778,35690,1879,13,8205,0,0,3,3
2021-02-24T23:59:59+01:00,3,0,509,795,1625,3358,2016,5197,2663,7197,3492,5483,2417,2464,2399,3566,1516,5122,1,0,281,405,928,1933,1318,3416,1769,4951,2482,3886,1758,1799,1825,2880,1227,4476,40584,35328,1708,4,7527,0,0,3,3
2021-02-23T23:59:59+01:00,3,0,488,757,1565,3255,1961,5056,2585,7065,3407,5378,2357,2406,2360,3508,1501,5087,1,0,279,401,923,1917,1311,3386,1760,4919,2461,3853,1738,1779,1805,2844,1211,4420,40429,35002,1435,3,6872,0,0,3,3
2021-02-22T23:59:59+01:00,2,0,472,726,1511,3156,1921,4917,2526,6846,3346,5234,2347,2307,2344,3428,1495,5042,1,0,278,398,920,1905,1303,3359,1742,4883,2446,3823,1719,1760,1777,2813,1196,4371,40213,34690,1169,1,6235,0,0,3,3
2021-02-21T23:59:59+01:00,2,0,463,687,1453,3012,1873,4767,2473,6686,3264,5130,2311,2274,2316,3408,1485,5036,1,0,278,397,917,1897,1302,3350,1737,4873,2442,3814,1717,1758,1776,2811,1196,4370,40169,34632,936,1,5532,0,0,3,3
2021-02-20T23:59:59+01:00,2,0,457,681,1444,3008,1868,4767,2470,6683,3259,5126,2308,2273,2316,3407,1483,5036,1,0,278,397,917,1896,1302,3349,1737,4873,2440,3813,1716,1757,1773,2811,1195,4368,40164,34619,931,1,5490,0,0,3,3
2021-02-19T23:59:59+01:00,1,0,434,644,1415,2946,1840,4711,2429,6583,3172,5008,2128,2111,2252,3358,1478,5030,1,0,276,396,916,1894,1301,3348,1737,4868,2437,3812,1715,1756,1771,2810,1195,4367,39412,34596,911,1,5214,0,0,3,3
2021-02-18T23:59:59+01:00,1,0,407,587,1310,2706,1736,4469,2291,6321,3069,4826,2099,2095,2236,3341,1473,5019,1,0,276,390,908,1860,1292,3308,1719,4820,2418,3774,1704,1745,1754,2798,1183,4347,39334,34293,837,1,3812,0,0,3,3
2021-02-17T23:59:59+01:00,1,0,390,555,1272,2575,1679,4294,2222,6080,3010,4677,2080,2076,2212,3321,1459,5009,1,0,266,373,872,1774,1249,3179,1659,4661,2343,3639,1625,1675,1678,2686,1130,4225,39178,33032,786,0,2945,0,0,3,3
2021-02-16T23:59:59+01:00,1,0,372,525,1219,2456,1629,4160,2143,5895,2930,4541,2071,2071,2204,3314,1454,4997,1,0,258,356,851,1692,1194,3042,1596,4458,2272,3461,1574,1621,1614,2584,1098,4089,39118,31758,755,0,2106,0,0,3,3
2021-02-15T23:59:59+01:00,1,0,362,503,1147,2316,1584,4085,2111,5841,2902,4500,2052,2055,2179,3283,1446,4976,1,0,252,337,828,1647,1162,2966,1540,4321,2199,3341,1498,1556,1556,2472,1051,3900,39010,30624,640,0,1690,0,0,3,3
2021-02-14T23:59:59+01:00,1,0,353,497,1123,2260,1521,3924,2070,5748,2871,4461,2046,2052,2167,3273,1443,4969,1,0,246,332,810,1619,1146,2926,1498,4269,2161,3311,1482,1535,1531,2435,1034,3854,38991,30187,571,0,1214,0,0,3,3
2021-02-13T23:59:59+01:00,1,0,353,497,1122,2260,1521,3923,2068,5747,2871,4461,2045,2050,2166,3273,1442,4966,1,0,246,332,810,1619,1146,2926,1497,4267,2160,3311,1480,1532,1530,2434,1034,3853,38980,30176,571,0,1213,0,0,2,2
2021-02-12T23:59:59+01:00,1,0,345,494,1104,2252,1516,3910,2063,5739,2868,4455,2031,2040,2160,3260,1437,4963,1,0,244,331,804,1614,1140,2917,1481,4249,2141,3298,1467,1516,1515,2402,1027,3816,38914,29962,563,0,1159,0,0,2,1
2021-02-11T23:59:59+01:00,1,0,322,470,1041,2156,1463,3783,1969,5475,2784,4336,2000,2007,2120,3192,1407,4905,1,0,224,303,755,1509,1060,2693,1356,3892,1952,2991,1278,1303,1342,2122,913,3445,38514,27138,526,0,389,0,0,2,1
2021-02-10T23:59:59+01:00,1,0,316,461,1019,2116,1424,3705,1915,5314,2690,4156,1929,1957,2072,3150,1385,4879,1,0,199,260,662,1321,932,2305,1170,3289,1708,2571,1115,1125,1190,1871,794,3082,38099,23594,386,0,2,0,0,2,1
2021-02-09T23:59:59+01:00,1,0,310,450,1011,2085,1409,3653,1871,5248,2624,4101,1871,1917,2000,3095,1364,4857,1,0,166,200,561,1060,782,1858,964,2679,1438,2157,963,964,991,1580,670,2633,37798,19666,65,0,2,0,0,2,1
2021-02-08T23:59:59+01:00,1,0,308,448,1008,2078,1398,3637,1863,5225,2604,4084,1857,1906,1981,3077,1358,4832,1,0,116,165,460,845,618,1439,766,2031,1160,1670,770,788,790,1246,533,2151,37641,15548,20,0,2,0,0,2,1
2021-02-07T23:59:59+01:00,1,0,308,448,1006,2077,1397,3632,1860,5222,2597,4081,1851,1897,1965,3069,1354,4824,1,0,106,146,411,701,544,1264,686,1815,1063,1522,694,707,707,1122,456,1908,37570,13852,17,0,0,0,0,2,1
2021-02-06T23:59:59+01:00,1,0,308,448,1005,2076,1397,3629,1860,5220,2597,4078,1851,1896,1960,3067,1351,4822,1,0,105,145,406,698,539,1240,670,1796,1052,1500,691,703,702,1118,455,1904,37547,13725,17,0,0,0,0,2,0
2021-02-05T23:59:59+01:00,1,0,308,447,1003,2073,1393,3620,1856,5206,2591,4072,1850,1895,1952,3059,1341,4808,1,0,101,137,390,680,522,1210,638,1744,1002,1437,654,652,653,1044,428,1810,37456,13103,17,0,0,0,0,2,0
2021-02-04T23:59:59+01:00,1,0,300,430,992,2043,1374,3566,1836,5129,2576,4024,1834,1874,1925,3024,1321,4775,1,0,76,106,289,459,362,818,455,1182,690,978,508,476,506,825,340,1450,37005,9521,17,0,0,0,0,2,0
2021-02-03T23:59:59+01:00,1,0,296,421,973,2017,1358,3528,1822,5080,2542,3981,1814,1851,1910,3000,1307,4758,1,0,60,82,243,391,292,639,346,924,532,729,340,331,368,586,248,1063,36640,7175,17,0,0,0,0,2,0
2021-02-02T23:59:59+01:00,1,0,291,414,967,1988,1350,3495,1811,5033,2519,3946,1796,1835,1882,2959,1285,4707,0,0,40,63,186,309,244,486,265,739,384,560,236,214,234,391,168,699,36260,5218,17,0,0,0,0,2,0
2021-02-01T23:59:59+01:00,1,0,290,411,962,1980,1347,3480,1803,5012,2510,3927,1788,1824,1867,2944,1280,4693,0,0,20,39,137,223,168,312,169,490,240,323,119,109,102,189,78,313,36100,3031,17,0,0,0,0,2,0
2021-01-31T23:59:59+01:00,1,0,289,410,960,1972,1344,3471,1800,4993,2506,3912,1784,1816,1863,2936,1277,4683,0,0,19,34,119,195,151,271,152,411,203,278,100,95,94,161,70,274,35998,2627,17,0,0,0,0,2,0
2021-01-30T23:59:59+01:00,1,0,289,410,960,1972,1344,3471,1800,4993,2506,3912,1783,1816,1863,2935,1277,4682,0,0,19,34,118,195,151,268,149,408,202,278,99,94,94,161,70,274,35995,2614,17,0,0,0,0,2,0
2021-01-29T23:59:59+01:00,1,0,287,407,959,1970,1343,3463,1794,4984,2503,3909,1777,1809,1854,2923,1270,4660,0,0,17,33,116,186,142,260,137,380,170,251,72,70,84,139,63,238,35894,2358,17,0,0,0,0,2,0
2021-01-28T23:59:59+01:00,1,0,284,398,940,1915,1319,3399,1769,4922,2475,3846,1755,1788,1822,2892,1251,4624,0,0,1,0,10,19,8,20,11,45,8,22,6,4,7,10,3,15,35383,189,15,0,0,0,0,2,0
2021-01-27T23:59:59+01:00,1,0,278,380,907,1834,1284,3285,1708,4799,2415,3746,1698,1739,1777,2824,1212,4535,0,0,1,0,4,6,5,12,7,19,4,12,5,4,7,10,3,14,34409,113,11,0,0,0,0,2,0
2021-01-26T23:59:59+01:00,1,0,273,370,897,1819,1270,3245,1690,4743,2385,3679,1665,1707,1738,2752,1194,4444,0,0,1,0,4,6,5,12,7,19,4,12,5,4,7,10,3,14,33863,113,7,0,0,0,0,2,0
2021-01-25T23:59:59+01:00,1,0,262,346,855,1700,1200,3081,1599,4472,2279,3471,1604,1654,1681,2664,1144,4258,0,0,1,0,1,3,1,4,4,2,4,5,5,4,6,9,2,14,32266,65,3,0,0,0,0,2,0
2021-01-24T23:59:59+01:00,1,0,259,343,844,1680,1190,3058,1568,4439,2253,3450,1593,1645,1669,2652,1138,4250,0,0,1,0,1,2,1,4,4,2,4,5,5,4,6,9,2,14,32027,64,3,0,0,0,0,2,0
2021-01-23T23:59:59+01:00,1,0,259,343,843,1680,1189,3057,1568,4435,2252,3449,1592,1645,1668,2651,1137,4245,0,0,1,0,1,2,1,4,4,2,4,5,5,4,6,9,2,14,32009,64,3,0,0,0,0,2,0
2021-01-22T23:59:59+01:00,1,0,258,341,837,1677,1185,3052,1565,4428,2239,3444,1580,1633,1662,2632,1131,4223,0,0,1,0,1,2,1,4,4,2,4,5,5,4,6,9,2,14,31884,64,3,0,0,0,0,1,0
2021-01-21T23:59:59+01:00,1,0,247,331,810,1610,1160,2925,1509,4266,2159,3309,1481,1529,1525,2464,1047,4033,0,0,1,0,1,2,1,4,4,2,4,5,4,3,5,9,1,14,30402,60,3,0,0,0,0,1,0
2021-01-20T23:59:59+01:00,1,0,225,290,736,1454,1069,2608,1376,3807,1985,2954,1358,1381,1401,2265,969,3793,0,0,1,0,1,2,1,4,4,2,3,5,4,3,5,9,1,14,27669,59,2,0,0,0,0,1,0
2021-01-19T23:59:59+01:00,1,0,194,233,635,1206,924,2163,1153,3190,1695,2523,1174,1176,1166,1921,807,3221,0,0,1,0,1,1,1,2,4,1,2,5,4,3,5,9,1,14,23380,54,2,0,0,0,0,0,0
2021-01-18T23:59:59+01:00,1,0,137,185,502,946,713,1647,885,2323,1319,1913,912,944,931,1515,631,2570,0,0,0,0,0,0,0,0,0,0,1,2,2,1,0,0,0,0,18073,6,1,0,0,0,0,0,0
2021-01-17T23:59:59+01:00,1,0,123,160,443,774,628,1424,783,2070,1204,1724,846,865,847,1377,557,2350,0,0,0,0,0,0,0,0,0,0,0,1,0,0,0,0,0,0,16176,1,0,0,0,0,0,0,0
2021-01-16T23:59:59+01:00,1,0,122,159,439,773,626,1416,773,2066,1195,1718,844,860,842,1366,549,2334,0,0,0,0,0,0,0,0,0,0,0,0,0,0,0,0,0,0,16083,0,0,0,0,0,0,0,0
2021-01-15T23:59:59+01:00,1,0,111,152,426,752,599,1377,741,1988,1133,1636,800,806,795,1277,518,2209,0,0,0,0,0,0,0,0,0,0,0,0,0,0,0,0,0,0,15321,0,0,0,0,0,0,0,0
2021-01-14T23:59:59+01:00,1,0,77,113,305,486,398,892,512,1282,776,1074,585,558,578,942,401,1682,0,0,0,0,0,0,0,0,0,0,0,0,0,0,0,0,0,0,10662,0,0,0,0,0,0,0,0
2021-01-13T23:59:59+01:00,1,0,60,86,254,408,322,675,379,981,569,766,369,355,392,638,286,1173,0,0,0,0,0,0,0,0,0,0,0,0,0,0,0,0,0,0,7714,0,0,0,0,0,0,0,0
2021-01-12T23:59:59+01:00,0,0,49,70,207,349,258,547,279,807,413,599,248,226,243,425,192,785,0,0,0,0,0,0,0,0,0,0,0,0,0,0,0,0,0,0,5697,0,0,0,0,0,0,0,0
2021-01-11T23:59:59+01:00,0,0,33,51,179,299,211,444,220,647,303,422,151,131,139,259,106,451,0,0,0,0,0,0,0,0,0,0,0,0,0,0,0,0,0,0,4046,0,0,0,0,0,0,0,0
2021-01-10T23:59:59+01:00,0,0,25,42,157,250,182,366,179,536,254,361,130,110,124,214,94,362,0,0,0,0,0,0,0,0,0,0,0,0,0,0,0,0,0,0,3386,0,0,0,0,0,0,0,0
2021-01-09T23:59:59+01:00,0,0,25,42,156,248,181,363,177,530,253,360,129,109,124,214,94,362,0,0,0,0,0,0,0,0,0,0,0,0,0,0,0,0,0,0,3367,0,0,0,0,0,0,0,0
2021-01-08T23:59:59+01:00,0,0,23,40,153,239,173,353,164,499,223,334,105,93,118,198,87,335,0,0,0,0,0,0,0,0,0,0,0,0,0,0,0,0,0,0,3137,0,0,0,0,0,0,0,0
2021-01-07T23:59:59+01:00,0,0,2,0,4,9,8,15,10,7,18,11,10,11,14,21,3,35,0,0,0,0,0,0,0,0,0,0,0,0,0,0,0,0,0,0,178,0,0,0,0,0,0,0,0
2021-01-06T23:59:59+01:00,0,0,1,0,1,3,1,7,5,2,4,6,6,4,7,10,1,16,0,0,0,0,0,0,0,0,0,0,0,0,0,0,0,0,0,0,74,0,0,0,0,0,0,0,0
2021-01-05T23:59:59+01:00,0,0,1,0,1,3,1,6,5,2,4,5,6,4,6,10,1,15,0,0,0,0,0,0,0,0,0,0,0,0,0,0,0,0,0,0,70,0,0,0,0,0,0,0,0
2021-01-04T23:59:59+01:00,0,0,1,0,1,3,1,5,4,2,4,5,6,4,5,9,1,15,0,0,0,0,0,0,0,0,0,0,0,0,0,0,0,0,0,0,66,0,0,0,0,0,0,0,0
2021-01-03T23:59:59+01:00,0,0,1,0,1,2,1,5,4,2,4,5,5,4,5,9,1,15,0,0,0,0,0,0,0,0,0,0,0,0,0,0,0,0,0,0,64,0,0,0,0,0,0,0,0
2021-01-02T23:59:59+01:00,0,0,1,0,1,2,1,5,4,2,4,5,5,4,5,9,1,15,0,0,0,0,0,0,0,0,0,0,0,0,0,0,0,0,0,0,64,0,0,0,0,0,0,0,0
2021-01-01T23:59:59+01:00,0,0,1,0,1,2,1,4,4,2,4,5,5,4,5,9,1,15,0,0,0,0,0,0,0,0,0,0,0,0,0,0,0,0,0,0,63,0,0,0,0,0,0,0,0
2020-12-31T23:59:59+01:00,0,0,1,0,1,2,1,4,4,2,4,5,5,4,5,9,1,15,0,0,0,0,0,0,0,0,0,0,0,0,0,0,0,0,0,0,63,0,0,0,0,0,0,0,0
2020-12-30T23:59:59+01:00,0,0,1,0,1,2,1,4,4,2,3,5,5,4,5,9,1,15,0,0,0,0,0,0,0,0,0,0,0,0,0,0,0,0,0,0,62,0,0,0,0,0,0,0,0
2020-12-29T23:59:59+01:00,0,0,0,0,1,1,1,2,4,1,2,5,5,4,5,9,1,15,0,0,0,0,0,0,0,0,0,0,0,0,0,0,0,0,0,0,56,0,0,0,0,0,0,0,0
2020-12-28T23:59:59+01:00,0,0,0,0,1,1,1,1,2,0,1,5,4,1,1,0,0,2,0,0,0,0,0,0,0,0,0,0,0,0,0,0,0,0,0,0,20,0,0,0,0,0,0,0,0
2020-12-27T23:59:59+01:00,0,0,0,0,1,1,1,1,2,0,0,3,2,0,1,0,0,2,0,0,0,0,0,0,0,0,0,0,0,0,0,0,0,0,0,0,14,0,0,0,0,0,0,0,0
