Datum,<15_1_m,<15_1_w,15-24_1_m,15-24_1_w,25-34_1_m,25-34_1_w,35-44_1_m,35-44_1_w,45-54_1_m,45-54_1_w,55-64_1_m,55-64_1_w,65-74_1_m,65-74_1_w,75-84_1_m,75-84_1_w,>84_1_m,>84_1_w,<15_2_m,<15_2_w,15-24_2_m,15-24_2_w,25-34_2_m,25-34_2_w,35-44_2_m,35-44_2_w,45-54_2_m,45-54_2_w,55-64_2_m,55-64_2_w,65-74_2_m,65-74_2_w,75-84_2_m,75-84_2_w,>84_2_m,>84_2_w,bp_1,bp_2,mo_1,mo_2,az_1,az_2,ja,unb_1,unb_2
2021-11-17T23:59:59+01:00,7307,6809,45095,42448,60309,53640,59740,57391,69582,68687,77791,77219,55040,60653,37756,48868,11782,22449,5587,5230,38762,37057,53987,47977,54714,52680,65015,64356,74484,74101,53602,59052,36924,47688,11407,21694,637661,586094,79701,76980,105671,101701,39495,44,47
2021-11-16T23:59:59+01:00,7177,6704,44863,42258,60071,53392,59535,57196,69411,68518,77664,77082,54975,60585,37727,48821,11770,22425,5525,5182,38611,36918,53864,47850,54617,52585,64926,64271,74407,74034,53570,59008,36894,47661,11405,21683,635302,584811,79678,76967,105671,101701,39485,44,47
2021-11-15T23:59:59+01:00,7033,6581,44341,41865,59632,53029,59237,56926,69142,68297,77472,76906,54911,60509,37684,48775,11767,22416,5481,5134,38420,36748,53662,47691,54438,52456,64789,64153,74329,73964,53543,58974,36886,47641,11403,21674,631745,583272,79657,76954,105671,101701,39412,44,47
2021-11-14T23:59:59+01:00,6956,6513,44101,41693,59425,52850,59050,56775,68994,68169,77366,76836,54888,60476,37673,48759,11764,22409,5437,5090,38252,36617,53483,47541,54305,52354,64666,64058,74273,73894,53511,58951,36878,47622,11402,21669,629946,581903,79638,76948,105671,101701,39404,44,47
2021-11-13T23:59:59+01:00,6952,6507,44086,41682,59410,52837,59040,56765,68988,68163,77354,76832,54886,60475,37672,48757,11763,22409,5437,5088,38251,36617,53481,47541,54301,52350,64662,64053,74267,73891,53506,58947,36876,47613,11400,21668,629831,581849,79637,76948,105668,101701,39404,44,47
2021-11-12T23:59:59+01:00,6897,6468,43956,41554,59274,52745,58926,56662,68902,68100,77290,76794,54873,60461,37666,48745,11758,22404,5434,5080,38227,36599,53458,47527,54277,52338,64640,64040,74251,73880,53500,58941,36874,47610,11398,21666,628768,581669,79624,76946,105668,101701,39377,44,47
2021-11-11T23:59:59+01:00,6728,6281,43294,41045,58672,52238,58463,56293,68532,67770,77013,76607,54811,60392,37639,48706,11749,22393,5380,5019,38045,36469,53312,47394,54157,52230,64527,63941,74174,73832,53468,58912,36862,47591,11397,21655,624106,580459,79582,76923,105665,101701,39235,44,47
2021-11-10T23:59:59+01:00,6627,6190,42885,40751,58271,51891,58164,56050,68278,67519,76836,76442,54742,60327,37616,48668,11741,22382,5360,4993,37951,36409,53238,47320,54091,52157,64474,63885,74114,73792,53438,58878,36844,47569,11392,21648,620980,579766,79567,76911,105665,101699,39130,44,47
2021-11-09T23:59:59+01:00,6557,6139,42783,40663,58146,51752,58049,55917,68150,67406,76755,76347,54700,60285,37602,48642,11734,22366,5334,4967,37877,36365,53192,47260,54039,52070,64418,63807,74036,73715,53407,58841,36826,47543,11385,21629,619635,579128,79534,76716,105664,101698,39122,44,47
2021-11-08T23:59:59+01:00,6420,6027,42058,40013,57412,51157,57502,55480,67740,67027,76477,76078,54581,60195,37574,48601,11727,22352,5305,4945,37773,36266,53034,47142,53952,51990,64349,63721,73955,73658,53378,58807,36815,47527,11382,21624,614361,578329,79514,76704,105663,101698,38845,44,47
2021-11-07T23:59:59+01:00,6365,5991,41896,39877,57226,51005,57362,55371,67643,66954,76426,76029,54563,60175,37565,48597,11725,22348,5288,4930,37699,36194,52962,47061,53897,51947,64320,63671,73930,73635,53367,58795,36807,47522,11381,21617,613119,577762,79463,76682,105663,101697,38835,44,47
2021-11-06T23:59:59+01:00,6360,5982,41879,39859,57206,50992,57347,55361,67634,66945,76420,76026,54561,60175,37563,48597,11725,22347,5286,4930,37698,36192,52960,47058,53895,51945,64315,63670,73928,73633,53365,58793,36807,47521,11381,21617,612984,577737,79462,76681,105663,101697,38832,44,47
2021-11-05T23:59:59+01:00,6344,5962,41839,39830,57169,50942,57300,55331,67610,66927,76392,76013,54557,60169,37560,48595,11725,22345,5278,4925,37674,36184,52951,47047,53887,51938,64303,63658,73921,73624,53361,58791,36805,47517,11381,21617,612640,577630,79459,76678,105663,101697,38810,44,47
2021-11-04T23:59:59+01:00,6221,5819,41306,39347,56585,50482,56855,54968,67189,66604,76178,75874,54519,60121,37547,48564,11719,22337,5218,4862,37470,36046,52750,46900,53714,51807,64143,63539,73820,73555,53329,58766,36791,47498,11370,21611,608831,576481,79391,76652,105662,101696,38313,44,47
2021-11-03T23:59:59+01:00,6186,5774,41212,39281,56471,50387,56762,54887,67118,66538,76133,75831,54509,60102,37539,48548,11714,22332,5174,4828,37398,35984,52701,46852,53671,51751,64097,63496,73778,73518,53313,58741,36779,47479,11366,21603,607967,575855,79371,76647,105661,101693,38287,44,47
2021-11-02T23:59:59+01:00,6139,5725,41081,39170,56306,50268,56646,54781,66992,66460,76064,75772,54484,60078,37526,48536,11713,22322,5103,4756,37265,35832,52550,46696,53555,51631,64011,63396,73693,73432,53267,58698,36760,47446,11363,21593,606757,574440,79351,76612,105661,101693,38255,44,47
2021-11-01T23:59:59+01:00,6055,5647,40590,38802,55783,49920,56284,54527,66713,66258,75924,75681,54449,60050,37519,48529,11710,22314,5070,4715,37125,35717,52420,46604,53440,51547,63914,63334,73631,73387,53254,58685,36750,47431,11360,21586,603764,573699,79328,76571,105661,101691,37962,44,47
2021-10-31T23:59:59+01:00,6053,5647,40585,38796,55780,49917,56279,54523,66710,66255,75922,75679,54449,60050,37519,48529,11710,22314,5070,4715,37123,35714,52420,46603,53438,51546,63913,63334,73631,73387,53254,58685,36750,47431,11360,21586,603732,573692,79325,76571,105661,101691,37959,44,47
2021-10-30T23:59:59+02:00,6049,5645,40582,38796,55773,49914,56278,54521,66708,66254,75922,75677,54449,60050,37519,48529,11710,22314,5070,4715,37123,35714,52420,46602,53437,51545,63912,63333,73631,73387,53253,58685,36750,47431,11360,21586,603706,573687,79325,76571,105661,101691,37958,44,47
2021-10-29T23:59:59+02:00,6046,5639,40564,38780,55759,49896,56262,54512,66690,66247,75905,75672,54447,60047,37518,48528,11708,22314,5068,4712,37114,35702,52419,46597,53433,51540,63909,63327,73623,73379,53248,58684,36749,47428,11359,21585,603557,573617,79321,76568,105661,101689,37955,44,47
2021-10-28T23:59:59+02:00,5947,5539,40044,38424,55293,49565,55856,54211,66351,66020,75733,75565,54410,60018,37513,48508,11706,22304,5007,4665,36939,35584,52259,46482,53294,51432,63762,63246,73539,73332,53223,58658,36735,47410,11357,21578,600458,572651,79282,76547,105656,101688,37569,44,47
2021-10-27T23:59:59+02:00,5922,5518,39993,38365,55223,49510,55799,54160,66287,65992,75707,75546,54394,60006,37507,48496,11705,22298,4983,4639,36888,35544,52209,46447,53263,51396,63718,63195,73504,73306,53200,58638,36729,47399,11354,21566,599896,572153,79273,76535,105656,101682,37561,44,47
2021-10-26T23:59:59+02:00,5874,5483,39885,38271,55122,49406,55727,54094,66220,65925,75655,75506,54379,59990,37495,48482,11702,22294,4931,4596,36784,35402,52113,46362,53195,51314,63665,63134,73444,73252,53167,58617,36715,47373,11348,21552,598999,571168,79272,76527,105656,101681,37541,44,47
2021-10-25T23:59:59+02:00,5812,5415,39655,38038,54841,49204,55475,53933,66002,65782,75551,75428,54357,59960,37488,48472,11702,22291,4918,4587,36728,35341,52027,46308,53127,51274,63617,63094,73399,73221,53158,58601,36709,47368,11346,21549,597173,570856,79272,76525,105656,101681,37263,44,47
2021-10-24T23:59:59+02:00,5782,5386,39571,37954,54763,49127,55417,53895,65956,65755,75531,75409,54352,59951,37483,48469,11701,22287,4885,4571,36666,35279,51983,46263,53092,51233,63580,63065,73377,73189,53150,58588,36698,47360,11344,21547,596570,570375,79270,76518,105656,101679,37251,44,47
2021-10-23T23:59:59+02:00,5782,5386,39570,37954,54761,49127,55415,53892,65956,65755,75531,75409,54352,59950,37483,48469,11701,22287,4885,4571,36666,35278,51983,46263,53092,51231,63580,63065,73377,73189,53150,58588,36698,47360,11344,21547,596562,570373,79270,76518,105656,101679,37250,44,47
2021-10-22T23:59:59+02:00,5779,5381,39544,37936,54742,49114,55404,53885,65942,65742,75522,75402,54348,59947,37483,48467,11700,22287,4880,4562,36650,35264,51971,46243,53083,51220,63564,63058,73363,73180,53140,58581,36697,47357,11343,21545,596431,570222,79259,76517,105655,101677,37238,44,47
2021-10-21T23:59:59+02:00,5703,5302,39292,37741,54472,48926,55194,53733,65759,65621,75424,75347,54331,59930,37477,48457,11697,22281,4795,4490,36424,35057,51787,46084,52914,51089,63433,62937,73279,73121,53115,58545,36685,47339,11339,21539,594741,568745,79225,76480,105655,101676,37024,44,47
2021-10-20T23:59:59+02:00,5680,5288,39256,37715,54452,48905,55179,53705,65733,65596,75399,75329,54323,59919,37468,48442,11696,22274,4776,4470,36405,35027,51765,46052,52890,51059,63410,62915,73254,73094,53097,58522,36679,47326,11336,21532,594425,568398,79219,76470,105655,101676,37018,44,47
2021-10-19T23:59:59+02:00,5646,5258,39203,37680,54415,48865,55143,53675,65702,65564,75374,75304,54307,59898,37460,48427,11692,22271,4753,4448,36350,34980,51723,45998,52856,51020,63372,62881,73215,73054,53085,58498,36658,47311,11331,21522,593962,567859,79213,76466,105655,101671,37012,44,47
2021-10-18T23:59:59+02:00,5612,5230,39064,37549,54294,48768,55062,53593,65636,65525,75318,75270,54297,59882,37453,48413,11690,22270,4686,4387,36202,34836,51599,45875,52774,50929,63325,62818,73156,73006,53060,58463,36648,47294,11326,21516,593103,566821,79201,76436,105655,101671,36925,44,47
2021-10-17T23:59:59+02:00,5606,5223,39053,37538,54280,48752,55058,53583,65631,65514,75311,75266,54294,59878,37450,48411,11690,22265,4676,4376,36182,34807,51578,45851,52757,50907,63311,62801,73138,72992,53049,58451,36642,47287,11325,21507,592984,566569,79201,76430,105655,101670,36921,44,47
2021-10-16T23:59:59+02:00,5606,5223,39052,37538,54278,48751,55055,53581,65631,65514,75311,75266,54294,59878,37450,48411,11690,22265,4673,4373,36177,34803,51574,45848,52753,50903,63309,62797,73136,72991,53048,58450,36641,47286,11325,21505,592978,566527,79201,76430,105655,101670,36918,44,47
2021-10-15T23:59:59+02:00,5601,5220,39034,37525,54262,48740,55049,53576,65614,65508,75304,75254,54286,59876,37446,48404,11689,22265,4665,4371,36164,34801,51568,45841,52748,50897,63304,62790,73132,72985,53044,58446,36638,47285,11325,21504,592848,566463,79201,76428,105655,101663,36907,44,47
2021-10-14T23:59:59+02:00,5543,5162,38899,37406,54127,48639,54957,53494,65545,65424,75241,75199,54255,59855,37438,48387,11682,22250,4548,4255,35881,34472,51348,45616,52597,50724,63158,62643,73036,72907,52987,58399,36614,47254,11320,21495,591819,564367,79184,76389,105655,101649,36803,44,46
2021-10-13T23:59:59+02:00,5503,5128,38864,37363,54093,48603,54930,53459,65520,65399,75220,75173,54243,59843,37431,48379,11678,22246,4517,4228,35841,34431,51322,45575,52561,50688,63124,62607,73003,72877,52963,58383,36605,47231,11319,21484,591411,563932,79171,76352,105655,101633,36796,44,46
2021-10-12T23:59:59+02:00,5469,5105,38791,37318,54033,48534,54889,53411,65487,65365,75184,75135,54228,59826,37421,48363,11672,22236,4497,4203,35785,34378,51275,45520,52525,50652,63087,62565,72963,72830,52938,58354,36582,47207,11313,21471,590817,563338,79169,76347,105655,101630,36784,44,46
2021-10-11T23:59:59+02:00,5415,5053,38628,37185,53898,48419,54782,53327,65412,65303,75136,75106,54216,59807,37410,48352,11670,22232,4405,4122,35558,34162,51087,45332,52391,50518,62990,62451,72877,72766,52899,58316,36568,47179,11308,21458,589861,561745,79167,76345,105655,101625,36626,44,46
2021-10-10T23:59:59+02:00,5396,5043,38581,37146,53857,48378,54762,53296,65395,65284,75120,75086,54213,59802,37406,48349,11669,22226,4386,4115,35524,34141,51066,45305,52373,50501,62980,62439,72864,72752,52895,58307,36563,47169,11305,21454,589536,561523,79164,76337,105655,101621,36612,44,46
2021-10-09T23:59:59+02:00,5396,5042,38581,37146,53857,48378,54762,53296,65395,65284,75120,75086,54213,59802,37406,48349,11669,22226,4386,4115,35523,34141,51066,45305,52373,50501,62978,62439,72864,72752,52895,58307,36563,47169,11305,21454,589535,561522,79164,76336,105655,101620,36612,44,46
2021-10-08T23:59:59+02:00,5388,5029,38563,37127,53844,48363,54755,53292,65384,65275,75108,75077,54211,59799,37404,48344,11668,22225,4379,4106,35509,34122,51054,45290,52367,50490,62969,62432,72858,72746,52893,58305,36561,47165,11305,21452,589395,561404,79164,76334,105655,101619,36600,44,46
2021-10-07T23:59:59+02:00,5319,4943,38387,36974,53718,48238,54642,53190,65285,65185,75039,75028,54192,59762,37379,48320,11661,22211,4228,3937,35133,33773,50805,44979,52168,50222,62772,62236,72689,72588,52826,58235,36534,47115,11292,21427,588075,559168,79135,75566,105654,101612,36567,44,46
2021-10-06T23:59:59+02:00,5283,4915,38342,36933,53686,48201,54597,53152,65235,65150,75012,75006,54173,59748,37372,48304,11655,22202,4208,3920,35092,33737,50782,44950,52147,50199,62743,62221,72664,72571,52804,58205,36515,47095,11285,21415,587596,558787,79130,75565,105652,101609,36546,44,46
2021-10-05T23:59:59+02:00,5251,4890,38261,36859,53621,48138,54546,53087,65171,65093,74968,74959,54135,59720,37352,48273,11645,22169,4177,3891,35025,33667,50735,44887,52112,50155,62690,62183,72624,72531,52772,58167,36485,47042,11277,21392,586842,558104,79111,75564,105652,101607,36491,44,46
2021-10-04T23:59:59+02:00,5188,4832,38045,36689,53449,48020,54431,52984,65101,65023,74902,74911,54105,59686,37337,48255,11636,22154,4065,3754,34718,33318,50489,44642,51924,49978,62530,62031,72507,72432,52715,58106,36430,46986,11265,21373,585748,555839,79099,75563,105651,101607,36208,44,46
2021-10-03T23:59:59+02:00,5177,4818,38022,36665,53416,47985,54406,52970,65084,65005,74891,74898,54098,59673,37332,48242,11636,22149,4049,3750,34667,33282,50439,44598,51886,49930,62488,61993,72467,72400,52698,58082,36418,46970,11263,21365,585498,555358,79097,75563,105648,101596,36182,44,46
2021-10-02T23:59:59+02:00,5175,4809,38018,36658,53409,47981,54403,52967,65081,65004,74887,74895,54098,59672,37332,48242,11636,22149,4048,3750,34665,33280,50431,44596,51882,49929,62486,61993,72466,72399,52698,58081,36418,46970,11263,21365,585462,555349,79097,75562,105648,101596,36167,44,46
2021-10-01T23:59:59+02:00,5167,4792,37972,36630,53376,47954,54380,52942,65050,64989,74860,74878,54088,59667,37329,48239,11633,22147,4044,3747,34646,33268,50413,44588,51868,49915,62473,61985,72449,72387,52689,58075,36415,46968,11261,21363,585217,555265,79095,75560,105646,101590,36093,44,46
2021-09-30T23:59:59+02:00,5076,4729,37764,36426,53208,47792,54237,52814,64945,64870,74790,74820,54073,59637,37318,48222,11630,22140,3967,3672,34503,33117,50320,44461,51792,49801,62388,61892,72382,72328,52677,58045,36407,46943,11258,21353,583690,554684,79077,74951,105643,101585,36040,43,46
2021-09-29T23:59:59+02:00,5053,4708,37729,36385,53160,47744,54199,52767,64913,64832,74760,74792,54056,59614,37307,48211,11626,22128,3951,3655,34475,33081,50292,44435,51770,49780,62367,61862,72360,72308,52668,58036,36402,46933,11256,21345,583228,554396,79065,74947,105643,101580,36007,43,46
2021-09-28T23:59:59+02:00,5030,4684,37668,36328,53120,47693,54164,52725,64869,64789,74715,74757,54018,59578,37288,48189,11618,22117,3937,3639,34419,33043,50260,44407,51744,49758,62341,61842,72323,72278,52639,57998,36380,46906,11253,21333,582669,554004,79063,74941,105643,101575,35934,43,46
2021-09-27T23:59:59+02:00,4955,4624,37471,36150,52935,47527,54042,52615,64766,64682,74618,74678,53989,59550,37276,48171,11616,22106,3804,3480,33995,32655,49952,44083,51515,49509,62143,61656,72193,72152,52598,57938,36359,46875,11251,21323,581613,551489,79042,74940,105643,101574,35432,43,46
2021-09-26T23:59:59+02:00,4952,4618,37449,36120,52906,47509,54028,52599,64750,64672,74606,74668,53982,59539,37275,48168,11616,22101,3795,3473,33980,32648,49940,44068,51509,49500,62129,61650,72185,72145,52594,57930,36358,46870,11249,21319,581439,551377,79022,74932,105641,101572,35415,43,46
2021-09-25T23:59:59+02:00,4949,4615,37443,36116,52903,47505,54024,52596,64748,64668,74602,74666,53981,59536,37274,48167,11616,22100,3795,3472,33977,32648,49939,44068,51509,49499,62129,61649,72183,72145,52594,57929,36358,46870,11249,21319,581396,551371,79020,74932,105641,101572,35411,43,46
2021-09-24T23:59:59+02:00,4946,4612,37424,36102,52882,47492,54003,52584,64729,64657,74589,74656,53974,59533,37271,48163,11616,22096,3791,3466,33967,32633,49924,44059,51489,49484,62116,61643,72165,72136,52587,57922,36352,46863,11249,21317,581279,551265,79020,74930,105638,101571,35351,43,46
2021-09-23T23:59:59+02:00,4816,4492,37019,35681,52530,47159,53711,52311,64486,64440,74404,74526,53912,59477,37242,48119,11607,22076,3758,3424,33782,32463,49705,43906,51320,49380,61965,61538,72049,72060,52551,57897,36328,46842,11247,21309,578944,550594,78977,74908,105638,101568,34408,43,46
2021-09-22T23:59:59+02:00,4787,4469,36977,35625,52462,47082,53644,52251,64419,64387,74345,74474,53883,59454,37234,48102,11605,22071,3741,3412,33746,32420,49662,43849,51261,49329,61910,61498,72002,72027,52533,57879,36322,46831,11245,21308,578506,550336,78969,74905,105635,101567,34121,42,46
2021-09-21T23:59:59+02:00,4771,4446,36919,35576,52395,47017,53599,52201,64353,64336,74287,74420,53840,59422,37220,48076,11600,22062,3720,3398,33713,32368,49628,43802,51222,49284,61864,61460,71963,71986,52504,57855,36311,46813,11244,21301,577952,549970,78960,74903,105633,101562,33955,42,46
2021-09-20T23:59:59+02:00,4667,4382,36582,35272,52071,46708,53363,51978,64141,64146,74128,74307,53775,59368,37199,48041,11593,22056,3515,3210,33202,31935,49250,43465,50937,48980,61609,61249,71796,71834,52448,57790,36288,46768,11237,21291,576105,547260,78955,74898,105632,101556,33045,42,45
2021-09-19T23:59:59+02:00,4654,4377,36569,35261,52060,46700,53349,51966,64129,64141,74118,74296,53772,59362,37196,48038,11592,22056,3505,3202,33181,31918,49246,43455,50929,48968,61595,61238,71784,71824,52442,57786,36287,46766,11237,21288,575999,547137,78948,74894,105629,101555,33020,42,45
2021-09-18T23:59:59+02:00,4654,4377,36567,35260,52058,46699,53349,51965,64129,64141,74117,74296,53772,59362,37196,48038,11592,22056,3504,3202,33178,31918,49242,43453,50929,48968,61595,61238,71783,71824,52441,57786,36287,46766,11237,21288,575997,547131,78948,74894,105629,101555,33014,42,45
2021-09-17T23:59:59+02:00,4647,4364,36551,35236,52036,46681,53338,51946,64112,64132,74102,74277,53763,59355,37193,48033,11591,22055,3503,3198,33168,31901,49230,43443,50925,48959,61591,61234,71775,71812,52434,57784,36287,46765,11237,21286,575833,547078,78948,74894,105629,101553,32962,42,45
2021-09-16T23:59:59+02:00,4496,4213,36181,34873,51780,46381,53126,51681,63928,63947,73944,74127,53708,59295,37176,47998,11588,22043,3435,3157,33040,31795,49148,43336,50846,48877,61530,61179,71724,71779,52419,57770,36278,46753,11236,21282,573391,546242,78491,74814,105628,101548,32935,42,45
2021-09-15T23:59:59+02:00,4453,4175,36113,34799,51735,46328,53060,51625,63878,63898,73904,74084,53690,59274,37166,47988,11587,22037,3392,3125,32986,31745,49098,43284,50789,48827,61484,61135,71694,71748,52411,57749,36268,46744,11236,21276,573016,545906,78404,74799,105628,101535,32706,42,45
2021-09-14T23:59:59+02:00,4412,4135,36050,34745,51685,46257,53018,51574,63832,63852,73859,74042,53665,59255,37151,47969,11585,22033,3346,3097,32920,31674,49053,43235,50755,48781,61430,61097,71658,71707,52388,57725,36259,46730,11235,21273,572472,545351,78334,74793,105627,101528,32646,42,45
2021-09-13T23:59:59+02:00,4262,3956,35678,34311,51411,45939,52799,51340,63622,63642,73723,73916,53610,59185,37113,47935,11584,22025,3056,2845,32452,31202,48819,42985,50573,48580,61283,60914,71516,71596,52335,57666,36243,46694,11229,21263,569865,542357,77906,74714,105626,101522,32613,42,45
2021-09-12T23:59:59+02:00,4253,3946,35655,34295,51395,45916,52781,51323,63608,63625,73714,73906,53607,59179,37108,47934,11584,22024,3039,2837,32426,31184,48803,42967,50563,48572,61272,60899,71500,71584,52328,57658,36237,46692,11226,21263,569715,542201,77890,74706,105615,101507,32592,42,44
2021-09-11T23:59:59+02:00,4250,3943,35651,34291,51394,45914,52775,51316,63606,63620,73712,73900,53603,59174,37108,47932,11584,22024,3036,2836,32417,31180,48800,42964,50559,48568,61269,60895,71497,71581,52326,57656,36237,46690,11226,21263,569688,542180,77890,74706,105615,101507,32563,42,44
2021-09-10T23:59:59+02:00,4249,3942,35537,34190,51198,45761,52582,51174,63430,63505,73578,73810,53565,59135,37088,47914,11582,22019,3026,2826,32290,31068,48600,42799,50361,48431,61079,60772,71363,71487,52284,57613,36215,46669,11223,21258,569628,542026,77888,74703,105614,101504,31088,42,43
2021-09-09T23:59:59+02:00,4221,3903,35457,34122,51142,45690,52521,51086,63372,63447,73538,73772,53542,59107,37074,47895,11580,22015,2993,2795,32196,31000,48556,42750,50309,48390,61038,60738,71322,71454,52265,57599,36207,46654,11222,21254,569017,541543,77853,74696,105595,101482,30978,42,43
2021-09-08T23:59:59+02:00,4196,3883,35423,34080,51117,45659,52503,51060,63338,63414,73517,73749,53535,59092,37067,47884,11580,22012,2975,2779,32137,30970,48517,42724,50281,48359,61002,60710,71306,71434,52252,57586,36197,46643,11219,21236,568668,541167,77853,74695,105595,101470,30952,42,43
2021-09-07T23:59:59+02:00,4183,3869,35383,34036,51085,45628,52479,51034,63313,63390,73481,73719,53523,59076,37051,47870,11578,22006,2953,2761,32090,30921,48482,42688,50241,48322,60978,60680,71273,71405,52239,57570,36188,46630,11216,21232,568294,540749,77852,74693,105595,101462,30922,42,43
2021-09-06T23:59:59+02:00,4007,3685,34903,33565,50707,45237,52213,50732,63085,63150,73322,73568,53460,58995,37032,47830,11575,21997,2912,2706,31883,30738,48278,42531,50098,48181,60864,60561,71178,71316,52193,57524,36172,46611,11211,21219,565481,539890,77852,74691,105595,101458,30094,42,43
2021-09-05T23:59:59+02:00,3999,3673,34884,33550,50703,45229,52201,50724,63073,63140,73307,73563,53455,58987,37026,47823,11573,21993,2904,2696,31863,30719,48259,42516,50085,48173,60853,60551,71168,71311,52187,57512,36170,46606,11210,21217,565344,539752,77851,74689,105595,101444,30072,42,43
2021-09-04T23:59:59+02:00,3999,3673,34883,33550,50702,45229,52200,50723,63073,63140,73307,73563,53455,58987,37026,47823,11573,21993,2904,2696,31862,30717,48259,42516,50083,48171,60853,60551,71167,71311,52187,57512,36170,46606,11210,21217,565342,539748,77851,74687,105595,101444,30070,42,43
2021-09-03T23:59:59+02:00,3951,3626,34719,33416,50548,45104,52089,50605,62924,63017,73182,73463,53415,58939,37005,47802,11569,21990,2827,2607,31587,30525,48056,42347,49911,48004,60647,60379,71022,71165,52133,57455,36145,46583,11208,21213,565202,539615,77252,73440,105584,101431,29285,42,43
2021-09-02T23:59:59+02:00,3925,3596,34659,33368,50513,45063,52057,50572,62884,62977,73143,73436,53395,58927,36996,47784,11569,21984,2811,2582,31517,30464,48006,42299,49870,47960,60592,60327,70981,71138,52115,57440,36136,46575,11207,21208,564789,539223,77230,73436,105584,101322,29204,42,43
2021-09-01T23:59:59+02:00,3909,3582,34631,33335,50490,45036,52039,50550,62864,62944,73116,73418,53386,58918,36993,47776,11569,21983,2783,2563,31467,30425,47973,42272,49839,47935,60560,60303,70958,71107,52096,57421,36126,46568,11207,21205,564525,538876,77226,73430,105583,101295,29164,42,43
2021-08-31T23:59:59+02:00,3882,3569,34591,33287,50464,45000,52011,50518,62836,62912,73086,73386,53365,58896,36985,47763,11566,21983,2774,2551,31407,30392,47946,42247,49816,47917,60532,60287,70943,71080,52082,57411,36123,46561,11204,21199,564133,538599,77226,73426,105582,101286,29118,42,43
2021-08-30T23:59:59+02:00,3656,3359,34003,32769,50040,44619,51661,50172,62545,62650,72880,73208,53282,58810,36954,47716,11563,21975,2716,2492,31123,30128,47647,42013,49590,47747,60348,60155,70789,70976,52014,57365,36104,46530,11201,21192,561129,537502,77226,73423,105581,101276,27886,41,43
2021-08-29T23:59:59+02:00,3650,3351,33981,32749,50023,44610,51645,50153,62535,62636,72870,73192,53274,58805,36952,47709,11563,21973,2710,2491,31102,30107,47624,41986,49569,47730,60331,60138,70777,70964,52011,57356,36101,46529,11201,21190,560986,537380,77224,73421,105580,101232,27841,41,43
2021-08-28T23:59:59+02:00,3650,3351,33978,32749,50018,44609,51644,50151,62534,62633,72868,73191,53272,58803,36952,47709,11563,21973,2710,2488,31093,30098,47619,41984,49566,47727,60328,60134,70774,70962,52010,57352,36101,46529,11201,21190,560977,537344,77224,73420,105580,101232,27827,41,43
2021-08-27T23:59:59+02:00,3646,3345,33969,32730,50015,44605,51633,50144,62527,62628,72851,73185,53268,58800,36951,47708,11562,21972,2702,2485,31075,30080,47611,41974,49557,47718,60321,60126,70762,70961,52008,57351,36100,46528,11200,21190,560902,537266,77224,73418,105580,101229,27793,41,43
2021-08-26T23:59:59+02:00,3621,3317,33928,32678,49988,44569,51592,50095,62481,62604,72819,73155,53258,58790,36944,47706,11561,21968,2628,2391,30778,29811,47392,41762,49381,47562,60205,60025,70678,70890,51974,57318,36083,46504,11198,21186,560552,535441,77197,73412,105579,101164,27706,41,43
2021-08-25T23:59:59+02:00,3580,3293,33877,32633,49962,44523,51556,50066,62442,62569,72783,73131,53249,58772,36939,47691,11560,21967,2365,2170,30021,29109,46947,41349,49054,47270,59981,59800,70502,70739,51907,57242,36061,46469,11189,21178,560120,531103,77197,73409,105579,101141,27657,41,43
2021-08-24T23:59:59+02:00,3540,3270,33818,32574,49931,44481,51528,50018,62397,62520,72739,73084,53228,58747,36926,47678,11558,21959,2288,2106,29787,28886,46815,41217,48946,47163,59889,59706,70417,70640,51861,57195,36041,46457,11185,21175,559628,529664,77194,73403,105577,101107,27557,41,43
2021-08-23T23:59:59+02:00,3235,3002,33179,31952,49505,44082,51186,49712,62071,62223,72446,72852,53131,58658,36887,47615,11547,21950,2228,2053,29366,28492,46429,40919,48704,46951,59619,59496,70193,70493,51785,57124,36017,46414,11179,21169,556554,528212,77190,73400,105575,101102,25874,41,43
2021-08-22T23:59:59+02:00,3224,2994,33168,31946,49495,44072,51178,49706,62066,62216,72441,72850,53127,58655,36885,47613,11547,21949,2224,2050,29341,28474,46409,40910,48694,46940,59608,59488,70186,70489,51776,57120,36014,46411,11179,21169,556488,528111,77186,73391,105570,101088,25849,40,43
2021-08-21T23:59:59+02:00,3222,2994,33163,31944,49493,44071,51177,49703,62063,62215,72440,72849,53127,58655,36885,47613,11547,21949,2223,2048,29327,28462,46404,40906,48688,46936,59604,59488,70186,70488,51775,57120,36014,46411,11179,21169,556473,528071,77186,73384,105570,101088,25842,40,43
2021-08-20T23:59:59+02:00,3206,2983,33039,31849,49301,43934,51004,49594,61882,62086,72294,72767,53079,58613,36870,47595,11544,21945,2196,2034,28785,27962,45925,40536,48407,46726,59347,59303,69981,70363,51690,57062,35984,46383,11175,21162,556246,526368,77186,73209,105570,100856,24545,39,43
2021-08-19T23:59:59+02:00,3179,2960,32987,31809,49267,43898,50956,49555,61837,62048,72245,72728,53053,58593,36863,47580,11540,21938,2108,1952,27843,27108,45140,39934,47982,46366,59012,59029,69705,70142,51590,56973,35942,46335,11170,21157,555830,521994,77151,72235,105565,100764,24452,39,43
2021-08-18T23:59:59+02:00,3158,2941,32937,31765,49232,43863,50917,49519,61793,62011,72200,72701,53024,58576,36849,47566,11539,21933,2009,1854,26550,25809,44213,39061,47276,45626,58331,58445,69220,69686,51402,56753,35865,46242,11158,21140,555397,516465,77130,69027,105562,100708,24397,39,43
2021-08-17T23:59:59+02:00,3134,2918,32868,31701,49186,43795,50874,49484,61746,61965,72164,72660,53001,58552,36836,47554,11536,21928,1880,1744,25263,24418,43337,38371,46675,45145,57797,58003,68787,69360,51267,56569,35789,46163,11142,21126,554847,510848,77125,66942,105561,100672,24331,39,43
2021-08-16T23:59:59+02:00,3122,2897,32851,31682,49162,43772,50865,49466,61726,61947,72142,72645,52991,58544,36834,47543,11534,21924,1788,1659,23826,23028,42435,37528,46395,44851,57571,57741,68579,69201,51194,56483,35758,46119,11140,21112,554616,504486,77122,66909,105559,100658,24312,39,43
2021-08-15T23:59:59+02:00,3114,2885,32837,31664,49151,43766,50855,49455,61710,61931,72127,72633,52987,58535,36831,47543,11534,21924,1504,1402,21398,20575,41681,36986,46028,44476,57240,57442,68293,68944,51082,56381,35721,46063,11137,21102,554479,495745,77121,66730,105549,100642,24295,39,43
2021-08-14T23:59:59+02:00,3114,2884,32832,31661,49145,43764,50852,49453,61705,61928,72123,72626,52987,58535,36830,47543,11534,21924,1502,1394,21372,20548,41643,36954,46011,44461,57225,57430,68280,68933,51080,56378,35720,46062,11137,21101,554469,495552,77119,66729,105549,100642,24265,39,43
2021-08-13T23:59:59+02:00,3100,2867,32789,31632,49121,43751,50830,49436,61672,61897,72101,72606,52981,58528,36827,47538,11533,21921,1477,1369,21252,20461,41554,36856,45949,44409,57177,57390,68239,68900,51063,56366,35711,46054,11136,21099,554312,494958,77118,66726,105548,100621,24114,39,43
2021-08-12T23:59:59+02:00,3082,2837,32742,31583,49089,43709,50793,49407,61618,61870,72065,72571,52966,58509,36810,47529,11532,21918,1392,1309,20780,20149,40602,36044,45580,44079,56959,57211,68062,68736,50990,56283,35681,46010,11131,21092,553904,490720,77114,66722,105545,100576,24029,39,43
2021-08-11T23:59:59+02:00,3040,2806,32686,31538,49056,43675,50768,49383,61591,61839,72037,72543,52944,58483,36798,47520,11531,21911,1168,1129,19884,19265,39273,34855,44975,43500,56598,56883,67769,68462,50868,56146,35643,45951,11129,21079,553489,483294,77108,66717,105545,100554,23969,39,43
2021-08-10T23:59:59+02:00,3024,2787,32633,31493,49025,43645,50739,49350,61571,61798,71999,72498,52922,58467,36787,47497,11530,21906,922,885,18854,18300,37174,32987,44088,42623,56143,56483,67378,68115,50718,55993,35582,45855,11124,21059,553031,473039,77107,66715,105544,100535,23951,39,43
2021-08-09T23:59:59+02:00,3009,2780,32604,31469,48998,43625,50711,49331,61551,61781,71979,72477,52912,58458,36782,47487,11528,21905,492,474,17430,16888,34188,30567,43422,41991,55735,56120,67045,67788,50574,55844,35531,45805,11119,21041,552780,460852,77105,66711,105539,100523,23925,39,43
2021-08-08T23:59:59+02:00,3006,2780,32590,31456,48986,43618,50706,49325,61540,61773,71975,72476,52911,58455,36782,47484,11528,21904,489,471,17402,16858,34167,30552,43385,41961,55721,56107,67036,67783,50569,55839,35530,45802,11118,21040,552716,460668,77105,66705,105526,100504,23910,39,43
2021-08-07T23:59:59+02:00,3005,2775,32582,31445,48984,43610,50700,49324,61537,61770,71968,72474,52910,58453,36781,47484,11528,21904,486,467,17370,16825,34141,30532,43349,41930,55699,56089,67025,67776,50564,55837,35528,45802,11118,21039,552666,460430,77105,66702,105526,100503,23899,39,43
2021-08-06T23:59:59+02:00,2916,2683,32234,31217,48725,43416,50441,49094,61249,61565,71694,72307,52778,58350,36727,47432,11525,21895,478,465,17161,16681,33429,30049,42877,41561,55357,55862,66716,67598,50434,55743,35479,45766,11115,21032,552594,458748,75994,66412,105522,100500,22100,39,43
2021-08-05T23:59:59+02:00,2870,2644,32075,31098,48633,43328,50360,49039,61196,61520,71642,72266,52752,58331,36718,47415,11523,21893,450,432,16928,16429,31568,28614,41832,40606,55082,55516,66503,67425,50370,55666,35456,45727,11108,21023,551714,451931,75991,66338,105512,100375,22048,39,43
2021-08-04T23:59:59+02:00,2795,2568,31811,30906,48445,43191,50210,48928,61118,61443,71578,72210,52722,58291,36705,47400,11520,21888,424,409,16644,16181,31222,28390,40641,39531,54693,55184,66324,67273,50307,55584,35426,45699,11105,21016,550414,447610,75990,66319,105510,100302,21780,36,42
2021-08-03T23:59:59+02:00,2608,2387,31296,30440,48194,42944,50034,48736,60957,61272,71432,72063,52668,58219,36683,47371,11510,21874,374,345,16206,15733,30633,27862,38905,37910,54002,54538,65990,66961,50211,55455,35379,45647,11100,21006,547463,439925,75988,66312,105507,100283,21695,36,42
2021-08-02T23:59:59+02:00,2497,2292,30982,30155,47993,42761,49881,48608,60850,61166,71344,71981,52635,58187,36661,47352,11509,21871,332,312,15901,15462,30296,27508,36762,36085,53443,54023,65783,66786,50139,55370,35357,45619,11098,21002,545523,433076,75985,66307,105502,100173,21680,36,42
2021-08-01T23:59:59+02:00,2493,2289,30970,30146,47974,42748,49868,48599,60837,61156,71334,71975,52630,58178,36657,47352,11509,21871,319,302,15776,15337,30159,27391,34460,34231,53146,53770,65690,66717,50098,55330,35350,45600,11097,21000,545461,427627,75981,66302,105455,100148,21654,36,42
2021-07-31T23:59:59+02:00,2493,2289,30965,30142,47972,42746,49866,48599,60836,61156,71334,71973,52627,58175,36657,47352,11509,21870,318,302,15762,15325,30124,27364,34448,34224,53128,53762,65678,66712,50094,55325,35350,45599,11096,20999,545442,427474,75981,66301,105454,100144,21649,36,42
2021-07-30T23:59:59+02:00,2479,2284,30918,30096,47940,42725,49842,48575,60802,61126,71298,71955,52618,58164,36657,47352,11509,21868,316,297,15600,15021,29857,27049,34266,33976,52927,53468,65512,66509,50048,55279,35340,45587,11096,20997,545268,427100,75975,66291,105451,98233,21479,36,42
2021-07-29T23:59:59+02:00,2447,2264,30761,30002,47855,42664,49790,48508,60740,61085,71251,71909,52598,58145,36649,47336,11506,21863,293,275,15282,14739,29541,26828,32979,33028,52142,52855,65156,66241,49949,55186,35297,45530,11091,20989,544596,424387,75968,63550,105440,98088,21334,36,42
2021-07-28T23:59:59+02:00,2400,2227,30608,29892,47771,42596,49716,48434,60667,61006,71184,71852,52574,58107,36631,47317,11505,21858,263,255,14877,14362,29100,26513,32608,32697,51432,52240,64764,65915,49854,55083,35263,45473,11075,20970,543645,420236,75964,63495,105432,97702,21269,36,42
2021-07-27T23:59:59+02:00,2322,2154,30368,29625,47620,42417,49571,48296,60555,60882,71084,71764,52516,58047,36603,47278,11497,21850,187,165,14232,13707,28335,25882,31857,32043,50179,51144,64029,65348,49666,54876,35195,45358,11068,20950,541815,411887,75954,63469,105426,97604,21219,36,42
2021-07-26T23:59:59+02:00,2261,2099,30165,29394,47502,42288,49496,48212,60490,60818,71032,71718,52490,58015,36591,47265,11495,21841,150,138,13869,13332,27976,25590,31241,31629,48621,49769,63052,64520,49461,54670,35127,45277,11058,20937,540580,404157,75951,63462,105422,97572,21184,36,42
2021-07-25T23:59:59+02:00,2015,1897,29344,28719,47108,41971,49209,47925,60256,60593,70848,71560,52434,57940,36564,47223,11494,21833,147,136,13776,13271,27879,25525,31157,31561,48501,49705,62965,64469,49438,54652,35120,45268,11058,20936,536392,403517,75951,63454,105415,97411,21140,36,42
2021-07-24T23:59:59+02:00,1934,1829,29087,28488,46958,41865,49092,47824,60098,60475,70719,71480,52385,57910,36546,47203,11492,21833,146,130,13642,13154,27679,25389,30995,31431,48287,49536,62801,64375,49394,54622,35105,45251,11056,20934,535696,402899,75948,63451,105414,97410,20125,36,42
2021-07-23T23:59:59+02:00,1819,1709,28757,28162,46714,41709,48838,47611,59846,60289,70516,71353,52310,57839,36527,47167,11488,21824,136,122,13389,12920,27247,25070,30612,31123,47683,49049,62472,64136,49310,54556,35083,45208,11051,20925,534693,400472,75573,63397,105403,97407,18774,36,42
2021-07-22T23:59:59+02:00,1807,1702,28676,28082,46574,41569,48622,47399,59668,60145,70397,71224,52267,57802,36511,47150,11488,21824,118,117,13160,12657,26909,24737,30258,30803,45754,47486,61666,63435,49214,54454,35045,45164,11048,20915,534376,393759,74424,63246,105359,97180,18713,36,42
2021-07-21T23:59:59+02:00,1773,1660,28414,27875,46186,41231,48029,46843,59083,59666,69941,70835,52095,57642,36453,47092,11479,21811,103,107,12736,12208,26326,24194,29682,30235,42018,44239,60179,62163,49045,54273,34981,45081,11038,20888,533817,382096,71153,62728,105205,96732,17898,36,42
2021-07-20T23:59:59+02:00,1750,1645,28294,27739,46122,41174,47981,46804,59027,59618,69887,70789,52061,57614,36436,47067,11474,21804,87,80,12236,11673,25589,23504,29027,29484,38563,41245,58632,60698,48841,54050,34899,44988,11020,20868,533129,371680,71131,59348,105187,96610,17804,36,42
2021-07-19T23:59:59+02:00,1745,1644,28267,27699,46100,41162,47967,46792,59014,59602,69875,70787,52059,57610,36436,47063,11472,21804,86,78,12188,11640,25522,23469,28992,29450,38518,41212,58591,60671,48837,54042,34898,44985,11017,20867,532984,371353,71130,59332,105170,96557,17779,36,42
2021-07-18T23:59:59+02:00,1741,1637,28242,27674,46076,41152,47955,46783,59008,59593,69868,70779,52057,57609,36435,47062,11472,21803,86,77,12125,11614,25437,23427,28932,29417,38457,41185,58531,60629,48835,54038,34895,44984,11017,20867,532863,371014,71128,59301,105162,96438,17758,36,42
2021-07-17T23:59:59+02:00,1741,1635,28219,27660,46062,41140,47944,46778,59000,59587,69861,70775,52053,57605,36434,47062,11472,21803,84,75,12097,11600,25403,23391,28899,29398,38434,41167,58495,60605,48825,54030,34893,44984,11017,20867,532780,370763,71127,59297,105161,96434,17728,36,42
2021-07-16T23:59:59+02:00,1726,1614,27954,27467,45773,40975,47713,46609,58699,59385,69629,70634,51947,57534,36390,47026,11467,21801,84,72,11847,11405,25068,23151,28594,29169,38033,40892,57987,60182,48688,53917,34841,44934,11011,20863,532465,369556,71126,59293,105028,96158,15689,36,42
2021-07-15T23:59:59+02:00,1628,1501,27490,27082,45511,40741,47567,46496,58559,59272,69527,70548,51906,57492,36375,47003,11466,21794,76,65,11547,11174,24587,22812,28228,28899,37640,40611,55936,58134,48517,53715,34782,44850,11003,20852,530144,362604,71124,59200,105020,95947,15635,36,42
2021-07-14T23:59:59+02:00,1461,1369,26924,26543,45206,40450,47362,46311,58375,59075,69366,70402,51844,57433,36350,46973,11460,21789,70,57,11354,10979,24178,22455,27875,28580,37117,40209,54715,56953,48379,53564,34731,44786,10995,20830,526968,358883,71118,57530,105001,95801,15571,36,42
2021-07-13T23:59:59+02:00,1174,1064,25972,25648,44713,40039,47003,45990,58052,58790,69093,70156,51733,57307,36307,46918,11456,21774,58,42,11010,10637,23647,21902,27252,27991,35736,39019,50577,53044,48015,53176,34600,44636,10978,20801,521579,349594,71112,52323,104998,95697,15465,36,42
2021-07-12T23:59:59+02:00,710,667,24596,24395,44153,39554,46803,45775,57839,58596,68910,69984,51671,57216,36290,46892,11454,21766,50,39,10772,10528,23444,21763,26998,27855,35485,38849,50134,52623,47940,53090,34569,44600,10978,20795,515694,348122,71111,52295,104992,94613,15440,35,42
2021-07-11T23:59:59+02:00,707,662,24577,24374,44121,39534,46785,45762,57825,58583,68896,69981,51669,57213,36287,46888,11453,21766,48,39,10677,10439,23222,21637,26732,27756,35174,38767,49418,52136,46454,51499,34479,44492,10978,20793,515606,347608,71107,52247,104976,89483,15360,35,42
2021-07-10T23:59:59+02:00,705,657,24569,24368,44116,39525,46782,45759,57819,58582,68896,69980,51669,57213,36287,46888,11453,21766,45,38,10664,10428,23200,21616,26718,27745,35152,38762,49404,52131,46440,51483,34477,44491,10978,20793,515571,347499,71105,52246,104974,89428,15350,35,42
2021-07-09T23:59:59+02:00,698,647,24118,23908,43837,39285,46715,45699,57759,58541,68844,69955,51652,57200,36284,46880,11452,21765,45,38,10583,10257,23104,21427,26657,27535,35084,38545,49338,52027,46418,51458,34473,44488,10978,20792,513809,346261,71101,52233,104967,89383,15328,35,42
2021-07-08T23:59:59+02:00,632,581,23031,22906,43041,38687,46465,45497,57552,58398,68647,69816,51574,57134,36256,46857,11450,21757,40,33,10324,10067,22727,21172,26260,27269,34604,38230,48728,51503,46080,51091,34403,44410,10971,20770,509140,342672,71074,52080,104909,88764,15124,35,42
2021-07-07T23:59:59+02:00,580,535,21710,21518,42302,38001,46240,45275,57312,58206,68481,69656,51490,57051,36219,46803,11442,21743,33,29,9951,9758,21852,20579,25148,26476,32767,36860,47808,50616,45580,50553,34296,44270,10962,20752,503761,337728,70901,47697,104888,87844,14980,35,41
2021-07-06T23:59:59+02:00,523,472,20476,20238,41448,37357,45763,44923,56916,57900,68153,69399,51391,56925,36175,46752,11434,21734,25,24,9558,9378,20984,19983,24182,25817,31281,35665,46606,49412,44798,49768,34160,44094,10949,20732,499280,330379,68966,45596,104868,86569,14831,35,41
2021-07-05T23:59:59+02:00,486,444,19064,18864,40583,36554,45546,44696,56732,57697,67992,69272,51335,56869,36154,46723,11432,21727,23,20,9266,9122,20427,19597,23513,25394,30641,35237,45847,48794,44043,48977,34030,43905,10940,20720,493554,324588,68964,45574,104861,85535,14758,34,41
2021-07-04T23:59:59+02:00,479,438,17274,16862,40243,36326,45458,44621,56646,57628,67913,69204,51303,56843,36144,46702,11430,21725,23,20,9204,9069,20287,19534,23341,25316,30382,35159,45052,48664,42677,47624,33951,43831,10938,20714,488732,324127,68938,45529,104846,81400,14689,34,41
2021-07-03T23:59:59+02:00,479,436,17252,16831,40194,36279,45439,44604,56641,57623,67906,69197,51301,56840,36144,46702,11430,21724,22,20,9160,9025,20219,19465,23279,25250,30299,35079,44831,48488,42608,47548,33906,43772,10935,20714,488536,323161,68936,45528,104845,81219,14671,34,41
2021-07-02T23:59:59+02:00,459,413,17135,16720,39729,35896,45323,44504,56587,57582,67858,69166,51289,56835,36138,46690,11430,21723,22,18,8998,8853,19894,19182,22887,24871,29881,34663,44205,47841,42404,47319,33807,43636,10929,20710,487026,320149,68918,44493,104843,80782,14656,34,40
2021-07-01T23:59:59+02:00,407,373,16827,16436,37994,34564,44749,44005,56326,57373,67683,68997,51209,56744,36110,46652,11426,21715,17,13,8621,8454,19031,18470,21918,24016,28496,33470,41172,44866,41406,46235,33192,42909,10912,20681,481542,312641,68844,39610,104821,77239,14349,34,40
2021-06-30T23:59:59+02:00,359,328,16538,16189,35810,32742,44126,43376,56102,57178,67479,68805,51128,56652,36081,46598,11422,21699,16,12,8261,8120,18356,17842,21028,23183,27215,32203,36523,39992,40325,45087,32530,42120,10891,20654,474705,302127,68799,33579,104801,74339,14273,34,40
2021-06-29T23:59:59+02:00,319,291,16312,15988,34815,31659,43674,42931,55920,57014,67307,68656,51052,56579,36042,46554,11414,21692,14,9,7677,7513,17226,16913,19770,21966,25513,30523,33777,36862,37472,42037,31786,41227,10868,20616,470499,285909,68791,33529,104787,68184,14108,34,39
2021-06-28T23:59:59+02:00,310,269,16161,15828,33105,30251,43353,42637,55754,56873,67192,68548,51006,56527,36024,46533,11411,21680,13,7,7373,7255,16670,16536,19377,21651,25005,30135,33188,36360,36093,40546,30998,40292,10864,20605,466081,282859,68766,33476,104766,62779,13815,34,39
2021-06-27T23:59:59+02:00,310,269,16140,15802,32954,30164,43290,42610,55718,56864,67166,68540,51002,56523,36021,46532,11411,21679,12,7,7329,7226,16534,16469,19213,21588,24805,30061,32961,36220,34834,39272,29369,38369,10863,20604,465762,282688,68762,33437,104760,55895,13677,34,39
2021-06-26T23:59:59+02:00,308,267,16116,15774,32931,30146,43244,42566,55693,56848,67160,68537,51001,56522,36018,46531,11411,21679,11,7,7325,7213,16514,16458,19197,21577,24772,30038,32941,36200,34820,39258,29367,38366,10863,20604,465524,282489,68758,33437,104760,55890,13676,34,39
2021-06-25T23:59:59+02:00,301,265,16055,15723,32809,30045,43051,42406,55636,56802,67118,68513,50991,56511,36014,46530,11411,21679,11,7,7137,6935,16229,15950,18928,20921,24401,29105,32553,35477,34658,39040,29344,38335,10863,20604,464676,279799,68754,33426,104743,53581,13653,34,39
2021-06-24T23:59:59+02:00,280,252,15781,15517,32353,29754,41580,41162,55169,56446,66885,68352,50936,56455,35998,46502,11406,21669,10,7,6815,6701,15529,15503,17475,19899,22318,27544,31452,34580,34252,38612,29220,38153,10851,20589,460102,270074,68749,33373,104739,53151,12873,34,39
2021-06-23T23:59:59+02:00,265,235,15499,15223,31847,29353,39477,39339,54625,55902,66634,68132,50847,56346,35958,46456,11401,21656,9,5,6609,6535,15165,15227,16949,19450,21433,26742,29749,33213,33494,37757,29028,37912,10844,20574,453032,262242,68698,33281,104734,52436,12697,34,39
2021-06-22T23:59:59+02:00,243,200,15117,14830,31182,28720,36040,36292,53712,55098,66332,67827,50740,56224,35919,46399,11397,21642,6,4,6427,6321,14761,14897,16144,18730,20014,25426,28142,31557,32692,36781,28488,37306,10826,20542,442098,252117,68665,33196,104727,51322,12390,34,39
2021-06-21T23:59:59+02:00,228,194,14873,14652,30495,28256,33879,34327,53247,54672,66153,67709,50659,56150,35893,46377,11392,21637,6,4,6330,6237,14600,14777,15972,18592,19893,25313,28033,31469,32536,36641,27278,36070,10826,20539,435265,251428,68643,33147,104696,48347,12155,34,39
2021-06-20T23:59:59+02:00,221,193,14748,14562,28593,26915,33269,33878,53158,54577,66084,67672,50636,56122,35885,46373,11391,21635,6,4,5873,5938,13653,14136,15138,17999,19336,24956,27716,31266,32369,36460,27251,36039,10824,20535,430879,246405,68639,33112,104693,48275,11668,33,39
2021-06-19T23:59:59+02:00,215,188,14723,14529,28476,26830,33240,33851,53136,54561,66068,67661,50630,56113,35883,46368,11390,21633,6,4,5660,5778,13093,13728,14530,17520,19007,24754,27521,31095,32290,36360,27234,36025,10824,20535,430469,242882,68637,33108,104693,48272,11663,33,39
2021-06-18T23:59:59+02:00,213,179,14633,14445,28369,26760,31989,32948,52769,54254,65934,67567,50599,56079,35865,46342,11386,21629,6,4,5593,5700,12992,13643,14364,17393,18771,24525,26701,30427,32083,36123,27168,35949,10820,20528,429961,239928,65671,32994,104683,48217,11612,33,39
2021-06-17T23:59:59+02:00,199,163,14256,14180,27780,26507,31501,32687,51980,53687,65509,67301,50518,55978,35831,46301,11380,21616,5,4,5213,5442,12209,13168,13575,16781,17679,23595,24541,28464,31441,35386,26969,35672,10803,20513,426753,230905,65665,32717,104659,47534,10265,32,39
2021-06-16T23:59:59+02:00,170,135,13828,13773,27317,26150,31056,32331,51168,52985,65054,66911,50399,55858,35802,46244,11369,21604,5,4,4846,5004,11492,12499,12781,16086,16575,22472,21569,25597,30369,34177,26671,35268,10788,20472,421887,216847,65619,32688,104651,47137,9965,32,38
2021-06-15T23:59:59+02:00,107,82,13196,13147,26572,25572,30277,31737,49915,51920,64341,66386,50221,55660,35735,46132,11360,21585,5,4,4349,4377,10527,11562,11626,14707,14846,20769,18137,22290,28995,32739,26284,34746,10763,20428,414173,198223,65599,32570,104646,46828,9495,32,38
2021-06-14T23:59:59+02:00,77,61,12790,12773,26160,25247,29615,31270,48123,50450,63290,65553,50005,55434,35658,46056,11352,21573,5,4,4248,4321,10351,11429,11484,14575,14669,20646,17944,22130,28922,32658,26266,34718,10759,20425,406298,197778,65589,32298,104646,46518,8922,32,38
2021-06-13T23:59:59+02:00,76,60,12746,12730,26089,25211,29552,31244,48070,50425,63255,65529,49999,55431,35656,46052,11351,21570,5,4,4092,4242,10023,11298,11161,14464,14372,20533,17543,21786,27408,31014,26126,34523,10755,20414,406096,197028,65513,27622,104639,46309,8766,32,38
2021-06-12T23:59:59+02:00,76,59,12728,12713,26073,25201,29540,31232,48010,50354,63213,65494,49998,55428,35656,46052,11351,21570,5,4,4089,4233,10008,11281,11152,14449,14353,20516,17521,21777,27367,30969,26121,34518,10755,20414,405800,196840,65513,27620,104637,46268,8766,32,38
2021-06-11T23:59:59+02:00,74,56,12627,12586,25946,25086,29417,31106,47772,50127,63081,65375,49974,55402,35645,46041,11349,21568,5,4,3996,3961,9490,10092,10723,13539,14065,19959,17248,21300,26958,30545,26029,34436,10752,20412,404524,195794,65503,27615,104596,41490,8577,32,38
2021-06-10T23:59:59+02:00,66,49,12385,12366,25622,24801,29071,30837,46697,49110,62347,64805,49889,55306,35611,45989,11339,21555,5,3,3726,3595,8722,8847,9831,11897,12762,17195,15455,17691,25234,28621,25732,34129,10746,20388,399633,190260,65446,27176,104393,28765,8341,32,37
2021-06-09T23:59:59+02:00,52,37,12091,12042,25213,24395,28673,30444,44683,47286,61257,63867,49784,55182,35565,45935,11334,21537,5,3,3476,3470,8297,8595,9318,11577,12245,16802,14742,17091,21396,24298,25505,33827,10734,20362,391644,178664,65319,26827,104391,28226,7991,32,35
2021-06-08T23:59:59+02:00,46,26,11659,11502,24545,23772,28014,29779,41511,44441,59480,62231,49613,54990,35491,45844,11324,21515,5,3,3266,3334,7897,8340,8699,11204,11582,16383,14083,16445,16013,18336,25114,33302,10716,20332,378959,163454,65256,26494,104381,27920,7155,32,31
2021-06-07T23:59:59+02:00,41,19,11496,11305,24195,23495,27729,29571,38885,42513,59053,61869,49579,54959,35479,45823,11322,21509,5,3,3171,3263,7591,8168,8379,11027,11009,15932,13578,15966,15936,18256,25083,33251,10714,20325,373296,163134,64829,24669,104372,27510,6313,32,31
2021-06-06T23:59:59+02:00,38,18,11360,11200,23872,23264,27517,29399,37290,41329,58928,61791,49555,54930,35471,45809,11322,21507,5,3,3071,3211,7315,8079,8112,10858,10269,15250,12978,15344,15784,18144,25069,33228,10712,20325,372889,163017,61451,21503,104361,27340,5867,32,30
2021-06-05T23:59:59+02:00,36,17,11342,11180,23828,23224,27482,29372,37262,41315,58828,61707,49545,54923,35469,45807,11322,21504,5,3,3059,3199,7291,8045,8081,10840,10238,15235,12933,15321,15662,17979,25064,33220,10711,20324,372545,162577,61448,21502,104361,27324,5777,32,30
2021-06-04T23:59:59+02:00,36,15,11160,10921,23469,22759,27204,28977,36834,40867,58208,61167,49511,54882,35459,45789,11320,21498,5,2,3035,3184,7262,8027,8057,10822,10207,15211,12899,15287,15450,17772,25053,33199,10709,20323,370747,161990,59179,21489,104347,27226,5771,32,28
2021-06-03T23:59:59+02:00,34,14,10941,10703,23008,22369,26777,28643,35734,40040,55446,58818,49381,54722,35416,45725,11315,21483,5,2,2943,3105,7053,7872,7600,10525,9176,14578,11647,14580,14264,16299,24874,32981,10697,20304,366795,158623,54257,17754,104296,26912,5189,32,27
2021-06-02T23:59:59+02:00,34,14,10903,10666,22971,22336,26742,28617,35701,39999,55318,58660,49367,54697,35410,45718,11315,21482,5,2,2901,3075,6997,7851,7538,10490,9020,14537,11420,14516,12906,14811,24756,32808,10693,20297,366198,154788,54251,17743,104295,26890,5175,31,27
2021-06-01T23:59:59+02:00,21,7,10486,10317,22314,21825,26057,28037,34980,39419,52315,55512,48978,54289,35291,45555,11299,21456,5,2,2445,2717,5644,7171,6264,9915,7621,13865,10284,13553,8592,9239,24276,32126,10670,20244,355435,136576,54068,17373,104276,26309,4348,31,27
2021-05-31T23:59:59+02:00,20,6,10207,10087,21738,21431,25648,27788,34657,39216,50863,54114,48879,54165,35257,45515,11292,21448,5,2,2334,2598,5354,6929,6000,9694,7256,13625,10027,13392,8541,9177,24250,32077,10662,20231,350695,135801,54024,17252,104251,25744,3330,31,27
2021-05-30T23:59:59+02:00,19,6,10150,10038,21645,21391,25583,27754,34545,39146,50497,53772,48854,54141,35251,45509,11290,21445,5,2,2297,2568,5249,6851,5900,9626,7068,13537,9800,13295,8495,9127,24234,32070,10661,20226,349506,135206,54003,17078,104235,25439,3261,31,27
2021-05-29T23:59:59+02:00,18,6,10136,10026,21612,21372,25566,27741,34524,39133,50484,53754,48850,54137,35248,45508,11290,21445,5,2,2277,2516,5206,6724,5840,9496,6951,13339,9661,13073,8424,9035,24167,32003,10660,20225,349350,134924,54003,17026,104214,24375,3252,31,27
2021-05-28T23:59:59+02:00,18,6,10076,9956,21535,21260,25485,27620,34446,39033,50404,53656,48828,54119,35239,45500,11290,21441,5,2,2195,2250,4592,6189,5218,8778,6583,12377,9166,12078,8246,8836,23795,31522,10659,20222,348492,133423,53990,16929,104155,19090,3245,30,26
2021-05-27T23:59:59+02:00,17,6,9808,9709,21008,20884,24941,27259,33922,38655,49791,53046,48657,53928,35170,45426,11286,21421,3,2,1954,1984,4016,5670,4542,8176,6074,11607,8219,10752,7740,8175,22228,29369,10643,20200,344207,127751,53579,15796,104049,14712,3069,30,26
2021-05-26T23:59:59+02:00,17,6,9532,9461,20289,20319,24068,26588,32659,37629,49027,52341,48403,53639,35094,45315,11274,21397,3,1,1897,1911,3919,5543,4410,8011,5866,11346,7893,10368,7177,7449,19785,25935,10623,20156,339490,119245,50608,15543,103996,14546,2934,30,25
2021-05-25T23:59:59+02:00,16,6,9268,9225,19877,19963,23629,26196,32147,37111,48133,51362,48105,53320,35006,45173,11262,21368,3,1,1831,1861,3800,5444,4270,7862,5657,11122,7579,10045,6551,6607,15642,20539,10603,20098,333896,107003,50526,15500,103924,14196,2791,30,25
2021-05-24T23:59:59+02:00,15,6,9052,9066,19308,19672,22856,25808,30638,36097,47908,51191,48013,53220,34977,45143,11260,21367,3,1,1805,1843,3754,5413,4205,7820,5591,11062,7503,9988,6525,6582,15628,20530,10603,20098,332312,106882,46732,15486,103864,13903,2659,30,24
2021-05-23T23:59:59+02:00,15,6,8844,8859,18953,19381,22433,25460,30215,35776,47317,50678,47580,52765,34874,44997,11252,21358,3,1,1803,1842,3744,5408,4200,7814,5580,11054,7492,9979,6520,6571,15628,20528,10603,20098,327485,106820,46730,15484,103862,13884,2656,30,24
2021-05-22T23:59:59+02:00,15,6,8813,8822,18902,19338,22386,25428,30162,35745,47210,50608,47561,52742,34871,44988,11249,21358,3,1,1802,1838,3731,5396,4196,7808,5575,11047,7485,9975,6517,6569,15625,20527,10603,20098,326940,106783,46730,15484,103861,13862,2643,30,24
2021-05-21T23:59:59+02:00,14,6,8538,8467,18462,18825,22023,24782,29734,34936,46723,49941,47472,52617,34833,44945,11246,21353,3,1,1737,1797,3654,5357,4151,7772,5542,11000,7443,9926,6487,6543,15547,20430,10602,20097,321731,106464,46699,15483,103837,13498,2620,30,24
2021-05-20T23:59:59+02:00,13,6,7965,7923,17520,18032,21016,23867,28413,33732,44976,48116,47032,52155,34725,44789,11228,21334,3,1,1437,1634,3346,5070,3885,7385,5242,10521,7060,9472,6252,6285,14227,18882,10578,20058,310126,102692,46611,14998,103608,11157,2467,30,24
2021-05-19T23:59:59+02:00,13,6,7700,7609,16916,17430,20113,22989,27180,32471,43179,46026,46501,51599,34575,44566,11207,21302,3,1,1371,1548,3147,4856,3677,7131,5016,10169,6764,9142,5968,5951,12008,16022,10560,19997,298971,96433,46570,14522,103562,10104,2249,30,23
2021-05-18T23:59:59+02:00,12,6,7174,7071,15763,16408,18842,21741,25673,30841,40490,42793,45671,50652,34339,44262,11182,21260,3,1,1348,1522,3087,4785,3602,7010,4881,10037,6583,8930,5701,5673,10301,13842,10536,19943,283187,91282,45366,14471,103455,9866,2143,29,23
2021-05-17T23:59:59+02:00,12,6,7096,7008,15579,16297,18626,21573,25272,30513,38740,41155,45560,50572,34291,44197,11172,21236,3,1,1315,1499,3030,4738,3537,6951,4811,9933,6488,8829,5659,5633,10287,13824,10532,19935,282964,91209,40600,14190,103411,9682,1901,29,23
2021-05-16T23:59:59+02:00,11,5,6981,6955,15458,16209,18497,21466,25092,30398,35757,38386,45524,50537,34269,44173,11169,21231,3,1,1292,1480,2986,4698,3489,6893,4728,9863,6394,8750,5628,5596,10275,13808,10530,19932,282681,91161,34450,13924,103291,9571,1667,29,23
2021-05-15T23:59:59+02:00,11,5,6956,6925,15397,16151,18451,21424,25024,30353,35721,38345,45501,50510,34262,44168,11169,21231,3,1,1279,1455,2954,4627,3470,6824,4709,9782,6371,8699,5622,5592,10270,13807,10530,19932,282195,91104,34449,13920,103277,9226,1654,29,23
2021-05-14T23:59:59+02:00,11,4,6783,6554,15049,15656,18137,21005,24686,29892,35476,37995,45472,50479,34252,44163,11169,21229,3,1,1220,1395,2874,4524,3420,6721,4645,9631,6288,8569,5593,5547,10257,13797,10530,19931,281129,91017,34299,13899,100966,8419,1589,29,22
2021-05-13T23:59:59+02:00,11,4,6428,6227,14292,15075,17427,20371,23825,29149,34707,37324,45185,50135,34173,44040,11165,21218,3,1,1049,1310,2679,4411,3303,6600,4503,9459,6165,8424,5550,5509,10240,13780,10526,19926,274713,90859,33966,13818,100749,7440,1301,27,20
2021-05-12T23:59:59+02:00,11,4,6030,5955,13320,14404,16406,19568,23160,28712,34399,37040,45003,49939,34142,44009,11162,21215,3,1,1046,1308,2672,4404,3285,6596,4498,9449,6156,8419,5542,5503,10238,13775,10524,19925,268464,90796,33955,13806,100745,7435,1288,27,19
2021-05-11T23:59:59+02:00,11,4,5652,5730,12730,13953,14603,18126,20207,26187,32084,34712,43948,48680,33817,43537,11133,21165,3,0,984,1233,2554,4229,3175,6357,4380,9161,6039,8194,5470,5423,10196,13713,10516,19907,251171,90315,33676,13589,100299,6506,1106,27,18
2021-05-10T23:59:59+02:00,11,4,5502,5631,12458,13826,14249,17901,19404,25617,30709,33689,43417,48065,33759,43448,11125,21146,3,0,941,1174,2455,4064,3081,6156,4255,8898,5916,7995,5432,5390,10184,13696,10512,19898,245689,90202,33465,13529,99988,5509,792,27,18
2021-05-09T23:59:59+02:00,11,4,5099,5392,11272,13299,13248,17539,18377,25285,30164,33399,43361,47992,33733,43434,11122,21138,3,0,916,1143,2357,3957,2992,6018,4123,8722,5822,7891,5423,5376,10177,13691,10507,19894,240369,90155,33392,13487,99647,4919,434,27,17
2021-05-08T23:59:59+02:00,11,4,5087,5384,11250,13279,13222,17520,18347,25253,30123,33355,43353,47981,33732,43430,11122,21138,3,0,912,1136,2344,3950,2987,6018,4119,8716,5819,7888,5420,5373,10174,13686,10507,19894,240099,90129,33390,13487,99646,4884,429,27,17
2021-05-07T23:59:59+02:00,11,4,4986,5301,11021,13111,12936,17299,17740,24653,29173,32461,43159,47740,33676,43358,11118,21132,3,0,882,1105,2310,3895,2944,5969,4066,8662,5735,7835,5373,5325,10161,13677,10507,19893,237594,89993,31501,13483,99538,4629,220,26,17
2021-05-06T23:59:59+02:00,11,4,4573,5016,10351,12694,12177,16632,16143,23209,26625,30068,42458,46991,33509,43121,11102,21111,3,0,823,1049,2176,3648,2775,5659,3871,8188,5536,7512,5321,5271,10138,13649,10505,19887,228825,89808,28159,13169,98723,2955,62,26,17
2021-05-05T23:59:59+02:00,11,4,4264,4786,9750,12249,11457,16049,15042,22181,23772,27306,41476,45885,33226,42735,11084,21069,3,0,807,1025,2113,3523,2717,5503,3777,7977,5440,7376,5271,5216,10101,13609,10503,19884,215791,89541,27976,13031,98502,2204,52,25,17
2021-05-04T23:59:59+02:00,11,4,3915,4334,9084,11558,10685,15209,13738,20928,20167,23898,40128,44424,32852,42211,11061,21030,3,0,789,994,2045,3407,2646,5368,3684,7824,5343,7252,5232,5170,10070,13580,10501,19881,198736,89316,27958,12732,98474,1679,45,24,17
2021-05-03T23:59:59+02:00,11,4,3672,3916,8676,11065,10204,14584,13204,20273,19443,23249,39861,44172,32773,42107,11058,21015,3,0,775,964,1978,3306,2587,5260,3624,7709,5291,7165,5216,5157,10054,13562,10498,19876,192879,89172,27946,12721,98410,1087,28,24,17
2021-05-02T23:59:59+02:00,11,4,3670,3914,8655,11055,10194,14574,13183,20261,19425,23238,39858,44171,32772,42106,11057,21015,3,0,771,948,1947,3225,2540,5164,3577,7584,5271,7100,5212,5153,10053,13558,10498,19874,192782,89154,27932,12689,98403,597,22,24,16
2021-05-01T23:59:59+02:00,11,4,3667,3906,8642,11041,10185,14563,13175,20259,19412,23229,39858,44169,32771,42106,11057,21015,3,0,770,948,1946,3225,2539,5164,3577,7584,5271,7100,5212,5153,10053,13558,10497,19874,192692,89153,27930,12687,98403,597,21,24,16
2021-04-30T23:59:59+02:00,11,3,3644,3881,8597,11006,10141,14524,13113,20220,19310,23076,39589,43846,32750,42085,11056,21015,3,0,765,943,1931,3217,2538,5156,3574,7577,5269,7093,5209,5150,10049,13557,10497,19874,191765,89126,27661,12684,98397,556,20,24,16
2021-04-29T23:59:59+02:00,11,3,3374,3707,8160,10734,9593,14239,12613,19855,18572,22345,36525,40395,32488,41719,11045,20979,3,0,752,929,1882,3156,2489,5090,3508,7437,5178,6993,5169,5115,10026,13514,10495,19868,186203,88919,21824,12528,98289,123,18,23,16
2021-04-28T23:59:59+02:00,11,3,3207,3641,7893,10623,9197,14064,12233,19620,18087,21911,32738,36078,32270,41417,11032,20957,3,0,735,913,1856,3117,2444,5042,3470,7380,5113,6929,5103,5053,9974,13455,10492,19858,175032,88706,21670,12088,98244,115,13,23,15
2021-04-27T23:59:59+02:00,10,3,3126,3575,7633,10494,8845,13890,11749,19395,17607,21419,27169,29882,31894,40910,11011,20924,3,0,725,899,1824,3080,2408,4996,3416,7321,5058,6853,5053,4983,9939,13402,10488,19849,159672,88492,21648,11666,98180,112,13,23,14
2021-04-26T23:59:59+02:00,10,3,3069,3539,7489,10430,8677,13830,11518,19329,17082,21032,27133,29848,31880,40895,11011,20924,3,0,702,867,1756,3021,2339,4941,3347,7230,4960,6748,4953,4908,9861,13318,10486,19846,159086,88359,21430,10789,97148,111,13,22,14
2021-04-25T23:59:59+02:00,10,3,3032,3522,7329,10379,8441,13780,11186,19286,16248,20562,25579,28184,31826,40831,11011,20921,3,0,702,866,1750,3016,2332,4938,3341,7222,4956,6739,4949,4903,9853,13307,10486,19846,158599,88336,21421,10751,92075,95,13,22,14
2021-04-24T23:59:59+02:00,10,3,3028,3516,7314,10364,8429,13772,11172,19276,16226,20544,25533,28121,31823,40825,11010,20920,3,0,702,866,1750,3015,2332,4938,3340,7222,4956,6739,4949,4902,9851,13306,10486,19846,158387,88330,21417,10751,92047,95,13,22,14
2021-04-23T23:59:59+02:00,10,3,3011,3499,7274,10320,8382,13730,11105,19217,16165,20479,25112,27617,31790,40769,11007,20917,3,0,692,858,1732,3006,2316,4909,3289,7184,4856,6642,4809,4779,9679,13107,10480,19831,157198,88036,21280,10016,91894,94,13,22,13
2021-04-22T23:59:59+02:00,9,3,2930,3420,7080,10134,7843,13323,9895,18419,14608,19430,23094,25182,31577,40499,10988,20887,3,0,627,808,1618,2894,2189,4743,3129,7011,4672,6441,4652,4605,9167,12449,10443,19752,152380,86115,15980,8987,90929,75,13,19,13
2021-04-21T23:59:59+02:00,9,3,2878,3372,6957,10047,7633,13167,9527,18178,14136,18983,20578,22047,31277,40110,10969,20861,3,0,578,783,1538,2815,2102,4652,3002,6868,4509,6277,4468,4425,8595,11680,10397,19659,145373,84309,15207,7949,90120,67,13,19,13
2021-04-20T23:59:59+02:00,9,3,2838,3333,6850,9958,7495,13055,9275,17960,13643,18591,17186,17983,30963,39636,10952,20827,3,0,548,748,1466,2751,2016,4571,2899,6746,4374,6116,4279,4229,7725,10460,10327,19508,136514,81366,14963,7314,89048,62,13,19,11
2021-04-19T23:59:59+02:00,9,3,2823,3324,6803,9918,7442,13019,9199,17886,13505,18473,16852,17601,30929,39600,10950,20822,3,0,489,708,1345,2655,1916,4473,2764,6587,4176,5925,4024,3928,5871,8014,10108,19103,136191,75481,14766,6527,88169,58,13,19,10
2021-04-18T23:59:59+02:00,9,3,2807,3310,6725,9892,7337,12968,9001,17819,12667,18343,15438,16193,30861,39538,10946,20815,3,0,483,702,1334,2647,1901,4462,2731,6558,4115,5874,3948,3857,5457,7382,10060,19019,135969,73977,14623,6479,84048,54,13,19,10
2021-04-17T23:59:59+02:00,9,3,2797,3306,6707,9869,7307,12947,8969,17780,12634,18323,15386,16143,30807,39466,10945,20815,3,0,483,699,1334,2645,1900,4458,2727,6553,4112,5870,3947,3855,5452,7381,10059,19018,135614,73940,14622,6479,83945,54,13,19,10
2021-04-16T23:59:59+02:00,9,3,2784,3292,6673,9854,7254,12908,8894,17728,12526,18219,15138,15861,30288,38817,10942,20807,3,0,482,696,1329,2640,1891,4456,2721,6547,4104,5862,3941,3849,5435,7352,10057,19016,134083,73838,14614,6468,83269,52,13,18,10
2021-04-15T23:59:59+02:00,9,3,2730,3237,6541,9756,7064,12729,8551,17455,12049,17753,14078,14639,28163,36007,10923,20784,3,0,473,690,1325,2614,1877,4432,2698,6519,4061,5809,3884,3775,5402,7298,10049,19003,128147,73517,14338,6330,79956,43,12,18,10
2021-04-14T23:59:59+02:00,8,1,2674,3185,6447,9661,6918,12569,8277,17187,11616,17291,12895,13256,23442,29927,10902,20728,3,0,469,683,1311,2604,1864,4413,2676,6494,4019,5771,3836,3723,5340,7242,10018,18965,115747,73213,14303,6174,76905,23,12,17,9
2021-04-13T23:59:59+02:00,8,1,2623,3149,6319,9576,6765,12434,7999,16936,11190,16866,10230,10331,20351,25753,10879,20684,3,0,452,659,1264,2561,1813,4350,2568,6393,3837,5608,3624,3538,5190,7103,10009,18942,107296,72863,14108,5011,70661,19,12,17,9
2021-04-12T23:59:59+02:00,8,1,2602,3135,6259,9547,6658,12348,7806,16807,10941,16656,8866,8836,19528,24777,10877,20675,3,0,446,651,1245,2544,1796,4325,2534,6353,3787,5556,3560,3490,5155,7062,10004,18920,107166,72724,14053,4670,65079,16,12,17,9
2021-04-11T23:59:59+02:00,8,1,2575,3125,6163,9521,6542,12311,7641,16757,10743,16554,7590,7559,17796,22799,10875,20672,3,0,446,651,1244,2542,1796,4324,2534,6353,3783,5551,3555,3489,5149,7060,10004,18920,107096,72712,14046,4658,58062,14,11,17,9
2021-04-10T23:59:59+02:00,8,1,2574,3123,6154,9516,6533,12306,7635,16752,10736,16546,7581,7547,17786,22792,10875,20672,3,0,446,647,1241,2539,1795,4321,2532,6349,3780,5550,3546,3475,5141,7045,10004,18920,107011,72650,14046,4651,58053,14,10,17,9
2021-04-09T23:59:59+02:00,8,1,2512,3025,6019,9309,6379,12044,7377,16345,10423,16050,7423,7342,17669,22613,10874,20670,3,0,441,642,1223,2526,1769,4303,2499,6299,3701,5468,3428,3365,4999,6949,9999,18918,106535,72560,14016,3941,55505,12,10,17,9
2021-04-08T23:59:59+02:00,8,1,2433,2953,5924,9189,6276,11914,7206,16160,10167,15861,7225,7082,16400,21151,10863,20639,3,0,434,636,1207,2492,1743,4266,2471,6227,3647,5402,3350,3318,4918,6844,9977,18872,102869,72107,13662,3670,54894,11,10,17,9
2021-04-07T23:59:59+02:00,8,1,2406,2917,5851,9117,6183,11839,7073,16059,9924,15710,6926,6755,14072,18200,10842,20592,3,0,428,634,1196,2479,1730,4242,2457,6187,3579,5343,3277,3265,4859,6782,9968,18842,96695,71820,13501,3422,54255,10,10,14,9
2021-04-06T23:59:59+02:00,8,1,2389,2887,5754,9050,6093,11759,6919,15946,9684,15528,6569,6391,11960,15581,10815,20533,3,0,424,627,1188,2452,1719,4219,2431,6149,3514,5279,3191,3215,4813,6729,9962,18824,91636,71574,13201,3138,53008,10,8,14,9
2021-04-05T23:59:59+02:00,8,1,2381,2877,5735,9033,6082,11740,6905,15926,9664,15501,6443,6291,10682,14285,10814,20532,3,0,420,620,1184,2437,1713,4203,2415,6117,3481,5238,3162,3177,4792,6684,9955,18806,91552,71381,13164,3001,50163,9,7,14,9
2021-04-04T23:59:59+02:00,8,1,2381,2877,5732,9029,6080,11740,6903,15926,9662,15500,6438,6286,10682,14283,10814,20532,3,0,420,619,1184,2436,1713,4203,2414,6117,3481,5238,3161,3177,4789,6684,9954,18805,91543,71373,13161,3000,50150,9,7,13,9
2021-04-03T23:59:59+02:00,8,1,2378,2870,5725,9021,6074,11735,6899,15922,9659,15497,6435,6281,10675,14280,10814,20532,3,0,420,619,1184,2436,1713,4203,2414,6117,3481,5237,3161,3177,4789,6684,9954,18805,91484,71372,13159,3000,50143,9,7,13,9
2021-04-02T23:59:59+02:00,8,1,2376,2868,5720,9014,6072,11732,6895,15921,9655,15495,6431,6274,10660,14251,10813,20531,3,0,417,617,1183,2436,1712,4202,2412,6117,3480,5230,3136,3160,4779,6675,9954,18805,91399,71294,13156,2999,50142,9,7,13,9
2021-04-01T23:59:59+02:00,8,1,2355,2865,5689,8984,6029,11689,6853,15866,9600,15439,6337,6177,10364,13902,10790,20482,3,0,415,601,1180,2430,1705,4191,2396,6100,3453,5209,3070,3111,4716,6599,9876,18687,90407,70722,13133,2996,49871,9,6,13,9
2021-03-31T23:59:59+02:00,8,1,2322,2838,5614,8916,5960,11594,6751,15754,9466,15305,6194,6034,9812,13153,10743,20388,3,0,410,595,1174,2418,1699,4175,2389,6087,3433,5175,3038,3078,4666,6540,9818,18585,88415,70268,12917,2994,49504,9,4,13,8
2021-03-30T23:59:59+02:00,8,1,2302,2820,5567,8857,5897,11518,6677,15655,9369,15162,6006,5819,8899,11805,10665,20204,3,0,408,590,1170,2414,1686,4158,2370,6065,3399,5131,2980,3009,4575,6442,9686,18343,85315,69559,12537,2852,49365,9,3,11,6
2021-03-29T23:59:59+02:00,7,1,2235,2765,5465,8744,5787,11370,6509,15424,9133,14907,5646,5444,6947,9269,10438,19774,3,0,400,587,1159,2403,1672,4146,2345,6038,3369,5075,2910,2942,4452,6336,9478,18002,79191,68586,11729,2713,48932,9,3,10,6
2021-03-28T23:59:59+02:00,7,1,2213,2752,5421,8683,5712,11292,6421,15338,9015,14787,5520,5291,6299,8330,10371,19656,3,0,390,579,1143,2387,1645,4119,2298,5977,3313,4985,2826,2862,4338,6197,9402,17861,76876,68126,11470,2187,48750,5,3,10,4
2021-03-27T23:59:59+01:00,7,1,2212,2745,5413,8677,5708,11277,6406,15316,9004,14775,5492,5264,6288,8326,10371,19654,3,0,390,579,1141,2386,1644,4114,2294,5974,3304,4978,2820,2859,4322,6172,9320,17712,76768,67814,11470,2186,48685,5,3,10,4
2021-03-26T23:59:59+01:00,7,1,2195,2724,5376,8638,5669,11227,6329,15246,8854,14625,5327,5115,6117,8144,10368,19645,3,0,386,571,1133,2373,1628,4085,2266,5938,3270,4924,2759,2795,4133,5912,8603,16513,76420,65132,10633,2148,48541,5,3,10,4
2021-03-25T23:59:59+01:00,7,0,2078,2644,5199,8423,5468,10950,6121,14941,8613,14336,5163,4962,6020,8022,10365,19637,3,0,377,556,1113,2347,1605,4055,2220,5880,3195,4845,2660,2688,3755,5417,7440,14739,75961,60957,9678,1928,47298,4,2,10,4
2021-03-24T23:59:59+01:00,7,0,1993,2596,5048,8262,5307,10756,5955,14702,8406,14105,5023,4803,5906,7904,10359,19626,3,0,373,544,1100,2319,1572,4000,2161,5814,3106,4745,2523,2574,3323,4799,6020,12489,75580,55878,8514,1577,46652,4,2,10,4
2021-03-23T23:59:59+01:00,7,0,1916,2545,4937,8139,5206,10615,5834,14510,8288,13936,4940,4719,5839,7844,10352,19607,3,0,362,518,1081,2284,1539,3942,2117,5724,3024,4653,2434,2480,2869,4154,4067,9203,75184,49017,7767,1428,46271,3,2,10,4
2021-03-22T23:59:59+01:00,7,0,1854,2481,4799,8004,5072,10438,5674,14277,8096,13723,4833,4604,5769,7736,10335,19566,2,0,335,501,1053,2246,1494,3868,2051,5614,2922,4501,2317,2327,2336,3455,1464,4939,74680,40231,6729,1187,45848,1,2,9,4
2021-03-21T23:59:59+01:00,7,0,1852,2475,4788,7990,5058,10427,5658,14260,8066,13698,4811,4589,5752,7724,10330,19565,2,0,334,501,1048,2232,1485,3839,2033,5576,2897,4451,2276,2278,2294,3414,1447,4893,74655,40089,6677,904,45707,1,2,9,4
2021-03-20T23:59:59+01:00,7,0,1852,2475,4786,7989,5057,10425,5657,14259,8058,13692,4810,4588,5744,7715,10330,19565,2,0,334,500,1048,2232,1485,3839,2033,5576,2895,4450,2275,2275,2294,3414,1446,4893,74641,40085,6677,899,45680,1,2,9,4
2021-03-19T23:59:59+01:00,7,0,1800,2230,4277,6709,4649,9444,5388,13702,7837,13290,4683,4488,5674,7648,10329,19565,2,0,333,500,1048,2232,1485,3839,2032,5575,2894,4450,2273,2274,2288,3407,1444,4891,74578,40068,6666,892,40465,1,2,9,4
2021-03-18T23:59:59+01:00,7,0,1745,1977,3862,5653,4120,8068,4572,11160,6477,9957,4314,4186,5469,7424,10308,19527,2,0,332,497,1041,2219,1477,3814,2005,5536,2869,4426,2252,2258,2263,3378,1439,4882,74142,39875,6602,808,28072,1,2,8,4
2021-03-17T23:59:59+01:00,7,0,1739,1968,3850,5627,4103,8038,4548,11095,6426,9883,4275,4139,5426,7378,10300,19499,1,0,329,496,1037,2211,1471,3805,1998,5521,2859,4399,2225,2229,2241,3363,1432,4866,73871,39717,6538,759,27882,1,2,8,4
2021-03-16T23:59:59+01:00,7,0,1715,1935,3790,5545,4033,7932,4420,10933,6218,9685,4051,3949,5283,7219,10293,19475,1,0,326,492,1036,2192,1466,3792,1989,5505,2850,4379,2215,2214,2228,3333,1423,4835,73558,39540,5260,729,27655,1,2,8,4
2021-03-15T23:59:59+01:00,7,0,1705,1915,3766,5508,4007,7894,4369,10864,6139,9599,3964,3882,5226,7157,10284,19448,1,0,323,488,1027,2176,1458,3786,1973,5469,2832,4351,2200,2182,2203,3268,1412,4796,73325,39319,4892,621,27509,1,0,8,4
2021-03-14T23:59:59+01:00,7,0,1699,1905,3757,5498,4002,7878,4360,10833,6130,9576,3956,3871,5220,7149,10283,19446,1,0,323,488,1025,2176,1453,3783,1970,5467,2814,4345,2194,2179,2192,3257,1407,4794,73289,39311,4874,552,27399,1,0,8,4
2021-03-13T23:59:59+01:00,7,0,1695,1899,3742,5475,3995,7868,4340,10822,6116,9560,3953,3868,5217,7146,10283,19446,1,0,323,488,1025,2176,1453,3783,1970,5466,2814,4344,2193,2178,2192,3255,1398,4789,73264,39291,4869,552,27291,1,0,8,4
2021-03-12T23:59:59+01:00,6,0,1657,1841,3233,5329,3479,7751,4206,10697,5890,9269,3783,3721,5074,7033,10257,19398,1,0,318,466,1021,2146,1445,3758,1951,5395,2761,4260,2013,2024,2132,3206,1391,4783,73042,38523,4134,544,25440,0,0,8,4
2021-03-11T23:59:59+01:00,6,0,1550,1702,2850,5069,3042,7495,3925,10282,5257,8376,3555,3546,4965,6912,10217,19342,1,0,317,465,1018,2133,1442,3738,1944,5376,2752,4243,2006,2016,2117,3189,1386,4763,72457,38398,3868,504,21759,0,0,7,4
2021-03-10T23:59:59+01:00,6,0,1518,1668,2811,5024,3004,7436,3868,10194,5147,8259,3429,3440,4847,6798,10169,19275,1,0,315,464,1017,2130,1438,3727,1940,5362,2740,4223,1987,2008,2090,3156,1376,4748,72037,38311,3536,407,21313,0,0,7,4
2021-03-09T23:59:59+01:00,6,0,1508,1652,2774,4996,2982,7392,3829,10134,5065,8180,3328,3353,4764,6709,10060,19063,1,0,312,463,1013,2123,1431,3714,1914,5340,2698,4193,1944,1983,2036,3127,1364,4738,71430,38280,3264,110,21094,0,0,7,4
2021-03-08T23:59:59+01:00,6,0,1492,1637,2745,4967,2953,7361,3806,10086,5041,8118,3286,3313,4687,6645,9879,18759,1,0,311,463,1011,2119,1423,3698,1897,5306,2679,4165,1925,1964,2009,3104,1357,4719,70624,38129,3255,18,20895,0,0,7,4
2021-03-07T23:59:59+01:00,6,0,1479,1626,2715,4924,2918,7313,3770,10025,4999,8059,3251,3279,4621,6543,9801,18613,1,0,311,462,1010,2118,1422,3692,1894,5296,2678,4160,1921,1961,2005,3100,1353,4710,70082,38074,3201,16,20653,0,0,6,4
2021-03-06T23:59:59+01:00,6,0,1478,1625,2710,4912,2915,7304,3762,10018,4981,8043,3241,3269,4598,6504,9710,18441,1,0,311,462,1008,2115,1422,3690,1888,5287,2676,4158,1916,1953,1999,3098,1352,4707,69686,38024,3201,16,20624,0,0,6,3
2021-03-05T23:59:59+01:00,6,0,1405,1549,2611,4751,2858,7145,3677,9811,4881,7847,3191,3209,4378,6214,8990,17231,1,0,311,462,1006,2113,1418,3685,1886,5286,2673,4152,1908,1949,1994,3095,1347,4703,66994,37970,3198,16,19556,0,0,6,3
2021-03-04T23:59:59+01:00,6,0,1233,1443,2445,4552,2689,6874,3509,9468,4623,7505,3075,3083,4013,5755,7796,15387,1,0,309,454,997,2089,1402,3645,1858,5233,2645,4104,1880,1924,1961,3040,1319,4657,62729,37499,3195,16,17526,0,0,6,3
2021-03-03T23:59:59+01:00,6,0,1199,1389,2369,4444,2628,6751,3423,9301,4525,7362,2988,3013,3630,5149,6376,13152,1,0,305,445,986,2066,1390,3617,1844,5183,2590,4049,1830,1888,1933,3007,1303,4628,57580,37046,3167,16,16953,0,0,5,3
2021-03-02T23:59:59+01:00,6,0,1166,1350,2308,4385,2579,6659,3341,9177,4388,7213,2873,2888,3141,4478,4326,9742,1,0,300,436,981,2039,1377,3575,1829,5128,2558,4022,1820,1872,1913,2978,1289,4600,50432,36699,2916,16,16668,0,0,4,3
2021-03-01T23:59:59+01:00,6,0,1107,1321,2246,4323,2506,6573,3246,9049,4247,7025,2739,2751,2566,3728,1545,5195,1,0,299,433,974,2027,1366,3557,1821,5113,2545,4006,1802,1861,1897,2959,1278,4571,41208,36491,2524,16,16437,0,0,4,3
2021-02-28T23:59:59+01:00,6,0,1071,1306,2205,4288,2476,6528,3198,8992,4185,6966,2674,2703,2517,3697,1537,5175,1,0,299,432,971,2020,1364,3544,1818,5099,2539,3997,1795,1850,1884,2947,1270,4556,41111,36367,2231,16,16178,0,0,4,3
2021-02-27T23:59:59+01:00,6,0,1030,1224,2136,4047,2418,6294,3135,8694,4096,6713,2619,2646,2497,3673,1534,5175,1,0,299,432,970,2020,1364,3544,1818,5098,2538,3997,1795,1849,1882,2947,1270,4556,41003,36361,2230,16,14700,0,0,4,3
2021-02-26T23:59:59+01:00,5,0,864,972,1938,3658,2257,5633,2919,7777,3786,5924,2571,2592,2478,3657,1530,5173,1,0,299,432,970,2017,1362,3542,1816,5097,2536,3996,1795,1846,1875,2946,1268,4549,40985,36328,2141,16,10604,0,0,4,3
2021-02-25T23:59:59+01:00,5,0,530,816,1661,3458,2078,5328,2723,7380,3560,5623,2489,2512,2437,3596,1526,5158,1,0,290,411,945,1966,1331,3471,1784,5016,2507,3932,1770,1818,1835,2900,1239,4508,40789,35708,1879,13,8209,0,0,3,3
2021-02-24T23:59:59+01:00,4,0,509,797,1626,3360,2016,5197,2663,7198,3494,5482,2421,2465,2400,3567,1516,5122,1,0,281,406,929,1935,1317,3417,1771,4955,2483,3887,1759,1800,1826,2881,1227,4477,40595,35345,1708,4,7531,0,0,3,3
2021-02-23T23:59:59+01:00,4,0,488,759,1566,3257,1961,5056,2585,7067,3409,5377,2360,2407,2361,3509,1501,5087,1,0,279,402,924,1919,1310,3387,1762,4923,2462,3854,1739,1780,1806,2845,1211,4421,40439,35019,1435,3,6877,0,0,3,3
2021-02-22T23:59:59+01:00,3,0,472,728,1512,3158,1921,4917,2526,6848,3348,5233,2349,2308,2345,3429,1495,5042,1,0,278,399,921,1907,1302,3360,1744,4887,2447,3823,1719,1761,1778,2814,1196,4372,40223,34705,1169,1,6239,0,0,3,3
2021-02-21T23:59:59+01:00,3,0,463,689,1454,3013,1873,4767,2473,6688,3266,5129,2313,2275,2317,3409,1485,5036,1,0,278,398,918,1899,1301,3351,1739,4877,2443,3814,1717,1759,1777,2812,1196,4371,40179,34647,936,1,5535,0,0,3,3
2021-02-20T23:59:59+01:00,3,0,457,683,1445,3009,1868,4767,2470,6685,3261,5125,2310,2274,2317,3408,1483,5036,1,0,278,398,918,1898,1301,3350,1739,4877,2441,3813,1716,1758,1774,2812,1195,4369,40174,34634,931,1,5493,0,0,3,3
2021-02-19T23:59:59+01:00,2,0,434,646,1416,2947,1840,4711,2429,6585,3174,5007,2129,2112,2253,3359,1478,5030,1,0,276,397,917,1896,1300,3349,1739,4872,2438,3812,1715,1757,1772,2811,1195,4368,39421,34611,911,1,5217,0,0,3,3
2021-02-18T23:59:59+01:00,2,0,407,589,1311,2707,1736,4469,2291,6323,3070,4825,2100,2096,2237,3342,1473,5019,1,0,276,391,909,1862,1291,3309,1721,4824,2419,3774,1704,1746,1755,2799,1183,4348,39343,34308,837,1,3814,0,0,3,3
2021-02-17T23:59:59+01:00,2,0,390,557,1273,2576,1679,4294,2222,6082,3010,4675,2081,2077,2213,3322,1459,5009,1,0,266,374,873,1776,1248,3180,1661,4665,2344,3639,1625,1676,1679,2687,1130,4226,39187,33047,786,0,2945,0,0,3,3
2021-02-16T23:59:59+01:00,2,0,372,527,1220,2457,1629,4160,2143,5897,2930,4539,2072,2072,2205,3315,1454,4997,1,0,258,357,852,1694,1193,3043,1598,4462,2273,3460,1574,1622,1615,2585,1098,4090,39127,31772,755,0,2106,0,0,3,3
2021-02-15T23:59:59+01:00,2,0,362,505,1148,2317,1584,4085,2111,5843,2902,4498,2053,2056,2180,3284,1446,4976,1,0,252,338,829,1649,1161,2967,1542,4323,2200,3340,1498,1557,1557,2472,1051,3901,39019,30635,640,0,1690,0,0,3,3
2021-02-14T23:59:59+01:00,2,0,353,499,1124,2261,1521,3924,2070,5750,2871,4459,2047,2053,2168,3274,1443,4969,1,0,246,333,811,1621,1145,2927,1500,4271,2162,3310,1482,1536,1532,2435,1034,3855,39000,30198,571,0,1214,0,0,3,3
2021-02-13T23:59:59+01:00,2,0,353,499,1123,2261,1521,3923,2068,5749,2871,4459,2046,2051,2167,3274,1442,4966,1,0,246,333,811,1621,1145,2927,1499,4269,2161,3310,1480,1533,1531,2434,1034,3854,38989,30187,571,0,1213,0,0,2,2
2021-02-12T23:59:59+01:00,2,0,345,496,1105,2253,1516,3910,2063,5741,2868,4453,2032,2041,2161,3261,1437,4963,1,0,244,332,805,1616,1139,2918,1483,4251,2142,3297,1467,1517,1516,2402,1027,3817,38923,29973,563,0,1159,0,0,2,1
2021-02-11T23:59:59+01:00,2,0,322,472,1042,2157,1463,3783,1969,5478,2784,4334,2001,2008,2121,3193,1407,4905,1,0,224,304,756,1511,1059,2694,1358,3894,1953,2991,1278,1303,1342,2122,913,3446,38524,27148,526,0,389,0,0,2,1
2021-02-10T23:59:59+01:00,2,0,316,463,1020,2117,1424,3705,1915,5317,2690,4154,1930,1958,2073,3151,1385,4879,1,0,199,261,663,1322,931,2306,1172,3291,1709,2571,1115,1125,1190,1871,794,3083,38109,23603,386,0,2,0,0,2,1
2021-02-09T23:59:59+01:00,2,0,310,452,1012,2086,1409,3653,1871,5251,2624,4099,1872,1918,2001,3096,1364,4857,1,0,166,201,562,1061,781,1859,965,2680,1439,2157,963,964,991,1580,670,2634,37808,19673,65,0,2,0,0,2,1
2021-02-08T23:59:59+01:00,2,0,308,450,1009,2079,1398,3637,1863,5228,2604,4082,1858,1907,1982,3078,1358,4832,1,0,116,166,461,846,617,1440,767,2032,1160,1670,770,788,790,1246,533,2152,37651,15554,20,0,2,0,0,2,1
2021-02-07T23:59:59+01:00,2,0,308,450,1007,2078,1397,3632,1860,5225,2597,4079,1852,1898,1966,3070,1354,4824,1,0,106,147,412,702,543,1265,687,1816,1063,1522,694,707,707,1122,456,1909,37580,13858,17,0,0,0,0,2,1
2021-02-06T23:59:59+01:00,2,0,308,450,1006,2077,1397,3629,1860,5223,2597,4076,1852,1897,1961,3068,1351,4822,1,0,105,146,407,699,538,1241,671,1797,1052,1500,691,703,702,1118,455,1905,37557,13731,17,0,0,0,0,2,0
2021-02-05T23:59:59+01:00,2,0,308,449,1004,2074,1393,3620,1856,5209,2591,4070,1851,1896,1953,3060,1341,4808,1,0,101,138,391,681,521,1211,639,1745,1002,1437,654,652,653,1044,428,1811,37466,13109,17,0,0,0,0,2,0
2021-02-04T23:59:59+01:00,2,0,300,432,993,2044,1374,3566,1836,5132,2576,4022,1835,1875,1926,3025,1321,4775,1,0,76,107,290,460,362,819,456,1183,690,978,508,476,506,825,340,1451,37015,9528,17,0,0,0,0,2,0
2021-02-03T23:59:59+01:00,2,0,296,423,974,2018,1358,3528,1822,5083,2542,3979,1815,1852,1911,3001,1307,4758,1,0,60,83,244,392,292,640,347,925,532,729,340,331,368,586,248,1064,36650,7182,17,0,0,0,0,2,0
2021-02-02T23:59:59+01:00,2,0,291,416,968,1989,1350,3495,1811,5036,2519,3944,1797,1836,1883,2960,1285,4707,0,0,40,64,187,310,244,487,266,740,384,560,236,214,234,391,168,700,36270,5225,17,0,0,0,0,2,0
2021-02-01T23:59:59+01:00,2,0,290,413,963,1981,1347,3480,1803,5015,2510,3925,1789,1825,1868,2945,1280,4693,0,0,20,40,138,224,168,312,170,491,240,323,119,109,102,189,78,313,36110,3036,17,0,0,0,0,2,0
2021-01-31T23:59:59+01:00,2,0,289,412,961,1973,1344,3471,1800,4996,2506,3911,1785,1817,1864,2937,1277,4683,0,0,19,35,120,196,151,271,153,411,203,278,100,95,94,161,70,274,36009,2631,17,0,0,0,0,2,0
2021-01-30T23:59:59+01:00,2,0,289,412,961,1973,1344,3471,1800,4996,2506,3911,1784,1817,1864,2936,1277,4682,0,0,19,35,119,196,151,268,150,408,202,278,99,94,94,161,70,274,36006,2618,17,0,0,0,0,2,0
2021-01-29T23:59:59+01:00,2,0,287,409,960,1971,1343,3463,1794,4987,2503,3908,1778,1810,1855,2924,1270,4660,0,0,17,33,117,186,142,260,138,380,170,251,72,70,84,139,63,238,35905,2360,17,0,0,0,0,2,0
2021-01-28T23:59:59+01:00,2,0,284,400,941,1916,1319,3399,1769,4925,2475,3845,1756,1789,1823,2893,1251,4624,0,0,1,0,11,19,8,20,12,45,8,22,6,4,7,10,3,15,35394,191,15,0,0,0,0,2,0
2021-01-27T23:59:59+01:00,2,0,278,382,908,1835,1284,3285,1708,4802,2415,3745,1699,1740,1778,2825,1212,4535,0,0,1,0,5,6,5,12,8,19,4,12,4,4,7,10,3,14,34420,114,11,0,0,0,0,2,0
2021-01-26T23:59:59+01:00,2,0,273,372,898,1820,1270,3245,1690,4746,2385,3678,1666,1708,1739,2753,1194,4444,0,0,1,0,5,6,5,12,8,19,4,12,4,4,7,10,3,14,33874,114,7,0,0,0,0,2,0
2021-01-25T23:59:59+01:00,1,0,262,347,855,1701,1200,3081,1599,4473,2279,3470,1605,1655,1682,2665,1144,4258,0,0,1,0,1,3,1,4,4,2,4,5,4,4,6,9,2,14,32272,64,3,0,0,0,0,2,0
2021-01-24T23:59:59+01:00,1,0,259,344,844,1681,1190,3058,1568,4440,2253,3449,1594,1646,1670,2653,1138,4250,0,0,1,0,1,2,1,4,4,2,4,5,4,4,6,9,2,14,32033,63,3,0,0,0,0,2,0
2021-01-23T23:59:59+01:00,1,0,259,344,844,1681,1189,3057,1568,4436,2252,3448,1593,1646,1669,2652,1137,4245,0,0,1,0,1,2,1,4,4,2,4,5,4,4,6,9,2,14,32016,63,3,0,0,0,0,2,0
2021-01-22T23:59:59+01:00,1,0,258,342,838,1678,1185,3052,1565,4429,2239,3443,1581,1634,1663,2633,1131,4223,0,0,1,0,1,2,1,4,4,2,4,5,4,4,6,9,2,14,31891,63,3,0,0,0,0,1,0
2021-01-21T23:59:59+01:00,1,0,247,332,811,1611,1160,2925,1509,4267,2159,3308,1482,1530,1526,2465,1047,4033,0,0,1,0,1,2,1,4,4,2,4,5,4,3,5,9,1,14,30409,60,3,0,0,0,0,1,0
2021-01-20T23:59:59+01:00,1,0,225,291,737,1455,1069,2608,1376,3808,1985,2953,1359,1382,1402,2266,969,3793,0,0,1,0,1,2,1,4,4,2,3,5,4,3,5,9,1,14,27676,59,2,0,0,0,0,1,0
2021-01-19T23:59:59+01:00,1,0,194,234,636,1207,924,2163,1153,3191,1695,2522,1175,1177,1167,1921,807,3221,0,0,1,0,1,1,1,2,4,1,2,5,4,3,5,9,1,14,23386,54,2,0,0,0,0,0,0
2021-01-18T23:59:59+01:00,1,0,137,186,503,947,713,1647,885,2324,1319,1911,912,945,932,1515,631,2570,0,0,0,0,0,0,0,0,0,0,1,2,2,1,0,0,0,0,18077,6,1,0,0,0,0,0,0
2021-01-17T23:59:59+01:00,1,0,123,161,444,775,628,1424,783,2071,1204,1723,846,866,848,1377,557,2350,0,0,0,0,0,0,0,0,0,0,0,1,0,0,0,0,0,0,16181,1,0,0,0,0,0,0,0
2021-01-16T23:59:59+01:00,1,0,122,160,440,774,626,1416,773,2067,1195,1717,844,861,843,1366,549,2334,0,0,0,0,0,0,0,0,0,0,0,0,0,0,0,0,0,0,16088,0,0,0,0,0,0,0,0
2021-01-15T23:59:59+01:00,1,0,111,153,427,753,599,1377,741,1989,1133,1635,800,807,796,1277,518,2209,0,0,0,0,0,0,0,0,0,0,0,0,0,0,0,0,0,0,15326,0,0,0,0,0,0,0,0
2021-01-14T23:59:59+01:00,1,0,77,114,306,487,398,892,512,1283,776,1073,585,558,578,942,401,1682,0,0,0,0,0,0,0,0,0,0,0,0,0,0,0,0,0,0,10665,0,0,0,0,0,0,0,0
2021-01-13T23:59:59+01:00,1,0,60,87,255,409,322,675,379,982,569,764,369,355,392,638,286,1173,0,0,0,0,0,0,0,0,0,0,0,0,0,0,0,0,0,0,7716,0,0,0,0,0,0,0,0
2021-01-12T23:59:59+01:00,0,0,49,71,208,350,258,547,279,808,413,598,248,226,243,425,192,785,0,0,0,0,0,0,0,0,0,0,0,0,0,0,0,0,0,0,5700,0,0,0,0,0,0,0,0
2021-01-11T23:59:59+01:00,0,0,33,52,180,300,211,444,220,648,303,421,151,131,139,259,106,451,0,0,0,0,0,0,0,0,0,0,0,0,0,0,0,0,0,0,4049,0,0,0,0,0,0,0,0
2021-01-10T23:59:59+01:00,0,0,25,43,158,251,182,366,179,537,254,360,130,110,124,214,94,362,0,0,0,0,0,0,0,0,0,0,0,0,0,0,0,0,0,0,3389,0,0,0,0,0,0,0,0
2021-01-09T23:59:59+01:00,0,0,25,43,157,249,181,363,177,531,253,359,129,109,124,214,94,362,0,0,0,0,0,0,0,0,0,0,0,0,0,0,0,0,0,0,3370,0,0,0,0,0,0,0,0
2021-01-08T23:59:59+01:00,0,0,23,40,154,239,173,353,164,500,223,333,105,93,118,198,87,335,0,0,0,0,0,0,0,0,0,0,0,0,0,0,0,0,0,0,3138,0,0,0,0,0,0,0,0
2021-01-07T23:59:59+01:00,0,0,2,0,5,9,8,15,10,7,18,11,10,11,14,21,3,35,0,0,0,0,0,0,0,0,0,0,0,0,0,0,0,0,0,0,179,0,0,0,0,0,0,0,0
2021-01-06T23:59:59+01:00,0,0,1,0,2,3,1,7,5,2,4,6,6,4,7,10,1,16,0,0,0,0,0,0,0,0,0,0,0,0,0,0,0,0,0,0,75,0,0,0,0,0,0,0,0
2021-01-05T23:59:59+01:00,0,0,1,0,2,3,1,6,5,2,4,5,6,4,6,10,1,15,0,0,0,0,0,0,0,0,0,0,0,0,0,0,0,0,0,0,71,0,0,0,0,0,0,0,0
2021-01-04T23:59:59+01:00,0,0,1,0,1,3,1,5,4,2,4,5,6,4,5,9,1,15,0,0,0,0,0,0,0,0,0,0,0,0,0,0,0,0,0,0,66,0,0,0,0,0,0,0,0
2021-01-03T23:59:59+01:00,0,0,1,0,1,2,1,5,4,2,4,5,5,4,5,9,1,15,0,0,0,0,0,0,0,0,0,0,0,0,0,0,0,0,0,0,64,0,0,0,0,0,0,0,0
2021-01-02T23:59:59+01:00,0,0,1,0,1,2,1,5,4,2,4,5,5,4,5,9,1,15,0,0,0,0,0,0,0,0,0,0,0,0,0,0,0,0,0,0,64,0,0,0,0,0,0,0,0
2021-01-01T23:59:59+01:00,0,0,1,0,1,2,1,4,4,2,4,5,5,4,5,9,1,15,0,0,0,0,0,0,0,0,0,0,0,0,0,0,0,0,0,0,63,0,0,0,0,0,0,0,0
2020-12-31T23:59:59+01:00,0,0,1,0,1,2,1,4,4,2,4,5,5,4,5,9,1,15,0,0,0,0,0,0,0,0,0,0,0,0,0,0,0,0,0,0,63,0,0,0,0,0,0,0,0
2020-12-30T23:59:59+01:00,0,0,1,0,1,2,1,4,4,2,3,5,5,4,5,9,1,15,0,0,0,0,0,0,0,0,0,0,0,0,0,0,0,0,0,0,62,0,0,0,0,0,0,0,0
2020-12-29T23:59:59+01:00,0,0,0,0,1,1,1,2,4,1,2,5,5,4,5,9,1,15,0,0,0,0,0,0,0,0,0,0,0,0,0,0,0,0,0,0,56,0,0,0,0,0,0,0,0
2020-12-28T23:59:59+01:00,0,0,0,0,1,1,1,1,2,0,1,5,4,1,1,0,0,2,0,0,0,0,0,0,0,0,0,0,0,0,0,0,0,0,0,0,20,0,0,0,0,0,0,0,0
2020-12-27T23:59:59+01:00,0,0,0,0,1,1,1,1,2,0,0,3,2,0,1,0,0,2,0,0,0,0,0,0,0,0,0,0,0,0,0,0,0,0,0,0,14,0,0,0,0,0,0,0,0
