Datum,<15_m,<15_w,15-24_1_m,15-24_1_w,25-34_1_m,25-34_1_w,35-44_1_m,35-44_1_w,45-54_1_m,45-54_1_w,55-64_1_m,55-64_1_w,65-74_1_m,65-74_1_w,75-84_1_m,75-84_1_w,>84_1_m,>84_1_w,<24_2_m,<24_2_w,25-34_2_m,25-34_2_w,35-44_2_m,35-44_2_w,45-54_2_m,45-54_2_w,55-64_2_m,55-64_2_w,65-74_2_m,65-74_2_w,75-84_2_m,75-84_2_w,>84_2_m,>84_2_w,bp_1,bp_2,mo_1,mo_2,az_1,az_2,ja,unb_1,unb_2
2021-09-13T23:59:59+02:00,4234,3925,35480,34166,51381,45930,52681,51291,63553,63612,73653,73913,53505,59101,36814,47701,11179,21242,32210,31024,48705,42863,50347,48427,61114,60755,71288,71428,52149,57448,35900,46366,10861,20528,567601,539084,77705,74411,105723,101446,32305,28,25
2021-09-12T23:59:59+02:00,4226,3915,35459,34150,51365,45909,52666,51274,63541,63595,73643,73903,53503,59095,36809,47700,11179,21241,32185,31007,48691,42845,50340,48419,61104,60742,71272,71416,52142,57439,35894,46364,10858,20528,567456,538931,77690,74404,105712,101431,32288,28,25
2021-09-11T23:59:59+02:00,4223,3912,35455,34147,51363,45907,52661,51267,63539,63590,73641,73898,53499,59090,36809,47698,11179,21241,32176,31004,48688,42842,50337,48416,61101,60738,71269,71414,52140,57437,35894,46362,10858,20528,567428,538911,77690,74404,105712,101431,32262,28,25
2021-09-10T23:59:59+02:00,4222,3911,35345,34054,51181,45766,52481,51130,63373,63482,73512,73811,53462,59053,36789,47680,11177,21236,32054,30901,48504,42689,50150,48283,60924,60623,71140,71323,52099,57396,35872,46340,10855,20523,567371,538761,77688,74402,105711,101429,30868,28,25
2021-09-09T23:59:59+02:00,4195,3873,35268,33993,51126,45698,52427,51046,63318,63429,73473,73773,53439,59024,36775,47664,11175,21232,31963,30833,48461,42641,50105,48241,60886,60590,71098,71290,52081,57383,35865,46325,10854,20519,566776,538281,77654,74395,105700,101408,30771,28,25
2021-09-08T23:59:59+02:00,4170,3852,35233,33955,51100,45667,52410,51020,63285,63396,73452,73750,53431,59009,36769,47653,11175,21230,31905,30808,48424,42616,50080,48213,60854,60564,71083,71270,52069,57371,35855,46314,10851,20501,566431,537929,77654,74394,105700,101396,30745,28,25
2021-09-07T23:59:59+02:00,4158,3837,35193,33913,51071,45637,52385,50991,63259,63374,73418,73721,53419,58993,36753,47639,11173,21224,31858,30764,48389,42584,50043,48183,60830,60534,71050,71242,52057,57356,35848,46301,10848,20497,566062,537533,77654,74392,105700,101390,30715,28,25
2021-09-06T23:59:59+02:00,3986,3657,34742,33454,50718,45265,52129,50699,63048,63141,73262,73577,53356,58915,36734,47598,11170,21216,31664,30592,48195,42435,49907,48048,60728,60423,70956,71159,52010,57312,35832,46282,10843,20484,563330,536684,77654,74391,105700,101389,29956,28,25
2021-09-05T23:59:59+02:00,3978,3645,34727,33439,50716,45257,52117,50691,63037,63131,73247,73572,53352,58907,36728,47591,11168,21213,31643,30572,48179,42421,49894,48039,60715,60412,70944,71153,52005,57300,35830,46277,10842,20482,563199,536537,77653,74389,105700,101377,29937,28,25
2021-09-04T23:59:59+02:00,3978,3645,34726,33439,50714,45257,52116,50690,63037,63131,73247,73572,53352,58907,36728,47591,11168,21213,31642,30570,48178,42421,49892,48037,60715,60412,70943,71153,52005,57300,35830,46277,10842,20482,563197,536533,77653,74387,105700,101377,29934,28,25
2021-09-03T23:59:59+02:00,3930,3603,34569,33315,50566,45136,52012,50574,62889,63010,73124,73476,53313,58859,36708,47571,11164,21210,31377,30386,47988,42256,49728,47876,60520,60245,70801,71013,51951,57246,35805,46254,10839,20478,563058,536399,77092,73212,105689,101364,29163,28,25
2021-09-02T23:59:59+02:00,3905,3574,34514,33270,50536,45095,51979,50543,62851,62970,73087,73451,53292,58848,36699,47554,11164,21206,31309,30325,47942,42211,49686,47832,60467,60192,70759,70986,51933,57230,35796,46245,10838,20474,562660,536011,77071,73207,105689,101253,29091,28,25
2021-09-01T23:59:59+02:00,3888,3560,34487,33239,50511,45068,51959,50521,62831,62937,73058,73433,53283,58839,36695,47546,11164,21205,31258,30286,47909,42181,49656,47808,60440,60167,70737,70955,51914,57211,35786,46238,10838,20471,562391,535669,77067,73200,105689,101226,29050,28,25
2021-08-31T23:59:59+02:00,3861,3547,34447,33190,50484,45030,51932,50488,62803,62904,73028,73402,53263,58817,36687,47533,11161,21205,31199,30256,47883,42155,49634,47791,60413,60151,70722,70928,51900,57201,35782,46231,10835,20465,561995,535394,77067,73197,105689,101220,29004,28,25
2021-08-30T23:59:59+02:00,3636,3343,33872,32690,50073,44662,51586,50150,62514,62647,72821,73227,53181,58731,36657,47487,11158,21197,30923,29995,47590,41930,49410,47625,60231,60025,70565,70826,51834,57156,35763,46199,10832,20458,559064,534327,77067,73194,105688,101210,27786,28,25
2021-08-29T23:59:59+02:00,3630,3335,33850,32668,50055,44654,51570,50133,62503,62633,72811,73211,53173,58726,36655,47480,11158,21195,30905,29975,47566,41904,49390,47609,60214,60008,70553,70814,51831,57148,35760,46198,10832,20456,558917,534209,77066,73193,105687,101166,27743,28,25
2021-08-28T23:59:59+02:00,3630,3335,33847,32668,50050,44653,51569,50131,62501,62630,72809,73210,53172,58724,36655,47480,11158,21195,30896,29967,47560,41902,49388,47607,60211,60004,70550,70812,51830,57144,35760,46198,10832,20456,558908,534175,77066,73192,105687,101166,27729,28,25
2021-08-27T23:59:59+02:00,3625,3329,33840,32647,50046,44651,51557,50125,62493,62625,72792,73204,53168,58722,36654,47479,11157,21194,30878,29948,47551,41895,49379,47598,60203,59996,70538,70811,51828,57143,35759,46197,10831,20456,558833,534097,77066,73190,105687,101163,27695,28,25
2021-08-26T23:59:59+02:00,3600,3302,33799,32598,50021,44612,51516,50077,62450,62602,72760,73175,53158,58712,36646,47477,11156,21190,30587,29689,47340,41689,49210,47444,60090,59901,70456,70743,51796,57112,35743,46174,10829,20452,558483,532325,77040,73183,105686,101100,27615,28,25
2021-08-25T23:59:59+02:00,3559,3278,33750,32556,49995,44567,51485,50050,62412,62569,72724,73153,53150,58694,36640,47463,11155,21189,29841,28988,46912,41278,48886,47152,59867,59678,70282,70593,51729,57036,35722,46139,10820,20444,558064,528022,77040,73181,105686,101077,27572,28,25
2021-08-24T23:59:59+02:00,3519,3256,33693,32497,49966,44525,51456,50002,62368,62522,72679,73106,53128,58670,36627,47450,11153,21181,29613,28769,46784,41148,48778,47046,59775,59584,70197,70493,51683,56988,35701,46127,10817,20441,557575,526593,77036,73177,105684,101042,27476,28,25
2021-08-23T23:59:59+02:00,3217,2992,33062,31881,49544,44132,51115,49702,62043,62229,72386,72876,53033,58581,36589,47387,11142,21172,29194,28377,46401,40850,48537,46834,59506,59378,69971,70345,51606,56918,35676,46084,10811,20434,554547,525149,77033,73175,105683,101037,25793,28,25
2021-08-22T23:59:59+02:00,3206,2984,33051,31874,49534,44122,51107,49696,62038,62222,72382,72874,53030,58578,36587,47385,11142,21171,29171,28361,46383,40842,48529,46823,59495,59371,69965,70342,51596,56914,35673,46081,10811,20434,554478,525052,77029,73171,105680,101024,25769,28,25
2021-08-21T23:59:59+02:00,3204,2984,33045,31871,49532,44120,51106,49693,62035,62221,72381,72873,53030,58578,36587,47385,11142,21171,29159,28348,46378,40838,48524,46818,59490,59371,69965,70341,51595,56914,35673,46081,10811,20434,554461,525010,77029,73167,105680,101024,25761,28,25
2021-08-20T23:59:59+02:00,3188,2973,32923,31778,49343,43992,50936,49584,61856,62095,72235,72793,52982,58535,36572,47367,11139,21167,28622,27846,45905,40486,48245,46609,59237,59188,69762,70218,51511,56856,35643,46053,10807,20427,554235,523319,77029,72993,105679,100797,24488,28,25
2021-08-19T23:59:59+02:00,3161,2950,32872,31739,49309,43955,50889,49542,61811,62057,72186,72754,52956,58515,36565,47352,11135,21160,27681,26994,45117,39883,47818,46246,58906,58915,69489,69994,51411,56767,35601,46006,10802,20421,553820,518949,76994,72017,105674,100705,24393,28,25
2021-08-18T23:59:59+02:00,3140,2931,32826,31696,49273,43920,50852,49506,61766,62020,72139,72728,52927,58498,36551,47338,11134,21155,26389,25687,44192,39005,47116,45505,58231,58331,69003,69539,51224,56545,35524,45912,10790,20404,553390,513403,76973,68820,105672,100652,24338,28,25
2021-08-17T23:59:59+02:00,3118,2908,32754,31638,49231,43853,50810,49472,61723,61978,72103,72688,52904,58474,36538,47327,11131,21150,25100,24299,43325,38311,46515,45026,57703,57889,68572,69213,51089,56361,35449,45832,10774,20390,552857,507789,76968,66744,105671,100615,24277,28,25
2021-08-16T23:59:59+02:00,3107,2889,32737,31617,49207,43831,50801,49455,61703,61961,72082,72672,52892,58466,36537,47316,11129,21146,23667,22899,42415,37460,46243,44734,57481,57629,68366,69053,51016,56277,35419,45787,10772,20376,552630,501425,76965,66712,105669,100602,24257,28,25
2021-08-15T23:59:59+02:00,3100,2878,32726,31601,49196,43826,50791,49445,61688,61945,72067,72660,52888,58459,36534,47316,11129,21146,21232,20428,41661,36922,45877,44367,57148,57333,68082,68797,50904,56174,35382,45731,10769,20367,552507,492679,76964,66533,105659,100586,24238,28,25
2021-08-14T23:59:59+02:00,3100,2877,32722,31599,49191,43825,50788,49443,61683,61942,72063,72654,52888,58459,36533,47316,11129,21146,21209,20402,41621,36892,45860,44352,57135,57323,68070,68786,50902,56172,35381,45730,10769,20366,552501,492498,76963,66530,105659,100586,24208,28,25
2021-08-13T23:59:59+02:00,3086,2860,32680,31572,49168,43810,50766,49425,61650,61911,72041,72634,52883,58452,36530,47311,11128,21143,21092,20315,41533,36793,45798,44299,57087,57285,68030,68752,50885,56160,35372,45721,10768,20364,552344,491907,76962,66527,105658,100565,24059,28,25
2021-08-12T23:59:59+02:00,3069,2831,32632,31522,49133,43770,50728,49397,61599,61883,72005,72598,52867,58433,36513,47302,11127,21140,20626,20003,40579,35983,45431,43968,56869,57109,67853,68587,50813,56077,35341,45676,10763,20356,551933,487672,76958,66525,105656,100520,23975,28,25
2021-08-11T23:59:59+02:00,3028,2800,32575,31479,49099,43734,50703,49373,61572,61853,71977,72570,52845,58407,36501,47293,11126,21136,19734,19117,39252,34797,44829,43389,56509,56779,67560,68314,50692,55939,35304,45617,10761,20343,551521,480257,76952,66521,105655,100498,23916,28,25
2021-08-10T23:59:59+02:00,3013,2781,32524,31434,49062,43705,50673,49341,61553,61813,71937,72525,52823,58391,36490,47270,11125,21131,18711,18150,37151,32937,43944,42512,56057,56384,67171,67966,50540,55785,35243,45520,10756,20323,551061,470023,76952,66519,105654,100479,23897,28,25
2021-08-09T23:59:59+02:00,2997,2774,32495,31411,49038,43687,50645,49323,61534,61796,71917,72505,52814,58382,36485,47260,11123,21130,17288,16734,34156,30502,43280,41879,55653,56022,66839,67641,50399,55637,35192,45471,10751,20305,550814,457820,76950,66515,105650,100466,23875,28,25
2021-08-08T23:59:59+02:00,2994,2774,32483,31401,49028,43680,50640,49317,61526,61789,71914,72504,52813,58380,36485,47257,11123,21129,17261,16704,34134,30488,43243,41847,55640,56009,66830,67636,50394,55631,35191,45468,10750,20304,550759,457632,76950,66510,105639,100447,23862,28,25
2021-08-07T23:59:59+02:00,2993,2769,32476,31391,49025,43672,50635,49317,61523,61786,71907,72502,52812,58378,36484,47257,11123,21129,17235,16674,34106,30469,43210,41817,55619,55992,66819,67629,50388,55629,35189,45468,10750,20303,550710,457405,76950,66507,105639,100446,23853,28,25
2021-08-06T23:59:59+02:00,2905,2677,32133,31167,48771,43475,50381,49091,61235,61581,71632,72335,52680,58274,36430,47205,11120,21120,17030,16538,33397,29993,42742,41449,55275,55766,66509,67453,50258,55535,35140,45432,10747,20296,550641,455735,75844,66220,105635,100444,22065,28,25
2021-08-05T23:59:59+02:00,2858,2638,31978,31050,48677,43385,50301,49038,61182,61536,71580,72294,52653,58255,36421,47188,11118,21118,16800,16284,31538,28561,41702,40504,55001,55417,66297,67281,50193,55458,35117,45393,10740,20287,549767,448941,75841,66147,105626,100321,22009,28,25
2021-08-04T23:59:59+02:00,2783,2561,31732,30857,48490,43250,50148,48926,61101,61460,71518,72238,52624,58215,36408,47173,11115,21113,16535,16041,31184,28340,40510,39430,54610,55086,66124,67129,50128,55374,35087,45365,10737,20280,548477,444631,75840,66128,105624,100247,21751,21,24
2021-08-03T23:59:59+02:00,2595,2381,31223,30395,48240,43001,49974,48735,60938,61286,71372,72091,52569,58144,36386,47144,11105,21099,16096,15596,30598,27812,38779,37813,53919,54438,65788,66819,50031,55246,35039,45314,10732,20270,545533,436962,75840,66122,105621,100228,21664,21,24
2021-08-02T23:59:59+02:00,2484,2286,30909,30111,48042,42821,49821,48606,60830,61182,71283,72009,52536,58112,36364,47125,11104,21096,15792,15327,30259,27460,36633,35988,53361,53926,65579,66643,49959,55161,35017,45286,10730,20266,543600,430118,75837,66118,105616,100116,21648,21,23
2021-08-01T23:59:59+02:00,2481,2283,30897,30104,48024,42811,49809,48598,60818,61172,71275,72003,52531,58104,36360,47125,11104,21096,15668,15202,30122,27347,34327,34133,53063,53676,65487,66574,49920,55121,35010,45268,10729,20264,543546,424671,75835,66114,105570,100093,21624,21,23
2021-07-31T23:59:59+02:00,2481,2283,30893,30100,48022,42809,49807,48598,60817,61172,71275,72001,52528,58102,36360,47125,11104,21095,15653,15190,30089,27327,34314,34126,53045,53668,65474,66569,49916,55116,35010,45267,10728,20263,543528,424523,75835,66113,105570,100090,21619,21,23
2021-07-30T23:59:59+02:00,2467,2278,30846,30055,47990,42788,49783,48573,60783,61143,71240,71983,52519,58091,36360,47125,11104,21093,15498,14889,29831,27012,34134,33876,52845,53376,65310,66366,49869,55070,34999,45255,10728,20262,543353,424171,75830,66104,105567,98180,21451,21,23
2021-07-29T23:59:59+02:00,2435,2258,30686,29963,47907,42727,49730,48508,60722,61102,71194,71937,52500,58072,36352,47109,11101,21088,15186,14613,29518,26800,32847,32927,52064,52765,64955,66098,49770,54978,34957,45198,10723,20254,542690,421477,75823,63377,105555,98036,21303,21,23
2021-07-28T23:59:59+02:00,2389,2221,30533,29853,47824,42658,49657,48436,60649,61025,71128,71880,52476,58034,36334,47091,11100,21083,14783,14242,29079,26483,32477,32597,51350,52151,64564,65771,49676,54876,34923,45141,10707,20235,541745,417338,75819,63324,105549,97646,21238,21,23
2021-07-27T23:59:59+02:00,2310,2148,30292,29584,47671,42482,49513,48299,60541,60902,71028,71792,52418,57973,36306,47052,11092,21076,14141,13587,28313,25856,31728,31945,50097,51057,63839,65203,49489,54672,34856,45026,10700,20217,539916,409014,75809,63298,105543,97549,21191,21,23
2021-07-26T23:59:59+02:00,2249,2093,30092,29350,47553,42353,49438,48216,60478,60837,70977,71747,52392,57941,36295,47039,11090,21067,13776,13211,27962,25568,31110,31537,48540,49689,62862,64376,49284,54468,34788,44944,10690,20205,538688,401307,75806,63293,105539,97519,21154,21,23
2021-07-25T23:59:59+02:00,2002,1891,29270,28677,47162,42040,49153,47931,60242,60614,70796,71589,52336,57866,36268,46996,11089,21060,13683,13151,27866,25506,31025,31471,48420,49627,62775,64328,49263,54451,34781,44936,10690,20204,534514,400680,75806,63286,105532,97359,21110,21,23
2021-07-24T23:59:59+02:00,1922,1823,29016,28447,47011,41935,49036,47832,60087,60495,70667,71509,52288,57836,36251,46975,11087,21060,13548,13041,27662,25372,30866,31343,48209,49456,62612,64233,49219,54421,34766,44918,10688,20202,533825,400070,75804,63283,105531,97357,20097,21,23
2021-07-23T23:59:59+02:00,1810,1702,28686,28121,46766,41784,48781,47619,59838,60306,70463,71382,52213,57765,36232,46938,11083,21051,13297,12817,27229,25058,30487,31036,47611,48966,62283,63998,49136,54355,34744,44874,10683,20193,532831,397674,75427,63229,105520,97355,18742,21,23
2021-07-22T23:59:59+02:00,1798,1695,28607,28043,46628,41643,48570,47408,59660,60165,70346,71253,52170,57728,36216,46921,11083,21051,13071,12565,26894,24725,30137,30718,45689,47405,61479,63298,49040,54253,34706,44830,10680,20183,532527,390987,74275,63080,105479,97132,18684,21,23
2021-07-21T23:59:59+02:00,1765,1656,28342,27838,46244,41309,47979,46852,59077,59682,69890,70864,51998,57567,36158,46864,11074,21038,12645,12127,26316,24183,29563,30150,41960,44168,59996,62032,48870,54073,34643,44747,10670,20156,531974,379359,71007,62570,105325,96685,17871,21,23
2021-07-20T23:59:59+02:00,1742,1641,28221,27701,46181,41251,47933,46814,59023,59632,69837,70817,51963,57539,36142,46838,11070,21031,12146,11594,25578,23492,28913,29400,38504,41176,58450,60568,48667,53852,34561,44655,10652,20136,531286,368973,70987,59178,105308,96562,17775,21,23
2021-07-19T23:59:59+02:00,1737,1640,28191,27666,46159,41238,47921,46800,59010,59616,69825,70815,51961,57535,36142,46834,11068,21031,12101,11566,25515,23458,28882,29367,38460,41144,58409,60541,48663,53844,34560,44652,10649,20135,531140,368662,70987,59165,105293,96511,17749,21,23
2021-07-18T23:59:59+02:00,1733,1633,28165,27640,46135,41229,47907,46787,59004,59606,69818,70806,51959,57534,36141,46833,11068,21030,12039,11541,25430,23419,28821,29334,38399,41117,58349,60500,48661,53840,34557,44651,10649,20135,531008,368327,70985,59134,105285,96391,17730,21,23
2021-07-17T23:59:59+02:00,1733,1631,28146,27627,46120,41220,47897,46783,58997,59601,69811,70802,51954,57530,36140,46833,11068,21030,12012,11530,25397,23383,28788,29314,38377,41100,58314,60476,48651,53832,34555,44651,10649,20135,530931,368079,70984,59130,105285,96388,17703,21,23
2021-07-16T23:59:59+02:00,1718,1611,27880,27438,45837,41055,47673,46610,58698,59399,69579,70661,51848,57457,36096,46797,11063,21028,11759,11336,25068,23143,28490,29084,37981,40825,57806,60053,48515,53718,34503,44601,10643,20131,530615,366879,70983,59127,105160,96113,15670,21,23
2021-07-15T23:59:59+02:00,1620,1498,27417,27050,45579,40816,47527,46497,58558,59286,69476,70573,51807,57415,36081,46775,11062,21021,11466,11109,24588,22798,28125,28812,37587,40546,55761,58009,48345,53517,34446,44517,10635,20120,528290,359939,70980,59042,105152,95902,15616,21,23
2021-07-14T23:59:59+02:00,1453,1366,26852,26511,45273,40527,47324,46312,58375,59088,69316,70427,51746,57356,36055,46745,11056,21016,11279,10922,24178,22446,27773,28493,37063,40144,54544,56829,48208,53367,34395,44453,10627,20098,525117,356231,70974,57382,105133,95756,15554,21,23
2021-07-13T23:59:59+02:00,1168,1062,25899,25613,44781,40114,46967,45994,58049,58803,69041,70180,51633,57230,36012,46690,11052,21001,10934,10584,23644,21899,27155,27907,35684,38953,50414,52926,47845,52979,34266,44304,10610,20069,519727,346979,70967,52178,105130,95649,15445,21,23
2021-07-12T23:59:59+02:00,703,665,24517,24354,44221,39633,46768,45778,57836,58607,68857,70008,51571,57139,35994,46664,11050,20993,10701,10476,23437,21761,26903,27772,35438,38784,49973,52505,47770,52894,34236,44269,10610,20063,513830,345520,70967,52152,105124,94569,15418,20,23
2021-07-11T23:59:59+02:00,700,660,24496,24334,44191,39612,46750,45767,57822,58595,68843,70006,51569,57136,35991,46660,11049,20993,10605,10391,23220,21638,26638,27673,35128,38701,49260,52018,46284,51304,34146,44163,10610,20061,513742,345015,70964,52106,105111,89446,15338,20,23
2021-07-10T23:59:59+02:00,698,655,24489,24328,44186,39604,46747,45764,57815,58594,68843,70005,51569,57136,35991,46660,11049,20993,10593,10382,23196,21619,26624,27664,35105,38696,49247,52013,46270,51288,34144,44162,10610,20061,513708,344911,70961,52105,105109,89390,15329,20,23
2021-07-09T23:59:59+02:00,691,645,24041,23867,43909,39365,46678,45703,57754,58553,68792,69980,51552,57123,35987,46652,11048,20993,10514,10211,23102,21430,26563,27455,35038,38479,49183,51909,46248,51264,34140,44159,10610,20061,511948,343683,70958,52092,105103,89347,15305,20,23
2021-07-08T23:59:59+02:00,625,578,22959,22858,43102,38761,46425,45499,57546,58409,68594,69840,51473,57057,35959,46629,11046,20985,10257,10020,22724,21178,26166,27193,34561,38168,48575,51391,45912,50898,34070,44081,10603,20039,507243,340108,70934,51944,105045,88731,15104,20,23
2021-07-07T23:59:59+02:00,573,532,21633,21459,42359,38072,46204,45276,57308,58218,68428,69680,51388,56973,35922,46574,11038,20971,9883,9713,21846,20588,25063,26398,32724,36799,47654,50505,45410,50361,33964,43942,10595,20021,501843,335165,70760,47560,105021,87816,14965,20,23
2021-07-06T23:59:59+02:00,515,469,20399,20173,41509,37423,45725,44925,56914,57913,68101,69420,51288,56847,35878,46522,11030,20962,9491,9330,20983,19994,24100,25743,31233,35604,46460,49305,44631,49580,33828,43766,10582,20001,497340,327839,68834,45454,104999,86544,14821,20,23
2021-07-05T23:59:59+02:00,479,441,18991,18787,40644,36619,45507,44699,56731,57710,67940,69292,51232,56792,35857,46493,11028,20955,9202,9074,20422,19612,23433,25323,30593,35176,45701,48692,43875,48790,33698,43578,10573,19989,491609,322058,68831,45431,104992,85515,14748,18,23
2021-07-04T23:59:59+02:00,472,435,17202,16746,40297,36388,45419,44626,56646,57641,67861,69224,51199,56766,35847,46473,11026,20953,9141,9022,20281,19547,23259,25245,30335,35097,44907,48564,42508,47440,33619,43504,10571,19983,486748,321599,68804,45386,104976,81384,14675,18,23
2021-07-03T23:59:59+02:00,472,434,17181,16726,40247,36340,45403,44611,56639,57637,67855,69217,51197,56763,35847,46473,11026,20952,9098,8981,20215,19479,23199,25181,30251,35018,44686,48388,42439,47365,33574,43445,10568,19983,486565,320641,68802,45385,104975,81204,14660,18,23
2021-07-02T23:59:59+02:00,451,411,17066,16621,39777,35965,45290,44514,56586,57595,67806,69185,51185,56758,35841,46461,11026,20951,8940,8814,19887,19201,22813,24803,29832,34605,44057,47743,42237,47136,33476,43309,10563,19979,485065,317646,68785,44349,104973,80770,14648,18,23
2021-07-01T23:59:59+02:00,399,371,16760,16339,38039,34630,44716,44014,56326,57386,67632,69015,51105,56668,35813,46422,11022,20943,8565,8419,19024,18495,21848,23950,28447,33416,41029,44776,41240,46056,32863,42581,10546,19950,479575,310167,68710,39466,104950,77233,14347,18,23
2021-06-30T23:59:59+02:00,351,326,16469,16093,35847,32804,44092,43381,56102,57190,67427,68823,51021,56575,35784,46368,11018,20927,8206,8083,18353,17867,20964,23121,27171,32155,36390,39906,40162,44912,32199,41792,10525,19925,472708,299687,68665,33434,104931,74340,14276,18,23
2021-06-29T23:59:59+02:00,312,289,16250,15893,34843,31720,43644,42936,55920,57030,67256,68674,50944,56501,35745,46323,11010,20920,7625,7474,17221,16932,19711,21903,25473,30479,33645,36786,37310,41863,31458,40906,10502,19887,468509,283496,68657,33387,104916,68185,14110,18,21
2021-06-28T23:59:59+02:00,302,267,16107,15736,33121,30294,43322,42640,55755,56890,67139,68568,50898,56449,35727,46302,11007,20908,7321,7213,16670,16555,19319,21587,24964,30095,33054,36287,35926,40373,30670,39972,10498,19875,464072,280443,68635,33338,104895,62786,13812,18,21
2021-06-27T23:59:59+02:00,302,267,16085,15713,32966,30206,43260,42611,55718,56881,67113,68560,50893,56445,35724,46301,11007,20907,7277,7185,16532,16487,19154,21525,24762,30021,32826,36147,34670,39102,29044,38047,10497,19874,463749,280269,68632,33299,104888,55909,13672,18,21
2021-06-26T23:59:59+02:00,300,265,16064,15693,32942,30189,43215,42570,55695,56867,67107,68557,50891,56443,35721,46300,11007,20907,7273,7173,16512,16475,19138,21517,24729,29999,32805,36126,34657,39090,29042,38044,10497,19874,463526,280076,68630,33299,104888,55904,13671,18,21
2021-06-25T23:59:59+02:00,294,264,16010,15648,32829,30089,43023,42410,55637,56822,67067,68533,50881,56432,35717,46299,11007,20907,7085,6896,16229,15966,18869,20863,24361,29063,32416,35404,34495,38874,29019,38014,10497,19874,462703,277399,68629,33290,104871,53587,13648,18,21
2021-06-24T23:59:59+02:00,273,251,15737,15448,32379,29800,41552,41165,55170,56465,66834,68373,50828,56375,35701,46271,11002,20897,6769,6671,15535,15522,17418,19846,22281,27504,31319,34509,34093,38453,28895,37834,10485,19860,458126,267711,68628,33238,104867,53161,12882,18,21
2021-06-23T23:59:59+02:00,258,234,15455,15155,31880,29399,39446,39339,54622,55921,66582,68152,50739,56266,35661,46225,10997,20884,6562,6508,15172,15243,16892,19397,21399,26705,29626,33149,33335,37605,28704,37593,10478,19845,451041,259904,68582,33148,104864,52446,12710,18,21
2021-06-22T23:59:59+02:00,236,199,15071,14762,31211,28766,36000,36286,53709,55121,66279,67847,50633,56144,35622,46168,10993,20870,6385,6297,14766,14915,16092,18680,19981,25389,28024,31497,32536,36630,28165,36986,10460,19814,440087,249810,68550,33065,104859,51330,12403,18,21
2021-06-21T23:59:59+02:00,221,193,14828,14588,30521,28303,33829,34318,53245,54695,66100,67730,50552,56070,35596,46146,10988,20865,6289,6212,14605,14798,15922,18545,19861,25277,27916,31412,32381,36491,26956,35752,10460,19811,433247,249137,68528,33018,104828,48357,12167,18,21
2021-06-20T23:59:59+02:00,214,192,14703,14499,28613,26964,33216,33871,53156,54599,66031,67693,50529,56042,35588,46143,10987,20863,5840,5916,13661,14164,15100,17958,19310,24921,27606,31214,32217,36315,26930,35721,10458,19807,428858,244180,68524,32983,104824,48287,11679,18,21
2021-06-19T23:59:59+02:00,208,187,14678,14466,28499,26883,33185,33844,53134,54583,66015,67682,50523,56033,35586,46138,10986,20861,5625,5754,13098,13752,14493,17481,18983,24720,27413,31043,32138,36215,26913,35707,10458,19807,428453,240652,68522,32981,104824,48284,11674,18,21
2021-06-18T23:59:59+02:00,206,179,14589,14380,28399,26818,31935,32934,52767,54276,65882,67588,50492,55999,35568,46112,10982,20857,5555,5677,13000,13668,14328,17356,18747,24491,26593,30376,31933,35979,26847,35632,10454,19800,427964,237710,65544,32861,104815,48230,11622,18,21
2021-06-17T23:59:59+02:00,192,163,14217,14117,27804,26572,31446,32672,51977,53710,65454,67321,50411,55899,35535,46071,10976,20845,5178,5418,12215,13196,13541,16745,17654,23564,24437,28411,31292,35244,26649,35354,10437,19786,424767,228704,65539,32583,104791,47551,10270,15,21
2021-06-16T23:59:59+02:00,163,135,13790,13718,27340,26217,31006,32315,51165,53004,65003,66933,50293,55779,35506,46014,10965,20833,4814,4975,11492,12520,12751,16052,16553,22442,21469,25544,30224,34038,26352,34951,10422,19745,419912,214652,65497,32555,104785,47154,9970,15,21
2021-06-15T23:59:59+02:00,102,82,13162,13098,26588,25639,30223,31720,49912,51940,64288,66406,50114,55583,35438,45902,10956,20814,4318,4343,10522,11583,11596,14670,14822,20737,18035,22233,28853,32601,25967,34432,10396,19701,412194,196013,65481,32440,104779,46845,9498,15,21
2021-06-14T23:59:59+02:00,72,61,12758,12726,26181,25314,29562,31256,48114,50471,63237,65570,49899,55358,35361,45826,10948,20802,4218,4290,10347,11454,11456,14538,14644,20616,17843,22074,28783,32521,25948,34405,10392,19698,404323,195579,65472,32168,104777,46538,8929,15,21
2021-06-13T23:59:59+02:00,71,60,12716,12681,26107,25282,29499,31229,48061,50446,63201,65546,49892,55355,35359,45822,10947,20799,4064,4213,10019,11326,11133,14427,14347,20504,17443,21731,27270,30881,25808,34210,10388,19687,404120,194840,65396,27497,104770,46329,8772,15,21
2021-06-12T23:59:59+02:00,71,59,12699,12665,26093,25271,29488,31217,48002,50376,63159,65510,49891,55352,35359,45822,10947,20799,4062,4203,10003,11312,11125,14413,14328,20487,17423,21722,27229,30836,25803,34204,10388,19687,403828,194657,65396,27495,104769,46288,8772,15,21
2021-06-11T23:59:59+02:00,69,56,12600,12535,25968,25157,29367,31093,47767,50150,63027,65390,49867,55326,35348,45811,10945,20797,3968,3933,9477,10118,10694,13505,14038,19930,17150,21244,26819,30415,25713,34122,10385,19685,402562,193615,65387,27491,104727,41495,8582,15,21
2021-06-10T23:59:59+02:00,61,49,12355,12323,25650,24876,29022,30826,46695,49133,62289,64821,49780,55230,35314,45759,10935,20784,3700,3569,8708,8868,9793,11859,12734,17177,15364,17643,25111,28496,25415,33820,10379,19661,397689,188119,65334,27052,104522,28770,8342,15,21
2021-06-09T23:59:59+02:00,48,37,12064,12000,25241,24469,28629,30430,44687,47311,61198,63882,49676,55107,35267,45705,10929,20766,3455,3449,8292,8615,9285,11539,12223,16787,14655,17046,21280,24185,25189,33519,10367,19635,389700,176566,65211,26708,104521,28234,7999,15,21
2021-06-08T23:59:59+02:00,42,26,11634,11466,24580,23847,27973,29766,41520,44465,59425,62249,49505,54915,35194,45614,10919,20744,3246,3312,7894,8357,8668,11167,11560,16365,13998,16400,15906,18239,24797,32993,10349,19607,377043,161381,65150,26375,104511,27931,7165,15,13
2021-06-07T23:59:59+02:00,37,19,11473,11277,24230,23573,27696,29559,38892,42536,58996,61887,49471,54884,35182,45593,10917,20738,3150,3244,7587,8181,8351,10991,10984,15914,13495,15922,15830,18161,24767,32943,10347,19600,371402,161065,64723,24548,104502,27529,6319,14,13
2021-06-06T23:59:59+02:00,34,18,11338,11171,23910,23344,27487,29386,37289,41350,58869,61807,49447,54856,35174,45579,10917,20736,3047,3194,7316,8093,8082,10824,10247,15232,12900,15303,15678,18050,24753,32920,10345,19600,370994,160951,61337,21388,104491,27363,5876,14,13
2021-06-05T23:59:59+02:00,34,17,11320,11154,23867,23309,27452,29360,37262,41336,58771,61722,49436,54850,35172,45577,10917,20733,3035,3183,7293,8061,8053,10808,10217,15218,12860,15279,15557,17886,24748,32912,10344,19599,370664,160527,61335,21387,104491,27348,5785,14,13
2021-06-04T23:59:59+02:00,34,15,11135,10894,23504,22845,27179,28963,36834,40885,58153,61181,49402,54809,35162,45559,10916,20727,3011,3166,7264,8045,8032,10790,10188,15193,12825,15245,15346,17680,24737,32891,10342,19598,368863,159944,59064,21373,104477,27251,5779,14,13
2021-06-03T23:59:59+02:00,32,14,10915,10678,23046,22452,26754,28627,35738,40058,55393,58830,49273,54651,35119,45495,10911,20712,2922,3085,7056,7890,7575,10493,9160,14562,11579,14545,14164,16213,24559,32674,10330,19579,364922,156593,54140,17647,104427,26944,5196,13,13
2021-06-02T23:59:59+02:00,32,14,10880,10645,23010,22418,26723,28602,35707,40017,55266,58672,49259,54628,35113,45488,10911,20711,2882,3056,7001,7872,7516,10460,9003,14522,11356,14482,12806,14730,24439,32500,10325,19572,364338,152768,54134,17636,104427,26928,5184,13,13
2021-06-01T23:59:59+02:00,19,7,10467,10303,22353,21909,26037,28019,34986,39441,52266,55525,48869,54220,34995,45325,10895,20685,2423,2697,5648,7186,6245,9884,7611,13852,10222,13517,8498,9170,23965,31821,10303,19517,353580,134577,53964,17268,104408,26352,4356,13,13
2021-05-31T23:59:59+02:00,18,6,10193,10072,21778,21512,25629,27766,34665,39238,50817,54129,48770,54095,34962,45284,10888,20677,2313,2573,5362,6941,5985,9663,7246,13611,9966,13357,8447,9108,23939,31774,10295,19504,348846,133807,53925,17147,104384,25793,3331,13,13
2021-05-30T23:59:59+02:00,17,6,10139,10024,21689,21474,25564,27732,34553,39167,50452,53788,48745,54069,34956,45278,10886,20674,2278,2543,5257,6863,5883,9596,7056,13523,9741,13261,8403,9061,23923,31767,10294,19499,347661,133214,53906,16974,104368,25489,3265,13,13
2021-05-29T23:59:59+02:00,16,6,10124,10012,21655,21456,25547,27720,34532,39154,50439,53770,48741,54065,34953,45277,10886,20674,2259,2489,5213,6737,5823,9464,6940,13326,9603,13040,8330,8971,23856,31700,10293,19498,347505,132937,53906,16922,104347,24421,3256,13,13
2021-05-28T23:59:59+02:00,16,6,10066,9944,21580,21348,25468,27601,34455,39054,50361,53671,48720,54047,34945,45268,10886,20670,2175,2222,4595,6195,5202,8739,6568,12359,9105,12042,8154,8774,23488,31219,10292,19495,346661,131443,53894,16824,104289,19102,3249,13,13
2021-05-27T23:59:59+02:00,15,6,9802,9696,21052,20969,24923,27243,33930,38675,49748,53063,48550,53855,34875,45193,10882,20651,1933,1954,4010,5674,4523,8135,6058,11591,8159,10717,7649,8116,21931,29069,10277,19473,342377,125793,53485,15689,104181,14707,3072,13,13
2021-05-26T23:59:59+02:00,15,6,9528,9449,20327,20400,24053,26570,32669,37646,48982,52358,48295,53566,34801,45079,10871,20627,1878,1882,3916,5547,4389,7972,5852,11330,7834,10333,7087,7391,19504,25642,10259,19430,337659,117323,50509,15435,104128,14546,2933,13,13
2021-05-25T23:59:59+02:00,14,6,9263,9214,19914,20043,23615,26179,32161,37131,48088,51381,47997,53248,34711,44936,10859,20597,1812,1834,3796,5448,4251,7827,5642,11107,7522,10013,6464,6553,15390,20274,10239,19372,332072,105156,50429,15390,104055,14201,2788,13,13
2021-05-24T23:59:59+02:00,13,6,9043,9057,19345,19754,22843,25792,30645,36113,47864,51208,47904,53147,34682,44906,10857,20596,1787,1818,3750,5414,4188,7785,5577,11048,7446,9957,6438,6529,15376,20265,10239,19372,330490,105038,46622,15377,103995,13910,2655,13,13
2021-05-23T23:59:59+02:00,13,6,8835,8850,18986,19461,22421,25444,30220,35792,47272,50696,47470,52692,34579,44760,10849,20587,1785,1817,3741,5409,4184,7780,5567,11040,7437,9948,6433,6518,15376,20263,10239,19372,325653,104982,46620,15375,103994,13890,2653,13,13
2021-05-22T23:59:59+02:00,13,6,8804,8813,18936,19418,22374,25412,30167,35762,47163,50626,47451,52670,34576,44751,10845,20587,1784,1814,3728,5396,4180,7774,5563,11034,7430,9944,6431,6516,15374,20263,10239,19372,325109,104950,46620,15375,103993,13869,2639,13,13
2021-05-21T23:59:59+02:00,12,6,8530,8458,18496,18902,22013,24770,29740,34952,46674,49961,47362,52548,34538,44708,10842,20582,1721,1772,3649,5357,4138,7740,5530,10989,7389,9895,6403,6490,15297,20166,10238,19371,319905,104639,46590,15374,103969,13506,2617,13,13
2021-05-20T23:59:59+02:00,12,6,7955,7908,17546,18106,21010,23852,28421,33752,44927,48138,46922,52088,34429,44552,10825,20563,1419,1610,3336,5068,3872,7350,5233,10507,7009,9443,6169,6235,13991,18630,10215,19332,308294,100900,46504,14893,103741,11157,2460,13,13
2021-05-19T23:59:59+02:00,12,6,7689,7592,16940,17499,20111,22979,27193,32493,43129,46049,46391,51533,34275,44329,10804,20533,1355,1527,3133,4854,3666,7099,5007,10154,6713,9111,5886,5900,11791,15787,10198,19273,297146,94681,46464,14421,103692,10103,2242,13,11
2021-05-18T23:59:59+02:00,11,6,7163,7047,15785,16473,18845,21730,25681,30865,40436,42816,45562,50586,34036,44024,10779,20491,1334,1501,3073,4783,3590,6980,4872,10021,6530,8900,5620,5624,10092,13621,10173,19218,281341,89554,45259,14371,103590,9865,2135,11,11
2021-05-17T23:59:59+02:00,11,6,7083,6986,15602,16363,18630,21561,25283,30537,38681,41178,45452,50507,33989,43958,10770,20467,1301,1478,3017,4738,3526,6921,4804,9918,6434,8799,5579,5584,10078,13604,10170,19210,281124,89487,40487,14089,103546,9682,1896,11,11
2021-05-16T23:59:59+02:00,10,5,6968,6934,15482,16275,18501,21454,25100,30422,35697,38407,45416,50472,33967,43934,10767,20462,1277,1460,2973,4696,3478,6864,4718,9850,6338,8718,5549,5547,10066,13588,10168,19207,280845,89439,34333,13820,103425,9572,1659,11,11
2021-05-15T23:59:59+02:00,10,5,6944,6903,15421,16217,18455,21414,25033,30379,35661,38366,45393,50445,33960,43929,10767,20462,1265,1434,2941,4623,3459,6795,4699,9769,6316,8668,5543,5542,10061,13587,10168,19207,280363,89384,34333,13816,103411,9224,1646,11,11
2021-05-14T23:59:59+02:00,10,5,6767,6533,15076,15717,18143,20996,24698,29917,35415,38014,45364,50414,33950,43924,10767,20460,1208,1373,2863,4519,3412,6692,4635,9618,6234,8539,5513,5498,10048,13578,10168,19206,279306,89299,34185,13797,101088,8421,1580,11,11
2021-05-13T23:59:59+02:00,10,5,6416,6217,14320,15133,17437,20364,23839,29175,34646,37344,45076,50071,33871,43798,10763,20449,1030,1289,2667,4410,3293,6571,4494,9449,6112,8396,5470,5460,10033,13562,10164,19201,272897,89151,33861,13716,100873,7435,1292,11,11
2021-05-12T23:59:59+02:00,10,5,6014,5944,13340,14456,16416,19562,23173,28738,34340,37061,44891,49876,33840,43767,10760,20446,1027,1287,2660,4404,3274,6567,4489,9439,6104,8391,5464,5454,10031,13557,10163,19200,266628,89090,33852,13706,100869,7430,1279,11,10
2021-05-11T23:59:59+02:00,10,5,5639,5720,12752,14008,14609,18120,20218,26210,32025,34733,43837,48616,33516,43295,10731,20397,965,1213,2543,4232,3168,6333,4370,9151,5988,8165,5393,5376,9989,13497,10155,19184,249326,88617,33575,13490,100430,6509,1099,11,10
2021-05-10T23:59:59+02:00,10,5,5490,5623,12480,13882,14259,17897,19416,25639,30647,33712,43305,48003,33459,43207,10723,20377,922,1154,2444,4070,3074,6131,4245,8887,5866,7968,5356,5345,9977,13481,10151,19175,243848,88509,33364,13429,100125,5515,786,11,10
2021-05-09T23:59:59+02:00,10,5,5084,5382,11285,13349,13257,17534,18391,25309,30102,33421,43249,47931,33434,43192,10720,20370,898,1124,2344,3965,2984,5992,4113,8712,5772,7863,5348,5331,9970,13477,10146,19172,238510,88464,33292,13387,99784,4926,428,11,9
2021-05-08T23:59:59+02:00,10,5,5073,5373,11263,13330,13231,17515,18361,25276,30062,33378,43241,47920,33433,43188,10720,20370,894,1118,2331,3957,2978,5992,4109,8706,5769,7860,5345,5328,9967,13472,10146,19172,238241,88436,33291,13387,99783,4892,423,11,9
2021-05-07T23:59:59+02:00,10,5,4972,5290,11035,13162,12939,17298,17752,24675,29114,32482,43050,47680,33377,43116,10716,20364,867,1087,2295,3902,2932,5946,4054,8652,5686,7807,5298,5281,9955,13462,10146,19171,235746,88300,31397,13384,99675,4643,208,11,9
2021-05-06T23:59:59+02:00,10,5,4557,5010,10366,12744,12179,16632,16146,23228,26564,30089,42346,46931,33211,42880,10700,20341,811,1032,2157,3652,2763,5637,3860,8179,5490,7484,5247,5228,9932,13434,10144,19163,226979,88118,28045,13070,98856,2971,48,11,9
2021-05-05T23:59:59+02:00,10,5,4244,4782,9771,12298,11458,16050,15045,22200,23711,27327,41367,45824,32929,42492,10682,20300,797,1010,2095,3526,2706,5481,3766,7968,5394,7348,5198,5173,9895,13395,10142,19160,213950,87856,27862,12932,98632,2220,40,11,9
2021-05-04T23:59:59+02:00,10,5,3894,4322,9098,11599,10685,15209,13741,20945,20100,23912,40019,44363,32557,41972,10659,20262,779,980,2028,3409,2636,5345,3674,7816,5298,7225,5160,5126,9864,13366,10140,19157,196856,87637,27844,12632,98607,1694,34,11,9
2021-05-03T23:59:59+02:00,10,4,3652,3899,8687,11104,10207,14582,13206,20290,19377,23265,39754,44111,32478,41869,10656,20247,765,951,1961,3302,2579,5237,3614,7701,5248,7138,5146,5115,9849,13349,10137,19152,190989,87497,27832,12624,98544,1095,22,11,9
2021-05-02T23:59:59+02:00,10,4,3649,3897,8669,11097,10198,14574,13185,20278,19359,23256,39753,44110,32477,41868,10655,20247,761,934,1931,3221,2533,5140,3567,7576,5228,7072,5142,5112,9848,13345,10137,19150,190901,87479,27819,12593,98537,601,18,11,9
2021-05-01T23:59:59+02:00,10,4,3647,3890,8656,11084,10190,14565,13178,20276,19348,23247,39753,44108,32477,41868,10655,20247,760,934,1930,3221,2533,5140,3567,7576,5228,7072,5142,5112,9848,13345,10136,19150,190821,87478,27817,12592,98537,601,17,11,9
2021-04-30T23:59:59+02:00,10,3,3624,3867,8610,11048,10147,14526,13117,20237,19245,23096,39484,43785,32456,41848,10654,20247,757,930,1917,3212,2532,5131,3564,7569,5226,7065,5139,5109,9844,13344,10136,19150,189896,87452,27548,12589,98532,561,17,11,9
2021-04-29T23:59:59+02:00,10,3,3358,3694,8176,10774,9597,14241,12624,19873,18507,22368,36424,40331,32196,41481,10643,20212,744,916,1869,3151,2483,5065,3498,7427,5134,6966,5101,5075,9822,13301,10134,19144,184350,87248,21709,12433,98426,127,16,11,9
2021-04-28T23:59:59+02:00,10,3,3196,3627,7912,10664,9200,14066,12247,19636,18019,21934,32632,36013,31979,41180,10630,20190,727,901,1843,3112,2438,5016,3461,7369,5068,6902,5039,5014,9769,13243,10131,19135,173180,87038,21556,11995,98380,118,11,11,9
2021-04-27T23:59:59+02:00,9,3,3115,3561,7652,10532,8847,13893,11762,19411,17541,21445,27069,29819,31602,40672,10609,20158,717,887,1811,3075,2403,4970,3406,7310,5013,6825,4988,4944,9734,13192,10128,19126,157832,86829,21534,11569,98312,115,11,11,8
2021-04-26T23:59:59+02:00,9,3,3062,3527,7510,10467,8681,13834,11531,19343,17016,21058,27035,29785,31588,40657,10609,20158,694,856,1743,3015,2336,4913,3340,7220,4917,6721,4889,4869,9654,13108,10126,19123,157255,86698,21316,10695,97280,115,11,11,8
2021-04-25T23:59:59+02:00,9,3,3024,3510,7348,10415,8443,13784,11199,19299,16186,20586,25478,28124,31533,40594,10609,20155,694,854,1737,3010,2329,4910,3334,7212,4913,6712,4886,4864,9646,13097,10126,19123,156767,86674,21306,10658,92204,99,11,11,8
2021-04-24T23:59:59+02:00,9,3,3020,3504,7332,10402,8432,13776,11185,19290,16169,20568,25435,28061,31530,40588,10608,20154,694,854,1737,3009,2329,4910,3333,7212,4913,6712,4886,4863,9644,13096,10126,19123,156565,86668,21302,10658,92177,99,11,11,8
2021-04-23T23:59:59+02:00,9,3,3002,3486,7290,10359,8387,13731,11118,19230,16109,20504,25012,27557,31497,40532,10605,20151,685,846,1719,3000,2313,4881,3280,7174,4814,6617,4749,4740,9477,12898,10120,19108,155376,86378,21162,9929,92022,99,11,11,7
2021-04-22T23:59:59+02:00,8,3,2923,3404,7098,10175,7845,13323,9907,18436,14555,19459,22997,25125,31285,40263,10586,20122,620,795,1604,2888,2188,4717,3118,7003,4630,6417,4594,4566,8967,12243,10084,19029,150576,84466,15857,8902,91059,80,11,11,7
2021-04-21T23:59:59+02:00,8,3,2870,3356,6974,10085,7634,13168,9540,18194,14085,19012,20481,21982,30987,39876,10569,20096,571,771,1524,2809,2101,4626,2992,6860,4467,6253,4408,4385,8398,11483,10041,18940,143557,82676,15093,7866,90249,72,11,10,7
2021-04-20T23:59:59+02:00,8,3,2830,3317,6867,9996,7496,13059,9287,17976,13594,18618,17092,17917,30674,39400,10552,20060,541,737,1451,2745,2014,4547,2893,6741,4332,6092,4222,4191,7536,10272,9973,18789,134698,79763,14848,7233,89179,67,11,10,5
2021-04-19T23:59:59+02:00,8,3,2816,3309,6820,9955,7444,13024,9211,17902,13457,18502,16759,17536,30639,39361,10550,20055,481,697,1331,2650,1915,4449,2760,6583,4135,5900,3968,3887,5707,7853,9758,18393,134377,73943,14652,6447,88301,64,11,10,5
2021-04-18T23:59:59+02:00,8,3,2800,3295,6743,9929,7339,12975,9013,17835,12621,18373,15347,16130,30571,39299,10547,20048,475,691,1321,2642,1900,4438,2727,6553,4074,5851,3892,3815,5297,7229,9713,18310,134163,72454,14509,6401,84183,60,11,10,5
2021-04-17T23:59:59+02:00,8,3,2790,3291,6726,9907,7309,12954,8981,17796,12589,18353,15294,16080,30517,39227,10546,20048,475,689,1321,2641,1899,4434,2723,6548,4071,5847,3891,3813,5292,7228,9712,18309,133809,72419,14508,6401,84081,60,11,10,5
2021-04-16T23:59:59+02:00,8,3,2777,3277,6692,9892,7258,12915,8906,17744,12481,18250,15049,15803,29999,38578,10543,20041,475,687,1315,2636,1890,4432,2717,6542,4063,5839,3886,3807,5275,7198,9712,18307,132286,72321,14501,6390,83408,57,11,10,5
2021-04-15T23:59:59+02:00,8,3,2724,3219,6559,9791,7069,12737,8563,17471,12007,17785,13993,14585,27884,35771,10527,20018,466,681,1310,2610,1875,4409,2694,6514,4020,5786,3831,3732,5244,7147,9704,18295,126370,72006,14225,6254,80099,46,10,10,5
2021-04-14T23:59:59+02:00,7,1,2668,3169,6465,9696,6925,12576,8291,17204,11577,17322,12813,13202,23173,29688,10507,19964,462,675,1296,2600,1863,4392,2672,6489,3977,5749,3784,3681,5183,7093,9676,18259,113986,71713,14192,6102,77051,24,10,9,5
2021-04-13T23:59:59+02:00,7,1,2616,3135,6337,9610,6774,12443,8012,16955,11153,16901,10149,10277,20098,25525,10485,19921,446,650,1248,2557,1810,4326,2561,6387,3797,5587,3571,3496,5036,6955,9667,18237,105573,71364,13998,4935,70809,20,10,9,5
2021-04-12T23:59:59+02:00,7,1,2595,3121,6277,9581,6666,12356,7820,16827,10906,16694,8782,8782,19276,24553,10484,19912,440,641,1228,2542,1794,4303,2527,6345,3744,5535,3510,3448,5001,6914,9662,18215,105452,71223,13943,4598,65226,16,10,9,5
2021-04-11T23:59:59+02:00,7,1,2567,3113,6181,9554,6551,12319,7654,16777,10706,16588,7508,7503,17549,22574,10482,19909,440,641,1227,2540,1794,4302,2527,6345,3742,5530,3506,3447,4995,6912,9662,18215,105382,71213,13937,4588,58205,12,10,9,5
2021-04-10T23:59:59+02:00,7,1,2566,3111,6171,9549,6542,12314,7649,16772,10699,16579,7500,7490,17540,22568,10482,19909,439,638,1225,2537,1793,4300,2525,6340,3739,5529,3497,3433,4987,6898,9662,18215,105300,71153,13936,4581,58195,12,9,9,5
2021-04-09T23:59:59+02:00,7,1,2504,3013,6036,9339,6385,12052,7389,16364,10387,16080,7343,7285,17424,22388,10481,19907,434,633,1207,2525,1766,4285,2494,6291,3660,5450,3384,3323,4848,6809,9657,18212,104831,71071,13907,3886,55629,10,9,9,5
2021-04-08T23:59:59+02:00,7,1,2425,2941,5940,9220,6282,11923,7218,16178,10130,15892,7149,7026,16165,20928,10470,19877,427,628,1195,2493,1741,4249,2467,6218,3608,5384,3309,3276,4768,6704,9635,18167,101180,70629,13553,3620,55021,9,9,9,5
2021-04-07T23:59:59+02:00,7,1,2398,2905,5867,9149,6194,11848,7085,16078,9888,15741,6852,6697,13848,17978,10449,19830,422,627,1185,2480,1728,4225,2453,6178,3541,5325,3238,3224,4713,6645,9628,18139,95021,70355,13392,3377,54384,8,9,9,5
2021-04-06T23:59:59+02:00,7,1,2381,2872,5770,9083,6103,11768,6932,15965,9648,15557,6495,6333,11748,15375,10422,19770,419,620,1178,2453,1716,4202,2427,6140,3477,5260,3154,3174,4668,6591,9623,18123,89988,70112,13091,3096,53135,8,7,9,5
2021-04-05T23:59:59+02:00,7,1,2373,2863,5752,9066,6091,11749,6919,15946,9628,15532,6371,6235,10467,14082,10422,19769,415,612,1174,2438,1710,4186,2411,6109,3444,5219,3124,3137,4647,6545,9617,18107,89908,69921,13055,2959,50295,7,6,9,5
2021-04-04T23:59:59+02:00,7,1,2373,2863,5749,9063,6089,11749,6917,15946,9626,15531,6366,6231,10467,14080,10422,19769,415,611,1174,2437,1710,4186,2410,6109,3444,5219,3124,3137,4645,6545,9617,18107,89899,69917,13053,2958,50282,7,6,9,5
2021-04-03T23:59:59+02:00,7,1,2371,2855,5741,9056,6084,11745,6914,15942,9623,15529,6363,6226,10460,14077,10422,19769,415,611,1174,2437,1710,4186,2410,6109,3444,5218,3124,3137,4645,6545,9617,18107,89842,69916,13052,2958,50276,7,6,9,5
2021-04-02T23:59:59+02:00,7,1,2369,2853,5735,9049,6082,11742,6910,15941,9619,15527,6359,6220,10446,14048,10421,19768,413,609,1173,2437,1709,4185,2409,6109,3443,5211,3098,3120,4635,6536,9617,18107,89759,69839,13049,2957,50275,7,6,8,5
2021-04-01T23:59:59+02:00,7,1,2348,2850,5704,9020,6039,11700,6867,15886,9564,15471,6266,6123,10151,13701,10398,19720,411,593,1170,2431,1702,4174,2393,6092,3416,5190,3034,3071,4575,6464,9542,17994,88772,69284,13028,2954,50003,7,5,8,5
2021-03-31T23:59:59+02:00,7,1,2314,2823,5628,8954,5971,11607,6762,15773,9430,15336,6121,5980,9601,12962,10356,19630,406,587,1164,2420,1695,4158,2386,6079,3396,5156,3002,3038,4528,6405,9486,17893,86794,68835,12814,2952,49636,7,4,8,4
2021-03-30T23:59:59+02:00,7,1,2294,2807,5581,8896,5908,11532,6691,15674,9332,15192,5935,5766,8695,11624,10281,19449,404,585,1161,2416,1682,4141,2368,6056,3362,5112,2945,2970,4441,6306,9355,17654,83724,68133,12432,2814,49499,7,4,6,3
2021-03-29T23:59:59+02:00,6,1,2227,2753,5478,8785,5800,11381,6522,15442,9099,14937,5576,5389,6754,9090,10061,19028,397,581,1150,2405,1669,4129,2343,6029,3332,5055,2875,2905,4322,6202,9151,17322,77630,67178,11619,2678,49071,7,4,5,3
2021-03-28T23:59:59+02:00,6,1,2205,2740,5434,8726,5724,11303,6434,15356,8982,14819,5452,5236,6111,8161,9995,18912,388,575,1135,2388,1644,4102,2296,5967,3276,4963,2789,2826,4206,6057,9079,17185,75334,66718,11361,2150,48893,4,4,5,3
2021-03-27T23:59:59+01:00,6,1,2205,2734,5423,8720,5720,11288,6419,15334,8971,14806,5424,5209,6101,8158,9995,18911,388,575,1133,2387,1643,4097,2292,5964,3267,4956,2784,2823,4190,6032,8999,17038,75227,66411,11361,2149,48828,4,4,5,3
2021-03-26T23:59:59+01:00,6,1,2189,2714,5386,8682,5681,11239,6340,15264,8822,14657,5261,5060,5932,7977,9993,18903,384,567,1127,2374,1627,4069,2264,5928,3233,4902,2723,2760,4006,5776,8294,15863,74880,63778,10530,2111,48688,4,4,5,3
2021-03-25T23:59:59+01:00,6,0,2072,2633,5210,8467,5478,10962,6132,14964,8582,14368,5101,4907,5836,7858,9990,18895,375,553,1106,2348,1603,4040,2218,5870,3160,4824,2625,2658,3632,5281,7164,14125,74425,59684,9582,1891,47446,4,3,5,3
2021-03-24T23:59:59+01:00,6,0,1985,2585,5062,8307,5317,10769,5968,14726,8377,14136,4961,4748,5722,7742,9984,18885,371,542,1093,2320,1570,3984,2159,5805,3072,4723,2491,2543,3206,4663,5764,11904,74049,54658,8420,1545,46803,4,3,5,3
2021-03-23T23:59:59+01:00,6,0,1908,2532,4951,8184,5218,10627,5847,14533,8261,13968,4879,4662,5656,7683,9976,18866,360,517,1074,2285,1536,3926,2115,5715,2990,4632,2402,2449,2756,4031,3866,8693,73653,47944,7673,1397,46423,3,3,5,3
2021-03-22T23:59:59+01:00,6,0,1843,2473,4816,8048,5085,10452,5687,14300,8069,13753,4775,4548,5587,7574,9960,18821,333,500,1045,2247,1491,3852,2049,5605,2888,4481,2287,2296,2236,3348,1344,4571,73151,39406,6635,1162,46003,1,3,5,3
2021-03-21T23:59:59+01:00,6,0,1841,2467,4804,8033,5070,10442,5671,14283,8039,13729,4752,4533,5571,7562,9956,18821,332,500,1039,2233,1482,3823,2031,5567,2862,4431,2246,2248,2194,3307,1327,4526,73128,39266,6585,878,45860,1,2,5,3
2021-03-20T23:59:59+01:00,6,0,1841,2467,4803,8032,5069,10440,5670,14282,8032,13723,4751,4532,5563,7554,9956,18821,332,500,1039,2233,1482,3823,2031,5567,2861,4430,2245,2245,2194,3307,1327,4526,73117,39264,6585,874,45833,1,2,5,3
2021-03-19T23:59:59+01:00,6,0,1788,2219,4286,6736,4660,9456,5400,13724,7807,13321,4624,4434,5493,7488,9956,18821,331,500,1039,2233,1482,3822,2030,5566,2860,4430,2243,2244,2189,3301,1326,4524,73059,39248,6575,868,40578,1,2,5,3
2021-03-18T23:59:59+01:00,6,0,1733,1964,3867,5670,4129,8072,4579,11182,6449,9985,4258,4134,5291,7267,9935,18781,330,497,1032,2220,1475,3797,2002,5526,2835,4406,2221,2229,2164,3272,1321,4515,72628,39053,6513,785,28154,1,2,5,3
2021-03-17T23:59:59+01:00,6,0,1727,1955,3857,5644,4112,8042,4555,11118,6399,9913,4220,4087,5252,7223,9929,18758,327,496,1028,2212,1469,3788,1995,5511,2825,4380,2194,2202,2144,3257,1314,4501,72372,38902,6453,736,27965,1,2,5,3
2021-03-16T23:59:59+01:00,6,0,1705,1921,3798,5563,4041,7931,4426,10954,6194,9713,3996,3898,5112,7065,9923,18737,325,492,1027,2193,1464,3775,1986,5497,2816,4361,2186,2188,2132,3228,1306,4472,72057,38736,5175,707,27744,1,2,5,3
2021-03-15T23:59:59+01:00,6,0,1695,1901,3773,5529,4016,7894,4375,10884,6113,9628,3913,3831,5059,7005,9917,18712,322,488,1018,2176,1456,3769,1970,5461,2798,4333,2171,2156,2107,3166,1298,4434,71833,38517,4813,603,27600,1,0,5,3
2021-03-14T23:59:59+01:00,6,0,1689,1891,3765,5519,4011,7878,4366,10853,6105,9606,3906,3822,5054,6997,9916,18710,322,488,1016,2176,1451,3766,1967,5459,2780,4327,2165,2154,2097,3156,1294,4432,71801,38509,4797,538,27491,1,0,5,3
2021-03-13T23:59:59+01:00,6,0,1686,1886,3752,5496,4004,7869,4346,10842,6091,9590,3903,3819,5051,6994,9916,18710,322,488,1016,2176,1451,3766,1967,5458,2780,4326,2164,2153,2097,3154,1286,4427,71777,38490,4792,538,27387,1,0,5,3
2021-03-12T23:59:59+01:00,5,0,1647,1829,3237,5349,3488,7755,4211,10717,5865,9301,3736,3673,4910,6886,9891,18663,317,466,1012,2146,1443,3742,1947,5387,2726,4241,1985,1998,2037,3104,1279,4421,71564,37719,4072,530,25522,0,0,5,3
2021-03-11T23:59:59+01:00,5,0,1538,1693,2850,5087,3051,7499,3929,10303,5235,8406,3512,3497,4804,6769,9853,18613,316,465,1009,2133,1440,3722,1940,5368,2717,4224,1978,1990,2023,3087,1274,4403,71000,37597,3810,490,21829,0,0,5,3
2021-03-10T23:59:59+01:00,5,0,1508,1661,2811,5042,3015,7440,3872,10216,5127,8289,3386,3393,4689,6655,9810,18546,314,464,1007,2130,1438,3711,1936,5355,2705,4204,1960,1982,1998,3055,1263,4389,70591,37514,3480,395,21389,0,0,5,3
2021-03-09T23:59:59+01:00,5,0,1499,1645,2778,5017,2994,7396,3834,10156,5049,8209,3289,3310,4609,6566,9704,18336,311,463,1003,2124,1431,3698,1910,5333,2663,4174,1919,1957,1947,3027,1251,4380,70000,37484,3213,105,21178,0,0,5,3
2021-03-08T23:59:59+01:00,5,0,1484,1631,2749,4990,2968,7366,3811,10108,5025,8146,3248,3270,4534,6502,9530,18037,311,463,1001,2120,1423,3682,1893,5300,2644,4146,1900,1938,1922,3004,1245,4361,69210,37336,3204,15,20985,0,0,5,3
2021-03-07T23:59:59+01:00,5,0,1471,1621,2719,4945,2934,7318,3778,10046,4982,8085,3212,3237,4468,6402,9453,17893,311,462,1000,2119,1422,3677,1890,5290,2643,4141,1896,1935,1918,2999,1242,4353,68671,37283,3150,13,20743,0,0,5,3
2021-03-06T23:59:59+01:00,5,0,1470,1619,2713,4934,2931,7309,3770,10039,4964,8069,3202,3227,4445,6362,9364,17724,311,462,998,2116,1422,3675,1884,5281,2641,4139,1891,1927,1912,2997,1241,4350,68279,37233,3150,13,20713,0,0,5,2
2021-03-05T23:59:59+01:00,5,0,1397,1540,2615,4772,2874,7151,3685,9832,4863,7873,3152,3168,4228,6076,8659,16537,311,462,996,2114,1417,3670,1882,5280,2637,4132,1882,1923,1907,2994,1236,4347,65636,37176,3147,13,19639,0,0,5,2
2021-03-04T23:59:59+01:00,5,0,1224,1436,2445,4572,2702,6881,3517,9486,4605,7530,3036,3044,3867,5618,7497,14721,310,454,987,2090,1401,3630,1854,5227,2609,4084,1854,1898,1874,2939,1209,4301,61437,36707,3144,13,17600,0,0,5,2
2021-03-03T23:59:59+01:00,5,0,1191,1383,2366,4464,2642,6757,3430,9321,4508,7386,2949,2974,3492,5018,6113,12537,306,445,975,2067,1389,3602,1840,5177,2555,4029,1805,1863,1849,2909,1194,4273,56389,36264,3118,13,17025,0,0,4,2
2021-03-02T23:59:59+01:00,5,0,1157,1346,2306,4406,2590,6666,3348,9198,4371,7236,2835,2848,3009,4353,4113,9184,301,436,970,2040,1376,3558,1825,5122,2523,4003,1795,1848,1830,2883,1183,4246,49354,35925,2870,13,16744,0,0,3,2
2021-03-01T23:59:59+01:00,5,0,1096,1316,2244,4343,2516,6578,3254,9071,4229,7047,2703,2711,2439,3612,1399,4736,300,433,963,2028,1365,3539,1817,5107,2511,3987,1779,1838,1813,2864,1171,4218,40306,35719,2481,13,16509,0,0,3,2
2021-02-28T23:59:59+01:00,5,0,1062,1302,2202,4306,2486,6534,3206,9013,4167,6988,2636,2665,2390,3581,1391,4716,300,432,960,2022,1363,3526,1814,5093,2505,3979,1772,1827,1800,2853,1164,4203,40210,35599,2187,13,16250,0,0,3,2
2021-02-27T23:59:59+01:00,5,0,1020,1219,2137,4062,2428,6300,3142,8715,4075,6732,2581,2608,2370,3557,1388,4716,300,432,959,2022,1363,3526,1814,5092,2504,3979,1772,1826,1798,2853,1164,4203,40104,35593,2186,13,14762,0,0,3,2
2021-02-26T23:59:59+01:00,4,0,853,965,1935,3669,2265,5630,2924,7791,3764,5937,2532,2555,2352,3543,1385,4714,300,432,959,2019,1361,3524,1812,5091,2502,3978,1772,1823,1791,2852,1162,4196,40088,35560,2099,13,10628,0,0,3,2
2021-02-25T23:59:59+01:00,4,0,509,808,1655,3470,2082,5325,2727,7392,3537,5634,2450,2478,2312,3482,1381,4700,290,411,934,1969,1331,3455,1782,5010,2473,3914,1747,1796,1753,2808,1135,4156,39891,34951,1842,12,8210,0,0,3,2
2021-02-24T23:59:59+01:00,3,0,489,790,1619,3373,2020,5195,2667,7209,3471,5492,2384,2431,2277,3453,1372,4667,281,407,919,1935,1316,3401,1769,4949,2449,3869,1736,1778,1744,2789,1123,4129,39703,34590,1673,3,7533,0,0,3,2
2021-02-23T23:59:59+01:00,3,0,470,753,1558,3270,1965,5055,2589,7078,3385,5387,2324,2372,2242,3396,1357,4636,279,403,914,1920,1309,3371,1760,4918,2428,3837,1716,1758,1724,2754,1108,4076,39557,34271,1402,3,6878,0,0,3,2
2021-02-22T23:59:59+01:00,2,0,454,722,1503,3169,1926,4916,2530,6860,3324,5243,2316,2276,2227,3317,1353,4591,278,400,911,1909,1301,3344,1743,4882,2414,3807,1697,1739,1697,2726,1093,4031,39346,33970,1139,1,6241,0,0,3,2
2021-02-21T23:59:59+01:00,2,0,446,684,1445,3027,1878,4766,2477,6701,3241,5139,2280,2243,2200,3297,1343,4586,278,399,908,1901,1300,3335,1739,4872,2410,3798,1695,1736,1696,2724,1093,4030,39304,33912,906,1,5542,0,0,3,2
2021-02-20T23:59:59+01:00,2,0,442,679,1437,3023,1872,4766,2474,6698,3237,5135,2277,2242,2200,3296,1342,4586,278,399,908,1900,1300,3334,1739,4872,2409,3797,1694,1735,1693,2724,1092,4028,39300,33900,902,1,5503,0,0,3,2
2021-02-19T23:59:59+01:00,1,0,421,642,1408,2961,1844,4710,2432,6598,3150,5016,2097,2079,2137,3246,1337,4580,276,398,906,1898,1299,3333,1739,4867,2406,3796,1692,1733,1691,2723,1092,4027,38542,33875,883,1,5231,0,0,3,1
2021-02-18T23:59:59+01:00,1,0,396,586,1303,2718,1740,4466,2294,6336,3048,4834,2068,2063,2121,3229,1332,4572,276,392,898,1865,1290,3294,1721,4819,2387,3760,1680,1722,1674,2711,1080,4009,38468,33577,810,1,3826,0,0,3,1
2021-02-17T23:59:59+01:00,1,0,380,555,1264,2588,1683,4291,2224,6093,2989,4685,2049,2044,2098,3209,1317,4563,267,375,863,1780,1247,3165,1660,4660,2313,3624,1603,1653,1600,2600,1029,3892,38312,32330,759,1,2959,0,0,3,1
2021-02-16T23:59:59+01:00,1,0,362,525,1209,2468,1633,4155,2145,5908,2908,4548,2040,2040,2090,3202,1312,4552,259,358,842,1699,1192,3029,1599,4456,2241,3447,1553,1599,1539,2500,1002,3764,38252,31078,729,1,2114,0,0,3,1
2021-02-15T23:59:59+01:00,1,0,352,503,1136,2324,1588,4082,2113,5855,2880,4507,2021,2023,2068,3172,1305,4532,252,339,819,1654,1160,2953,1543,4320,2170,3327,1477,1535,1485,2392,960,3587,38145,29972,619,1,1695,0,0,3,1
2021-02-14T23:59:59+01:00,1,0,344,498,1112,2268,1525,3918,2071,5762,2849,4468,2015,2021,2057,3163,1303,4525,245,334,801,1627,1144,2914,1501,4268,2132,3297,1461,1514,1461,2356,945,3545,38126,29544,554,1,1217,0,0,3,1
2021-02-13T23:59:59+01:00,1,0,344,498,1111,2268,1525,3917,2069,5761,2849,4468,2014,2019,2056,3163,1302,4522,245,334,801,1627,1144,2914,1500,4266,2132,3297,1459,1511,1460,2355,945,3544,38115,29533,554,1,1216,0,0,2,1
2021-02-12T23:59:59+01:00,1,0,340,495,1094,2259,1520,3903,2064,5752,2846,4462,2000,2009,2050,3149,1297,4519,244,333,795,1622,1138,2905,1483,4247,2113,3284,1446,1495,1445,2324,938,3511,38047,29322,546,1,1165,0,0,2,1
2021-02-11T23:59:59+01:00,1,0,320,471,1029,2161,1466,3776,1970,5488,2760,4341,1970,1976,2010,3084,1272,4463,224,306,746,1517,1058,2679,1359,3890,1929,2977,1259,1287,1277,2048,832,3161,37656,26548,509,1,391,0,0,2,1
2021-02-10T23:59:59+01:00,1,0,314,462,1007,2120,1428,3697,1916,5325,2665,4160,1901,1926,1967,3045,1254,4436,199,260,653,1327,931,2296,1171,3286,1690,2561,1099,1113,1131,1803,723,2817,37247,23059,374,1,1,0,0,2,1
2021-02-09T23:59:59+01:00,1,0,308,452,999,2088,1412,3645,1872,5258,2598,4104,1844,1888,1899,2992,1233,4415,165,200,554,1067,783,1852,966,2676,1426,2149,953,953,943,1524,607,2403,36944,19221,61,0,1,0,0,2,1
2021-02-08T23:59:59+01:00,1,0,307,450,996,2081,1402,3628,1864,5235,2579,4087,1830,1876,1881,2974,1226,4390,114,165,454,854,620,1435,767,2026,1150,1663,767,777,751,1205,484,1954,36787,15186,17,0,1,0,0,2,1
2021-02-07T23:59:59+01:00,1,0,307,450,995,2079,1401,3623,1861,5232,2572,4084,1824,1867,1865,2967,1222,4383,105,146,404,708,546,1260,688,1811,1054,1516,694,697,675,1084,419,1737,36717,13544,14,0,0,0,0,2,1
2021-02-06T23:59:59+01:00,1,0,307,450,994,2078,1401,3620,1861,5230,2572,4081,1824,1866,1860,2965,1219,4381,105,145,399,705,541,1236,672,1792,1043,1494,691,693,670,1080,418,1733,36694,13418,14,0,0,0,0,2,0
2021-02-05T23:59:59+01:00,1,0,307,449,992,2075,1397,3611,1857,5216,2566,4075,1823,1865,1852,2957,1210,4368,101,138,384,687,524,1207,640,1740,995,1431,654,643,625,1006,392,1645,36605,12813,14,0,0,0,0,2,0
2021-02-04T23:59:59+01:00,1,0,300,432,981,2043,1378,3558,1838,5139,2551,4027,1807,1845,1827,2922,1193,4337,76,107,285,465,363,814,456,1177,683,972,506,469,483,795,306,1313,36163,9271,14,0,0,0,0,2,0
2021-02-03T23:59:59+01:00,1,0,296,423,963,2016,1362,3520,1825,5090,2517,3983,1787,1822,1811,2898,1180,4323,60,83,239,398,293,635,349,919,523,725,340,325,347,568,219,960,35801,6984,14,0,0,0,0,2,0
2021-02-02T23:59:59+01:00,1,0,291,416,957,1988,1353,3488,1814,5044,2494,3948,1768,1806,1785,2857,1159,4276,39,64,184,315,246,486,266,736,378,557,236,208,221,377,151,628,35429,5092,14,0,0,0,0,2,0
2021-02-01T23:59:59+01:00,1,0,290,413,952,1981,1350,3472,1806,5024,2486,3929,1761,1795,1770,2842,1153,4263,19,39,137,230,171,311,169,490,237,322,119,105,96,184,69,278,35272,2976,14,0,0,0,0,2,0
2021-01-31T23:59:59+01:00,1,0,289,412,950,1974,1347,3463,1803,5005,2482,3914,1757,1787,1766,2835,1151,4254,18,34,119,199,151,268,152,410,200,277,100,91,88,157,61,243,35174,2568,14,0,0,0,0,2,0
2021-01-30T23:59:59+01:00,1,0,289,412,950,1974,1347,3463,1803,5005,2482,3914,1756,1787,1766,2834,1151,4253,18,34,118,199,151,266,149,407,199,276,99,90,88,157,61,243,35171,2555,14,0,0,0,0,2,0
2021-01-29T23:59:59+01:00,1,0,287,409,948,1972,1346,3455,1797,4996,2479,3911,1750,1780,1757,2824,1144,4232,16,33,117,190,142,258,137,379,168,249,72,66,79,136,56,211,35073,2309,14,0,0,0,0,1,0
2021-01-28T23:59:59+01:00,1,0,283,401,928,1917,1322,3391,1772,4934,2451,3849,1728,1760,1726,2793,1125,4197,0,0,9,19,8,18,11,46,7,22,6,3,7,9,2,13,34564,180,13,0,0,0,0,1,0
2021-01-27T23:59:59+01:00,1,0,278,383,895,1837,1287,3277,1710,4811,2391,3749,1672,1712,1682,2727,1088,4115,0,0,4,6,5,11,7,20,3,12,5,3,7,9,2,12,33605,106,9,0,0,0,0,1,0
2021-01-26T23:59:59+01:00,1,0,272,374,885,1824,1272,3239,1693,4754,2359,3683,1641,1680,1645,2656,1071,4033,0,0,4,6,5,11,7,20,3,12,5,3,7,9,2,12,33075,106,6,0,0,0,0,1,0
2021-01-25T23:59:59+01:00,1,0,261,350,843,1705,1202,3075,1602,4481,2254,3475,1583,1627,1593,2572,1025,3865,0,0,1,3,1,3,4,3,3,5,5,3,6,8,2,12,31511,59,2,0,0,0,0,1,0
2021-01-24T23:59:59+01:00,1,0,258,347,832,1686,1192,3053,1571,4448,2228,3454,1572,1619,1583,2561,1020,3858,0,0,1,2,1,3,4,3,3,5,5,3,6,8,2,12,31280,58,2,0,0,0,0,1,0
2021-01-23T23:59:59+01:00,1,0,258,347,832,1686,1191,3052,1571,4444,2227,3453,1571,1619,1582,2560,1019,3853,0,0,1,2,1,3,4,3,3,5,5,3,6,8,2,12,31263,58,2,0,0,0,0,1,0
2021-01-22T23:59:59+01:00,1,0,257,345,826,1683,1187,3047,1567,4437,2215,3448,1559,1608,1576,2541,1014,3834,0,0,1,2,1,3,4,3,3,5,5,3,6,8,2,12,31142,58,2,0,0,0,0,1,0
2021-01-21T23:59:59+01:00,1,0,246,335,799,1617,1162,2919,1511,4275,2134,3313,1460,1506,1444,2378,935,3653,0,0,1,2,1,3,4,2,3,5,4,2,5,8,1,12,29685,53,2,0,0,0,0,1,0
2021-01-20T23:59:59+01:00,1,0,222,291,727,1460,1072,2605,1374,3813,1961,2957,1339,1359,1324,2180,861,3419,0,0,1,2,1,3,4,2,3,5,4,2,5,8,1,12,26962,53,2,0,0,0,0,1,0
2021-01-19T23:59:59+01:00,1,0,191,235,628,1212,925,2158,1154,3196,1679,2525,1159,1161,1098,1843,716,2905,0,0,1,1,1,2,4,1,2,5,4,2,5,8,1,12,22783,49,2,0,0,0,0,1,0
2021-01-18T23:59:59+01:00,1,0,133,185,494,951,716,1641,884,2326,1306,1912,909,928,877,1459,560,2315,0,0,0,0,0,0,0,0,1,2,2,1,0,0,0,0,17595,6,1,0,0,0,0,1,0
2021-01-17T23:59:59+01:00,1,0,120,159,434,780,631,1419,782,2073,1194,1722,844,849,797,1323,501,2108,0,0,0,0,0,0,0,0,0,1,0,0,0,0,0,0,15736,1,0,0,0,0,0,1,0
2021-01-16T23:59:59+01:00,1,0,120,158,430,779,629,1411,772,2069,1186,1715,842,844,792,1312,493,2093,0,0,0,0,0,0,0,0,0,0,0,0,0,0,0,0,15646,0,0,0,0,0,0,0,0
2021-01-15T23:59:59+01:00,1,0,110,152,418,758,602,1373,740,1991,1125,1634,798,791,749,1227,463,1978,0,0,0,0,0,0,0,0,0,0,0,0,0,0,0,0,14910,0,0,0,0,0,0,0,0
2021-01-14T23:59:59+01:00,1,0,76,112,301,491,399,885,509,1279,769,1071,583,548,543,903,353,1502,0,0,0,0,0,0,0,0,0,0,0,0,0,0,0,0,10325,0,0,0,0,0,0,0,0
2021-01-13T23:59:59+01:00,1,0,59,85,249,414,323,668,379,979,561,763,368,346,362,614,246,1038,0,0,0,0,0,0,0,0,0,0,0,0,0,0,0,0,7455,0,0,0,0,0,0,0,0
2021-01-12T23:59:59+01:00,0,0,48,69,203,356,260,543,279,805,409,596,247,218,227,406,166,692,0,0,0,0,0,0,0,0,0,0,0,0,0,0,0,0,5524,0,0,0,0,0,0,0,0
2021-01-11T23:59:59+01:00,0,0,32,50,177,307,213,441,218,648,300,420,150,126,129,248,88,398,0,0,0,0,0,0,0,0,0,0,0,0,0,0,0,0,3945,0,0,0,0,0,0,0,0
2021-01-10T23:59:59+01:00,0,0,24,41,155,255,180,363,179,537,251,359,129,106,114,204,77,320,0,0,0,0,0,0,0,0,0,0,0,0,0,0,0,0,3294,0,0,0,0,0,0,0,0
2021-01-09T23:59:59+01:00,0,0,24,41,154,253,179,361,177,531,250,358,128,105,114,204,77,320,0,0,0,0,0,0,0,0,0,0,0,0,0,0,0,0,3276,0,0,0,0,0,0,0,0
2021-01-08T23:59:59+01:00,0,0,22,40,152,244,171,351,164,500,220,332,104,89,109,189,71,298,0,0,0,0,0,0,0,0,0,0,0,0,0,0,0,0,3056,0,0,0,0,0,0,0,0
2021-01-07T23:59:59+01:00,0,0,1,0,4,9,8,13,10,6,16,11,10,9,14,21,2,32,0,0,0,0,0,0,0,0,0,0,0,0,0,0,0,0,166,0,0,0,0,0,0,0,0
2021-01-06T23:59:59+01:00,0,0,0,0,1,3,1,5,5,2,3,6,6,2,7,10,1,14,0,0,0,0,0,0,0,0,0,0,0,0,0,0,0,0,66,0,0,0,0,0,0,0,0
2021-01-05T23:59:59+01:00,0,0,0,0,1,3,1,5,5,2,3,5,6,2,6,9,1,13,0,0,0,0,0,0,0,0,0,0,0,0,0,0,0,0,62,0,0,0,0,0,0,0,0
2021-01-04T23:59:59+01:00,0,0,0,0,1,3,1,4,4,2,3,5,6,2,5,8,1,13,0,0,0,0,0,0,0,0,0,0,0,0,0,0,0,0,58,0,0,0,0,0,0,0,0
2021-01-03T23:59:59+01:00,0,0,0,0,1,2,1,4,4,2,3,5,5,2,5,8,1,13,0,0,0,0,0,0,0,0,0,0,0,0,0,0,0,0,56,0,0,0,0,0,0,0,0
2021-01-02T23:59:59+01:00,0,0,0,0,1,2,1,4,4,2,3,5,5,2,5,8,1,13,0,0,0,0,0,0,0,0,0,0,0,0,0,0,0,0,56,0,0,0,0,0,0,0,0
2021-01-01T23:59:59+01:00,0,0,0,0,1,2,1,3,4,2,3,5,5,2,5,8,1,13,0,0,0,0,0,0,0,0,0,0,0,0,0,0,0,0,55,0,0,0,0,0,0,0,0
2020-12-31T23:59:59+01:00,0,0,0,0,1,2,1,3,4,2,3,5,5,2,5,8,1,13,0,0,0,0,0,0,0,0,0,0,0,0,0,0,0,0,55,0,0,0,0,0,0,0,0
2020-12-30T23:59:59+01:00,0,0,0,0,1,2,1,3,4,2,3,5,5,2,5,8,1,13,0,0,0,0,0,0,0,0,0,0,0,0,0,0,0,0,55,0,0,0,0,0,0,0,0
2020-12-29T23:59:59+01:00,0,0,0,0,1,1,1,2,4,1,2,5,5,2,5,8,1,13,0,0,0,0,0,0,0,0,0,0,0,0,0,0,0,0,51,0,0,0,0,0,0,0,0
2020-12-28T23:59:59+01:00,0,0,0,0,1,1,1,1,2,0,1,5,4,1,1,0,0,2,0,0,0,0,0,0,0,0,0,0,0,0,0,0,0,0,20,0,0,0,0,0,0,0,0
2020-12-27T23:59:59+01:00,0,0,0,0,1,1,1,1,2,0,0,3,2,0,1,0,0,2,0,0,0,0,0,0,0,0,0,0,0,0,0,0,0,0,14,0,0,0,0,0,0,0,0
