Datum,<15_1_m,<15_1_w,15-24_1_m,15-24_1_w,25-34_1_m,25-34_1_w,35-44_1_m,35-44_1_w,45-54_1_m,45-54_1_w,55-64_1_m,55-64_1_w,65-74_1_m,65-74_1_w,75-84_1_m,75-84_1_w,>84_1_m,>84_1_w,<15_2_m,<15_2_w,15-24_2_m,15-24_2_w,25-34_2_m,25-34_2_w,35-44_2_m,35-44_2_w,45-54_2_m,45-54_2_w,55-64_2_m,55-64_2_w,65-74_2_m,65-74_2_w,75-84_2_m,75-84_2_w,>84_2_m,>84_2_w,bp_1,bp_2,mo_1,mo_2,az_1,az_2,ja,unb_1,unb_2
2021-12-08T23:59:59+01:00,10899,10181,47634,44603,62699,56213,61830,59404,71378,70422,79296,78725,55702,61477,38079,49410,11881,22735,6639,6221,42162,39973,57583,50996,57503,55104,67424,66384,76167,75547,54200,59749,37214,48129,11489,21855,666591,615157,80343,77509,105768,101794,39825,52,54
2021-12-07T23:59:59+01:00,10772,10052,47581,44549,62660,56171,61794,59374,71353,70384,79262,78701,55698,61463,38065,49395,11881,22731,6582,6189,41977,39806,57396,50850,57365,54998,67333,66298,76093,75495,54182,59715,37207,48117,11489,21852,665946,613768,80307,77504,105768,101794,39824,52,54
2021-12-06T23:59:59+01:00,10541,9812,47491,44454,62602,56094,61748,59298,71314,70314,79208,78636,55670,61420,38046,49372,11875,22716,6458,6074,41646,39515,57112,50576,57142,54773,67145,66117,75922,75334,54120,59654,37176,48083,11482,21846,664743,611049,80248,77470,105767,101791,39811,52,54
2021-12-05T23:59:59+01:00,10423,9695,47440,44378,62541,56009,61704,59252,71272,70278,79161,78590,55645,61395,38040,49352,11874,22709,6369,6001,41325,39270,56763,50312,56919,54594,66975,65976,75802,75236,54089,59618,37165,48061,11478,21839,663944,608695,80197,77444,105767,101791,39808,52,54
2021-12-04T23:59:59+01:00,10223,9511,47424,44367,62523,55997,61695,59244,71267,70270,79152,78581,55639,61392,38040,49352,11872,22707,6356,5991,41287,39238,56709,50278,56887,54571,66958,65961,75790,75227,54088,59617,37162,48057,11477,21838,663452,608400,80187,77439,105767,101791,39808,52,54
2021-12-03T23:59:59+01:00,9771,9140,47377,44329,62476,55961,61662,59210,71239,70241,79130,78555,55626,61377,38036,49340,11871,22704,6332,5969,41203,39146,56600,50204,56824,54517,66902,65925,75740,75201,54076,59608,37159,48053,11477,21836,662282,607685,80146,77434,105767,101791,39808,52,54
2021-12-02T23:59:59+01:00,9495,8873,47287,44257,62383,55841,61571,59122,71173,70164,79072,78482,55603,61341,38013,49310,11863,22680,6216,5855,40888,38905,56280,49941,56542,54296,66669,65737,75591,75057,54033,59555,37133,48014,11467,21827,660840,604999,80076,77358,105767,101791,39805,52,53
2021-12-01T23:59:59+01:00,9308,8663,47209,44186,62318,55770,61497,59045,71113,70098,79011,78405,55567,61295,37998,49278,11856,22661,6148,5802,40720,38793,56123,49766,56388,54170,66524,65615,75500,74945,53996,59506,37115,47989,11464,21815,659641,603402,80024,77328,105767,101791,39805,51,53
2021-11-30T23:59:59+01:00,9053,8398,47149,44139,62238,55684,61418,58969,71059,70035,78948,78329,55533,61246,37977,49256,11846,22639,6064,5739,40562,38665,55946,49587,56258,54014,66379,65479,75397,74829,53948,59447,37087,47949,11458,21800,658308,601658,79997,77303,105766,101790,39804,51,53
2021-11-29T23:59:59+01:00,8803,8182,47076,44068,62153,55595,61359,58888,71017,69986,78896,78266,55502,61211,37964,49233,11843,22627,6026,5693,40396,38468,55708,49419,56093,53866,66238,65368,75286,74727,53900,59411,37071,47915,11457,21792,657134,599924,79928,77268,105766,101789,39800,51,53
2021-11-28T23:59:59+01:00,8705,8078,47019,44007,62079,55521,61308,58829,70974,69928,78851,78227,55479,61190,37948,49206,11840,22615,6000,5670,40324,38382,55589,49332,56005,53798,66174,65307,75241,74690,53880,59393,37057,47907,11455,21788,656280,599102,79922,77253,105766,101789,39795,51,53
2021-11-27T23:59:59+01:00,8673,8052,46997,43989,62058,55494,61285,58806,70951,69914,78836,78212,55470,61187,37948,49205,11840,22614,5993,5662,40298,38361,55570,49324,55988,53788,66164,65301,75231,74684,53878,59390,37056,47907,11455,21788,656008,598948,79921,77253,105766,101789,39795,51,53
2021-11-26T23:59:59+01:00,8533,7955,46914,43929,62007,55432,61239,58757,70898,69870,78805,78184,55462,61165,37946,49196,11837,22610,5976,5653,40248,38328,55518,49282,55943,53748,66128,65272,75203,74662,53875,59384,37053,47905,11455,21788,655222,598537,79918,77249,105765,101789,39793,51,53
2021-11-25T23:59:59+01:00,8273,7723,46754,43811,61855,55246,61106,58638,70771,69742,78715,78087,55413,61109,37915,49166,11833,22598,5877,5528,39888,37987,55171,48958,55672,53505,65876,65079,75068,74558,53840,59345,37040,47880,11453,21775,653252,595666,79904,77199,105765,101789,39793,51,53
2021-11-24T23:59:59+01:00,8135,7598,46620,43713,61728,55109,61000,58510,70677,69638,78604,77983,55369,61045,37890,49119,11820,22564,5836,5484,39802,37901,55069,48840,55578,53395,65794,64984,74998,74500,53824,59303,37028,47854,11449,21766,651641,594606,79892,77174,105765,101789,39783,51,53
2021-11-23T23:59:59+01:00,7980,7458,46495,43595,61603,54936,60895,58368,70559,69519,78489,77874,55305,60967,37861,49067,11811,22543,5794,5438,39683,37807,54910,48710,55462,53311,65688,64885,74920,74422,53780,59255,37015,47828,11443,21755,649858,593327,79881,77158,105765,101788,39780,51,53
2021-11-22T23:59:59+01:00,7873,7354,46323,43482,61458,54778,60737,58260,70461,69404,78411,77780,55269,60905,37840,49029,11807,22524,5745,5388,39408,37607,54600,48504,55251,53141,65499,64742,74824,74350,53748,59216,37004,47811,11437,21748,648252,591278,79869,77136,105765,101788,39768,51,53
2021-11-21T23:59:59+01:00,7792,7283,46220,43389,61340,54671,60614,58185,70372,69324,78338,77710,55235,60861,37828,49016,11804,22514,5716,5359,39299,37526,54482,48420,55159,53074,65428,64676,74785,74304,53730,59201,36999,47795,11435,21743,647067,590393,79857,77131,105765,101788,39766,51,53
2021-11-20T23:59:59+01:00,7770,7257,46158,43321,61256,54599,60542,58138,70325,69287,78299,77682,55218,60845,37823,49009,11803,22513,5712,5357,39276,37513,54456,48406,55137,53054,65413,64669,74775,74300,53729,59197,36994,47794,11434,21743,646426,590229,79855,77131,105765,101788,39758,51,53
2021-11-19T23:59:59+01:00,7674,7162,45965,43146,61081,54415,60390,57980,70185,69194,78213,77607,55193,60819,37817,48993,11801,22507,5698,5341,39216,37462,54415,48373,55091,53018,65386,64644,74749,74286,53727,59185,36991,47791,11433,21740,644757,589849,79844,77122,105762,101786,39736,51,53
2021-11-18T23:59:59+01:00,7473,6958,45566,42819,60755,54047,60081,57716,69897,68960,78050,77439,55131,60744,37790,48940,11796,22486,5628,5274,38943,37211,54170,48170,54877,52841,65193,64488,74621,74221,53688,59142,36974,47761,11424,21731,641321,587716,79815,77096,105761,101784,39708,51,53
2021-11-17T23:59:59+01:00,7329,6839,45232,42581,60463,53783,59858,57497,69702,68768,77891,77278,55070,60688,37773,48890,11785,22469,5591,5245,38847,37142,54058,48080,54803,52774,65119,64428,74567,74164,53660,59115,36958,47739,11417,21725,638650,586859,79764,77060,105761,101783,39677,51,53
2021-11-16T23:59:59+01:00,7190,6725,44978,42378,60198,53523,59645,57295,69522,68590,77756,77134,55001,60615,37743,48839,11770,22441,5529,5193,38678,36992,53929,47946,54693,52666,65018,64338,74482,74091,53625,59067,36927,47707,11413,21712,636130,585458,79741,77045,105761,101783,39667,51,53
2021-11-15T23:59:59+01:00,7045,6600,44448,41980,59751,53159,59342,57021,69250,68365,77563,76958,54936,60540,37698,48793,11767,22431,5485,5145,38488,36819,53728,47787,54514,52537,64882,64219,74403,74021,53598,59033,36919,47687,11410,21703,632523,583912,79720,77031,105761,101783,39599,51,53
2021-11-14T23:59:59+01:00,6968,6531,44207,41806,59543,52978,59150,56868,69102,68234,77450,76888,54913,60506,37687,48775,11764,22424,5439,5100,38317,36686,53546,47634,54379,52433,64759,64123,74345,73950,53566,59010,36911,47668,11409,21698,630701,582524,79699,77024,105761,101783,39589,51,53
2021-11-13T23:59:59+01:00,6964,6525,44192,41795,59527,52965,59140,56858,69096,68228,77439,76884,54911,60505,37686,48773,11763,22424,5439,5098,38315,36686,53544,47634,54375,52429,64754,64119,74339,73947,53561,59006,36909,47660,11407,21697,630586,582470,79698,77024,105758,101783,39589,51,53
2021-11-12T23:59:59+01:00,6907,6484,44056,41658,59379,52869,59019,56752,69006,68160,77372,76846,54898,60490,37679,48761,11758,22419,5436,5090,38289,36667,53517,47618,54351,52417,64731,64105,74323,73936,53555,59000,36907,47657,11405,21695,629467,582280,79684,77023,105758,101783,39560,51,53
2021-11-11T23:59:59+01:00,6730,6295,43383,41143,58763,52360,58552,56374,68630,67826,77097,76657,54836,60421,37652,48721,11749,22408,5382,5028,38106,36534,53367,47483,54230,52306,64616,64004,74246,73889,53523,58971,36895,47639,11404,21684,624738,581056,79643,76998,105755,101783,39417,51,53
2021-11-10T23:59:59+01:00,6628,6204,42966,40847,58355,52012,58253,56130,68372,67575,76920,76490,54767,60357,37630,48682,11741,22397,5362,5002,38011,36472,53293,47408,54163,52232,64562,63948,74187,73850,53492,58937,36879,47617,11399,21677,621587,580359,79628,76986,105755,101781,39312,51,53
2021-11-09T23:59:59+01:00,6558,6153,42863,40755,58229,51870,58137,55994,68241,67457,76835,76394,54725,60313,37616,48657,11734,22381,5336,4974,37938,36428,53248,47347,54110,52143,64506,63870,74109,73772,53461,58900,36861,47591,11392,21658,620216,579716,79595,76791,105753,101780,39304,51,53
2021-11-08T23:59:59+01:00,6423,6039,42128,40094,57488,51264,57585,55554,67825,67074,76552,76123,54607,60222,37588,48617,11726,22367,5307,4952,37832,36324,53090,47225,54020,52061,64436,63780,74028,73714,53432,58866,36850,47575,11389,21653,614882,578898,79573,76778,105752,101780,39025,51,53
2021-11-07T23:59:59+01:00,6367,6000,41965,39958,57294,51104,57441,55446,67726,67000,76500,76073,54589,60202,37580,48611,11724,22362,5289,4937,37757,36252,53017,47143,53964,52018,64405,63727,74003,73691,53420,58854,36840,47568,11388,21646,613612,578321,79519,76751,105752,101779,39015,51,53
2021-11-06T23:59:59+01:00,6362,5991,41947,39940,57274,51089,57426,55436,67716,66991,76494,76070,54587,60202,37578,48611,11724,22361,5287,4937,37756,36250,53015,47139,53962,52016,64400,63726,74001,73689,53418,58852,36840,47567,11388,21646,613473,578295,79518,76750,105752,101779,39012,51,53
2021-11-05T23:59:59+01:00,6346,5971,41905,39911,57237,51039,57378,55406,67692,66974,76467,76057,54583,60196,37575,48609,11724,22359,5279,4932,37733,36242,53006,47128,53954,52009,64388,63714,73994,73680,53414,58850,36838,47563,11388,21646,613127,578188,79515,76747,105752,101779,38991,51,53
2021-11-04T23:59:59+01:00,6222,5825,41370,39419,56651,50572,56929,55039,67267,66647,76250,75915,54545,60146,37562,48579,11718,22351,5219,4868,37527,36103,52802,46980,53781,51876,64229,63595,73893,73610,53382,58825,36824,47541,11377,21640,609278,577031,79445,76721,105751,101778,38489,51,53
2021-11-03T23:59:59+01:00,6186,5780,41279,39352,56536,50475,56831,54954,67194,66580,76204,75871,54535,60127,37553,48562,11713,22346,5175,4834,37457,36040,52754,46931,53738,51821,64183,63552,73850,73574,53366,58800,36811,47521,11373,21632,608395,576404,79425,76716,105750,101775,38464,51,53
2021-11-02T23:59:59+01:00,6138,5730,41145,39240,56370,50355,56713,54849,67068,66501,76135,75812,54510,60105,37542,48550,11712,22335,5104,4762,37323,35887,52604,46774,53619,51699,64095,63450,73765,73488,53318,58754,36791,47488,11370,21622,607179,574974,79404,76679,105750,101775,38432,51,53
2021-11-01T23:59:59+01:00,6053,5652,40654,38871,55841,50006,56345,54594,66788,66299,75993,75722,54476,60078,37535,48543,11709,22326,5071,4721,37181,35773,52473,46681,53503,51614,63997,63388,73702,73443,53305,58741,36781,47473,11367,21615,604173,574229,79379,76637,105750,101773,38137,51,53
2021-10-31T23:59:59+01:00,6051,5652,40647,38865,55837,50003,56341,54590,66783,66295,75990,75720,54476,60078,37535,48543,11709,22326,5071,4720,37178,35770,52473,46680,53501,51613,63993,63386,73702,73443,53305,58741,36781,47473,11367,21615,604136,574216,79376,76637,105750,101773,38133,51,53
2021-10-30T23:59:59+02:00,6047,5650,40644,38865,55830,50000,56340,54588,66781,66294,75989,75718,54476,60078,37535,48543,11709,22326,5071,4720,37178,35770,52473,46679,53500,51612,63992,63385,73701,73443,53304,58741,36781,47473,11367,21615,604109,574210,79376,76637,105750,101773,38132,51,53
2021-10-29T23:59:59+02:00,6044,5644,40626,38847,55816,49982,56323,54578,66763,66287,75972,75713,54474,60075,37534,48542,11707,22326,5069,4717,37167,35755,52471,46674,53496,51607,63988,63378,73693,73435,53299,58740,36780,47470,11366,21614,603955,574132,79373,76634,105750,101771,38129,51,53
2021-10-28T23:59:59+02:00,5945,5544,40098,38491,55347,49648,55916,54277,66422,66058,75799,75607,54437,60046,37529,48523,11705,22316,5008,4670,36988,35639,52309,46557,53356,51499,63842,63297,73609,73388,53273,58714,36766,47452,11364,21607,600839,573160,79334,76614,105745,101769,37742,51,53
2021-10-27T23:59:59+02:00,5920,5523,40045,38432,55275,49592,55859,54225,66358,66028,75776,75587,54421,60034,37523,48511,11704,22310,4984,4644,36937,35598,52258,46520,53324,51463,63798,63246,73574,73362,53250,58694,36760,47441,11361,21595,600274,572658,79322,76601,105745,101763,37734,51,53
2021-10-26T23:59:59+02:00,5872,5488,39937,38337,55172,49488,55786,54159,66291,65961,75723,75547,54407,60018,37513,48497,11701,22305,4932,4601,36832,35456,52162,46434,53255,51381,63745,63185,73514,73308,53217,58673,36746,47417,11355,21581,599376,571673,79320,76593,105745,101762,37713,51,53
2021-10-25T23:59:59+02:00,5810,5420,39704,38101,54891,49284,55533,53997,66071,65818,75621,75468,54385,59988,37506,48487,11701,22302,4919,4592,36775,35394,52077,46379,53187,51341,63696,63145,73470,73276,53208,58657,36740,47412,11353,21578,597540,571361,79320,76591,105745,101760,37434,51,53
2021-10-24T23:59:59+02:00,5780,5391,39621,38016,54814,49207,55475,53958,66026,65791,75602,75449,54380,59979,37501,48484,11699,22298,4886,4576,36713,35332,52031,46333,53151,51300,63659,63116,73448,73244,53200,58643,36729,47404,11351,21576,596938,570875,79318,76584,105745,101758,37422,51,53
2021-10-23T23:59:59+02:00,5780,5391,39620,38015,54812,49207,55473,53955,66026,65791,75602,75449,54380,59978,37501,48484,11699,22298,4886,4576,36713,35331,52031,46333,53151,51298,63659,63116,73447,73244,53200,58643,36729,47404,11351,21576,596929,570872,79318,76584,105745,101758,37421,51,53
2021-10-22T23:59:59+02:00,5777,5386,39593,37997,54792,49192,55462,53948,66012,65779,75593,75442,54376,59975,37501,48482,11698,22298,4881,4567,36698,35317,52020,46313,53142,51287,63642,63107,73433,73234,53190,58636,36728,47401,11350,21574,596794,570720,79307,76583,105745,101755,37409,51,53
2021-10-21T23:59:59+02:00,5701,5306,39340,37800,54518,49004,55249,53796,65829,65656,75496,75386,54359,59958,37494,48472,11695,22293,4795,4495,36472,35107,51835,46153,52972,51156,63511,62985,73349,73175,53166,58600,36716,47383,11346,21568,595093,569237,79273,76547,105745,101754,37193,51,53
2021-10-20T23:59:59+02:00,5677,5292,39304,37773,54498,48981,55232,53767,65803,65631,75471,75368,54351,59947,37485,48457,11694,22286,4776,4475,36453,35077,51813,46122,52948,51126,63488,62963,73324,73148,53148,58578,36710,47370,11343,21561,594771,568892,79266,76537,105745,101754,37187,51,53
2021-10-19T23:59:59+02:00,5643,5262,39249,37735,54461,48941,55192,53733,65767,65598,75444,75341,54335,59926,37477,48443,11690,22283,4753,4453,36400,35030,51770,46068,52914,51088,63451,62929,73285,73108,53136,58554,36688,47355,11338,21551,594285,568355,79261,76533,105745,101749,37181,51,53
2021-10-18T23:59:59+02:00,5608,5234,39109,37601,54337,48842,55110,53650,65700,65557,75387,75305,54325,59910,37470,48429,11688,22282,4686,4392,36253,34885,51646,45945,52832,50996,63404,62866,73225,73059,53111,58519,36678,47338,11333,21545,593410,567313,79248,76505,105745,101749,37093,51,53
2021-10-17T23:59:59+02:00,5602,5226,39099,37590,54322,48826,55107,53640,65694,65545,75380,75300,54322,59906,37467,48426,11687,22277,4676,4381,36233,34855,51625,45921,52815,50974,63390,62849,73208,73045,53100,58507,36673,47331,11332,21536,593287,567062,79248,76499,105744,101748,37089,51,53
2021-10-16T23:59:59+02:00,5602,5226,39098,37590,54320,48825,55104,53638,65694,65545,75380,75300,54322,59906,37467,48426,11687,22277,4673,4378,36228,34851,51621,45918,52811,50970,63388,62845,73206,73044,53099,58506,36672,47330,11332,21534,593281,567020,79248,76499,105744,101748,37086,51,53
2021-10-15T23:59:59+02:00,5597,5223,39080,37576,54302,48812,55098,53633,65677,65539,75373,75288,54314,59904,37463,48419,11686,22277,4665,4376,36215,34849,51615,45910,52806,50964,63383,62838,73201,73038,53095,58502,36669,47329,11332,21533,593147,566955,79248,76497,105744,101741,37074,51,53
2021-10-14T23:59:59+02:00,5539,5164,38940,37456,54166,48710,55006,53552,65608,65455,75311,75234,54283,59883,37455,48403,11679,22262,4547,4260,35930,34519,51395,45685,52654,50791,63238,62691,73105,72960,53038,58455,36645,47298,11327,21524,592114,564856,79231,76458,105744,101727,36969,51,52
2021-10-13T23:59:59+02:00,5499,5130,38905,37413,54133,48674,54979,53518,65582,65430,75290,75208,54271,59871,37449,48395,11675,22258,4516,4233,35890,34478,51369,45644,52618,50755,63204,62655,73072,72930,53014,58439,36636,47275,11326,21513,591709,564421,79217,76421,105744,101711,36962,51,52
2021-10-12T23:59:59+02:00,5464,5107,38832,37368,54074,48605,54938,53470,65548,65395,75255,75171,54255,59854,37439,48379,11669,22248,4496,4207,35833,34425,51322,45589,52583,50719,63167,62613,73032,72883,52989,58410,36613,47251,11319,21500,591117,563826,79212,76415,105744,101708,36950,51,52
2021-10-11T23:59:59+02:00,5410,5055,38669,37235,53940,48490,54833,53384,65474,65333,75207,75142,54243,59835,37428,48368,11667,22244,4404,4126,35605,34207,51136,45398,52448,50585,63071,62499,72947,72819,52950,58372,36601,47231,11316,21492,590160,562245,79210,76412,105744,101703,36795,51,52
2021-10-10T23:59:59+02:00,5391,5045,38622,37195,53897,48449,54813,53353,65455,65313,75191,75122,54240,59830,37424,48365,11666,22238,4386,4119,35572,34187,51114,45371,52430,50568,63061,62487,72934,72805,52946,58363,36596,47221,11313,21488,589833,562026,79206,76404,105742,101699,36780,51,52
2021-10-09T23:59:59+02:00,5391,5044,38622,37195,53897,48449,54813,53353,65455,65313,75191,75122,54240,59830,37424,48365,11666,22238,4386,4119,35571,34187,51113,45371,52430,50568,63059,62487,72934,72805,52946,58363,36596,47221,11313,21488,589832,562025,79206,76402,105742,101698,36780,51,52
2021-10-08T23:59:59+02:00,5383,5031,38603,37175,53883,48433,54805,53349,65444,65304,75179,75113,54238,59827,37422,48360,11665,22237,4379,4110,35557,34167,51101,45356,52423,50557,63050,62480,72928,72799,52944,58361,36594,47217,11313,21486,589688,561906,79206,76400,105742,101697,36767,51,52
2021-10-07T23:59:59+02:00,5314,4944,38427,37020,53757,48306,54693,53245,65343,65212,75110,75064,54220,59790,37398,48336,11658,22224,4228,3941,35183,33816,50852,45045,52224,50290,62853,62285,72759,72641,52877,58291,36569,47170,11303,21470,588364,559688,79174,75633,105741,101690,36734,51,52
2021-10-06T23:59:59+02:00,5278,4916,38381,36979,53724,48269,54648,53207,65293,65177,75083,75042,54201,59777,37391,48320,11652,22215,4208,3924,35142,33780,50828,45017,52203,50266,62824,62270,72734,72624,52855,58261,36550,47150,11296,21458,587884,559306,79168,75631,105739,101687,36714,51,52
2021-10-05T23:59:59+02:00,5246,4891,38300,36902,53659,48206,54597,53142,65230,65120,75038,74994,54163,59749,37371,48288,11643,22183,4177,3895,35075,33708,50781,44954,52168,50222,62771,62232,72694,72584,52823,58223,36520,47097,11289,21435,587128,558623,79149,75630,105739,101685,36658,51,52
2021-10-04T23:59:59+02:00,5183,4833,38086,36733,53489,48088,54484,53035,65160,65050,74972,74946,54133,59715,37356,48270,11634,22168,4065,3758,34768,33359,50534,44710,51981,50044,62611,62080,72577,72485,52766,58162,36466,47042,11277,21416,586038,556360,79137,75629,105737,101685,36375,51,52
2021-10-03T23:59:59+02:00,5172,4819,38063,36709,53456,48051,54459,53021,65143,65032,74960,74933,54126,59702,37351,48257,11634,22163,4050,3753,34716,33323,50484,44666,51943,49996,62569,62043,72536,72453,52749,58138,36454,47026,11275,21408,585786,555879,79135,75629,105734,101674,36348,51,52
2021-10-02T23:59:59+02:00,5170,4810,38059,36702,53448,48047,54456,53018,65140,65031,74956,74930,54126,59700,37351,48257,11634,22163,4049,3753,34714,33321,50476,44664,51939,49995,62567,62043,72535,72452,52749,58137,36454,47026,11275,21408,585748,555870,79135,75628,105734,101674,36333,51,52
2021-10-01T23:59:59+02:00,5162,4793,38014,36674,53415,48018,54433,52993,65109,65015,74929,74913,54116,59695,37348,48254,11631,22161,4045,3750,34694,33309,50459,44656,51925,49981,62554,62035,72518,72440,52740,58131,36451,47024,11273,21406,585502,555786,79133,75626,105731,101668,36259,51,52
2021-09-30T23:59:59+02:00,5071,4730,37804,36468,53246,47854,54288,52863,65004,64896,74859,74855,54101,59665,37337,48236,11628,22154,3968,3675,34551,33156,50367,44530,51848,49866,62469,61943,72451,72381,52728,58101,36442,46999,11270,21396,583966,555205,79114,75017,105728,101663,36204,50,52
2021-09-29T23:59:59+02:00,5048,4709,37769,36427,53197,47806,54250,52816,64972,64858,74830,74827,54084,59642,37325,48225,11624,22142,3952,3658,34523,33120,50337,44504,51826,49845,62448,61913,72430,72361,52719,58092,36437,46989,11268,21388,583503,554916,79102,75013,105728,101658,36171,50,52
2021-09-28T23:59:59+02:00,5025,4685,37709,36370,53156,47753,54215,52772,64929,64814,74785,74792,54046,59606,37306,48202,11616,22131,3938,3641,34467,33081,50304,44474,51800,49822,62422,61892,72393,72331,52690,58054,36415,46962,11265,21376,582944,554522,79100,75006,105728,101654,36093,50,52
2021-09-27T23:59:59+02:00,4949,4625,37511,36192,52971,47587,54093,52662,64826,64707,74686,74714,54018,59578,37294,48184,11614,22120,3805,3483,34044,32694,49997,44150,51570,49573,62224,61705,72261,72205,52649,57994,36394,46931,11263,21366,581888,552013,79081,75005,105728,101651,35587,50,52
2021-09-26T23:59:59+02:00,4946,4619,37489,36161,52941,47568,54079,52646,64810,64697,74674,74704,54011,59567,37293,48181,11614,22115,3796,3476,34029,32687,49984,44134,51562,49563,62210,61699,72253,72198,52645,57986,36393,46926,11261,21362,581711,551896,79061,74997,105726,101649,35570,50,52
2021-09-25T23:59:59+02:00,4943,4616,37483,36157,52938,47564,54075,52643,64808,64693,74670,74702,54010,59564,37292,48180,11614,22114,3796,3475,34026,32687,49984,44134,51562,49562,62210,61698,72251,72198,52645,57985,36393,46926,11261,21362,581668,551891,79059,74997,105726,101649,35566,50,52
2021-09-24T23:59:59+02:00,4940,4613,37464,36142,52917,47550,54053,52631,64789,64682,74656,74692,54003,59561,37289,48176,11614,22110,3792,3469,34016,32672,49969,44124,51542,49547,62197,61692,72233,72189,52638,57978,36387,46919,11261,21360,581547,551784,79059,74995,105723,101648,35506,50,52
2021-09-23T23:59:59+02:00,4811,4493,37060,35722,52562,47216,53761,52356,64547,64465,74470,74562,53941,59505,37260,48132,11605,22090,3759,3426,33833,32503,49747,43971,51373,49441,62046,61586,72117,72113,52600,57953,36363,46898,11259,21352,579207,551107,79016,74971,105723,101645,34565,50,52
2021-09-22T23:59:59+02:00,4782,4470,37017,35665,52494,47138,53694,52298,64480,64412,74411,74509,53912,59482,37252,48115,11603,22085,3742,3414,33796,32461,49703,43913,51314,49390,61991,61546,72070,72079,52582,57935,36357,46887,11257,21351,578769,550849,79009,74968,105720,101644,34275,49,52
2021-09-21T23:59:59+02:00,4766,4447,36959,35616,52427,47073,53648,52249,64413,64361,74353,74455,53869,59450,37238,48090,11598,22076,3721,3400,33763,32409,49669,43865,51274,49345,61943,61508,72031,72038,52553,57911,36346,46869,11256,21344,578217,550482,79000,74966,105718,101638,34107,49,52
2021-09-20T23:59:59+02:00,4662,4383,36620,35309,52103,46763,53411,52022,64200,64170,74194,74342,53804,59395,37217,48055,11591,22070,3516,3212,33250,31974,49292,43525,50987,49038,61688,61296,71864,71886,52497,57846,36323,46824,11249,21334,576362,547766,78995,74961,105717,101632,33191,49,51
2021-09-19T23:59:59+02:00,4650,4378,36607,35298,52091,46754,53396,52010,64188,64165,74184,74331,53801,59389,37214,48052,11590,22070,3506,3204,33229,31957,49288,43514,50979,49026,61674,61285,71852,71876,52491,57842,36322,46822,11249,21331,576254,547642,78988,74957,105714,101631,33166,49,51
2021-09-18T23:59:59+02:00,4650,4378,36604,35297,52089,46753,53396,52009,64188,64165,74183,74331,53801,59389,37214,48052,11590,22070,3505,3204,33226,31957,49284,43512,50979,49026,61674,61285,71851,71876,52490,57842,36322,46822,11249,21331,576251,547636,78988,74957,105714,101631,33160,49,51
2021-09-17T23:59:59+02:00,4643,4365,36588,35272,52067,46733,53385,51990,64171,64156,74168,74312,53792,59382,37211,48047,11589,22069,3504,3200,33216,31940,49272,43501,50975,49017,61670,61281,71843,71864,52483,57840,36322,46821,11249,21329,576085,547583,78988,74957,105714,101629,33107,49,51
2021-09-16T23:59:59+02:00,4492,4213,36219,34908,51811,46434,53173,51725,63987,63972,74010,74162,53737,59322,37194,48012,11586,22057,3436,3159,33086,31834,49190,43394,50897,48934,61609,61226,71792,71831,52468,57826,36313,46809,11248,21325,573644,546745,78531,74877,105713,101624,33080,49,51
2021-09-15T23:59:59+02:00,4449,4175,36151,34834,51766,46380,53107,51670,63936,63923,73970,74119,53719,59301,37184,48002,11585,22051,3393,3127,33033,31784,49140,43341,50839,48884,61562,61182,71762,71800,52460,57805,36303,46800,11248,21319,573270,546409,78444,74862,105713,101611,32849,49,51
2021-09-14T23:59:59+02:00,4408,4135,36088,34780,51715,46310,53065,51619,63890,63878,73925,74077,53694,59282,37169,47983,11583,22047,3347,3099,32966,31712,49094,43292,50805,48838,61508,61144,71726,71758,52437,57781,36294,46786,11247,21316,572726,545852,78376,74855,105712,101604,32788,49,51
2021-09-13T23:59:59+02:00,4258,3957,35718,34346,51440,45991,52847,51385,63680,63668,73789,73951,53639,59212,37131,47949,11582,22039,3057,2846,32499,31241,48860,43042,50624,48636,61361,60961,71585,71647,52384,57722,36278,46750,11241,21306,570120,542860,77949,74776,105711,101598,32755,49,51
2021-09-12T23:59:59+02:00,4249,3947,35694,34330,51424,45968,52829,51368,63666,63651,73780,73941,53636,59206,37126,47948,11582,22038,3040,2838,32473,31224,48844,43024,50614,48628,61349,60946,71569,71634,52377,57714,36272,46748,11238,21306,569969,542703,77933,74768,105700,101583,32734,49,50
2021-09-11T23:59:59+02:00,4246,3944,35690,34326,51423,45966,52823,51361,63664,63646,73778,73935,53632,59201,37126,47946,11582,22038,3037,2837,32464,31220,48841,43021,50610,48624,61346,60942,71566,71630,52375,57712,36272,46746,11238,21306,569942,542681,77933,74768,105700,101583,32705,49,50
2021-09-10T23:59:59+02:00,4245,3943,35574,34226,51227,45813,52634,51219,63488,63532,73643,73845,53594,59162,37106,47928,11580,22033,3027,2827,32335,31109,48641,42856,50416,48486,61156,60820,71431,71536,52333,57669,36250,46725,11235,21301,569882,542527,77931,74765,105699,101579,31233,49,49
2021-09-09T23:59:59+02:00,4217,3904,35494,34156,51171,45743,52573,51130,63430,63474,73603,73807,53570,59134,37092,47909,11578,22029,2994,2796,32242,31041,48599,42806,50364,48445,61114,60786,71390,71504,52314,57655,36242,46710,11234,21297,569269,542045,77895,74758,105679,101557,31124,49,49
2021-09-08T23:59:59+02:00,4192,3884,35461,34114,51146,45712,52555,51103,63396,63442,73582,73784,53563,59119,37085,47898,11578,22026,2976,2780,32185,31011,48560,42780,50336,48413,61078,60758,71374,71484,52301,57643,36232,46699,11232,21290,568921,541683,77895,74757,105679,101545,31098,49,49
2021-09-07T23:59:59+02:00,4179,3870,35421,34070,51113,45681,52531,51077,63370,63417,73546,73754,53551,59103,37068,47884,11576,22020,2954,2762,32138,30960,48524,42744,50297,48376,61054,60728,71340,71455,52288,57627,36223,46686,11229,21286,568543,541262,77894,74755,105679,101537,31068,49,49
2021-09-06T23:59:59+02:00,4003,3686,34943,33600,50737,45289,52264,50776,63142,63176,73387,73604,53487,59022,37049,47844,11573,22011,2913,2707,31930,30776,48318,42586,50154,48235,60940,60609,71245,71368,52241,57581,36207,46667,11224,21273,565735,540401,77894,74753,105679,101533,30238,49,49
2021-09-05T23:59:59+02:00,3995,3674,34924,33585,50733,45281,52252,50768,63130,63166,73372,73599,53482,59014,37043,47837,11571,22007,2905,2697,31910,30757,48299,42572,50141,48227,60929,60599,71235,71363,52235,57569,36204,46662,11223,21271,565598,540263,77893,74751,105679,101519,30216,49,49
2021-09-04T23:59:59+02:00,3995,3674,34923,33585,50733,45281,52251,50767,63130,63166,73372,73599,53482,59014,37043,47837,11571,22007,2905,2697,31909,30755,48299,42572,50139,48225,60929,60599,71234,71363,52235,57569,36204,46662,11223,21271,565597,540259,77893,74749,105679,101519,30214,49,49
2021-09-03T23:59:59+02:00,3947,3627,34759,33449,50579,45156,52140,50652,62981,63043,73247,73499,53442,58966,37022,47816,11567,22004,2828,2608,31634,30564,48096,42403,49966,48059,60723,60427,71089,71217,52181,57512,36179,46639,11221,21267,565456,540125,77295,73503,105668,101506,29430,49,49
2021-09-02T23:59:59+02:00,3921,3597,34699,33401,50544,45115,52107,50619,62940,63003,73208,73472,53421,58954,37013,47798,11567,21998,2812,2583,31564,30502,48045,42354,49925,48015,60668,60375,71048,71190,52163,57497,36170,46631,11220,21262,565040,539731,77273,73499,105668,101396,29349,49,49
2021-09-01T23:59:59+02:00,3905,3583,34670,33368,50521,45087,52089,50597,62920,62970,73181,73454,53412,58945,37010,47790,11567,21997,2784,2564,31512,30462,48012,42326,49894,47990,60636,60351,71025,71159,52144,57479,36160,46624,11220,21259,564775,539381,77269,73493,105666,101369,29309,49,49
2021-08-31T23:59:59+02:00,3878,3569,34630,33320,50494,45051,52061,50565,62892,62938,73151,73422,53391,58923,37002,47778,11564,21996,2775,2552,31452,30428,47986,42301,49871,47972,60608,60335,71010,71132,52130,57469,36157,46617,11217,21252,564381,539103,77269,73489,105665,101360,29263,49,49
2021-08-30T23:59:59+02:00,3652,3359,34039,32800,50071,44668,51711,50219,62600,62676,72945,73245,53308,58837,36971,47731,11561,21988,2717,2492,31163,30164,47688,42066,49644,47802,60422,60203,70856,71029,52062,57424,36138,46586,11214,21245,561376,538004,77269,73486,105664,101350,28026,48,49
2021-08-29T23:59:59+02:00,3646,3351,34017,32780,50053,44659,51695,50199,62590,62662,72935,73229,53300,58832,36969,47724,11561,21986,2711,2491,31143,30143,47664,42039,49623,47785,60405,60186,70844,71018,52059,57415,36135,46585,11214,21243,561232,537884,77267,73484,105663,101306,27980,48,49
2021-08-28T23:59:59+02:00,3646,3351,34014,32780,50047,44658,51694,50197,62589,62659,72933,73228,53298,58830,36969,47724,11561,21986,2711,2488,31134,30134,47659,42037,49620,47782,60402,60182,70841,71016,52058,57411,36135,46585,11214,21243,561222,537848,77267,73483,105663,101306,27966,48,49
2021-08-27T23:59:59+02:00,3642,3345,34005,32761,50043,44652,51683,50190,62581,62654,72916,73222,53294,58827,36968,47723,11560,21985,2703,2485,31116,30116,47650,42026,49611,47773,60394,60174,70829,71015,52056,57410,36134,46584,11213,21243,561146,537770,77267,73481,105663,101303,27929,48,49
2021-08-26T23:59:59+02:00,3617,3317,33964,32708,50016,44616,51642,50141,62535,62630,72885,73191,53284,58817,36961,47721,11559,21981,2629,2391,30818,29846,47429,41814,49435,47617,60277,60073,70746,70943,52021,57376,36117,46560,11211,21239,560796,535939,77240,73475,105662,101238,27841,48,49
2021-08-25T23:59:59+02:00,3576,3293,33913,32663,49990,44568,51605,50110,62496,62595,72849,73167,53275,58799,36956,47706,11558,21980,2366,2170,30063,29144,46985,41402,49110,47325,60054,59848,70570,70792,51954,57300,36095,46525,11202,21231,560359,531609,77240,73472,105662,101215,27792,48,48
2021-08-24T23:59:59+02:00,3536,3271,33854,32606,49959,44526,51576,50063,62450,62546,72805,73121,53254,58774,36943,47693,11556,21972,2289,2106,29829,28920,46853,41270,48999,47218,59961,59754,70485,70694,51908,57254,36075,46513,11198,21228,559870,530167,77237,73466,105660,101181,27692,48,48
2021-08-23T23:59:59+02:00,3231,3002,33218,31985,49531,44127,51234,49758,62124,62250,72512,72889,53157,58685,36904,47630,11545,21963,2229,2053,29406,28528,46465,40973,48756,47007,59691,59545,70260,70546,51832,57183,36051,46470,11192,21222,556796,528711,77233,73463,105658,101176,26012,48,47
2021-08-22T23:59:59+02:00,3220,2994,33207,31979,49521,44117,51226,49752,62119,62243,72507,72887,53153,58682,36902,47628,11545,21962,2225,2050,29380,28510,46445,40964,48746,46995,59680,59537,70253,70542,51823,57179,36048,46467,11192,21222,556731,528609,77229,73454,105653,101162,25986,47,47
2021-08-21T23:59:59+02:00,3218,2994,33202,31977,49519,44116,51225,49749,62116,62242,72506,72886,53153,58682,36902,47628,11545,21962,2224,2048,29366,28498,46439,40961,48740,46991,59676,59537,70253,70541,51822,57179,36048,46467,11192,21222,556716,528569,77229,73447,105653,101162,25979,47,47
2021-08-20T23:59:59+02:00,3202,2983,33078,31882,49326,43980,51052,49639,61935,62113,72358,72804,53104,58640,36887,47610,11542,21958,2197,2034,28824,28000,45960,40593,48459,46780,59419,59351,70046,70416,51736,57121,36018,46439,11188,21215,556489,526869,77228,73271,105653,100930,24679,46,47
2021-08-19T23:59:59+02:00,3175,2960,33026,31842,49292,43943,51004,49599,61890,62075,72309,72765,53078,58620,36880,47595,11538,21951,2109,1952,27880,27147,45176,39992,48032,46421,59084,59075,69769,70194,51636,57031,35976,46391,11183,21210,556072,522489,77193,72298,105648,100839,24585,46,47
2021-08-18T23:59:59+02:00,3154,2941,32974,31798,49256,43907,50965,49563,61845,62038,72264,72738,53049,58603,36866,47581,11537,21946,2010,1854,26585,25848,44249,39121,47326,45681,58402,58491,69283,69738,51448,56812,35900,46298,11171,21193,555636,516960,77172,69090,105645,100785,24528,46,47
2021-08-17T23:59:59+02:00,3130,2918,32905,31734,49209,43839,50922,49528,61798,61993,72227,72698,53026,58579,36853,47569,11534,21941,1881,1744,25299,24458,43378,38429,46724,45200,57868,58049,68850,69412,51312,56628,35824,46218,11156,21179,555086,511345,77167,67006,105644,100749,24462,46,47
2021-08-16T23:59:59+02:00,3118,2897,32888,31714,49185,43815,50912,49510,61778,61975,72205,72684,53016,58571,36851,47558,11532,21937,1789,1659,23860,23069,42477,37588,46443,44906,57642,57788,68643,69253,51239,56542,35793,46174,11154,21165,554855,504986,77164,66973,105640,100735,24443,46,47
2021-08-15T23:59:59+02:00,3110,2885,32873,31697,49171,43808,50902,49499,61761,61958,72190,72672,53012,58562,36848,47558,11532,21937,1505,1402,21434,20618,41720,37046,46075,44531,57310,57487,68356,68996,51125,56438,35756,46118,11151,21155,554715,496241,77163,66793,105630,100719,24423,46,47
2021-08-14T23:59:59+02:00,3110,2884,32868,31694,49165,43807,50899,49497,61756,61955,72186,72664,53012,58562,36847,47558,11532,21937,1503,1394,21407,20591,41681,37014,46058,44516,57295,57475,68343,68985,51123,56435,35755,46117,11151,21154,554704,496046,77162,66792,105630,100719,24393,46,47
2021-08-13T23:59:59+02:00,3096,2867,32825,31665,49141,43794,50877,49480,61723,61924,72164,72644,53006,58555,36844,47553,11531,21934,1478,1369,21287,20504,41592,36915,45994,44463,57246,57435,68302,68952,51106,56423,35746,46108,11150,21152,554547,495446,77161,66789,105629,100698,24242,46,47
2021-08-12T23:59:59+02:00,3078,2837,32778,31616,49109,43752,50839,49450,61668,61897,72128,72609,52991,58536,36827,47544,11530,21931,1393,1309,20814,20191,40638,36099,45624,44133,57026,57255,68125,68788,51033,56340,35716,46064,11146,21145,554139,491200,77157,66785,105626,100653,24154,46,47
2021-08-11T23:59:59+02:00,3036,2806,32722,31571,49076,43720,50814,49426,61640,61866,72100,72581,52969,58511,36815,47535,11529,21924,1169,1129,19919,19305,39311,34911,45020,43554,56663,56927,67831,68514,50911,56204,35678,46005,11144,21132,553728,483778,77151,66780,105626,100630,24092,46,47
2021-08-10T23:59:59+02:00,3020,2787,32669,31524,49045,43687,50782,49393,61620,61825,72062,72536,52947,58496,36804,47512,11528,21919,923,885,18890,18340,37213,33046,44133,42678,56208,56528,67441,68168,50761,56051,35617,45909,11139,21112,553263,473534,77150,66777,105625,100610,24074,46,47
2021-08-09T23:59:59+02:00,3005,2780,32639,31500,49017,43667,50754,49374,61600,61808,72042,72515,52937,58487,36799,47502,11526,21918,493,474,17467,16928,34235,30627,43465,42045,55799,56165,67107,67840,50619,55902,35567,45860,11134,21094,553010,461356,77148,66772,105620,100598,24048,46,47
2021-08-08T23:59:59+02:00,3002,2780,32626,31486,49005,43660,50749,49368,61589,61800,72038,72514,52936,58484,36799,47499,11526,21917,490,471,17440,16898,34212,30612,43428,42015,55785,56152,67098,67835,50614,55897,35566,45857,11133,21093,552946,461171,77148,66766,105607,100579,24033,46,47
2021-08-07T23:59:59+02:00,3001,2775,32618,31475,49003,43652,50743,49366,61586,61797,72031,72512,52935,58482,36798,47499,11526,21917,487,467,17408,16863,34188,30593,43392,41984,55763,56134,67087,67828,50609,55895,35564,45857,11133,21092,552896,460934,77148,66763,105606,100578,24022,46,47
2021-08-06T23:59:59+02:00,2912,2683,32268,31247,48740,43458,50484,49136,61298,61593,71757,72345,52803,58379,36744,47446,11523,21908,479,465,17197,16719,33474,30109,42920,41615,55419,55906,66778,67650,50479,55801,35515,45820,11130,21085,552822,459250,76038,66471,105602,100575,22218,46,47
2021-08-05T23:59:59+02:00,2866,2644,32108,31127,48648,43369,50406,49081,61245,61548,71705,72304,52777,58360,36735,47428,11521,21906,451,432,16964,16467,31615,28676,41875,40662,55145,55560,66565,67477,50415,55724,35492,45781,11123,21076,551940,452439,76035,66396,105592,100451,22167,46,47
2021-08-04T23:59:59+02:00,2791,2568,31848,30935,48467,43232,50262,48974,61166,61471,71641,72246,52747,58320,36722,47413,11518,21901,425,409,16685,16220,31273,28451,40691,39588,54757,55228,66387,67325,50353,55642,35462,45753,11120,21069,550640,448119,76033,66376,105590,100378,21919,42,46
2021-08-03T23:59:59+02:00,2604,2387,31334,30469,48215,42986,50086,48782,61006,61300,71495,72099,52693,58248,36700,47384,11508,21887,375,345,16246,15774,30683,27922,38958,37967,54068,54582,66053,67012,50258,55513,35415,45701,11115,21059,547693,440441,76031,66368,105587,100359,21832,42,46
2021-08-02T23:59:59+02:00,2493,2292,31017,30182,48013,42804,49933,48654,60899,61194,71407,72016,52660,58216,36678,47365,11507,21884,333,312,15942,15502,30346,27566,36820,36143,53509,54067,65846,66837,50185,55427,35393,45673,11113,21055,545752,433597,76028,66363,105581,100251,21814,41,44
2021-08-01T23:59:59+02:00,2489,2288,31005,30173,47995,42791,49919,48645,60886,61184,71396,72010,52655,58207,36674,47365,11507,21884,320,302,15816,15377,30208,27450,34517,34290,53211,53813,65753,66768,50144,55386,35387,45654,11112,21053,545687,428146,76024,66358,105534,100225,21789,41,43
2021-07-31T23:59:59+02:00,2489,2288,31000,30169,47992,42789,49917,48644,60885,61184,71396,72008,52652,58205,36674,47365,11507,21883,319,302,15801,15364,30173,27422,34504,34281,53193,53805,65741,66763,50140,55382,35387,45653,11111,21052,545667,427988,76024,66357,105533,100221,21784,41,43
2021-07-30T23:59:59+02:00,2475,2283,30952,30122,47960,42768,49893,48620,60851,61154,71360,71990,52643,58194,36674,47365,11507,21881,317,297,15639,15060,29907,27109,34321,34034,52992,53511,65576,66560,50094,55336,35377,45641,11111,21050,545491,427617,76018,66346,105530,98312,21614,41,43
2021-07-29T23:59:59+02:00,2443,2263,30794,30026,47875,42707,49841,48555,60789,61112,71313,71944,52623,58175,36666,47349,11504,21876,294,275,15321,14777,29594,26886,33032,33086,52206,52898,65220,66293,49995,55243,35334,45584,11106,21042,544816,424901,76011,63604,105519,98168,21470,41,43
2021-07-28T23:59:59+02:00,2396,2226,30641,29916,47790,42639,49766,48480,60715,61033,71246,71888,52600,58138,36647,47331,11503,21871,263,255,14916,14399,29152,26570,32661,32754,51496,52283,64827,65966,49900,55140,35299,45527,11090,21023,543864,420739,76007,63549,105511,97785,21405,41,43
2021-07-27T23:59:59+02:00,2318,2153,30401,29649,47639,42462,49623,48343,60603,60909,71146,71800,52541,58077,36619,47292,11496,21863,187,165,14272,13744,28384,25942,31913,32102,50243,51187,64094,65399,49712,54932,35231,45413,11083,21004,542036,412400,75997,63522,105506,97686,21356,41,43
2021-07-26T23:59:59+02:00,2257,2098,30198,29417,47521,42333,49548,48259,60538,60845,71094,71754,52515,58045,36607,47279,11494,21854,150,138,13909,13369,28024,25653,31297,31689,48684,49813,63117,64571,49507,54727,35164,45332,11073,20991,540801,404677,75994,63515,105502,97653,21320,41,43
2021-07-25T23:59:59+02:00,2011,1896,29379,28742,47127,42016,49260,47972,60304,60619,70910,71596,52458,57970,36580,47237,11493,21846,147,136,13814,13308,27926,25587,31213,31621,48563,49749,63029,64519,49484,54709,35157,45323,11073,20990,536612,404032,75994,63507,105495,97490,21276,41,43
2021-07-24T23:59:59+02:00,1930,1828,29123,28512,46978,41909,49141,47871,60146,60501,70780,71516,52409,57940,36562,47216,11491,21846,146,130,13680,13190,27726,25451,31051,31491,48349,49580,62864,64425,49440,54679,35142,45305,11071,20988,535914,403410,75991,63505,105494,97489,20261,41,43
2021-07-23T23:59:59+02:00,1815,1708,28793,28188,46734,41752,48886,47658,59894,60313,70577,71388,52333,57869,36543,47180,11487,21837,136,122,13427,12957,27296,25133,30667,31181,47744,49090,62534,64185,49355,54613,35120,45262,11066,20979,534912,400981,75615,63451,105483,97486,18906,41,43
2021-07-22T23:59:59+02:00,1803,1701,28711,28108,46594,41611,48670,47444,59716,60169,70457,71259,52290,57832,36527,47163,11487,21837,118,117,13197,12691,26955,24799,30313,30861,45815,47527,61727,63484,49259,54511,35082,45219,11063,20969,534592,394264,74466,63299,105440,97259,18842,41,43
2021-07-21T23:59:59+02:00,1769,1659,28447,27900,46206,41273,48078,46888,59132,59689,70000,70869,52119,57673,36470,47105,11478,21824,103,107,12771,12237,26370,24256,29737,30293,42078,44280,60239,62210,49090,54330,35018,45136,11053,20942,534033,382594,71197,62776,105286,96813,18024,41,43
2021-07-20T23:59:59+02:00,1746,1644,28327,27763,46141,41214,48029,46849,59076,59641,69946,70823,52085,57646,36453,47080,11473,21817,87,80,12272,11702,25632,23564,29081,29542,38623,41287,58692,60743,48886,54108,34937,45044,11035,20922,533342,372177,71175,59397,105268,96691,17929,41,43
2021-07-19T23:59:59+02:00,1741,1643,28299,27723,46118,41202,48014,46837,59063,59625,69934,70821,52083,57642,36453,47076,11471,21817,86,78,12223,11670,25565,23529,29045,29506,38578,41254,58651,60716,48882,54100,34936,45041,11032,20921,533195,371851,71174,59380,105251,96636,17903,41,43
2021-07-18T23:59:59+02:00,1737,1636,28274,27698,46093,41192,48002,46827,59056,59616,69927,70813,52081,57641,36452,47075,11471,21816,86,77,12160,11644,25480,23486,28985,29472,38517,41227,58591,60674,48880,54094,34933,45040,11032,20921,533072,371509,71172,59349,105242,96516,17882,41,43
2021-07-17T23:59:59+02:00,1737,1634,28252,27684,46080,41181,47989,46822,59048,59611,69919,70809,52077,57637,36451,47075,11471,21816,84,75,12132,11630,25445,23451,28949,29452,38494,41210,58554,60650,48870,54086,34931,45040,11032,20921,532992,371256,71171,59343,105239,96512,17852,41,43
2021-07-16T23:59:59+02:00,1722,1613,27986,27491,45790,41014,47757,46652,58747,59408,69686,70668,51970,57566,36407,47038,11466,21814,84,72,11881,11435,25109,23208,28641,29222,38093,40935,58044,60227,48733,53972,34878,44990,11026,20917,532675,370044,71170,59340,105106,96235,15805,41,43
2021-07-15T23:59:59+02:00,1624,1500,27522,27106,45529,40779,47608,46538,58606,59295,69582,70581,51929,57523,36392,47015,11465,21807,76,65,11579,11206,24625,22866,28273,28952,37699,40655,55993,58179,48562,53770,34819,44906,11018,20906,530346,363089,71168,59245,105098,96022,15750,41,43
2021-07-14T23:59:59+02:00,1457,1368,26955,26568,45223,40488,47403,46352,58422,59098,69422,70435,51867,57465,36367,46985,11459,21802,70,57,11385,11012,24216,22510,27919,28633,37175,40252,54772,56996,48423,53618,34769,44842,11010,20884,527172,359367,71162,57574,105079,95875,15684,41,43
2021-07-13T23:59:59+02:00,1170,1063,26004,25674,44731,40077,47045,46032,58099,58813,69149,70189,51756,57339,36324,46930,11455,21787,58,42,11041,10669,23685,21957,27295,28043,35792,39062,50633,53086,48058,53231,34638,44691,10993,20855,521790,350073,71155,52365,105076,95771,15577,41,43
2021-07-12T23:59:59+02:00,707,666,24628,24423,44173,39592,46845,45817,57886,58619,68966,70020,51694,57248,36307,46904,11453,21779,50,39,10804,10558,23479,21817,27042,27907,35541,38891,50189,52663,47983,53145,34607,44655,10993,20849,515913,348597,71154,52334,105070,94686,15552,40,43
2021-07-11T23:59:59+02:00,704,661,24608,24402,44142,39570,46827,45804,57872,58606,68952,70017,51692,57245,36304,46900,11452,21779,48,39,10707,10467,23258,21689,26773,27805,35230,38810,49474,52176,46496,51556,34517,44546,10993,20847,515824,348075,71150,52285,105054,89557,15471,40,43
2021-07-10T23:59:59+02:00,702,656,24601,24393,44137,39561,46824,45800,57866,58604,68952,70016,51692,57245,36304,46900,11452,21779,45,38,10694,10455,23236,21668,26759,27793,35208,38805,49460,52171,46481,51540,34515,44545,10993,20847,515784,347964,71148,52284,105053,89501,15461,40,43
2021-07-09T23:59:59+02:00,695,646,24150,23937,43861,39323,46757,45740,57805,58562,68901,69991,51675,57232,36301,46892,11451,21778,45,38,10612,10282,23140,21478,26697,27584,35139,38588,49394,52067,46459,51515,34511,44542,10993,20846,514031,346724,71143,52270,105046,89454,15439,40,43
2021-07-08T23:59:59+02:00,629,580,23066,22937,43066,38725,46507,45539,57598,58419,68704,69852,51597,57166,36273,46869,11449,21770,40,33,10355,10089,22763,21218,26299,27318,34658,38273,48785,51544,46121,51148,34441,44464,10986,20824,509368,343126,71116,52118,104988,88836,15236,40,43
2021-07-07T23:59:59+02:00,576,534,21744,21550,42326,38040,46282,45316,57358,58227,68538,69691,51513,57083,36235,46815,11441,21756,34,29,9981,9779,21891,20624,25187,26525,32820,36905,47864,50655,45621,50610,34334,44324,10978,20806,503989,338182,70943,47741,104967,87914,15088,40,42
2021-07-06T23:59:59+02:00,519,471,20512,20274,41476,37397,45803,44963,56962,57921,68210,69434,51414,56957,36191,46763,11433,21748,26,24,9587,9399,21023,20028,24221,25866,31334,35708,46661,49451,44839,49824,34198,44147,10965,20786,499517,330829,69009,45640,104947,86639,14937,40,42
2021-07-05T23:59:59+02:00,483,443,19098,18901,40609,36598,45584,44736,56778,57718,68049,69307,51358,56901,36170,46734,11431,21741,24,20,9293,9142,20465,19639,23551,25443,30694,35276,45901,48833,44083,49033,34068,43958,10956,20774,493797,325030,69005,45617,104939,85603,14861,39,42
2021-07-04T23:59:59+02:00,476,437,17307,16900,40270,36372,45496,44661,56692,57649,67968,69238,51325,56874,36160,46713,11429,21739,24,20,9231,9088,20324,19576,23378,25365,30430,35198,45104,48703,42716,47680,33989,43884,10954,20768,488974,324562,68979,45572,104923,81464,14792,39,42
2021-07-03T23:59:59+02:00,476,435,17285,16867,40220,36325,45477,44644,56687,57644,67960,69231,51323,56871,36160,46713,11429,21738,23,20,9186,9044,20255,19506,23315,25299,30347,35118,44883,48527,42647,47604,33944,43825,10951,20768,488775,323594,68977,45571,104922,81282,14773,39,42
2021-07-02T23:59:59+02:00,456,412,17168,16756,39755,35941,45361,44545,56633,57603,67911,69200,51311,56866,36154,46701,11429,21737,23,18,9023,8870,19930,19223,22923,24921,29929,34702,44256,47881,42443,47372,33845,43689,10945,20764,487263,320578,68959,44536,104920,80843,14759,39,41
2021-07-01T23:59:59+02:00,404,372,16862,16474,38024,34608,44787,44044,56370,57394,67736,69031,51232,56775,36126,46663,11426,21729,18,13,8646,8473,19066,18511,21953,24065,28541,33507,41221,44905,41445,46285,33230,42961,10928,20735,481785,313059,68883,39654,104898,77296,14453,39,41
2021-06-30T23:59:59+02:00,356,327,16574,16227,35842,32786,44165,43414,56143,57199,67533,68839,51150,56683,36097,46609,11422,21713,17,12,8283,8138,18390,17883,21063,23233,27259,32239,36572,40030,40366,45137,32569,42172,10907,20708,474951,302544,68837,33621,104878,74397,14375,39,41
2021-06-29T23:59:59+02:00,316,290,16348,16024,34849,31705,43712,42969,55962,57036,67362,68690,51073,56610,36058,46565,11414,21706,15,9,7699,7529,17259,16955,19806,22016,25557,30557,33823,36898,37516,42084,31824,41278,10883,20669,470747,286314,68829,33573,104864,68239,14211,39,40
2021-06-28T23:59:59+02:00,307,268,16199,15863,33138,30300,43391,42675,55795,56895,67245,68583,51027,56558,36040,46544,11411,21694,14,7,7395,7269,16700,16579,19413,21699,25047,30169,33232,36395,36138,40591,31035,40344,10879,20658,466338,283264,68804,33521,104843,62829,13910,39,40
2021-06-27T23:59:59+02:00,307,268,16178,15837,32985,30211,43325,42648,55757,56886,67217,68575,51023,56554,36037,46543,11411,21693,13,7,7351,7239,16560,16510,19247,21636,24845,30095,33002,36254,34879,39316,29404,38420,10878,20657,466018,283090,68800,33481,104837,55940,13762,39,40
2021-06-26T23:59:59+02:00,305,266,16154,15808,32961,30195,43279,42604,55732,56869,67211,68572,51022,56553,36035,46542,11411,21693,12,7,7346,7226,16540,16498,19230,21625,24813,30072,32982,36232,34865,39302,29402,38417,10878,20657,465779,282887,68797,33481,104837,55935,13761,39,40
2021-06-25T23:59:59+02:00,298,264,16093,15756,32842,30092,43084,42442,55675,56823,67169,68548,51012,56542,36031,46541,11411,21693,12,7,7157,6948,16254,15989,18959,20967,24443,29139,32593,35508,34703,39084,29379,38386,10878,20657,464927,280191,68792,33470,104820,53623,13739,39,40
2021-06-24T23:59:59+02:00,277,251,15819,15549,32380,29801,41613,41201,55209,56467,66935,68388,50957,56486,36015,46513,11406,21682,11,7,6835,6713,15549,15540,17507,19945,22357,27578,31487,34610,34296,38655,29255,38204,10866,20641,460354,270458,68787,33418,104816,53187,12954,39,39
2021-06-23T23:59:59+02:00,262,234,15536,15250,31875,29398,39514,39377,54666,55924,66685,68168,50868,56377,35975,46467,11401,21669,10,5,6626,6547,15189,15263,16980,19496,21470,26776,29783,33242,33537,37797,29064,37963,10859,20626,453286,262620,68734,33326,104811,52471,12777,39,39
2021-06-22T23:59:59+02:00,240,199,15155,14856,31211,28765,36081,36330,53755,55120,66382,67862,50762,56255,35936,46410,11397,21655,7,4,6443,6333,14787,14933,16177,18773,20052,25461,28176,31584,32735,36818,28523,37354,10841,20594,442359,252493,68700,33239,104804,51354,12470,39,39
2021-06-21T23:59:59+02:00,225,193,14912,14678,30528,28302,33922,34365,53290,54693,66203,67744,50681,56181,35911,46388,11392,21650,7,4,6346,6249,14626,14812,16005,18636,19929,25347,28062,31494,32579,36678,27312,36115,10841,20591,435530,251795,68678,33190,104778,48375,12234,39,39
2021-06-20T23:59:59+02:00,218,192,14786,14587,28628,26964,33311,33916,53201,54597,66134,67707,50658,56153,35903,46384,11391,21648,7,4,5890,5949,13683,14172,15170,18042,19372,24990,27744,31291,32412,36494,27285,36084,10839,20587,431147,246773,68673,33155,104775,48302,11746,38,39
2021-06-19T23:59:59+02:00,212,187,14761,14553,28510,26878,33281,33889,53179,54581,66118,67696,50652,56144,35901,46379,11390,21646,7,4,5677,5790,13121,13767,14564,17561,19042,24787,27549,31120,32333,36394,27268,36070,10839,20587,430733,243251,68671,33150,104775,48299,11741,38,39
2021-06-18T23:59:59+02:00,210,179,14671,14468,28402,26807,32029,32986,52812,54274,65984,67602,50621,56110,35883,46353,11386,21642,7,4,5610,5712,13020,13681,14398,17434,18805,24557,26728,30452,32126,36157,27202,35994,10835,20580,430224,240296,65705,33035,104764,48243,11689,38,39
2021-06-17T23:59:59+02:00,196,163,14291,14202,27813,26553,31540,32725,52023,53708,65559,67336,50540,56009,35849,46312,11380,21629,6,4,5228,5454,12236,13204,13607,16823,17715,23628,24570,28487,31482,35420,27003,35717,10818,20565,427014,231271,65697,32757,104740,47559,10341,37,39
2021-06-16T23:59:59+02:00,167,135,13860,13793,27351,26194,31096,32369,51212,53005,65104,66946,50421,55889,35820,46255,11369,21617,6,4,4863,5015,11520,12533,12814,16126,16611,22502,21597,25619,30411,34211,26706,35314,10803,20525,422145,217214,65651,32725,104732,47163,10039,37,39
2021-06-15T23:59:59+02:00,105,82,13226,13168,26604,25618,30317,31775,49959,51939,64393,66421,50243,55691,35753,46144,11360,21598,6,4,4365,4387,10554,11594,11659,14746,14880,20800,18165,22310,29036,32772,26318,34792,10778,20481,414439,198579,65629,32608,104726,46855,9566,37,39
2021-06-14T23:59:59+02:00,75,61,12820,12792,26194,25294,29652,31308,48165,50469,63342,65588,50027,55465,35676,46068,11352,21586,6,4,4264,4331,10377,11462,11515,14614,14701,20678,17968,22150,28962,32691,26300,34764,10774,20478,406563,198131,65619,32337,104726,46542,8990,37,39
2021-06-13T23:59:59+02:00,74,60,12775,12747,26121,25257,29589,31282,48109,50443,63307,65564,50022,55462,35674,46064,11351,21583,6,4,4108,4252,10050,11330,11191,14503,14400,20564,17566,21805,27446,31046,26159,34569,10770,20467,406354,197374,65543,27658,104719,46333,8832,37,39
2021-06-12T23:59:59+02:00,74,59,12757,12730,26106,25246,29577,31269,48049,50372,63264,65529,50021,55459,35674,46064,11351,21583,6,4,4105,4244,10035,11313,11182,14488,14381,20547,17544,21796,27405,31001,26154,34564,10770,20467,406057,197187,65542,27656,104717,46292,8832,37,39
2021-06-11T23:59:59+02:00,72,56,12657,12603,25979,25131,29452,31142,47810,50146,63132,65410,49997,55433,35663,46053,11349,21581,6,4,4012,3973,9517,10122,10753,13578,14092,19988,17272,21318,26996,30576,26062,34482,10767,20465,404780,196137,65532,27650,104676,41515,8642,37,39
2021-06-10T23:59:59+02:00,64,49,12415,12382,25655,24845,29105,30873,46735,49130,62397,64840,49912,55337,35629,46001,11339,21568,6,3,3742,3603,8748,8878,9860,11934,12785,17221,15479,17707,25271,28651,25765,34175,10761,20441,399886,190595,65475,27211,104474,28781,8405,37,38
2021-06-09T23:59:59+02:00,50,37,12118,12060,25244,24441,28708,30479,44721,47306,61308,63900,49808,55214,35582,45947,11334,21550,6,3,3491,3478,8321,8623,9348,11613,12268,16827,14766,17105,21431,24327,25537,33873,10749,20415,391902,178989,65346,26862,104472,28242,8051,37,37
2021-06-08T23:59:59+02:00,44,26,11686,11519,24573,23816,28049,29813,41550,44461,59530,62263,49637,55023,35508,45856,11324,21528,6,3,3282,3342,7920,8369,8727,11240,11606,16406,14106,16460,16043,18365,25145,33348,10731,20385,379212,163774,65283,26527,104462,27937,7213,37,33
2021-06-07T23:59:59+02:00,39,19,11522,11323,24221,23539,27764,29605,38923,42530,59100,61900,49603,54992,35496,45835,11322,21522,6,3,3186,3271,7616,8200,8408,11063,11033,15954,13602,15981,15965,18285,25114,33297,10729,20378,373540,163455,64856,24705,104452,27527,6371,37,33
2021-06-06T23:59:59+02:00,36,18,11386,11218,23902,23306,27553,29432,37329,41347,58975,61822,49579,54963,35489,45821,11322,21520,6,3,3086,3219,7341,8109,8140,10893,10290,15270,13002,15360,15812,18173,25100,33274,10727,20378,373136,163333,61481,21537,104441,27357,5924,37,32
2021-06-05T23:59:59+02:00,34,17,11367,11198,23857,23265,27516,29405,37299,41333,58875,61738,49569,54956,35487,45819,11322,21517,6,3,3073,3207,7315,8073,8108,10874,10257,15254,12955,15337,15690,18008,25095,33266,10726,20377,372791,162887,61478,21536,104441,27341,5828,37,32
2021-06-04T23:59:59+02:00,34,15,11185,10939,23496,22796,27237,29009,36869,40884,58254,61198,49535,54915,35478,45801,11320,21511,6,2,3048,3192,7287,8053,8084,10854,10226,15230,12920,15304,15477,17799,25084,33245,10724,20376,370984,162295,59209,21523,104427,27243,5820,37,30
2021-06-03T23:59:59+02:00,32,14,10965,10721,23031,22405,26809,28675,35769,40056,55491,58849,49405,54754,35435,45737,11315,21496,5,2,2956,3113,7078,7898,7627,10555,9194,14595,11667,14597,14291,16326,24904,33028,10712,20357,367025,158925,54286,17784,104376,26930,5237,36,29
2021-06-02T23:59:59+02:00,32,14,10926,10683,22994,22371,26775,28647,35733,40015,55362,58691,49392,54727,35428,45730,11315,21495,5,2,2913,3082,7021,7876,7565,10517,9034,14553,11439,14532,12930,14836,24786,32855,10708,20350,366426,155082,54280,17773,104375,26906,5214,36,29
2021-06-01T23:59:59+02:00,19,7,10507,10335,22336,21861,26090,28068,35010,39433,52359,55543,49003,54319,35309,45567,11299,21469,5,2,2457,2725,5667,7192,6292,9941,7633,13881,10301,13569,8612,9263,24306,32172,10685,20296,355661,136857,54098,17403,104356,26326,4384,36,29
2021-05-31T23:59:59+02:00,18,6,10227,10106,21760,21464,25682,27818,34687,39230,50906,54143,48904,54195,35275,45526,11292,21461,5,2,2348,2607,5377,6946,6028,9718,7267,13641,10043,13408,8561,9201,24280,32123,10677,20283,350917,136078,54051,17282,104331,25760,3366,36,29
2021-05-30T23:59:59+02:00,17,6,10170,10056,21665,21423,25617,27783,34575,39160,50540,53802,48879,54170,35269,45520,11290,21458,5,2,2310,2577,5270,6866,5928,9649,7079,13553,9816,13311,8514,9151,24264,32116,10676,20278,349727,135479,54029,17107,104314,25455,3295,36,29
2021-05-29T23:59:59+02:00,16,6,10156,10044,21631,21403,25600,27770,34554,39147,50527,53784,48875,54166,35266,45519,11290,21458,5,2,2289,2527,5227,6738,5867,9516,6962,13355,9677,13089,8443,9059,24197,32049,10675,20277,349569,135196,54029,17054,104293,24389,3286,36,29
2021-05-28T23:59:59+02:00,16,6,10095,9975,21555,21291,25518,27649,34476,39047,50448,53685,48852,54148,35257,45511,11290,21454,5,2,2207,2260,4614,6203,5241,8796,6595,12392,9181,12094,8264,8860,23825,31567,10674,20274,348710,133686,54016,16957,104234,19104,3279,35,28
2021-05-27T23:59:59+02:00,15,6,9825,9727,21027,20914,24973,27288,33951,38668,49834,53074,48680,53957,35187,45437,11286,21434,3,2,1964,1992,4040,5685,4564,8193,6083,11620,8232,10766,7758,8199,22258,29411,10658,20252,344418,128007,53603,15826,104130,14721,3098,35,28
2021-05-26T23:59:59+02:00,15,6,9546,9479,20309,20349,24100,26617,32688,37641,49069,52370,48426,53668,35111,45326,11274,21410,3,1,1906,1919,3941,5558,4430,8027,5876,11358,7906,10382,7193,7470,19816,25976,10638,20208,339700,119495,50637,15574,104077,14556,2956,35,27
2021-05-25T23:59:59+02:00,14,6,9281,9243,19894,19992,23661,26223,32175,37123,48175,51392,48128,53350,35024,45185,11262,21381,3,1,1841,1869,3821,5458,4290,7876,5667,11132,7590,10059,6566,6627,15672,20575,10617,20150,334107,107239,50554,15531,104003,14206,2811,35,27
2021-05-24T23:59:59+02:00,14,6,9065,9083,19325,19699,22886,25835,30666,36110,47950,51221,48036,53250,34995,45155,11260,21380,3,1,1815,1851,3773,5427,4224,7834,5601,11072,7513,10002,6539,6601,15658,20566,10617,20150,332518,107115,46764,15517,103942,13911,2678,35,26
2021-05-23T23:59:59+02:00,14,6,8857,8876,18970,19406,22463,25488,30245,35789,47359,50709,47602,52795,34892,45009,11252,21371,3,1,1813,1850,3764,5422,4219,7828,5590,11064,7502,9992,6533,6589,15658,20564,10617,20150,327691,107050,46762,15515,103940,13892,2676,35,26
2021-05-22T23:59:59+02:00,14,6,8825,8838,18919,19362,22416,25457,30192,35758,47251,50638,47583,52772,34889,45000,11249,21371,3,1,1811,1846,3750,5409,4215,7822,5585,11057,7495,9988,6530,6586,15655,20563,10617,20150,327142,107010,46762,15515,103940,13870,2662,35,26
2021-05-21T23:59:59+02:00,13,6,8548,8483,18477,18847,22052,24812,29765,34949,46762,49969,47494,52647,34851,44957,11246,21366,3,1,1746,1806,3673,5371,4170,7786,5552,11010,7452,9938,6500,6560,15576,20466,10616,20149,321925,106690,46731,15514,103916,13507,2638,35,26
2021-05-20T23:59:59+02:00,12,6,7976,7938,17532,18053,21044,23897,28444,33745,45013,48142,47054,52185,34743,44802,11228,21347,3,1,1446,1642,3362,5080,3904,7398,5252,10532,7069,9484,6265,6301,14258,18917,10593,20110,310314,102917,46643,15028,103688,11165,2482,35,25
2021-05-19T23:59:59+02:00,12,6,7710,7625,16928,17450,20141,23020,27211,32483,43216,46052,46523,51630,34592,44581,11207,21315,3,1,1380,1559,3162,4866,3693,7145,5025,10180,6772,9154,5979,5965,12039,16053,10575,20049,299162,96651,46599,14549,103642,10111,2265,35,24
2021-05-18T23:59:59+02:00,11,6,7182,7085,15778,16429,18872,21773,25704,30852,40525,42816,45693,50683,34356,44277,11182,21273,3,1,1357,1534,3101,4793,3617,7024,4890,10048,6591,8942,5713,5688,10329,13871,10551,19995,283377,91496,45396,14496,103532,9873,2159,34,24
2021-05-17T23:59:59+02:00,11,6,7103,7021,15593,16316,18655,21605,25302,30523,38773,41178,45582,50602,34308,44212,11172,21249,3,1,1323,1511,3044,4746,3552,6964,4820,9944,6495,8841,5671,5648,10315,13853,10547,19987,283148,91423,40629,14215,103486,9687,1916,33,24
2021-05-16T23:59:59+02:00,10,5,6988,6968,15470,16227,18524,21497,25120,30408,35789,38410,45546,50567,34286,44188,11169,21244,3,1,1300,1492,3000,4706,3502,6905,4735,9874,6401,8761,5640,5611,10302,13837,10545,19984,282863,91372,34479,13949,103365,9577,1677,33,24
2021-05-15T23:59:59+02:00,10,5,6963,6937,15409,16170,18478,21454,25052,30363,35753,38369,45523,50540,34279,44183,11169,21244,3,1,1287,1465,2968,4635,3483,6836,4716,9793,6378,8710,5634,5607,10297,13836,10545,19984,282376,91314,34478,13944,103351,9232,1664,33,24
2021-05-14T23:59:59+02:00,10,4,6790,6566,15059,15674,18164,21035,24714,29902,35506,38019,45494,50509,34269,44178,11169,21242,3,1,1227,1404,2887,4532,3430,6734,4651,9641,6295,8580,5605,5562,10284,13826,10545,19983,281303,91223,34327,13923,101045,8424,1597,33,23
2021-05-13T23:59:59+02:00,10,4,6434,6239,14303,15091,17453,20401,23853,29161,34737,37347,45207,50165,34190,44055,11165,21231,3,1,1057,1318,2691,4419,3313,6611,4509,9468,6171,8432,5562,5523,10266,13808,10541,19978,274886,91060,33995,13842,100828,7441,1307,31,21
2021-05-12T23:59:59+02:00,10,4,6037,5968,13331,14423,16436,19596,23186,28723,34430,37063,45025,49969,34159,44024,11162,21228,3,1,1053,1316,2684,4411,3295,6606,4504,9458,6162,8427,5554,5516,10263,13803,10539,19977,268646,90995,33983,13830,100824,7436,1291,31,20
2021-05-11T23:59:59+02:00,10,4,5659,5743,12740,13970,14638,18154,20229,26198,32114,34734,43969,48710,33833,43552,11133,21178,3,0,991,1241,2566,4236,3185,6366,4386,9169,6045,8200,5482,5436,10221,13741,10531,19959,251349,90516,33703,13610,100377,6504,1109,31,19
2021-05-10T23:59:59+02:00,10,4,5510,5643,12469,13843,14283,17929,19424,25628,30737,33711,43439,48095,33775,43463,11125,21159,3,0,948,1182,2467,4073,3091,6166,4260,8906,5921,8001,5443,5403,10209,13724,10527,19950,245863,90402,33490,13549,100068,5509,795,31,19
2021-05-09T23:59:59+02:00,10,4,5107,5405,11286,13313,13282,17567,18394,25296,30192,33421,43383,48022,33749,43449,11122,21151,3,0,923,1150,2368,3966,3002,6028,4129,8730,5827,7897,5434,5389,10202,13719,10522,19946,240543,90354,33415,13507,99726,4918,438,31,18
2021-05-08T23:59:59+02:00,10,4,5095,5397,11264,13293,13257,17547,18364,25264,30151,33377,43375,48011,33748,43445,11122,21151,3,0,919,1143,2355,3959,2997,6028,4125,8724,5824,7894,5431,5386,10199,13714,10522,19946,240273,90328,33413,13507,99725,4883,433,31,18
2021-05-07T23:59:59+02:00,10,4,4994,5312,11036,13125,12968,17325,17757,24663,29201,32484,43181,47770,33692,43373,11118,21145,3,0,889,1112,2321,3904,2952,5978,4072,8670,5740,7841,5383,5338,10186,13705,10522,19945,237763,90191,31526,13503,99617,4627,222,30,18
2021-05-06T23:59:59+02:00,10,4,4579,5027,10367,12707,12208,16658,16159,23218,26654,30089,42480,47022,33525,43136,11102,21124,3,0,830,1055,2187,3656,2784,5668,3877,8198,5542,7519,5331,5284,10163,13677,10520,19939,228991,90006,28183,13191,98800,2953,65,30,18
2021-05-05T23:59:59+02:00,10,4,4271,4796,9764,12260,11487,16072,15058,22189,23804,27326,41498,45915,33242,42750,11084,21082,3,0,814,1031,2124,3532,2726,5512,3784,7987,5446,7383,5280,5229,10125,13636,10518,19936,215954,89735,27997,13053,98577,2205,55,29,18
2021-05-04T23:59:59+02:00,10,4,3923,4344,9099,11568,10713,15232,13754,20939,20200,23919,40149,44453,32868,42227,11061,21043,3,0,796,1000,2055,3416,2655,5377,3691,7834,5349,7259,5241,5183,10094,13607,10516,19933,198902,89509,27979,12754,98549,1680,48,28,18
2021-05-03T23:59:59+02:00,10,4,3680,3925,8691,11074,10231,14607,13217,20284,19475,23269,39882,44201,32789,42123,11058,21028,3,0,782,970,1987,3315,2596,5269,3630,7719,5297,7172,5225,5170,10078,13589,10513,19928,193038,89363,27967,12743,98484,1088,31,28,18
2021-05-02T23:59:59+02:00,10,4,3678,3923,8670,11065,10221,14597,13195,20272,19457,23257,39878,44198,32788,42122,11057,21028,3,0,778,952,1956,3234,2549,5173,3583,7594,5277,7107,5221,5166,10077,13585,10513,19926,192938,89343,27954,12711,98475,598,25,28,17
2021-05-01T23:59:59+02:00,10,4,3675,3916,8657,11051,10212,14586,13187,20269,19443,23249,39878,44195,32787,42122,11057,21028,3,0,776,952,1954,3234,2548,5173,3583,7594,5277,7107,5221,5166,10077,13585,10512,19926,192847,89341,27952,12708,98475,598,24,28,17
2021-04-30T23:59:59+02:00,10,3,3652,3891,8613,11016,10168,14546,13125,20229,19341,23096,39609,43871,32766,42101,11056,21028,3,0,771,946,1939,3226,2547,5165,3579,7587,5275,7100,5218,5163,10073,13584,10512,19926,191919,89314,27682,12705,98469,556,23,28,16
2021-04-29T23:59:59+02:00,10,3,3384,3716,8177,10746,9619,14260,12625,19864,18603,22365,36544,40419,32503,41735,11045,20992,3,0,758,932,1889,3165,2497,5099,3513,7446,5184,7000,5177,5128,10050,13541,10510,19920,186352,89105,21850,12549,98361,123,20,27,15
2021-04-28T23:59:59+02:00,10,3,3217,3650,7909,10636,9223,14086,12244,19629,18118,21930,32757,36103,32285,41434,11032,20970,3,0,741,915,1862,3126,2452,5050,3475,7389,5118,6936,5111,5066,9998,13482,10507,19910,175182,88889,21697,12108,98315,115,15,27,14
2021-04-27T23:59:59+02:00,9,3,3137,3584,7646,10507,8870,13912,11758,19404,17636,21438,27185,29910,31909,40928,11011,20937,3,0,731,901,1830,3090,2415,5004,3421,7330,5063,6860,5061,4996,9962,13429,10503,19901,159818,88675,21675,11685,98249,112,15,27,13
2021-04-26T23:59:59+02:00,9,3,3080,3547,7502,10442,8702,13851,11528,19338,17111,21050,27148,29876,31895,40913,11011,20937,3,0,708,869,1760,3031,2347,4948,3353,7237,4965,6754,4961,4921,9883,13345,10501,19898,159228,88540,21457,10806,97217,111,15,26,12
2021-04-25T23:59:59+02:00,9,3,3043,3530,7342,10391,8465,13801,11195,19294,16278,20581,25594,28211,31841,40849,11011,20934,3,0,708,868,1754,3026,2339,4945,3347,7229,4961,6745,4957,4916,9875,13334,10501,19898,158741,88516,21448,10768,92142,95,15,26,12
2021-04-24T23:59:59+02:00,9,3,3039,3523,7327,10376,8453,13792,11180,19284,16255,20563,25548,28148,31838,40843,11010,20933,3,0,708,868,1754,3025,2339,4945,3345,7229,4961,6745,4957,4914,9873,13333,10501,19898,158525,88508,21444,10768,92114,95,15,26,12
2021-04-23T23:59:59+02:00,9,3,3021,3505,7286,10332,8406,13751,11112,19224,16193,20498,25126,27644,31805,40787,11007,20930,3,0,698,860,1736,3016,2323,4915,3293,7190,4861,6647,4817,4791,9701,13134,10495,19883,157332,88213,21307,10030,91959,94,15,26,11
2021-04-22T23:59:59+02:00,8,3,2940,3426,7093,10147,7867,13343,9899,18426,14637,19448,23108,25211,31592,40519,10988,20900,3,0,633,810,1623,2903,2196,4749,3133,7017,4676,6446,4660,4617,9188,12476,10458,19804,152514,86291,16007,9000,90996,75,15,23,11
2021-04-21T23:59:59+02:00,8,3,2888,3378,6968,10059,7655,13187,9530,18185,14164,19000,20590,22070,31290,40130,10969,20874,3,0,583,785,1544,2824,2109,4657,3006,6874,4513,6282,4476,4437,8616,11708,10412,19711,145494,84486,15231,7961,90185,67,15,23,11
2021-04-20T23:59:59+02:00,8,3,2848,3339,6861,9969,7516,13074,9278,17965,13671,18608,17198,18004,30975,39654,10952,20839,3,0,553,749,1471,2760,2022,4577,2903,6752,4378,6120,4287,4241,7746,10488,10342,19560,136629,81542,14984,7324,89111,62,15,23,9
2021-04-19T23:59:59+02:00,8,3,2833,3330,6813,9928,7463,13038,9202,17892,13532,18490,16861,17621,30941,39618,10950,20834,3,0,494,709,1348,2664,1922,4479,2768,6594,4180,5929,4032,3940,5886,8039,10123,19154,136300,75647,14788,6536,88231,58,15,23,8
2021-04-18T23:59:59+02:00,8,3,2817,3316,6736,9902,7358,12986,9004,17826,12692,18360,15447,16212,30873,39555,10946,20827,3,0,488,703,1337,2656,1907,4468,2735,6565,4119,5878,3956,3869,5470,7404,10075,19070,136077,74139,14645,6487,84108,54,15,23,8
2021-04-17T23:59:59+02:00,8,3,2806,3311,6717,9879,7327,12965,8972,17787,12659,18340,15395,16162,30820,39485,10945,20827,3,0,488,700,1337,2654,1906,4464,2731,6560,4116,5874,3954,3866,5465,7403,10074,19069,135721,74102,14641,6485,84008,54,15,23,8
2021-04-16T23:59:59+02:00,8,3,2793,3297,6684,9864,7273,12923,8897,17735,12551,18236,15146,15880,30301,38836,10942,20819,3,0,487,697,1332,2650,1897,4460,2725,6554,4108,5865,3948,3860,5448,7374,10072,19067,134186,74000,14633,6472,83332,52,15,22,8
2021-04-15T23:59:59+02:00,8,3,2740,3242,6552,9767,7083,12745,8553,17462,12076,17769,14086,14655,28178,36024,10923,20796,3,0,478,691,1328,2624,1883,4436,2702,6524,4066,5813,3890,3785,5415,7320,10064,19054,128254,73677,14358,6335,80014,42,14,22,8
2021-04-14T23:59:59+02:00,7,1,2684,3190,6457,9672,6937,12585,8280,17194,11642,17309,12904,13269,23458,29942,10902,20740,3,0,474,684,1314,2614,1870,4417,2680,6499,4024,5775,3842,3732,5352,7264,10033,19016,115849,73371,14323,6179,76966,22,14,21,7
2021-04-13T23:59:59+02:00,7,1,2633,3154,6329,9587,6784,12450,8002,16943,11215,16884,10239,10341,20369,25765,10878,20696,3,0,457,660,1267,2570,1818,4354,2573,6399,3842,5612,3630,3547,5200,7125,10024,18993,107394,73021,14130,5014,70718,18,14,21,7
2021-04-12T23:59:59+02:00,7,1,2612,3140,6269,9558,6677,12364,7809,16814,10966,16673,8875,8847,19546,24791,10876,20687,3,0,451,652,1248,2552,1801,4329,2539,6360,3792,5560,3566,3499,5165,7084,10019,18971,107263,72881,14075,4673,65139,16,14,21,7
2021-04-11T23:59:59+02:00,7,1,2584,3129,6171,9532,6561,12327,7644,16763,10763,16568,7600,7570,17815,22812,10874,20684,3,0,450,652,1247,2550,1801,4328,2539,6360,3788,5555,3561,3498,5159,7082,10019,18971,107187,72868,14068,4661,58116,14,13,21,7
2021-04-10T23:59:59+02:00,7,1,2582,3127,6161,9527,6552,12322,7638,16758,10756,16560,7591,7558,17805,22805,10874,20684,3,0,450,648,1244,2546,1800,4325,2537,6356,3784,5554,3552,3484,5151,7067,10019,18971,107100,72804,14068,4654,58107,14,12,21,7
2021-04-09T23:59:59+02:00,7,1,2520,3028,6025,9320,6397,12060,7383,16352,10443,16064,7432,7350,17686,22626,10873,20682,3,0,445,643,1226,2533,1774,4307,2505,6305,3705,5472,3433,3374,5008,6969,10014,18969,106620,72713,14038,3941,55558,12,12,21,7
2021-04-08T23:59:59+02:00,7,1,2441,2957,5929,9200,6293,11930,7211,16168,10187,15876,7234,7089,16419,21165,10863,20651,3,0,437,637,1210,2499,1748,4270,2476,6233,3650,5406,3355,3327,4927,6864,9992,18923,102957,72258,13685,3670,54947,11,11,21,7
2021-04-07T23:59:59+02:00,7,1,2413,2921,5856,9128,6200,11856,7078,16066,9944,15724,6936,6762,14091,18211,10842,20604,3,0,431,635,1199,2486,1735,4246,2462,6193,3582,5347,3282,3273,4868,6802,9983,18893,96780,71970,13524,3422,54306,10,11,19,7
2021-04-06T23:59:59+02:00,7,1,2396,2891,5756,9061,6110,11776,6924,15953,9701,15542,6580,6400,11978,15588,10815,20545,3,0,427,628,1190,2458,1724,4223,2436,6155,3517,5283,3196,3224,4822,6750,9977,18875,91718,71723,13224,3140,53054,10,9,19,6
2021-04-05T23:59:59+02:00,7,1,2388,2880,5736,9044,6099,11757,6908,15933,9681,15515,6454,6300,10700,14290,10814,20544,3,0,423,620,1186,2443,1718,4207,2420,6123,3484,5242,3167,3185,4801,6705,9970,18857,91633,71528,13186,3003,50206,9,8,18,6
2021-04-04T23:59:59+02:00,7,1,2388,2879,5733,9040,6097,11757,6906,15933,9679,15514,6449,6295,10700,14288,10814,20544,3,0,423,619,1186,2442,1718,4207,2419,6123,3484,5242,3166,3185,4798,6705,9969,18855,91623,71519,13183,3002,50193,9,8,17,6
2021-04-03T23:59:59+02:00,7,1,2384,2872,5726,9032,6091,11752,6901,15929,9676,15511,6446,6290,10693,14285,10814,20544,3,0,423,619,1186,2442,1718,4207,2419,6123,3484,5241,3166,3185,4798,6705,9969,18855,91563,71518,13180,3002,50186,9,8,17,6
2021-04-02T23:59:59+02:00,7,1,2382,2870,5721,9025,6088,11749,6896,15928,9671,15508,6442,6283,10678,14256,10813,20543,3,0,420,617,1185,2442,1717,4206,2417,6123,3483,5234,3141,3168,4788,6696,9969,18855,91475,71440,13177,3001,50185,9,8,16,6
2021-04-01T23:59:59+02:00,7,1,2361,2867,5691,8995,6045,11706,6855,15873,9615,15452,6348,6186,10380,13907,10790,20494,3,0,418,601,1182,2436,1710,4195,2401,6106,3456,5213,3073,3117,4725,6619,9891,18737,90483,70863,13154,2998,49913,9,7,16,6
2021-03-31T23:59:59+02:00,7,1,2327,2840,5616,8927,5976,11611,6753,15761,9481,15319,6205,6043,9828,13157,10743,20400,3,0,412,595,1176,2424,1703,4179,2394,6093,3436,5179,3041,3084,4675,6561,9833,18635,88490,70409,12939,2996,49546,9,4,16,5
2021-03-30T23:59:59+02:00,7,1,2307,2822,5569,8868,5913,11535,6679,15662,9384,15175,6017,5827,8913,11809,10665,20217,3,0,410,590,1172,2420,1690,4162,2375,6071,3402,5135,2983,3015,4583,6463,9701,18393,85390,69699,12557,2854,49406,9,3,14,3
2021-03-29T23:59:59+02:00,6,1,2240,2767,5466,8755,5803,11386,6511,15432,9148,14920,5656,5452,6959,9273,10439,19787,3,0,402,587,1161,2409,1676,4150,2349,6044,3372,5079,2913,2947,4460,6357,9493,18053,79263,68726,11749,2714,48973,9,3,13,3
2021-03-28T23:59:59+02:00,6,1,2218,2754,5422,8694,5728,11308,6423,15346,9030,14800,5530,5299,6310,8333,10372,19669,3,0,392,579,1145,2393,1649,4123,2302,5983,3316,4989,2829,2867,4344,6211,9417,17912,76946,68257,11490,2188,48791,5,3,13,1
2021-03-27T23:59:59+01:00,6,1,2217,2747,5413,8688,5724,11293,6408,15324,9019,14787,5502,5272,6299,8330,10372,19667,3,0,392,579,1143,2392,1648,4118,2298,5980,3307,4982,2823,2864,4328,6186,9335,17763,76837,67945,11490,2187,48726,5,3,13,1
2021-03-26T23:59:59+01:00,6,1,2200,2726,5376,8650,5685,11242,6330,15253,8869,14637,5335,5122,6128,8148,10369,19658,3,0,388,571,1135,2379,1632,4089,2270,5944,3273,4928,2762,2800,4139,5926,8616,16564,76489,65261,10650,2149,48582,5,3,11,1
2021-03-25T23:59:59+01:00,6,0,2083,2646,5198,8434,5483,10965,6124,14950,8627,14348,5171,4969,6031,8026,10366,19650,3,0,379,556,1115,2353,1609,4059,2224,5886,3198,4849,2663,2693,3761,5430,7452,14791,76028,61085,9695,1929,47341,4,2,11,1
2021-03-24T23:59:59+01:00,6,0,1999,2598,5047,8273,5321,10771,5958,14711,8420,14117,5030,4810,5916,7908,10360,19639,3,0,375,544,1102,2325,1576,4004,2165,5820,3109,4748,2526,2579,3327,4808,6026,12526,75644,55978,8531,1578,46696,4,2,11,1
2021-03-23T23:59:59+01:00,6,0,1923,2546,4934,8150,5220,10628,5836,14520,8301,13948,4947,4724,5848,7848,10353,19620,3,0,364,518,1082,2290,1543,3946,2121,5730,3027,4656,2437,2485,2874,4163,4070,9237,75248,49111,7777,1429,46314,3,2,11,1
2021-03-22T23:59:59+01:00,6,0,1861,2482,4796,8015,5084,10451,5675,14288,8109,13735,4839,4609,5778,7740,10336,19580,2,0,337,501,1054,2252,1498,3872,2055,5619,2925,4504,2320,2332,2340,3462,1467,4967,74744,40315,6739,1188,45889,1,2,10,1
2021-03-21T23:59:59+01:00,6,0,1859,2476,4785,8002,5069,10440,5659,14270,8079,13710,4817,4594,5761,7727,10331,19579,2,0,336,501,1049,2238,1489,3843,2037,5581,2899,4454,2279,2283,2298,3421,1450,4921,74719,40173,6686,904,45747,1,2,10,1
2021-03-20T23:59:59+01:00,6,0,1859,2476,4783,8001,5068,10438,5658,14269,8071,13704,4815,4591,5753,7718,10331,19579,2,0,336,500,1049,2238,1489,3843,2037,5581,2897,4453,2278,2280,2298,3421,1449,4921,74704,40169,6684,899,45720,1,2,10,1
2021-03-19T23:59:59+01:00,6,0,1805,2232,4275,6720,4661,9455,5388,13709,7849,13301,4688,4491,5682,7651,10330,19579,2,0,335,500,1049,2238,1489,3842,2036,5580,2896,4453,2276,2279,2292,3414,1447,4918,74640,40150,6670,892,40500,1,2,10,1
2021-03-18T23:59:59+01:00,6,0,1749,1978,3859,5663,4132,8078,4572,11168,6488,9965,4318,4189,5475,7427,10309,19540,2,0,334,497,1042,2225,1480,3817,2009,5542,2871,4429,2255,2263,2267,3385,1442,4909,74200,39957,6606,808,28099,1,2,9,1
2021-03-17T23:59:59+01:00,6,0,1743,1969,3847,5636,4115,8048,4548,11102,6437,9890,4278,4142,5431,7381,10301,19512,1,0,331,496,1038,2217,1474,3808,2002,5527,2861,4402,2228,2234,2245,3370,1435,4893,73929,39799,6540,759,27906,1,2,9,1
2021-03-16T23:59:59+01:00,6,0,1718,1936,3787,5553,4044,7942,4421,10940,6229,9692,4053,3952,5288,7222,10294,19488,1,0,328,492,1037,2198,1469,3795,1993,5511,2852,4382,2218,2219,2232,3340,1426,4862,73614,39622,5261,729,27679,1,2,9,1
2021-03-15T23:59:59+01:00,6,0,1708,1915,3763,5516,4018,7904,4370,10871,6149,9606,3966,3885,5231,7160,10285,19461,1,0,325,488,1028,2182,1461,3789,1977,5475,2834,4354,2203,2187,2207,3275,1415,4823,73379,39401,4893,621,27533,1,0,9,1
2021-03-14T23:59:59+01:00,6,0,1702,1905,3755,5506,4013,7887,4361,10840,6140,9583,3958,3874,5225,7152,10284,19459,1,0,325,488,1026,2182,1456,3786,1974,5473,2816,4348,2197,2184,2196,3264,1410,4821,73343,39393,4876,552,27422,1,0,9,1
2021-03-13T23:59:59+01:00,6,0,1698,1899,3740,5482,4006,7876,4341,10829,6125,9567,3955,3871,5222,7149,10284,19459,1,0,325,488,1026,2182,1456,3786,1974,5472,2816,4347,2196,2183,2196,3262,1401,4814,73316,39371,4871,552,27313,1,0,9,1
2021-03-12T23:59:59+01:00,5,0,1660,1841,3232,5336,3490,7759,4207,10704,5899,9275,3785,3724,5078,7035,10258,19410,1,0,320,466,1022,2152,1448,3761,1954,5401,2763,4262,2016,2028,2136,3212,1394,4808,73092,38599,4135,544,25462,0,0,9,1
2021-03-11T23:59:59+01:00,5,0,1554,1702,2850,5075,3050,7501,3926,10290,5266,8382,3555,3549,4969,6913,10218,19354,1,0,318,465,1019,2139,1445,3741,1947,5382,2754,4245,2009,2020,2121,3195,1388,4787,72505,38471,3868,504,21779,0,0,7,1
2021-03-10T23:59:59+01:00,5,0,1522,1668,2810,5030,3012,7442,3870,10202,5156,8265,3429,3443,4851,6798,10170,19287,1,0,316,464,1018,2136,1441,3730,1943,5368,2742,4224,1990,2012,2094,3162,1378,4772,72085,38383,3535,407,21333,0,0,7,1
2021-03-09T23:59:59+01:00,5,0,1512,1652,2773,5001,2990,7398,3831,10142,5074,8186,3328,3355,4767,6709,10061,19075,1,0,313,463,1014,2127,1434,3717,1917,5346,2700,4194,1947,1987,2040,3133,1366,4762,71475,38350,3264,110,21114,0,0,6,1
2021-03-08T23:59:59+01:00,5,0,1496,1637,2744,4972,2961,7367,3807,10094,5050,8124,3286,3315,4690,6647,9880,18771,1,0,312,463,1012,2123,1426,3701,1900,5313,2681,4166,1928,1968,2013,3110,1359,4743,70669,38200,3256,18,20915,0,0,6,1
2021-03-07T23:59:59+01:00,5,0,1483,1626,2714,4929,2926,7319,3771,10033,5008,8065,3252,3281,4624,6545,9802,18625,1,0,312,462,1011,2122,1425,3695,1897,5303,2680,4161,1924,1965,2009,3106,1355,4734,70128,38145,3202,16,20673,0,0,5,1
2021-03-06T23:59:59+01:00,5,0,1482,1625,2709,4917,2923,7310,3763,10026,4990,8049,3242,3271,4601,6506,9711,18453,1,0,312,462,1009,2119,1425,3693,1891,5294,2678,4159,1919,1957,2003,3104,1354,4731,69732,38095,3202,16,20644,0,0,5,0
2021-03-05T23:59:59+01:00,5,0,1409,1549,2610,4756,2866,7152,3678,9819,4890,7853,3192,3211,4381,6216,8990,17243,1,0,312,462,1007,2117,1421,3688,1889,5293,2675,4153,1911,1953,1998,3101,1349,4727,67039,38041,3199,16,19577,0,0,5,0
2021-03-04T23:59:59+01:00,5,0,1235,1442,2444,4556,2697,6881,3510,9475,4632,7511,3075,3085,4016,5757,7795,15399,1,0,310,454,998,2093,1405,3648,1861,5240,2647,4105,1883,1928,1965,3046,1321,4681,62773,37570,3196,16,17541,0,0,5,0
2021-03-03T23:59:59+01:00,5,0,1201,1389,2368,4448,2636,6758,3424,9308,4534,7367,2988,3015,3633,5151,6375,13167,1,0,306,445,987,2070,1393,3620,1847,5190,2592,4050,1833,1892,1937,3013,1305,4650,57626,37115,3168,16,16969,0,0,4,0
2021-03-02T23:59:59+01:00,5,0,1168,1350,2307,4389,2587,6666,3342,9184,4397,7218,2873,2890,3145,4480,4325,9757,1,0,301,435,982,2043,1380,3578,1832,5135,2560,4023,1823,1876,1917,2985,1291,4622,50478,36768,2917,16,16685,0,0,3,0
2021-03-01T23:59:59+01:00,5,0,1108,1321,2245,4328,2513,6578,3247,9055,4255,7030,2739,2754,2569,3731,1546,5207,1,0,300,432,975,2031,1369,3560,1824,5120,2547,4007,1805,1865,1901,2965,1280,4593,41252,36559,2526,16,16450,0,0,3,0
2021-02-28T23:59:59+01:00,5,0,1072,1306,2204,4292,2483,6533,3199,8998,4193,6972,2674,2706,2520,3700,1538,5187,1,0,300,431,972,2024,1367,3547,1821,5106,2541,3998,1798,1854,1888,2953,1272,4578,41156,36435,2232,16,16191,0,0,3,0
2021-02-27T23:59:59+01:00,5,0,1031,1224,2136,4051,2425,6299,3136,8700,4103,6719,2619,2649,2500,3676,1535,5187,1,0,300,431,971,2024,1367,3547,1821,5105,2540,3998,1798,1853,1886,2952,1272,4578,41048,36428,2231,16,14713,0,0,3,0
2021-02-26T23:59:59+01:00,4,0,865,974,1938,3662,2264,5638,2920,7782,3793,5927,2571,2595,2481,3660,1531,5184,1,0,300,431,971,2020,1365,3545,1819,5104,2538,3997,1798,1850,1879,2951,1270,4571,41029,36394,2142,16,10615,0,0,3,0
2021-02-25T23:59:59+01:00,4,0,532,817,1661,3462,2084,5333,2723,7385,3565,5626,2489,2515,2440,3599,1527,5169,1,0,291,410,946,1967,1334,3474,1787,5023,2509,3933,1773,1822,1839,2905,1241,4531,40833,35773,1880,13,8216,0,0,2,0
2021-02-24T23:59:59+01:00,3,0,511,798,1626,3364,2020,5201,2663,7203,3498,5485,2421,2468,2403,3570,1517,5133,1,0,282,405,930,1936,1320,3420,1774,4962,2485,3888,1762,1804,1830,2886,1229,4500,40638,35410,1709,4,7535,0,0,2,0
2021-02-23T23:59:59+01:00,3,0,490,760,1566,3260,1965,5060,2585,7072,3413,5380,2360,2410,2364,3511,1502,5098,1,0,280,401,925,1920,1313,3390,1765,4930,2464,3855,1742,1784,1810,2850,1213,4444,40481,35084,1435,3,6881,0,0,2,0
2021-02-22T23:59:59+01:00,2,0,474,729,1512,3160,1925,4920,2526,6853,3352,5235,2349,2311,2348,3431,1496,5053,1,0,279,398,922,1908,1305,3363,1747,4894,2449,3824,1722,1765,1782,2819,1198,4395,40264,34770,1169,1,6241,0,0,2,0
2021-02-21T23:59:59+01:00,2,0,465,690,1453,3016,1877,4770,2474,6693,3269,5132,2313,2278,2320,3411,1486,5047,1,0,279,397,919,1900,1304,3354,1742,4883,2445,3815,1720,1763,1781,2817,1198,4394,40220,34711,936,1,5538,0,0,2,0
2021-02-20T23:59:59+01:00,2,0,459,684,1444,3012,1872,4770,2471,6690,3264,5128,2310,2277,2320,3410,1484,5046,1,0,279,397,919,1899,1304,3353,1742,4883,2443,3814,1719,1762,1778,2817,1197,4392,40214,34698,931,1,5496,0,0,2,0
2021-02-19T23:59:59+01:00,1,0,436,647,1415,2950,1844,4713,2430,6590,3177,5010,2129,2114,2256,3361,1479,5040,1,0,277,396,918,1897,1303,3352,1742,4878,2440,3813,1718,1761,1776,2816,1197,4391,39460,34675,911,1,5219,0,0,2,0
2021-02-18T23:59:59+01:00,1,0,408,590,1310,2709,1740,4470,2293,6328,3073,4829,2100,2098,2240,3344,1474,5029,1,0,277,390,911,1864,1294,3312,1724,4830,2421,3775,1707,1749,1759,2804,1185,4371,39381,34373,837,1,3816,0,0,2,0
2021-02-17T23:59:59+01:00,1,0,391,558,1272,2578,1683,4295,2223,6087,3013,4680,2081,2079,2216,3324,1460,5019,1,0,266,373,875,1777,1250,3183,1664,4671,2346,3640,1628,1679,1682,2690,1131,4250,39226,33106,786,0,2946,0,0,2,0
2021-02-16T23:59:59+01:00,1,0,373,528,1219,2458,1633,4161,2144,5902,2932,4544,2072,2074,2208,3317,1454,5006,1,0,258,356,854,1695,1195,3045,1601,4468,2273,3461,1577,1624,1618,2587,1099,4113,39162,31825,755,0,2107,0,0,2,0
2021-02-15T23:59:59+01:00,1,0,363,506,1148,2318,1588,4086,2112,5849,2904,4503,2053,2058,2183,3286,1446,4985,1,0,252,337,830,1650,1163,2969,1545,4329,2200,3341,1500,1558,1560,2474,1052,3923,39055,30684,640,0,1692,0,0,2,0
2021-02-14T23:59:59+01:00,1,0,354,500,1124,2263,1525,3925,2071,5756,2873,4464,2047,2055,2171,3276,1443,4978,1,0,246,332,812,1621,1147,2929,1503,4277,2162,3311,1484,1537,1535,2437,1035,3877,39036,30246,571,0,1217,0,0,2,0
2021-02-13T23:59:59+01:00,1,0,354,500,1123,2263,1525,3924,2069,5755,2873,4464,2046,2053,2170,3276,1442,4975,1,0,246,332,811,1621,1147,2929,1502,4275,2162,3311,1482,1534,1534,2436,1035,3876,39025,30234,571,0,1216,0,0,1,0
2021-02-12T23:59:59+01:00,1,0,346,496,1105,2255,1520,3911,2064,5747,2870,4458,2032,2043,2164,3263,1437,4972,1,0,244,331,805,1616,1141,2920,1486,4257,2144,3298,1469,1518,1519,2404,1028,3839,38959,30020,563,0,1161,0,0,1,0
2021-02-11T23:59:59+01:00,1,0,323,472,1041,2159,1467,3784,1970,5483,2785,4339,2001,2010,2124,3195,1407,4914,1,0,223,303,754,1511,1061,2696,1360,3900,1955,2992,1280,1305,1345,2124,913,3467,38560,27190,526,0,388,0,0,1,0
2021-02-10T23:59:59+01:00,1,0,317,463,1020,2120,1428,3706,1916,5321,2691,4159,1930,1960,2076,3153,1385,4888,1,0,198,260,661,1323,932,2307,1174,3297,1712,2572,1117,1126,1193,1873,793,3093,38145,23632,386,0,2,0,0,1,0
2021-02-09T23:59:59+01:00,1,0,311,451,1012,2089,1413,3654,1872,5255,2625,4104,1872,1920,2004,3098,1364,4866,1,0,165,200,560,1062,782,1860,967,2684,1442,2158,965,965,994,1582,669,2641,37843,19697,65,0,2,0,0,1,0
2021-02-08T23:59:59+01:00,1,0,309,449,1009,2082,1402,3638,1864,5232,2605,4087,1858,1909,1985,3081,1358,4841,1,0,116,165,459,847,618,1441,768,2035,1163,1670,773,789,792,1246,532,2158,37687,15573,20,0,2,0,0,1,0
2021-02-07T23:59:59+01:00,1,0,309,449,1007,2081,1401,3633,1861,5229,2598,4084,1852,1900,1969,3073,1354,4833,1,0,106,146,410,703,544,1266,688,1819,1066,1522,696,708,709,1122,455,1914,37616,13875,17,0,0,0,0,1,0
2021-02-06T23:59:59+01:00,1,0,309,449,1006,2080,1401,3630,1861,5227,2598,4081,1852,1899,1964,3071,1351,4831,1,0,105,145,405,700,539,1242,672,1800,1055,1501,693,704,704,1118,454,1910,37593,13748,17,0,0,0,0,1,0
2021-02-05T23:59:59+01:00,1,0,309,448,1004,2076,1397,3621,1857,5213,2592,4075,1851,1898,1956,3062,1341,4817,1,0,101,137,389,682,522,1212,640,1748,1005,1438,656,653,655,1044,427,1816,37500,13126,17,0,0,0,0,1,0
2021-02-04T23:59:59+01:00,1,0,301,431,993,2044,1378,3567,1837,5136,2577,4027,1835,1877,1929,3027,1321,4784,1,0,77,106,288,461,363,819,456,1186,693,979,510,478,507,825,339,1454,37047,9542,17,0,0,0,0,1,0
2021-02-03T23:59:59+01:00,1,0,297,422,974,2018,1362,3529,1823,5087,2543,3984,1815,1854,1914,3003,1307,4768,1,0,60,82,243,393,293,641,347,925,533,729,341,333,369,585,247,1067,36683,7189,17,0,0,0,0,1,0
2021-02-02T23:59:59+01:00,1,0,292,415,968,1989,1354,3496,1812,5040,2520,3949,1797,1838,1886,2961,1285,4717,0,0,40,63,186,310,245,488,265,741,385,560,237,216,235,390,167,703,36302,5231,17,0,0,0,0,1,0
2021-02-01T23:59:59+01:00,1,0,291,413,963,1981,1351,3481,1804,5019,2511,3930,1789,1827,1872,2946,1281,4702,0,0,20,39,137,224,169,313,169,492,241,323,119,109,102,189,78,314,36144,3038,17,0,0,0,0,1,0
2021-01-31T23:59:59+01:00,1,0,290,412,961,1973,1348,3472,1801,5000,2507,3916,1785,1819,1868,2938,1278,4692,0,0,19,34,119,196,151,271,152,411,203,278,100,95,94,161,70,274,36043,2628,17,0,0,0,0,1,0
2021-01-30T23:59:59+01:00,1,0,290,412,961,1973,1348,3472,1801,5000,2507,3916,1784,1819,1868,2937,1278,4691,0,0,19,34,118,196,151,268,149,408,202,278,99,94,94,161,70,274,36040,2615,17,0,0,0,0,1,0
2021-01-29T23:59:59+01:00,1,0,288,409,960,1971,1347,3464,1795,4991,2504,3913,1778,1812,1859,2925,1271,4669,0,0,17,33,116,186,142,260,137,380,170,251,72,70,84,139,63,238,35939,2358,17,0,0,0,0,1,0
2021-01-28T23:59:59+01:00,1,0,285,400,941,1916,1323,3400,1770,4929,2476,3850,1756,1790,1827,2894,1252,4633,0,0,1,0,11,20,8,20,11,45,8,22,6,4,7,10,3,15,35427,191,15,0,0,0,0,1,0
2021-01-27T23:59:59+01:00,1,0,279,382,908,1835,1287,3286,1709,4806,2416,3750,1699,1741,1782,2825,1212,4545,0,0,1,0,6,6,5,12,7,19,4,12,4,4,7,10,3,14,34451,114,11,0,0,0,0,1,0
2021-01-26T23:59:59+01:00,1,0,274,372,898,1820,1273,3246,1691,4750,2385,3683,1666,1708,1743,2752,1194,4453,0,0,1,0,6,6,5,12,7,19,4,12,4,4,7,10,3,14,33901,114,7,0,0,0,0,1,0
2021-01-25T23:59:59+01:00,1,0,263,348,857,1701,1203,3082,1600,4479,2279,3475,1605,1655,1686,2664,1144,4266,0,0,1,0,2,3,1,4,4,2,4,5,4,4,6,9,2,14,32304,65,3,0,0,0,0,1,0
2021-01-24T23:59:59+01:00,1,0,259,345,846,1681,1193,3059,1569,4446,2253,3454,1594,1646,1674,2652,1138,4258,0,0,1,0,2,2,1,4,4,2,4,5,4,4,6,9,2,14,32064,64,3,0,0,0,0,1,0
2021-01-23T23:59:59+01:00,1,0,259,345,845,1681,1192,3058,1569,4442,2252,3453,1593,1646,1673,2651,1137,4253,0,0,1,0,2,2,1,4,4,2,4,5,4,4,6,9,2,14,32046,64,3,0,0,0,0,1,0
2021-01-22T23:59:59+01:00,1,0,258,343,838,1678,1188,3053,1566,4435,2239,3448,1581,1634,1667,2632,1131,4231,0,0,1,0,2,2,1,4,4,2,4,5,4,4,6,9,2,14,31920,64,3,0,0,0,0,0,0
2021-01-21T23:59:59+01:00,1,0,246,332,811,1610,1163,2926,1510,4273,2159,3313,1482,1530,1530,2464,1046,4040,0,0,1,0,1,2,1,4,4,2,4,5,4,3,5,9,1,14,30433,60,3,0,0,0,0,0,0
2021-01-20T23:59:59+01:00,1,0,224,291,737,1455,1071,2608,1377,3814,1986,2958,1359,1382,1406,2266,968,3799,0,0,1,0,1,2,1,4,4,2,3,5,4,3,5,9,1,14,27700,59,2,0,0,0,0,0,0
2021-01-19T23:59:59+01:00,1,0,193,234,635,1207,926,2163,1154,3197,1697,2527,1174,1178,1170,1922,806,3227,0,0,1,0,1,1,1,2,4,1,2,5,4,3,5,9,1,14,23409,54,2,0,0,0,0,0,0
2021-01-18T23:59:59+01:00,1,0,137,185,502,947,714,1647,886,2327,1320,1915,912,946,935,1516,630,2576,0,0,0,0,0,0,0,0,0,0,1,2,2,1,0,0,0,0,18095,6,1,0,0,0,0,0,0
2021-01-17T23:59:59+01:00,1,0,123,160,443,776,629,1424,784,2074,1205,1724,845,867,851,1378,556,2356,0,0,0,0,0,0,0,0,0,0,0,1,0,0,0,0,0,0,16196,1,0,0,0,0,0,0,0
2021-01-16T23:59:59+01:00,1,0,122,159,439,775,627,1416,774,2070,1196,1718,843,862,846,1367,548,2340,0,0,0,0,0,0,0,0,0,0,0,0,0,0,0,0,0,0,16103,0,0,0,0,0,0,0,0
2021-01-15T23:59:59+01:00,1,0,111,152,426,754,600,1377,742,1992,1134,1636,799,808,799,1278,517,2215,0,0,0,0,0,0,0,0,0,0,0,0,0,0,0,0,0,0,15341,0,0,0,0,0,0,0,0
2021-01-14T23:59:59+01:00,1,0,78,113,305,488,399,891,512,1285,776,1074,584,560,580,943,399,1686,0,0,0,0,0,0,0,0,0,0,0,0,0,0,0,0,0,0,10674,0,0,0,0,0,0,0,0
2021-01-13T23:59:59+01:00,1,0,60,86,255,410,323,675,379,982,569,764,368,357,394,638,284,1176,0,0,0,0,0,0,0,0,0,0,0,0,0,0,0,0,0,0,7721,0,0,0,0,0,0,0,0
2021-01-12T23:59:59+01:00,0,0,49,70,207,350,259,548,279,809,414,599,248,228,245,426,191,788,0,0,0,0,0,0,0,0,0,0,0,0,0,0,0,0,0,0,5710,0,0,0,0,0,0,0,0
2021-01-11T23:59:59+01:00,0,0,33,51,179,300,212,445,220,649,304,422,151,131,140,259,106,452,0,0,0,0,0,0,0,0,0,0,0,0,0,0,0,0,0,0,4054,0,0,0,0,0,0,0,0
2021-01-10T23:59:59+01:00,0,0,25,42,157,251,183,367,179,537,254,361,130,110,125,214,94,362,0,0,0,0,0,0,0,0,0,0,0,0,0,0,0,0,0,0,3391,0,0,0,0,0,0,0,0
2021-01-09T23:59:59+01:00,0,0,25,42,156,249,182,364,177,531,253,360,129,109,125,214,94,362,0,0,0,0,0,0,0,0,0,0,0,0,0,0,0,0,0,0,3372,0,0,0,0,0,0,0,0
2021-01-08T23:59:59+01:00,0,0,23,40,153,239,174,354,164,500,223,334,105,93,119,198,87,335,0,0,0,0,0,0,0,0,0,0,0,0,0,0,0,0,0,0,3141,0,0,0,0,0,0,0,0
2021-01-07T23:59:59+01:00,0,0,2,0,6,10,8,15,10,7,18,11,10,11,14,21,3,35,0,0,0,0,0,0,0,0,0,0,0,0,0,0,0,0,0,0,181,0,0,0,0,0,0,0,0
2021-01-06T23:59:59+01:00,0,0,1,0,3,4,1,7,5,2,4,6,6,4,7,10,1,16,0,0,0,0,0,0,0,0,0,0,0,0,0,0,0,0,0,0,77,0,0,0,0,0,0,0,0
2021-01-05T23:59:59+01:00,0,0,1,0,3,3,1,6,5,2,4,5,6,4,6,10,1,15,0,0,0,0,0,0,0,0,0,0,0,0,0,0,0,0,0,0,72,0,0,0,0,0,0,0,0
2021-01-04T23:59:59+01:00,0,0,1,0,2,3,1,5,4,2,4,5,6,4,5,9,1,15,0,0,0,0,0,0,0,0,0,0,0,0,0,0,0,0,0,0,67,0,0,0,0,0,0,0,0
2021-01-03T23:59:59+01:00,0,0,1,0,2,2,1,5,4,2,4,5,5,4,5,9,1,15,0,0,0,0,0,0,0,0,0,0,0,0,0,0,0,0,0,0,65,0,0,0,0,0,0,0,0
2021-01-02T23:59:59+01:00,0,0,1,0,2,2,1,5,4,2,4,5,5,4,5,9,1,15,0,0,0,0,0,0,0,0,0,0,0,0,0,0,0,0,0,0,65,0,0,0,0,0,0,0,0
2021-01-01T23:59:59+01:00,0,0,1,0,2,2,1,4,4,2,4,5,5,4,5,9,1,15,0,0,0,0,0,0,0,0,0,0,0,0,0,0,0,0,0,0,64,0,0,0,0,0,0,0,0
2020-12-31T23:59:59+01:00,0,0,1,0,2,2,1,4,4,2,4,5,5,4,5,9,1,15,0,0,0,0,0,0,0,0,0,0,0,0,0,0,0,0,0,0,64,0,0,0,0,0,0,0,0
2020-12-30T23:59:59+01:00,0,0,1,0,2,2,1,4,4,2,3,5,5,4,5,9,1,15,0,0,0,0,0,0,0,0,0,0,0,0,0,0,0,0,0,0,63,0,0,0,0,0,0,0,0
2020-12-29T23:59:59+01:00,0,0,0,0,1,1,1,2,4,1,2,5,5,4,5,9,1,15,0,0,0,0,0,0,0,0,0,0,0,0,0,0,0,0,0,0,56,0,0,0,0,0,0,0,0
2020-12-28T23:59:59+01:00,0,0,0,0,1,1,1,1,2,0,1,5,4,1,1,0,0,2,0,0,0,0,0,0,0,0,0,0,0,0,0,0,0,0,0,0,20,0,0,0,0,0,0,0,0
2020-12-27T23:59:59+01:00,0,0,0,0,1,1,1,1,2,0,0,3,2,0,1,0,0,2,0,0,0,0,0,0,0,0,0,0,0,0,0,0,0,0,0,0,14,0,0,0,0,0,0,0,0
