Datum,<24_1_m,<24_1_w,25-34_1_m,25-34_1_w,35-44_1_m,35-44_1_w,45-54_1_m,45-54_1_w,55-64_1_m,55-64_1_w,65-74_1_m,65-74_1_w,75-84_1_m,75-84_1_w,>84_1_m,>84_1_w,<24_2_m,<24_2_w,25-34_2_m,25-34_2_w,35-44_2_m,35-44_2_w,45-54_2_m,45-54_2_w,55-64_2_m,55-64_2_w,65-74_2_m,65-74_2_w,75-84_2_m,75-84_2_w,>84_2_m,>84_2_w,bp_1,bp_2,mo_1,mo_2,az_1,az_2,ja
2021-05-02T23:59:59+02:00,3673,4484,8227,10675,9551,14500,13081,20251,20101,23683,37856,42450,30436,39949,8944,17730,807,1105,1832,3126,2404,5074,3472,7314,4916,6374,4603,4655,10737,15003,8405,16638,186065,85553,26017,10691,93507,219,2
2021-05-01T23:59:59+02:00,3669,4469,8213,10668,9544,14490,13072,20248,20090,23675,37856,42447,30436,39949,8944,17730,807,1105,1831,3126,2404,5074,3472,7314,4916,6374,4603,4655,10737,15003,8405,16638,185975,85553,26017,10691,93507,219,1
2021-04-30T23:59:59+02:00,3645,4440,8172,10641,9510,14466,13022,20216,19990,23502,37622,42188,30421,39932,8943,17730,801,1101,1823,3119,2402,5066,3471,7308,4914,6371,4601,4654,10736,15003,8405,16638,185185,85544,25750,10690,93504,178,1
2021-04-29T23:59:59+02:00,3409,4330,7787,10460,9043,14263,12550,19916,18821,22227,35299,39621,30239,39657,8935,17706,793,1091,1793,3096,2381,5053,3445,7259,4870,6335,4577,4624,10718,14974,8403,16633,180003,85380,20807,10533,93452,131,1
2021-04-28T23:59:59+02:00,3236,4259,7544,10353,8672,14092,12190,19688,18279,21699,31783,35615,30063,39430,8926,17687,776,1077,1769,3062,2342,5017,3414,7212,4809,6272,4519,4571,10674,14929,8402,16627,169449,85221,20657,10128,93409,122,1
2021-04-27T23:59:59+02:00,3135,4189,7291,10221,8340,13936,11692,19450,17748,21118,26503,29710,29771,39036,8909,17662,760,1063,1743,3025,2311,4970,3366,7159,4752,6197,4474,4510,10646,14880,8399,16621,154720,85041,20643,9714,93347,120,1
2021-04-26T23:59:59+02:00,3070,4151,7152,10163,8185,13875,11463,19391,17278,20754,26484,29683,29761,39028,8909,17662,736,1036,1688,2972,2250,4925,3306,7082,4670,6108,4387,4449,10593,14816,8398,16618,154154,84935,20448,8978,92406,120,1
2021-04-25T23:59:59+02:00,3026,4127,6991,10116,7950,13828,11134,19351,15663,19310,25937,29142,29718,38974,8909,17660,736,1034,1682,2970,2244,4922,3304,7077,4667,6099,4385,4446,10586,14808,8398,16618,153682,84922,20435,8940,87718,113,1
2021-04-24T23:59:59+02:00,3018,4119,6975,10103,7941,13821,11119,19341,15642,19293,25896,29079,29715,38969,8909,17660,736,1034,1682,2969,2243,4922,3304,7077,4667,6099,4385,4445,10585,14807,8398,16618,153478,84917,20432,8940,87689,113,1
2021-04-23T23:59:59+02:00,2996,4099,6941,10063,7898,13776,11051,19285,15578,19216,25488,28589,29684,38924,8907,17657,733,1031,1678,2965,2238,4913,3289,7068,4642,6071,4353,4409,10494,14677,8393,16606,152307,84638,20308,8808,87536,113,1
2021-04-22T23:59:59+02:00,2908,3999,6744,9893,7374,13357,9874,18487,14265,18312,23578,26235,29515,38723,8893,17633,661,970,1580,2866,2125,4777,3124,6905,4467,5886,4224,4250,10000,14052,8366,16546,147659,82816,15515,7918,86615,64,1
2021-04-21T23:59:59+02:00,2853,3952,6630,9817,7196,13227,9540,18261,13861,17879,21212,23268,29297,38447,8877,17613,610,942,1514,2789,2048,4693,3013,6772,4323,5742,4066,4107,9455,13304,8332,16475,141084,81048,15020,7079,85825,57,1
2021-04-20T23:59:59+02:00,2805,3912,6530,9735,7063,13115,9283,18041,13407,17436,17951,19386,29059,38067,8865,17582,575,909,1439,2720,1973,4614,2907,6650,4194,5594,3881,3902,8632,12153,8275,16351,132686,78265,14778,6451,84772,52,1
2021-04-19T23:59:59+02:00,2791,3904,6488,9697,7010,13083,9213,17971,13271,17307,17641,19031,29030,38038,8865,17577,500,865,1344,2626,1871,4521,2778,6490,4008,5421,3651,3618,6920,9841,8109,16020,132395,72804,14590,5729,83931,49,1
2021-04-18T23:59:59+02:00,2774,3890,6408,9672,6904,13036,9021,17907,12440,17157,16442,17775,28982,37994,8861,17571,495,860,1335,2618,1855,4515,2743,6464,3952,5371,3577,3552,6527,9232,8076,15957,132188,71396,14448,5686,80197,46,1
2021-04-17T23:59:59+02:00,2767,3888,6397,9659,6879,13014,8989,17878,12419,17138,16385,17726,28938,37929,8860,17571,495,858,1335,2616,1854,4512,2738,6458,3949,5366,3576,3551,6522,9232,8075,15956,131888,71360,14448,5686,80100,46,1
2021-04-16T23:59:59+02:00,2748,3874,6362,9642,6831,12977,8909,17819,12290,17015,16102,17402,28486,37347,8859,17566,495,855,1330,2611,1846,4510,2733,6452,3944,5357,3571,3545,6505,9205,8074,15954,130384,71267,14437,5676,79407,43,1
2021-04-15T23:59:59+02:00,2692,3810,6230,9537,6637,12797,8565,17547,11763,16463,14937,15994,26661,34948,8844,17548,488,845,1327,2592,1831,4486,2708,6425,3898,5302,3520,3473,6474,9154,8065,15941,124598,70958,14159,5536,76215,34,1
2021-04-14T23:59:59+02:00,2626,3755,6142,9441,6496,12640,8300,17290,11258,15952,13622,14392,22440,29450,8830,17507,485,838,1319,2585,1820,4468,2682,6404,3863,5260,3465,3429,6419,9096,8045,15916,112796,70693,14123,5384,73221,16,1
2021-04-13T23:59:59+02:00,2569,3712,6016,9356,6360,12510,8008,17046,10793,15493,10893,11272,19691,25742,8810,17473,475,813,1296,2549,1783,4424,2615,6328,3778,5160,3386,3353,6363,9040,8038,15902,104619,70370,13926,4920,67198,12,1
2021-04-12T23:59:59+02:00,2544,3697,5956,9323,6258,12421,7815,16916,10525,15271,9243,9439,19275,25231,8809,17466,468,802,1281,2536,1765,4406,2582,6285,3726,5109,3327,3314,6335,9005,8036,15891,104505,70269,13879,4587,61804,11,1
2021-04-11T23:59:59+02:00,2509,3687,5862,9298,6144,12382,7653,16865,10320,15166,7205,7285,18436,24224,8808,17463,468,802,1280,2534,1765,4406,2581,6285,3725,5106,3322,3313,6331,9002,8036,15891,104442,70261,13869,4577,54996,9,0
2021-04-10T23:59:59+02:00,2507,3685,5852,9293,6137,12378,7648,16860,10309,15156,7198,7275,18428,24219,8808,17463,468,799,1277,2530,1764,4403,2578,6282,3723,5105,3313,3300,6324,8988,8036,15891,104360,70202,13868,4570,54988,9,0
2021-04-09T23:59:59+02:00,2435,3563,5722,9093,5977,12108,7389,16431,10003,14666,7066,7104,18320,24055,8807,17461,464,793,1257,2521,1739,4385,2542,6234,3647,5019,3186,3191,6211,8902,8031,15887,103915,70126,13838,3876,52447,7,0
2021-04-08T23:59:59+02:00,2366,3486,5631,8967,5877,11982,7219,16262,9771,14478,6881,6834,17088,22635,8797,17434,456,787,1245,2496,1714,4348,2515,6170,3590,4964,3114,3143,6135,8796,8013,15851,100332,69717,13487,3614,51889,6,0
2021-04-07T23:59:59+02:00,2335,3445,5564,8896,5791,11919,7085,16161,9534,14327,6573,6489,14830,19774,8779,17393,450,786,1233,2482,1704,4324,2499,6133,3520,4904,3044,3092,6080,8740,8007,15824,94309,69443,13324,3374,51262,5,0
2021-04-06T23:59:59+02:00,2309,3409,5481,8834,5712,11847,6926,16040,9300,14140,6096,6018,12938,17379,8755,17341,448,777,1226,2460,1695,4298,2468,6091,3452,4841,2967,3047,6036,8690,8001,15808,89453,69204,13021,3096,50051,5,0
2021-04-05T23:59:59+02:00,2300,3397,5466,8820,5701,11827,6912,16025,9282,14115,5919,5856,11746,16185,8754,17340,443,768,1224,2444,1688,4283,2448,6058,3417,4801,2940,3007,6017,8649,7995,15792,89382,69011,12987,2959,47276,4,0
2021-04-04T23:59:59+02:00,2300,3397,5466,8817,5699,11827,6910,16025,9281,14114,5914,5853,11746,16184,8754,17340,443,768,1224,2444,1688,4283,2447,6058,3417,4801,2940,3007,6014,8648,7994,15792,89376,69005,12987,2959,47264,4,0
2021-04-03T23:59:59+02:00,2299,3387,5458,8811,5693,11825,6907,16022,9278,14111,5910,5848,11741,16182,8754,17340,443,768,1224,2444,1688,4283,2447,6058,3417,4800,2940,3007,6014,8648,7994,15792,89320,69004,12987,2959,47259,4,0
2021-04-02T23:59:59+02:00,2297,3385,5454,8808,5691,11824,6903,16021,9273,14109,5905,5842,11728,16153,8753,17339,443,768,1223,2444,1687,4283,2447,6058,3416,4795,2929,3002,6012,8645,7994,15792,89241,68976,12985,2958,47259,4,0
2021-04-01T23:59:59+02:00,2273,3378,5426,8776,5647,11780,6860,15967,9213,14051,5810,5746,11435,15805,8733,17298,440,753,1221,2437,1682,4273,2431,6044,3386,4772,2874,2959,5943,8555,7933,15694,88249,68438,12959,2955,46990,4,0
2021-03-31T23:59:59+02:00,2238,3345,5354,8708,5582,11690,6756,15862,9083,13913,5678,5607,10879,15055,8696,17220,433,745,1215,2426,1676,4258,2423,6028,3366,4740,2842,2926,5882,8480,7892,15610,86270,67985,12748,2953,46648,4,0
2021-03-30T23:59:59+02:00,2216,3326,5305,8648,5524,11611,6684,15763,8985,13766,5488,5391,9969,13694,8633,17070,430,743,1209,2420,1667,4244,2404,6006,3331,4693,2780,2852,5778,8364,7783,15394,83190,67278,12366,2816,46517,4,0
2021-03-29T23:59:59+02:00,2142,3266,5206,8533,5418,11462,6521,15534,8754,13513,5140,5020,8019,11146,8448,16703,422,736,1199,2413,1652,4230,2383,5980,3294,4635,2715,2789,5627,8229,7613,15095,77143,66330,11570,2678,46112,4,0
2021-03-28T23:59:59+02:00,2120,3252,5160,8469,5342,11390,6436,15446,8638,13393,5020,4872,7392,10230,8394,16607,413,729,1183,2395,1627,4202,2331,5916,3232,4538,2628,2715,5504,8074,7552,14971,74912,65855,11314,2152,45935,3,0
2021-03-27T23:59:59+01:00,2119,3247,5149,8462,5338,11378,6420,15421,8626,13379,4993,4847,7382,10228,8394,16605,413,729,1181,2395,1626,4196,2327,5913,3226,4532,2624,2711,5479,8024,7479,14846,74808,65546,11314,2152,45866,3,0
2021-03-26T23:59:59+01:00,2101,3221,5113,8426,5298,11330,6338,15343,8474,13227,4826,4699,7232,10066,8392,16598,409,721,1175,2379,1607,4167,2303,5880,3189,4475,2566,2649,5139,7561,6926,13871,74472,62898,10480,2116,45732,3,0
2021-03-25T23:59:59+01:00,1994,3138,4942,8213,5133,11064,6138,15060,8261,12961,4690,4559,7155,9965,8388,16592,401,705,1155,2355,1582,4137,2264,5827,3118,4397,2465,2549,4506,6706,6058,12502,74046,58828,9550,1897,44657,2,0
2021-03-24T23:59:59+01:00,1891,3077,4817,8052,4973,10874,5973,14822,8062,12745,4560,4413,7053,9855,8383,16583,397,695,1141,2327,1551,4090,2210,5756,3033,4306,2339,2438,3794,5657,4972,10740,73702,53895,8394,1549,44037,2,0
2021-03-23T23:59:59+01:00,1811,3018,4711,7933,4885,10733,5852,14635,7951,12585,4482,4333,6991,9802,8375,16568,385,668,1120,2290,1525,4029,2162,5669,2952,4218,2246,2343,3055,4575,3371,7974,73316,47184,7683,1397,43666,1,0
2021-03-22T23:59:59+01:00,1728,2943,4591,7802,4754,10564,5697,14396,7789,12404,4382,4232,6935,9710,8363,16537,358,648,1097,2252,1479,3963,2098,5561,2856,4059,2140,2205,2213,3442,1210,4331,72858,38749,6677,1163,43292,0,0
2021-03-21T23:59:59+01:00,1726,2935,4580,7788,4741,10552,5679,14380,7762,12385,4363,4215,6916,9700,8362,16537,357,648,1091,2239,1471,3931,2085,5526,2827,4008,2100,2158,2174,3399,1197,4290,72839,38609,6626,892,43156,0,0
2021-03-20T23:59:59+01:00,1725,2935,4580,7786,4740,10550,5678,14380,7754,12380,4361,4214,6909,9692,8362,16537,357,648,1091,2239,1471,3931,2085,5526,2825,4007,2099,2155,2174,3399,1197,4290,72829,38607,6626,887,43128,0,0
2021-03-19T23:59:59+01:00,1648,2590,4055,6533,4354,9593,5420,13856,7536,12029,4251,4129,6853,9636,8361,16537,356,648,1091,2239,1471,3930,2085,5525,2824,4007,2097,2153,2168,3393,1196,4288,72776,38591,6616,880,37989,0,0
2021-03-18T23:59:59+01:00,1576,2259,3625,5488,3816,8109,4548,11188,6247,9039,3960,3899,6671,9434,8341,16502,355,643,1083,2227,1465,3905,2056,5484,2800,3986,2080,2137,2143,3365,1192,4281,72346,38402,6548,800,25808,0,0
2021-03-17T23:59:59+01:00,1570,2247,3616,5464,3797,8080,4523,11120,6196,8964,3922,3853,6633,9396,8334,16476,351,641,1079,2221,1460,3895,2047,5467,2786,3960,2058,2108,2122,3349,1186,4265,72076,38247,6487,748,25628,0,0
2021-03-16T23:59:59+01:00,1539,2208,3567,5384,3725,7979,4386,10945,5994,8768,3697,3663,6510,9256,8329,16452,349,636,1078,2203,1455,3882,2037,5453,2776,3940,2051,2095,2109,3323,1179,4234,71767,38081,5214,719,25421,0,0
2021-03-15T23:59:59+01:00,1529,2184,3544,5351,3697,7941,4336,10880,5915,8687,3619,3604,6463,9200,8323,16427,346,630,1069,2188,1448,3877,2022,5414,2760,3916,2031,2059,2087,3265,1171,4198,71541,37869,4862,612,25297,0,0
2021-03-14T23:59:59+01:00,1529,2181,3539,5346,3692,7930,4326,10856,5910,8670,3611,3596,6459,9192,8322,16426,346,630,1066,2187,1444,3875,2019,5412,2741,3910,2026,2057,2074,3254,1167,4196,71510,37861,4846,543,25229,0,0
2021-03-13T23:59:59+01:00,1526,2175,3524,5329,3681,7921,4309,10844,5897,8655,3608,3592,6457,9189,8322,16426,346,630,1066,2187,1444,3875,2019,5410,2741,3909,2026,2055,2074,3252,1159,4191,71483,37841,4841,543,25131,0,0
2021-03-12T23:59:59+01:00,1482,2111,2963,5198,3261,7818,4180,10715,5674,8374,3450,3463,6342,9082,8298,16383,341,607,1061,2157,1435,3847,2002,5338,2678,3799,1857,1931,2021,3206,1154,4183,71311,37082,4118,535,23365,0,0
2021-03-11T23:59:59+01:00,1416,1980,2602,4979,2888,7601,3899,10290,5088,7564,3274,3332,6235,8961,8270,16341,340,607,1058,2143,1432,3828,1994,5315,2670,3784,1851,1924,2006,3186,1150,4167,70740,36960,3849,495,20131,0,0
2021-03-10T23:59:59+01:00,1388,1948,2567,4941,2858,7539,3845,10201,4971,7458,3146,3225,6121,8837,8241,16289,338,604,1056,2141,1430,3818,1989,5301,2657,3767,1835,1913,1979,3158,1141,4153,70331,36880,3515,400,19729,0,0
2021-03-09T23:59:59+01:00,1384,1936,2550,4917,2837,7495,3806,10142,4890,7377,3053,3142,6025,8734,8150,16094,335,603,1053,2134,1421,3805,1958,5277,2620,3739,1787,1888,1932,3133,1131,4144,69733,36854,3243,106,19556,0,0
2021-03-08T23:59:59+01:00,1373,1923,2531,4895,2816,7463,3787,10099,4863,7318,3014,3102,5920,8641,8000,15819,335,602,1050,2129,1415,3786,1940,5248,2601,3712,1770,1871,1907,3111,1125,4127,68925,36715,3234,14,19405,0,0
2021-03-07T23:59:59+01:00,1366,1913,2514,4861,2789,7423,3759,10043,4833,7266,2980,3071,5846,8526,7935,15694,335,601,1050,2128,1414,3779,1936,5241,2599,3707,1765,1869,1904,3107,1123,4121,68390,36667,3184,12,19245,0,0
2021-03-06T23:59:59+01:00,1363,1910,2510,4853,2785,7413,3750,10036,4818,7252,2969,3059,5812,8459,7857,15550,335,599,1048,2126,1414,3778,1930,5232,2597,3704,1759,1862,1899,3105,1123,4118,67992,36617,3184,12,19220,0,0
2021-03-05T23:59:59+01:00,1285,1830,2433,4697,2733,7255,3665,9833,4722,7070,2925,3008,5441,7965,7298,14553,335,599,1046,2123,1408,3774,1930,5230,2592,3698,1752,1859,1894,3102,1118,4114,65327,36562,3182,12,18204,0,0
2021-03-04T23:59:59+01:00,1171,1741,2309,4519,2585,6997,3523,9513,4482,6774,2828,2897,4789,7114,6417,13128,332,590,1033,2097,1395,3736,1903,5177,2569,3662,1724,1839,1864,3053,1096,4068,61122,36126,3180,12,16485,0,0
2021-03-03T23:59:59+01:00,1142,1694,2245,4415,2531,6876,3445,9351,4390,6650,2751,2831,4134,6080,5331,11379,329,580,1021,2072,1383,3711,1889,5127,2499,3606,1695,1808,1838,3026,1081,4042,56119,35695,3153,12,15973,0,0
2021-03-02T23:59:59+01:00,1114,1659,2206,4355,2491,6790,3361,9233,4253,6509,2642,2705,3344,4951,3621,8455,324,571,1014,2047,1373,3669,1872,5077,2471,3583,1686,1794,1816,3001,1071,4015,49025,35372,2904,12,15760,0,0
2021-03-01T23:59:59+01:00,1065,1630,2168,4297,2422,6710,3269,9102,4116,6320,2510,2579,2423,3708,1262,4483,323,569,1005,2036,1363,3650,1865,5059,2459,3569,1672,1784,1798,2982,1060,3988,39960,35170,2512,12,15592,0,0
2021-02-28T23:59:59+01:00,1051,1622,2145,4268,2407,6671,3226,9044,4053,6263,2446,2539,2382,3675,1256,4467,322,568,1004,2030,1361,3636,1861,5049,2454,3562,1665,1773,1785,2971,1053,3973,39871,35055,2218,12,15426,0,0
2021-02-27T23:59:59+01:00,1006,1506,2075,4042,2351,6441,3163,8734,3964,6030,2396,2487,2362,3656,1254,4467,322,568,1003,2030,1361,3636,1861,5048,2453,3562,1665,1772,1783,2971,1053,3973,39765,35049,2218,12,13951,0,0
2021-02-26T23:59:59+01:00,850,1232,1912,3647,2196,5762,2963,7808,3664,5318,2368,2459,2347,3645,1251,4465,322,567,1003,2027,1359,3634,1859,5047,2451,3561,1665,1769,1778,2968,1051,3968,39743,35017,2130,12,10014,0,0
2021-02-25T23:59:59+01:00,600,1100,1731,3470,2057,5485,2797,7419,3477,5062,2296,2392,2312,3591,1247,4451,315,545,986,1980,1343,3577,1831,4972,2420,3508,1643,1743,1745,2926,1026,3936,39548,34486,1874,10,8065,0,0
2021-02-24T23:59:59+01:00,575,1076,1694,3373,1999,5345,2729,7227,3413,4942,2237,2345,2277,3561,1240,4419,306,537,977,1959,1329,3528,1822,4916,2402,3467,1633,1727,1734,2907,1017,3913,39364,34170,1702,4,7386,0,0
2021-02-23T23:59:59+01:00,551,1025,1631,3276,1948,5208,2648,7098,3320,4840,2186,2291,2237,3505,1230,4390,305,532,972,1942,1322,3500,1813,4884,2376,3442,1618,1703,1711,2871,1006,3862,39216,33855,1425,4,6743,0,0
2021-02-22T23:59:59+01:00,529,983,1584,3180,1907,5066,2587,6877,3265,4708,2178,2194,2223,3433,1226,4348,304,528,967,1929,1313,3473,1798,4852,2361,3411,1600,1682,1684,2843,995,3816,39012,33555,1161,1,6115,0,0
2021-02-21T23:59:59+01:00,516,924,1522,3039,1858,4917,2532,6714,3187,4616,2142,2162,2199,3415,1218,4343,304,526,963,1921,1313,3464,1794,4841,2357,3404,1599,1679,1683,2841,995,3815,38972,33498,931,1,5401,0,0
2021-02-20T23:59:59+01:00,511,918,1514,3036,1852,4917,2530,6710,3182,4613,2140,2161,2199,3413,1217,4342,304,526,963,1920,1313,3463,1794,4840,2356,3404,1598,1678,1679,2841,995,3813,38967,33486,926,1,5362,0,0
2021-02-19T23:59:59+01:00,487,879,1487,2974,1827,4858,2487,6606,3088,4474,1966,2030,2141,3367,1212,4335,302,525,962,1917,1311,3463,1794,4835,2353,3402,1596,1677,1677,2840,995,3812,38216,33460,906,1,5096,0,0
2021-02-18T23:59:59+01:00,451,796,1378,2745,1728,4609,2349,6334,2988,4317,1942,2014,2127,3350,1208,4329,302,520,953,1880,1303,3427,1777,4790,2337,3370,1586,1670,1662,2827,983,3795,38141,33181,834,1,3690,0,0
2021-02-17T23:59:59+01:00,437,745,1340,2628,1672,4433,2285,6098,2932,4198,1928,1999,2104,3331,1194,4320,291,497,916,1794,1262,3286,1712,4630,2262,3244,1509,1601,1586,2711,938,3692,37986,31930,781,1,2877,0,0
2021-02-16T23:59:59+01:00,413,701,1285,2512,1626,4304,2222,5933,2862,4096,1919,1993,2099,3327,1191,4309,283,472,884,1715,1210,3142,1652,4418,2194,3091,1457,1546,1525,2607,909,3573,37932,30677,750,1,2110,0,0
2021-02-15T23:59:59+01:00,398,659,1211,2382,1585,4228,2190,5884,2833,4058,1898,1976,2079,3297,1185,4291,274,450,861,1669,1178,3065,1594,4288,2125,2984,1382,1485,1471,2491,868,3401,37826,29585,636,1,1692,0,0
2021-02-14T23:59:59+01:00,388,652,1182,2310,1527,4066,2146,5805,2803,4021,1894,1974,2066,3287,1183,4285,266,444,842,1644,1159,3023,1554,4236,2088,2958,1365,1464,1446,2451,854,3360,37810,29153,567,1,1212,0,0
2021-02-13T23:59:59+01:00,387,652,1182,2310,1527,4065,2144,5804,2803,4021,1893,1972,2065,3287,1183,4282,266,444,842,1644,1159,3023,1553,4235,2087,2958,1364,1461,1445,2450,854,3359,37799,29143,567,1,1211,0,0
2021-02-12T23:59:59+01:00,379,648,1168,2300,1522,4052,2140,5794,2797,4016,1882,1962,2058,3274,1179,4279,264,442,837,1640,1153,3012,1531,4218,2071,2942,1350,1446,1432,2418,847,3327,37732,28929,559,1,1159,0,0
2021-02-11T23:59:59+01:00,356,618,1096,2202,1472,3916,2038,5530,2723,3917,1857,1937,2016,3209,1158,4228,242,407,789,1530,1070,2789,1412,3877,1882,2647,1171,1259,1274,2139,754,2997,37364,26239,521,0,388,0,0
2021-02-10T23:59:59+01:00,348,609,1068,2156,1431,3837,1983,5350,2619,3751,1804,1892,1972,3174,1138,4204,216,354,692,1329,939,2387,1214,3277,1664,2281,1020,1091,1127,1893,657,2674,36953,22815,382,0,1,0,0
2021-02-09T23:59:59+01:00,343,598,1058,2124,1417,3783,1934,5277,2559,3696,1742,1854,1905,3126,1121,4183,179,272,584,1065,789,1941,1009,2668,1406,1922,883,938,953,1591,551,2301,36658,19052,61,0,1,0,0
2021-02-08T23:59:59+01:00,342,597,1052,2116,1408,3767,1929,5251,2541,3683,1726,1841,1887,3109,1115,4159,125,225,477,857,632,1513,802,2031,1146,1509,708,760,761,1278,437,1875,36505,15136,17,0,1,0,0
2021-02-07T23:59:59+01:00,341,597,1052,2115,1407,3759,1925,5249,2535,3680,1719,1832,1871,3102,1110,4153,117,196,421,711,556,1333,717,1822,1057,1369,637,683,681,1154,376,1665,36433,13495,14,0,0,0,0
2021-02-06T23:59:59+01:00,341,596,1051,2114,1407,3757,1925,5247,2535,3677,1719,1831,1865,3100,1108,4151,116,195,417,709,553,1308,701,1800,1046,1356,635,679,676,1150,375,1662,36410,13378,14,0,0,0,0
2021-02-05T23:59:59+01:00,341,594,1049,2111,1406,3746,1921,5234,2528,3673,1719,1826,1857,3093,1100,4141,112,187,399,691,535,1280,671,1747,996,1293,601,627,628,1073,353,1579,36325,12772,14,0,0,0,0
2021-02-04T23:59:59+01:00,332,574,1038,2073,1388,3697,1900,5155,2512,3629,1704,1806,1829,3059,1083,4113,82,144,292,458,381,852,462,1182,683,880,471,461,486,842,279,1267,35878,9222,14,0,0,0,0
2021-02-03T23:59:59+01:00,326,561,1019,2049,1375,3654,1883,5104,2481,3590,1685,1784,1811,3038,1073,4099,64,116,242,394,305,658,365,920,511,648,316,324,354,599,198,916,35518,6930,14,0,0,0,0
2021-02-02T23:59:59+01:00,321,550,1015,2025,1365,3623,1872,5050,2455,3564,1671,1763,1782,2998,1054,4054,42,93,187,313,256,505,273,731,374,499,217,207,222,416,134,597,35148,5066,14,0,0,0,0
2021-02-01T23:59:59+01:00,320,546,1010,2018,1362,3606,1864,5030,2447,3548,1666,1752,1767,2981,1049,4041,22,63,139,223,176,328,173,481,239,284,103,114,99,198,63,267,34993,2972,14,0,0,0,0
2021-01-31T23:59:59+01:00,319,544,1008,2010,1358,3597,1860,5009,2443,3534,1663,1745,1763,2972,1046,4031,20,56,123,196,155,280,156,404,201,244,88,99,90,172,57,233,34888,2574,14,0,0,0,0
2021-01-30T23:59:59+01:00,319,544,1008,2010,1358,3597,1860,5009,2442,3534,1663,1745,1763,2971,1046,4029,20,56,123,196,155,278,153,402,200,243,88,99,90,172,57,233,34884,2565,14,0,0,0,0
2021-01-29T23:59:59+01:00,317,541,1007,2007,1355,3589,1855,5001,2439,3531,1656,1735,1754,2962,1041,4010,18,54,121,186,146,271,139,375,170,218,63,73,81,148,50,204,34786,2317,14,0,0,0,0
2021-01-28T23:59:59+01:00,312,531,985,1943,1334,3527,1828,4939,2410,3472,1634,1717,1725,2927,1024,3982,0,3,8,14,8,18,13,44,9,17,7,6,8,7,1,12,34278,175,12,0,0,0,0
2021-01-27T23:59:59+01:00,305,506,950,1863,1300,3409,1766,4815,2350,3383,1583,1672,1679,2855,990,3909,0,2,4,4,5,14,8,20,5,10,6,6,8,7,1,11,33326,111,9,0,0,0,0
2021-01-26T23:59:59+01:00,299,495,939,1849,1286,3370,1749,4753,2321,3327,1549,1639,1641,2781,975,3829,0,2,4,4,5,14,8,20,5,10,6,6,8,7,1,11,32795,111,7,0,0,0,0
2021-01-25T23:59:59+01:00,287,463,886,1733,1222,3192,1656,4481,2218,3140,1493,1588,1582,2688,936,3665,0,2,1,1,1,4,5,3,5,5,6,5,7,7,1,11,31228,64,2,0,0,0,0
2021-01-24T23:59:59+01:00,283,459,874,1713,1211,3170,1626,4447,2191,3124,1484,1579,1573,2677,930,3658,0,2,1,0,1,4,5,3,5,5,5,5,7,7,1,11,30997,62,2,0,0,0,0
2021-01-23T23:59:59+01:00,283,459,874,1713,1210,3169,1626,4443,2190,3123,1483,1579,1572,2676,929,3653,0,2,1,0,1,4,5,3,5,5,5,5,7,7,1,11,30980,62,2,0,0,0,0
2021-01-22T23:59:59+01:00,281,457,869,1710,1205,3162,1620,4438,2179,3116,1472,1568,1565,2656,924,3635,0,2,1,0,1,4,5,3,5,5,5,5,7,7,1,11,30855,62,2,0,0,0,0
2021-01-21T23:59:59+01:00,270,443,839,1638,1180,3035,1563,4273,2092,2983,1376,1473,1434,2480,854,3472,0,2,1,0,1,4,4,2,4,5,4,4,6,7,0,11,29403,55,2,0,0,0,0
2021-01-20T23:59:59+01:00,243,391,761,1478,1094,2722,1415,3813,1934,2681,1259,1328,1319,2299,792,3270,0,2,1,0,1,3,4,2,4,5,4,4,6,7,0,11,26797,54,2,0,0,0,0
2021-01-19T23:59:59+01:00,211,316,653,1223,946,2270,1195,3206,1656,2280,1076,1141,1108,1926,654,2797,0,1,1,0,1,2,4,1,3,5,3,4,6,7,0,11,22656,49,2,0,0,0,0
2021-01-18T23:59:59+01:00,149,254,513,954,735,1730,923,2331,1299,1751,841,910,880,1543,509,2226,0,0,0,0,0,0,0,0,2,2,1,1,0,0,0,0,17547,6,1,0,0,0,0
2021-01-17T23:59:59+01:00,136,217,447,785,648,1505,819,2089,1193,1575,784,831,793,1395,450,2033,0,0,0,0,0,0,0,0,0,1,0,0,0,0,0,0,15700,1,0,0,0,0,0
2021-01-16T23:59:59+01:00,135,216,444,785,646,1497,808,2085,1185,1569,783,827,787,1383,443,2018,0,0,0,0,0,0,0,0,0,0,0,0,0,0,0,0,15611,0,0,0,0,0,0
2021-01-15T23:59:59+01:00,126,208,429,767,620,1457,774,2008,1125,1487,740,773,742,1295,417,1909,0,0,0,0,0,0,0,0,0,0,0,0,0,0,0,0,14877,0,0,0,0,0,0
2021-01-14T23:59:59+01:00,85,151,305,486,418,926,523,1297,767,980,540,539,546,957,321,1447,0,0,0,0,0,0,0,0,0,0,0,0,0,0,0,0,10288,0,0,0,0,0,0
2021-01-13T23:59:59+01:00,66,120,250,410,335,696,399,982,543,684,330,345,373,648,223,991,0,0,0,0,0,0,0,0,0,0,0,0,0,0,0,0,7395,0,0,0,0,0,0
2021-01-12T23:59:59+01:00,53,102,206,352,271,564,290,805,399,535,222,221,232,447,154,674,0,0,0,0,0,0,0,0,0,0,0,0,0,0,0,0,5527,0,0,0,0,0,0
2021-01-11T23:59:59+01:00,37,79,179,302,222,462,222,639,294,375,133,137,128,270,85,386,0,0,0,0,0,0,0,0,0,0,0,0,0,0,0,0,3950,0,0,0,0,0,0
2021-01-10T23:59:59+01:00,27,70,159,246,188,381,181,531,250,318,114,114,113,226,74,311,0,0,0,0,0,0,0,0,0,0,0,0,0,0,0,0,3303,0,0,0,0,0,0
2021-01-09T23:59:59+01:00,27,70,159,244,187,380,180,526,249,317,114,114,113,226,74,311,0,0,0,0,0,0,0,0,0,0,0,0,0,0,0,0,3291,0,0,0,0,0,0
2021-01-08T23:59:59+01:00,25,68,156,234,179,371,165,497,222,293,92,96,107,210,67,289,0,0,0,0,0,0,0,0,0,0,0,0,0,0,0,0,3071,0,0,0,0,0,0
2021-01-07T23:59:59+01:00,1,3,4,7,8,12,11,6,17,11,10,12,16,20,1,31,0,0,0,0,0,0,0,0,0,0,0,0,0,0,0,0,170,0,0,0,0,0,0
2021-01-06T23:59:59+01:00,0,2,1,1,1,5,5,2,5,6,5,5,8,8,0,13,0,0,0,0,0,0,0,0,0,0,0,0,0,0,0,0,67,0,0,0,0,0,0
2021-01-05T23:59:59+01:00,0,2,1,1,1,5,5,2,5,5,5,5,7,7,0,12,0,0,0,0,0,0,0,0,0,0,0,0,0,0,0,0,63,0,0,0,0,0,0
2021-01-04T23:59:59+01:00,0,2,1,1,1,4,4,2,5,5,4,4,6,7,0,12,0,0,0,0,0,0,0,0,0,0,0,0,0,0,0,0,58,0,0,0,0,0,0
2021-01-03T23:59:59+01:00,0,2,1,0,1,4,4,2,5,5,3,4,6,7,0,12,0,0,0,0,0,0,0,0,0,0,0,0,0,0,0,0,56,0,0,0,0,0,0
2021-01-02T23:59:59+01:00,0,2,1,0,1,4,4,2,5,5,3,4,6,7,0,12,0,0,0,0,0,0,0,0,0,0,0,0,0,0,0,0,56,0,0,0,0,0,0
2021-01-01T23:59:59+01:00,0,2,1,0,1,3,4,2,5,5,3,4,6,7,0,12,0,0,0,0,0,0,0,0,0,0,0,0,0,0,0,0,55,0,0,0,0,0,0
2020-12-31T23:59:59+01:00,0,2,1,0,1,3,4,2,5,5,3,4,6,7,0,12,0,0,0,0,0,0,0,0,0,0,0,0,0,0,0,0,55,0,0,0,0,0,0
2020-12-30T23:59:59+01:00,0,2,1,0,1,3,4,2,5,5,3,4,6,7,0,12,0,0,0,0,0,0,0,0,0,0,0,0,0,0,0,0,55,0,0,0,0,0,0
2020-12-29T23:59:59+01:00,0,1,1,0,1,2,4,1,4,5,3,4,6,7,0,12,0,0,0,0,0,0,0,0,0,0,0,0,0,0,0,0,51,0,0,0,0,0,0
2020-12-28T23:59:59+01:00,0,1,1,0,1,1,2,0,3,5,2,1,1,0,0,2,0,0,0,0,0,0,0,0,0,0,0,0,0,0,0,0,20,0,0,0,0,0,0
2020-12-27T23:59:59+01:00,0,1,1,0,1,1,2,0,1,3,1,0,1,0,0,2,0,0,0,0,0,0,0,0,0,0,0,0,0,0,0,0,14,0,0,0,0,0,0
