Datum,<15_m,<15_w,15-24_1_m,15-24_1_w,25-34_1_m,25-34_1_w,35-44_1_m,35-44_1_w,45-54_1_m,45-54_1_w,55-64_1_m,55-64_1_w,65-74_1_m,65-74_1_w,75-84_1_m,75-84_1_w,>84_1_m,>84_1_w,<24_2_m,<24_2_w,25-34_2_m,25-34_2_w,35-44_2_m,35-44_2_w,45-54_2_m,45-54_2_w,55-64_2_m,55-64_2_w,65-74_2_m,65-74_2_w,75-84_2_m,75-84_2_w,>84_2_m,>84_2_w,bp_1,bp_2,mo_1,mo_2,az_1,az_2,ja,unb_1,unb_2
2021-10-13T23:59:59+02:00,5479,5097,38723,37239,54003,48513,54848,53400,65432,65354,75170,75151,54219,59825,37416,48376,11678,22244,35652,34312,51214,45444,52458,50575,63014,62498,72894,72771,52888,58316,36540,47167,11293,21438,590666,562746,79143,76139,105569,101496,36759,32,28
2021-10-12T23:59:59+02:00,5446,5076,38662,37197,53945,48446,54808,53354,65403,65323,75136,75111,54205,59808,37407,48361,11672,22238,35598,34263,51170,45391,52424,50541,62981,62462,72857,72729,52866,58288,36520,47143,11288,21426,590111,562194,79141,76136,105569,101493,36747,32,28
2021-10-11T23:59:59+02:00,5396,5028,38506,37073,53824,48343,54710,53277,65334,65268,75090,75083,54193,59791,37395,48350,11670,22234,35393,34057,50996,45214,52298,50417,62889,62362,72776,72670,52829,58252,36504,47116,11283,21414,589230,560707,79141,76134,105569,101488,36595,32,28
2021-10-10T23:59:59+02:00,5378,5018,38465,37041,53785,48305,54691,53252,65318,65250,75075,75063,54190,59787,37391,48347,11669,22228,35364,34036,50977,45188,52280,50401,62878,62350,72763,72657,52826,58243,36499,47106,11280,21410,588937,560496,79138,76126,105569,101486,36579,32,28
2021-10-09T23:59:59+02:00,5378,5018,38465,37041,53785,48305,54691,53252,65318,65250,75075,75063,54190,59787,37391,48347,11669,22228,35363,34036,50977,45188,52280,50401,62876,62350,72763,72657,52826,58243,36499,47106,11280,21410,588937,560495,79138,76125,105569,101485,36579,32,28
2021-10-08T23:59:59+02:00,5370,5005,38447,37023,53772,48288,54684,53248,65307,65242,75062,75054,54188,59784,37389,48342,11668,22227,35349,34017,50965,45173,52275,50390,62867,62342,72757,72651,52824,58241,36498,47102,11280,21408,588796,560378,79138,76123,105569,101484,36567,32,28
2021-10-07T23:59:59+02:00,5306,4926,38287,36885,53657,48169,54579,53150,65219,65159,74995,75009,54169,59746,37367,48318,11662,22214,35019,33705,50747,44892,52089,50147,62684,62169,72602,72508,52765,58176,36471,47059,11267,21384,587568,558285,79109,75493,105567,101484,36543,32,28
2021-10-06T23:59:59+02:00,5271,4899,38241,36845,53624,48131,54536,53117,65174,65124,74970,74986,54152,59733,37358,48302,11656,22206,34978,33669,50725,44866,52068,50125,62655,62154,72578,72492,52743,58147,36453,47040,11260,21373,587102,557914,79104,75492,105567,101482,36522,32,28
2021-10-05T23:59:59+02:00,5239,4874,38164,36776,53565,48069,54487,53058,65113,65070,74928,74940,54115,59706,37338,48271,11647,22173,34914,33600,50679,44802,52035,50083,62602,62116,72538,72452,52711,58109,36425,46987,11252,21351,586378,557236,79085,75491,105567,101480,36473,32,28
2021-10-04T23:59:59+02:00,5178,4817,37952,36610,53398,47956,54374,52955,65046,64997,74863,74893,54085,59674,37323,48254,11638,22158,34613,33252,50438,44561,51853,49906,62441,61963,72423,72355,52653,58048,36370,46930,11240,21332,585304,554989,79076,75491,105567,101480,36194,32,28
2021-10-03T23:59:59+02:00,5167,4803,37930,36585,53366,47924,54351,52940,65029,64978,74854,74881,54078,59661,37318,48241,11638,22154,34560,33215,50389,44518,51815,49857,62398,61925,72384,72323,52636,58025,36358,46915,11238,21323,585065,554507,79073,75491,105563,101471,36167,32,28
2021-10-02T23:59:59+02:00,5165,4794,37927,36579,53359,47920,54350,52938,65027,64978,74852,74879,54078,59660,37318,48241,11638,22154,34558,33213,50381,44516,51813,49857,62396,61925,72384,72322,52636,58024,36358,46915,11238,21323,585035,554498,79073,75490,105563,101471,36156,32,28
2021-10-01T23:59:59+02:00,5157,4777,37882,36551,53327,47896,54326,52913,64997,64963,74826,74862,54068,59655,37315,48238,11635,22152,34539,33202,50363,44508,51799,49843,62383,61916,72367,72310,52627,58018,36355,46913,11236,21321,584794,554415,79071,75488,105563,101465,36082,32,28
2021-09-30T23:59:59+02:00,5068,4715,37677,36353,53161,47737,54185,52786,64895,64845,74756,74807,54053,59625,37304,48222,11632,22145,34397,33050,50270,44383,51724,49730,62298,61824,72302,72252,52616,57988,36347,46888,11233,21311,583293,553839,79053,74879,105560,101461,36031,31,28
2021-09-29T23:59:59+02:00,5046,4695,37645,36312,53117,47689,54148,52739,64864,64808,74726,74780,54036,59601,37292,48211,11628,22133,34370,33014,50243,44357,51702,49709,62278,61794,72280,72232,52607,57979,36342,46878,11230,21303,582841,553552,79041,74875,105560,101456,35999,31,28
2021-09-28T23:59:59+02:00,5023,4672,37586,36256,53077,47642,54113,52696,64820,64765,74682,74745,53999,59565,37273,48189,11618,22122,34314,32976,50212,44332,51677,49688,62252,61774,72244,72202,52577,57940,36320,46851,11227,21291,582287,553162,79039,74869,105560,101452,35928,31,28
2021-09-27T23:59:59+02:00,4948,4612,37387,36081,52893,47481,53992,52586,64716,64658,74584,74665,53970,59537,37261,48170,11616,22110,33893,32589,49905,44010,51448,49440,62055,61588,72115,72077,52536,57880,36299,46820,11225,21281,581235,550654,79013,74868,105560,101451,35430,31,28
2021-09-26T23:59:59+02:00,4945,4606,37367,36052,52865,47465,53978,52571,64702,64648,74572,74655,53963,59526,37260,48167,11616,22105,33879,32582,49893,43995,51443,49431,62042,61582,72107,72070,52532,57872,36298,46815,11223,21277,581064,550543,78996,74860,105560,101450,35414,31,28
2021-09-25T23:59:59+02:00,4942,4603,37361,36048,52862,47461,53974,52568,64700,64644,74568,74652,53962,59523,37259,48166,11616,22104,33876,32582,49892,43995,51443,49430,62042,61581,72105,72070,52532,57871,36298,46815,11223,21277,581020,550537,78994,74860,105560,101450,35410,31,28
2021-09-24T23:59:59+02:00,4939,4600,37342,36034,52841,47448,53953,52556,64681,64633,74554,74642,53955,59520,37256,48162,11616,22100,33866,32566,49877,43987,51424,49415,62029,61575,72086,72061,52525,57864,36292,46808,11223,21275,580903,550432,78994,74858,105557,101449,35349,31,28
2021-09-23T23:59:59+02:00,4811,4480,36939,35616,52491,47116,53660,52284,64439,64415,74371,74511,53896,59464,37224,48116,11607,22081,33679,32395,49658,43835,51255,49311,61879,61470,71970,71986,52489,57839,36267,46785,11221,21267,578584,549763,78950,74835,105557,101446,34402,30,28
2021-09-22T23:59:59+02:00,4784,4459,36897,35559,52425,47038,53594,52224,64372,64363,74312,74458,53867,59441,37216,48099,11605,22076,33643,32352,49615,43778,51196,49259,61824,61430,71922,71952,52470,57821,36261,46774,11219,21266,578152,549503,78942,74832,105554,101445,34113,30,28
2021-09-21T23:59:59+02:00,4768,4436,36840,35510,52359,46974,53549,52174,64305,64312,74254,74404,53824,59409,37203,48073,11600,22067,33612,32300,49583,43731,51157,49216,61778,61392,71883,71910,52439,57797,36250,46756,11218,21259,577599,549138,78933,74830,105552,101440,33949,30,28
2021-09-20T23:59:59+02:00,4664,4372,36505,35205,52038,46666,53313,51952,64095,64123,74095,74291,53760,59355,37182,48038,11593,22061,33101,31865,49205,43398,50872,48913,61524,61181,71716,71758,52383,57731,36227,46711,11211,21249,575762,546430,78928,74825,105551,101434,33039,30,28
2021-09-19T23:59:59+02:00,4651,4367,36492,35194,52027,46658,53299,51940,64082,64118,74087,74281,53757,59349,37179,48035,11592,22061,33080,31848,49201,43388,50864,48901,61510,61170,71704,71748,52377,57727,36226,46709,11211,21246,575656,546307,78921,74821,105550,101433,33014,30,28
2021-09-18T23:59:59+02:00,4651,4367,36490,35193,52025,46657,53299,51939,64082,64118,74087,74281,53757,59349,37179,48035,11592,22061,33077,31848,49197,43386,50864,48901,61510,61170,71704,71748,52377,57727,36226,46709,11211,21246,575654,546302,78921,74821,105550,101433,33009,30,28
2021-09-17T23:59:59+02:00,4644,4354,36476,35169,52004,46639,53288,51920,64068,64109,74072,74262,53748,59342,37176,48030,11591,22061,33070,31832,49185,43376,50860,48894,61509,61166,71696,71736,52370,57725,36226,46708,11211,21245,575491,546252,78921,74821,105549,101431,32964,30,28
2021-09-16T23:59:59+02:00,4494,4204,36107,34805,51748,46339,53075,51655,63884,63924,73915,74112,53693,59281,37160,47995,11586,22049,32941,31726,49103,43269,50781,48812,61447,61111,71645,71703,52355,57712,36216,46696,11210,21239,573050,545412,78463,74741,105548,101426,32937,30,28
2021-09-15T23:59:59+02:00,4451,4166,36039,34730,51705,46286,53008,51599,63834,63875,73878,74069,53675,59260,37150,47984,11585,22043,32888,31675,49052,43217,50724,48762,61401,61067,71616,71672,52347,57691,36206,46686,11210,21233,572679,545078,78377,74726,105548,101414,32705,30,28
2021-09-14T23:59:59+02:00,4410,4126,35976,34678,51654,46215,52967,51549,63788,63830,73834,74027,53650,59241,37135,47965,11583,22039,32824,31604,49008,43168,50690,48718,61347,61029,71581,71631,52325,57668,36197,46672,11209,21230,572138,544530,78307,74720,105548,101407,32646,30,28
2021-09-13T23:59:59+02:00,4259,3949,35608,34248,51382,45901,52752,51315,63578,63621,73699,73902,53595,59172,37098,47931,11582,22031,32360,31131,48773,42920,50507,48517,61199,60846,71439,71520,52272,57609,36181,46636,11203,21220,569552,541542,77881,74640,105547,101401,32614,30,28
2021-09-12T23:59:59+02:00,4250,3939,35585,34232,51367,45878,52735,51298,63564,63604,73690,73892,53592,59166,37093,47930,11582,22030,32335,31113,48758,42902,50497,48509,61188,60832,71423,71508,52266,57601,36175,46634,11200,21219,569403,541387,77865,74632,105536,101386,32594,30,28
2021-09-11T23:59:59+02:00,4247,3936,35581,34228,51366,45876,52730,51291,63562,63599,73688,73886,53588,59161,37093,47928,11582,22030,32326,31109,48755,42899,50494,48506,61185,60828,71420,71505,52264,57599,36175,46632,11200,21219,569376,541367,77865,74632,105536,101386,32566,30,28
2021-09-10T23:59:59+02:00,4246,3935,35468,34129,51170,45722,52539,51150,63385,63485,73554,73795,53550,59122,37073,47910,11580,22025,32200,31000,48557,42733,50296,48369,60996,60706,71286,71410,52222,57556,36153,46611,11197,21214,569319,541215,77863,74630,105535,101384,31092,30,28
2021-09-09T23:59:59+02:00,4218,3897,35389,34062,51114,45653,52479,51063,63328,63427,73514,73757,53527,59094,37059,47892,11578,22021,32106,30933,48513,42684,50245,48328,60955,60672,71243,71376,52204,57542,36146,46596,11196,21210,568713,540734,77828,74623,105521,101362,30981,30,28
2021-09-08T23:59:59+02:00,4193,3877,35356,34020,51090,45623,52461,51037,63294,63394,73493,73734,53520,59079,37052,47881,11578,22018,32048,30904,48474,42658,50217,48297,60919,60643,71227,71355,52191,57529,36136,46585,11193,21192,568367,540358,77828,74622,105521,101350,30955,30,28
2021-09-07T23:59:59+02:00,4180,3863,35316,33977,51060,45592,52437,51010,63269,63371,73457,73704,53508,59063,37036,47867,11576,22012,32001,30856,48440,42623,50177,48261,60894,60612,71194,71326,52178,57513,36127,46572,11190,21188,567994,539941,77828,74620,105521,101342,30926,30,28
2021-09-06T23:59:59+02:00,4004,3679,34837,33504,50683,45203,52171,50708,63043,63133,73299,73554,53444,58982,37017,47826,11573,22003,31792,30673,48238,42468,50034,48121,60781,60494,71099,71237,52131,57467,36111,46553,11185,21175,565186,539083,77828,74619,105521,101338,30099,30,28
2021-09-05T23:59:59+02:00,3996,3667,34820,33489,50680,45195,52159,50700,63031,63123,73284,73549,53439,58974,37011,47819,11571,21999,31774,30654,48219,42453,50021,48113,60770,60484,71089,71232,52125,57455,36109,46548,11184,21173,565050,538945,77827,74617,105521,101324,30079,30,28
2021-09-04T23:59:59+02:00,3996,3667,34819,33489,50678,45195,52158,50699,63031,63123,73284,73549,53439,58974,37011,47819,11571,21999,31773,30652,48218,42453,50019,48111,60770,60484,71088,71232,52125,57455,36109,46548,11184,21173,565048,538941,77827,74615,105521,101324,30076,30,28
2021-09-03T23:59:59+02:00,3948,3620,34655,33357,50525,45071,52047,50581,62881,62999,73159,73449,53399,58926,36990,47798,11567,21996,31499,30460,48017,42282,49848,47942,60564,60312,70943,71086,52071,57398,36084,46525,11182,21169,564909,538808,77229,73369,105510,101311,29291,30,28
2021-09-02T23:59:59+02:00,3922,3590,34596,33310,50491,45031,52015,50548,62840,62958,73121,73423,53379,58914,36981,47780,11567,21990,31430,30400,47967,42235,49807,47898,60509,60260,70902,71059,52053,57382,36075,46516,11181,21164,564499,538417,77207,73365,105510,101201,29211,30,28
2021-09-01T23:59:59+02:00,3906,3576,34570,33277,50468,45004,51996,50526,62820,62925,73092,73405,53370,58905,36977,47772,11567,21989,31380,30361,47934,42208,49777,47873,60478,60236,70879,71028,52034,57363,36065,46509,11181,21161,564231,538072,77204,73359,105510,101174,29171,30,28
2021-08-31T23:59:59+02:00,3879,3563,34530,33230,50441,44968,51968,50494,62792,62893,73062,73373,53350,58883,36969,47759,11564,21989,31320,30329,47905,42183,49754,47856,60451,60220,70864,71001,52020,57353,36062,46502,11178,21155,563840,537794,77204,73355,105509,101167,29125,30,28
2021-08-30T23:59:59+02:00,3653,3353,33941,32714,50017,44590,51616,50147,62501,62630,72854,73195,53266,58797,36939,47712,11561,21981,31038,30065,47605,41950,49526,47685,60269,60089,70708,70897,51952,57308,36044,46470,11175,21148,560834,536700,77204,73352,105508,101157,27892,30,28
2021-08-29T23:59:59+02:00,3647,3345,33920,32692,50002,44581,51602,50129,62490,62616,72844,73179,53258,58792,36937,47705,11561,21979,31020,30045,47583,41923,49505,47668,60252,60072,70696,70885,51949,57300,36041,46469,11175,21146,560692,536581,77202,73351,105507,101113,27849,30,28
2021-08-28T23:59:59+02:00,3647,3345,33917,32692,49997,44580,51601,50127,62488,62613,72842,73178,53257,58790,36937,47705,11561,21979,31011,30036,47578,41921,49502,47665,60249,60068,70693,70883,51948,57296,36041,46469,11175,21146,560683,536545,77202,73350,105507,101113,27835,30,28
2021-08-27T23:59:59+02:00,3643,3339,33909,32673,49994,44576,51589,50120,62481,62608,72825,73172,53253,58787,36936,47704,11560,21978,30993,30018,47570,41911,49492,47656,60242,60060,70681,70882,51946,57295,36040,46468,11174,21146,560609,536467,77202,73348,105507,101110,27800,30,28
2021-08-26T23:59:59+02:00,3618,3311,33868,32623,49967,44538,51547,50071,62435,62584,72792,73142,53243,58778,36929,47702,11559,21974,30696,29749,47353,41698,49317,47500,60126,59959,70596,70811,51912,57262,36023,46444,11172,21142,560258,534642,77175,73342,105506,101046,27713,30,28
2021-08-25T23:59:59+02:00,3577,3287,33818,32580,49940,44492,51511,50042,62396,62550,72756,73118,53234,58760,36923,47687,11558,21973,29939,29048,46913,41284,48992,47208,59901,59734,70420,70660,51845,57186,36001,46409,11163,21134,559826,530308,77175,73339,105506,101023,27666,30,28
2021-08-24T23:59:59+02:00,3537,3265,33759,32521,49908,44450,51483,49995,62351,62501,72712,73071,53213,58735,36910,47674,11556,21965,29705,28826,46780,41153,48884,47102,59809,59640,70335,70561,51799,57139,35980,46397,11159,21131,559335,528868,77172,73335,105504,100989,27566,30,28
2021-08-23T23:59:59+02:00,3232,3000,33124,31897,49482,44052,51140,49690,62022,62205,72419,72839,53116,58646,36872,47611,11545,21956,29286,28434,46393,40853,48643,46889,59537,59431,70110,70414,51723,57068,35956,46354,11153,21124,556264,527414,77169,73332,105503,100984,25883,30,28
2021-08-22T23:59:59+02:00,3221,2992,33114,31891,49473,44042,51132,49684,62017,62198,72414,72837,53113,58643,36870,47609,11545,21955,29262,28418,46374,40845,48634,46879,59526,59423,70103,70411,51714,57064,35953,46351,11153,21124,556199,527318,77165,73326,105499,100970,25858,30,28
2021-08-21T23:59:59+02:00,3219,2992,33109,31888,49471,44041,51131,49681,62014,62197,72413,72836,53113,58643,36870,47609,11545,21955,29249,28405,46369,40841,48628,46875,59522,59423,70103,70410,51713,57064,35953,46351,11153,21124,556184,527279,77165,73319,105499,100970,25850,30,28
2021-08-20T23:59:59+02:00,3203,2981,32985,31795,49279,43904,50957,49571,61832,62069,72267,72754,53065,58601,36855,47591,11542,21951,28710,27905,45888,40471,48346,46664,59264,59239,69899,70285,51628,57006,35923,46323,11149,21117,555958,525579,77165,73144,105499,100737,24551,30,28
2021-08-19T23:59:59+02:00,3176,2958,32935,31756,49245,43869,50909,49532,61787,62031,72218,72715,53039,58581,36848,47576,11538,21944,27769,27049,45102,39868,47920,46303,58931,58965,69624,70062,51528,56917,35881,46275,11144,21112,555545,521201,77130,72169,105494,100645,24459,30,28
2021-08-18T23:59:59+02:00,3155,2939,32888,31712,49209,43834,50870,49496,61742,61995,72171,72688,53010,58564,36834,47562,11537,21939,26474,25746,44174,38994,47213,45562,58253,58382,69136,69603,51340,56695,35804,46183,11132,21095,555112,515659,77109,68957,105491,100592,24404,30,28
2021-08-17T23:59:59+02:00,3131,2916,32819,31649,49165,43766,50827,49461,61696,61950,72135,72647,52987,58540,36821,47550,11534,21934,25183,24354,43300,38301,46612,45083,57720,57940,68703,69278,51205,56511,35729,46104,11116,21081,554563,510040,77104,66869,105490,100556,24342,30,28
2021-08-16T23:59:59+02:00,3120,2895,32802,31630,49142,43744,50818,49444,61676,61932,72114,72632,52976,58532,36819,47539,11532,21930,23745,22958,42397,37455,46336,44790,57494,57679,68496,69119,51133,56425,35698,46059,11114,21067,554335,503674,77101,66837,105488,100543,24324,30,28
2021-08-15T23:59:59+02:00,3112,2883,32788,31612,49131,43738,50807,49433,61660,61916,72099,72620,52972,58523,36816,47539,11532,21930,21317,20503,41643,36911,45969,44418,57162,57380,68211,68862,51022,56323,35661,46003,11111,21057,554198,494935,77100,66658,105478,100527,24306,30,28
2021-08-14T23:59:59+02:00,3112,2882,32783,31610,49127,43736,50804,49431,61655,61913,72095,72614,52972,58523,36815,47539,11532,21930,21291,20476,41606,36880,45952,44403,57148,57368,68199,68851,51020,56320,35660,46002,11111,21056,554191,494746,77099,66657,105478,100527,24276,30,28
2021-08-13T23:59:59+02:00,3098,2865,32740,31582,49104,43721,50782,49414,61622,61882,72073,72594,52966,58516,36812,47534,11531,21927,21173,20389,41518,36783,45890,44350,57100,57330,68159,68817,51003,56308,35651,45994,11110,21054,554033,494156,77098,66654,105477,100506,24126,30,28
2021-08-12T23:59:59+02:00,3080,2836,32693,31533,49072,43681,50744,49385,61568,61855,72037,72558,52950,58497,36795,47525,11530,21924,20703,20075,40565,35973,45520,44021,56882,57151,67982,68653,50931,56224,35621,45950,11105,21047,553624,489917,77094,66652,105475,100461,24041,30,28
2021-08-11T23:59:59+02:00,3038,2805,32636,31489,49038,43647,50720,49361,61541,61824,72009,72530,52928,58471,36783,47516,11529,21917,19807,19190,39237,34783,44915,43441,56521,56821,67689,68379,50809,56086,35584,45891,11103,21034,553209,482487,77088,66647,105475,100439,23981,30,28
2021-08-10T23:59:59+02:00,3022,2786,32583,31444,49005,43618,50691,49328,61522,61785,71970,72485,52905,58455,36772,47493,11528,21912,18781,18220,37138,32916,44027,42563,56066,56421,67298,68032,50660,55933,35523,45795,11098,21014,552750,472231,77087,66645,105474,100420,23964,30,28
2021-08-09T23:59:59+02:00,3006,2779,32554,31420,48981,43598,50664,49310,61502,61767,71949,72465,52895,58446,36767,47483,11526,21911,17360,16805,34153,30492,43362,41929,55657,56057,66966,67705,50516,55784,35472,45746,11093,20996,552498,460037,77085,66641,105470,100408,23941,30,28
2021-08-08T23:59:59+02:00,3003,2779,32541,31408,48970,43591,50659,49304,61491,61759,71945,72464,52894,58444,36767,47480,11526,21910,17332,16775,34132,30477,43325,41899,55643,56044,66957,67700,50511,55779,35471,45743,11092,20995,552437,459852,77085,66636,105458,100389,23926,30,28
2021-08-07T23:59:59+02:00,3002,2774,32534,31397,48968,43583,50653,49304,61489,61756,71938,72462,52893,58442,36766,47480,11526,21910,17303,16742,34106,30459,43290,41868,55622,56027,66946,67693,50506,55777,35469,45743,11092,20994,552390,459622,77085,66633,105458,100388,23915,30,28
2021-08-06T23:59:59+02:00,2913,2682,32186,31171,48708,43387,50394,49075,61200,61551,71663,72295,52761,58338,36712,47427,11523,21901,17093,16602,33391,29982,42818,41499,55279,55800,66636,67516,50376,55683,35420,45706,11089,20987,552319,457948,75975,66344,105454,100386,22110,30,28
2021-08-05T23:59:59+02:00,2867,2643,32027,31051,48616,43297,50314,49020,61147,61506,71610,72254,52734,58319,36703,47410,11521,21899,16861,16351,31529,28546,41773,40546,55005,55454,66424,67344,50312,55606,35397,45667,11082,20978,551435,451134,75972,66271,105445,100263,22057,30,28
2021-08-04T23:59:59+02:00,2792,2567,31759,30859,48419,43162,50162,48909,61067,61430,71547,72198,52704,58279,36690,47395,11518,21894,16572,16105,31172,28324,40581,39472,54616,55123,66248,67192,50249,55524,35367,45639,11079,20971,550140,446823,75971,66252,105443,100190,21771,27,27
2021-08-03T23:59:59+02:00,2604,2386,31245,30392,48169,42913,49987,48715,60903,61259,71401,72051,52650,58207,36668,47366,11508,21880,16135,15658,30585,27801,38848,37855,53926,54477,65914,66880,50152,55395,35320,45587,11074,20961,547178,439152,75971,66245,105440,100171,21689,27,27
2021-08-02T23:59:59+02:00,2493,2291,30929,30107,47967,42729,49835,48587,60796,61153,71313,71969,52617,58175,36646,47347,11507,21877,15829,15387,30247,27447,36708,36030,53367,53962,65707,66705,50080,55310,35298,45559,11072,20957,545236,432308,75968,66240,105435,100059,21673,27,27
2021-08-01T23:59:59+02:00,2490,2288,30918,30099,47948,42717,49824,48579,60783,61143,71303,71964,52613,58167,36642,47347,11507,21877,15706,15261,30110,27331,34404,34176,53070,53710,65613,66636,50040,55269,35291,45540,11071,20955,545182,426859,75967,66235,105388,100035,21646,27,27
2021-07-31T23:59:59+02:00,2490,2288,30913,30095,47946,42715,49822,48579,60782,61143,71303,71962,52610,58164,36642,47347,11507,21876,15691,15248,30076,27307,34392,34169,53052,53702,65601,66631,50036,55264,35291,45539,11070,20954,545163,426708,75967,66234,105387,100031,21641,27,27
2021-07-30T23:59:59+02:00,2476,2283,30867,30050,47914,42694,49798,48554,60748,61114,71268,71944,52601,58153,36642,47347,11507,21874,15531,14948,29811,26993,34211,33920,52851,53408,65435,66428,49989,55218,35280,45527,11070,20953,544992,426341,75961,66224,105384,98121,21471,27,27
2021-07-29T23:59:59+02:00,2444,2263,30710,29958,47831,42633,49744,48488,60687,61073,71223,71898,52582,58134,36634,47331,11504,21869,15216,14670,29497,26774,32924,32974,52067,52795,65080,66160,49890,55125,35237,45470,11065,20945,544327,423636,75954,63489,105373,97977,21326,27,27
2021-07-28T23:59:59+02:00,2397,2226,30556,29849,47748,42565,49671,48415,60614,60995,71156,71841,52558,58096,36616,47312,11503,21864,14814,14297,29056,26459,32553,32643,51357,52182,64688,65833,49795,55022,35203,45413,11049,20926,543377,419493,75950,63435,105367,97590,21262,27,27
2021-07-27T23:59:59+02:00,2319,2153,30315,29582,47596,42384,49526,48277,60504,60871,71056,71753,52500,58036,36588,47273,11495,21857,14169,13640,28289,25828,31801,31990,50105,51086,63957,65267,49607,54815,35135,45298,11042,20906,541545,411145,75940,63409,105361,97492,21213,27,27
2021-07-26T23:59:59+02:00,2258,2098,30113,29351,47477,42255,49451,48194,60439,60806,71005,71707,52474,58004,36576,47260,11493,21848,13805,13264,27931,25536,31183,31578,48550,49714,62981,64441,49401,54609,35067,45217,11032,20894,540311,403424,75937,63403,105357,97458,21178,27,27
2021-07-25T23:59:59+02:00,2013,1896,29293,28677,47083,41938,49164,47907,60204,60581,70821,71549,52418,57929,36549,47219,11492,21840,13713,13204,27836,25471,31098,31511,48429,49650,62894,64390,49379,54591,35060,45208,11032,20893,536127,402788,75937,63396,105350,97297,21133,27,27
2021-07-24T23:59:59+02:00,1932,1828,29035,28446,46933,41832,49046,47806,60047,60462,70692,71469,52370,57899,36531,47198,11490,21840,13578,13091,27635,25335,30936,31381,48216,49480,62731,64295,49335,54561,35045,45190,11030,20891,535432,402174,75934,63393,105349,97296,20115,27,27
2021-07-23T23:59:59+02:00,1817,1708,28704,28120,46686,41678,48789,47593,59798,60274,70488,71342,52295,57828,36512,47161,11486,21831,13323,12865,27202,25019,30551,31073,47616,48992,62402,64057,49251,54495,35023,45146,11025,20882,534430,399761,75557,63339,105338,97293,18759,27,27
2021-07-22T23:59:59+02:00,1805,1701,28626,28040,46546,41539,48575,47383,59620,60132,70369,71213,52252,57791,36496,47144,11486,21831,13094,12604,26869,24688,30198,30755,45687,47429,61596,63356,49155,54393,34985,45102,11022,20872,534122,393055,74408,63190,105295,97069,18698,27,27
2021-07-21T23:59:59+02:00,1771,1662,28361,27836,46160,41205,47982,46827,59034,59649,69912,70821,52080,57630,36438,47087,11477,21818,12671,12160,26289,24147,29624,30186,41955,44185,60108,62085,48986,54212,34921,45019,11012,20845,533566,381410,71133,62674,105141,96620,17884,27,27
2021-07-20T23:59:59+02:00,1748,1647,28242,27700,46095,41148,47935,46788,58978,59600,69859,70773,52046,57602,36422,47062,11472,21811,12173,11628,25552,23457,28971,29436,38497,41193,58559,60623,48783,53989,34839,44927,10994,20825,532877,371010,71111,59289,105124,96498,17790,27,27
2021-07-19T23:59:59+02:00,1743,1646,28215,27667,46073,41137,47922,46776,58965,59584,69847,70771,52044,57598,36422,47058,11470,21811,12127,11599,25486,23422,28938,29402,38452,41160,58517,60596,48779,53981,34838,44924,10991,20824,532738,370690,71111,59274,105109,96445,17765,27,27
2021-07-18T23:59:59+02:00,1739,1639,28190,27642,46050,41128,47910,46767,58959,59575,69840,70763,52042,57597,36421,47057,11470,21810,12065,11574,25400,23381,28878,29370,38391,41133,58457,60555,48777,53977,34835,44923,10991,20824,532617,370353,71109,59243,105101,96326,17746,27,27
2021-07-17T23:59:59+02:00,1739,1637,28169,27627,46036,41118,47899,46762,58951,59569,69833,70759,52037,57593,36420,47057,11470,21810,12037,11560,25366,23344,28845,29351,38369,41115,58422,60531,48767,53969,34833,44923,10991,20824,532536,370102,71108,59239,105100,96323,17716,27,27
2021-07-16T23:59:59+02:00,1724,1616,27903,27433,45748,40953,47670,46588,58651,59368,69601,70618,51931,57521,36376,47021,11465,21808,11784,11364,25033,23103,28542,29119,37971,40841,57914,60108,48631,53855,34781,44873,10985,20820,532220,368898,71107,59236,104968,96046,15674,27,27
2021-07-15T23:59:59+02:00,1626,1503,27440,27045,45486,40717,47524,46475,58510,59254,69498,70531,51890,57478,36361,46998,11464,21801,11486,11133,24553,22766,28173,28848,37579,40560,55865,58060,48460,53653,34723,44789,10977,20809,529890,361950,71106,59144,104960,95836,15619,27,27
2021-07-14T23:59:59+02:00,1459,1371,26875,26506,45180,40428,47320,46290,58326,59057,69337,70384,51828,57419,36336,46968,11458,21796,11293,10942,24145,22410,27820,28531,37058,40158,54645,56879,48322,53502,34672,44725,10969,20787,526715,358236,71100,57476,104941,95691,15556,27,27
2021-07-13T23:59:59+02:00,1172,1066,25920,25611,44688,40017,46961,45969,58001,58771,69064,70138,51717,57293,36293,46913,11454,21781,10949,10599,23615,21863,27198,27942,35677,38968,50512,52972,47958,53114,34542,44576,10952,20758,521321,348960,71094,52270,104938,95589,15450,27,27
2021-07-12T23:59:59+02:00,708,669,24543,24356,44128,39535,46760,45752,57788,58576,68881,69966,51655,57202,36275,46887,11452,21773,10714,10491,23414,21724,26943,27805,35427,38798,50070,52550,47883,53028,34513,44541,10952,20752,515431,347492,71093,52243,104932,94508,15425,26,27
2021-07-11T23:59:59+02:00,705,664,24524,24336,44098,39515,46742,45741,57774,58563,68867,69963,51653,57199,36272,46883,11451,21773,10618,10403,23194,21599,26677,27706,35117,38716,49356,52063,46398,51439,34423,44433,10952,20750,515344,346979,71089,52196,104918,89383,15347,26,27
2021-07-10T23:59:59+02:00,703,659,24516,24331,44093,39506,46740,45739,57768,58562,68867,69962,51653,57199,36272,46883,11451,21773,10605,10393,23171,21578,26663,27695,35095,38711,49342,52058,46384,51423,34421,44432,10952,20750,515311,346870,71088,52195,104916,89328,15337,26,27
2021-07-09T23:59:59+02:00,696,649,24068,23871,43813,39263,46674,45679,57708,58521,68815,69937,51636,57186,36268,46875,11450,21773,10524,10224,23076,21390,26602,27485,35027,38494,49276,51954,46362,51398,34417,44429,10952,20750,513548,345636,71084,52182,104910,89284,15315,26,27
2021-07-08T23:59:59+02:00,630,583,22979,22865,43015,38663,46424,45474,57500,58378,68617,69798,51559,57120,36240,46852,11448,21765,10267,10031,22701,21136,26207,27220,34546,38179,48666,51431,46024,51031,34347,44351,10945,20728,508861,342048,71059,52032,104853,88665,15112,26,27
2021-07-07T23:59:59+02:00,578,537,21657,21475,42275,37978,46200,45251,57260,58188,68450,69638,51474,57036,36203,46799,11440,21751,9898,9728,21824,20544,25096,26427,32707,36811,47745,50544,45523,50494,34240,44211,10936,20710,503478,337110,70884,47648,104831,87745,14972,26,26
2021-07-06T23:59:59+02:00,521,473,20422,20194,41419,37332,45722,44900,56864,57883,68122,69380,51375,56910,36159,46748,11432,21742,9508,9347,20959,19950,24130,25769,31220,35616,46547,49343,44744,49711,34104,44035,10923,20690,498987,329776,68949,45546,104811,86472,14826,26,26
2021-07-05T23:59:59+02:00,484,445,19011,18811,40555,36529,45505,44672,56681,57680,67961,69253,51319,56854,36138,46719,11430,21735,9218,9090,20402,19567,23461,25347,30580,35189,45787,48726,43989,48921,33974,43846,10914,20678,493257,323989,68946,45524,104804,85442,14752,24,26
2021-07-04T23:59:59+02:00,477,439,17223,16800,40213,36299,45417,44599,56595,57610,67882,69184,51287,56828,36128,46698,11428,21733,9157,9037,20263,19502,23289,25269,30322,35109,44993,48596,42625,47569,33895,43772,10912,20672,488427,323529,68919,45478,104789,81312,14681,24,26
2021-07-03T23:59:59+02:00,477,437,17201,16776,40164,36253,45398,44582,56590,57605,67876,69177,51285,56825,36128,46698,11428,21732,9113,8995,20195,19434,23227,25203,30239,35029,44772,48420,42556,47493,33850,43713,10909,20672,488240,322565,68917,45477,104788,81132,14663,24,26
2021-07-02T23:59:59+02:00,457,414,17082,16668,39697,35873,45283,44482,56536,57564,67828,69145,51273,56820,36122,46686,11428,21731,8952,8825,19868,19155,22837,24825,29821,34614,44146,47775,42354,47262,33751,43577,10903,20668,486730,319560,68899,44443,104786,80695,14650,24,26
2021-07-01T23:59:59+02:00,405,374,16774,16385,37962,34539,44710,43983,56276,57354,67653,68976,51193,56730,36094,46648,11424,21723,8579,8428,19005,18442,21870,23970,28436,33425,41116,44804,41357,46180,33138,42851,10886,20639,481245,312066,68824,39561,104764,77158,14346,24,26
2021-06-30T23:59:59+02:00,357,329,16484,16140,35775,32714,44088,43352,56051,57158,67448,68784,51111,56638,36065,46594,11420,21707,8219,8093,18331,17812,20981,23138,27161,32160,36471,39930,40276,45034,32477,42062,10865,20613,474397,301567,68778,33528,104744,74259,14272,24,26
2021-06-29T23:59:59+02:00,317,292,16262,15938,34778,31629,43636,42907,55869,56994,67276,68634,51035,56565,36026,46550,11412,21700,7636,7488,17203,16881,19727,21922,25461,30482,33725,36804,37421,41985,31733,41171,10842,20575,470188,285365,68770,33480,104730,68102,14108,24,25
2021-06-28T23:59:59+02:00,307,270,16113,15781,33066,30220,43314,42613,55704,56853,67159,68527,50989,56513,36008,46529,11409,21688,7330,7231,16645,16506,19334,21607,24953,30094,33137,36303,36042,40496,30945,40237,10838,20564,465776,282318,68745,33426,104708,62704,13810,24,25
2021-06-27T23:59:59+02:00,307,270,16092,15756,32916,30133,43252,42585,55667,56844,67133,68519,50984,56509,36005,46528,11409,21687,7286,7201,16509,16440,19170,21545,24752,30020,32910,36163,34784,39222,29318,38316,10837,20563,465457,282148,68742,33387,104702,55825,13671,24,25
2021-06-26T23:59:59+02:00,305,268,16069,15731,32892,30115,43206,42543,55643,56829,67127,68516,50983,56507,36002,46527,11409,21687,7282,7188,16490,16429,19154,21535,24719,29997,32890,36143,34770,39209,29316,38313,10837,20563,465224,281952,68739,33387,104702,55820,13670,24,25
2021-06-25T23:59:59+02:00,298,266,16010,15684,32772,30017,43014,42383,55586,56783,67085,68492,50973,56496,35998,46526,11409,21687,7096,6911,16206,15920,18885,20879,24349,29064,32502,35422,34609,38992,29293,38283,10837,20563,464386,279269,68736,33377,104685,53511,13648,24,25
2021-06-24T23:59:59+02:00,278,253,15738,15480,32313,29726,41543,41139,55122,56427,66852,68332,50919,56440,35982,46498,11404,21677,6775,6681,15506,15474,17434,19858,22271,27505,31402,34526,34205,38566,29169,38101,10825,20549,459812,269558,68733,33324,104681,53085,12873,24,25
2021-06-23T23:59:59+02:00,263,236,15457,15191,31812,29326,39438,39317,54578,55884,66601,68111,50830,56331,35942,46452,11399,21664,6568,6516,15141,15194,16907,19409,21388,26706,29702,33160,33447,37713,28978,37861,10818,20534,452750,261731,68684,33233,104677,52371,12697,24,25
2021-06-22T23:59:59+02:00,241,201,15079,14795,31143,28693,35997,36269,53666,55082,66298,67806,50723,56209,35903,46395,11395,21650,6388,6303,14735,14865,16103,18688,19968,25392,28097,31507,32647,36736,28438,37255,10800,20501,441808,251614,68651,33148,104671,51256,12391,24,25
2021-06-21T23:59:59+02:00,226,195,14836,14617,30455,28227,33834,34303,53202,54656,66119,67689,50642,56135,35878,46373,11390,21645,6293,6218,14575,14745,15933,18551,19847,25280,27987,31420,32492,36596,27229,36019,10800,20498,434973,250931,68629,33100,104640,48282,12156,24,25
2021-06-20T23:59:59+02:00,219,194,14712,14528,28553,26886,33222,33852,53113,54560,66051,67652,50619,56107,35870,46370,11389,21643,5844,5920,13628,14105,15101,17958,19291,24922,27670,31218,32327,36417,27203,35988,10798,20494,430590,245929,68625,33065,104636,48210,11666,23,25
2021-06-19T23:59:59+02:00,213,189,14686,14495,28438,26803,33193,33825,53091,54544,66035,67641,50613,56098,35868,46365,11388,21641,5631,5759,13068,13694,14493,17481,18965,24720,27475,31047,32248,36317,27186,35974,10798,20494,430183,242407,68623,33061,104636,48207,11661,23,25
2021-06-18T23:59:59+02:00,211,180,14596,14410,28334,26736,31942,32921,52725,54237,65901,67547,50582,56064,35850,46339,11384,21637,5564,5681,12967,13609,14329,17355,18729,24491,26655,30380,32042,36080,27120,35899,10794,20487,429680,239458,65657,32946,104626,48153,11610,23,25
2021-06-17T23:59:59+02:00,197,164,14221,14145,27743,26483,31454,32660,51936,53670,65475,67280,50501,55963,35816,46298,11378,21624,5185,5423,12181,13134,13540,16743,17636,23562,24495,28415,31400,35343,26921,35621,10777,20472,426474,230435,65652,32667,104602,47471,10259,21,25
2021-06-16T23:59:59+02:00,168,136,13792,13740,27278,26126,31010,32303,51123,52967,65020,66891,50382,55843,35787,46241,11367,21612,4820,4988,11463,12467,12748,16049,16535,22440,21526,25551,30332,34135,26623,35217,10762,20431,421605,216400,65605,32639,104595,47072,9960,21,25
2021-06-15T23:59:59+02:00,106,83,13160,13116,26531,25549,30227,31707,49871,51901,64308,66366,50204,55646,35720,46129,11358,21593,4326,4358,10497,11533,11593,14670,14806,20737,18094,22245,28960,32699,26236,34697,10737,20388,413892,197788,65585,32522,104590,46763,9487,21,25
2021-06-14T23:59:59+02:00,76,62,12755,12744,26120,25224,29565,31241,48078,50432,63257,65531,49988,55420,35643,46053,11350,21581,4226,4303,10321,11402,11451,14538,14629,20616,17901,22086,28889,32618,26218,34669,10733,20385,406018,197348,65575,32250,104589,46454,8917,21,25
2021-06-13T23:59:59+02:00,75,61,12714,12701,26049,25188,29502,31215,48025,50407,63222,65507,49982,55417,35641,46049,11349,21578,4070,4225,9994,11274,11128,14427,14332,20504,17500,21744,27375,30975,26078,34474,10729,20374,405818,196606,65499,27575,104582,46244,8762,21,25
2021-06-12T23:59:59+02:00,75,60,12696,12684,26033,25177,29491,31203,47965,50336,63180,65471,49981,55414,35641,46049,11349,21578,4068,4216,9979,11257,11119,14412,14313,20487,17479,21735,27334,30930,26073,34468,10729,20374,405521,196419,65499,27573,104580,46203,8762,21,25
2021-06-11T23:59:59+02:00,73,57,12596,12558,25909,25063,29369,31079,47727,50111,63048,65352,49957,55388,35630,46038,11347,21576,3975,3948,9462,10073,10690,13504,14025,19929,17206,21259,26925,30507,25982,34386,10726,20372,404253,195376,65490,27569,104540,41434,8574,21,25
2021-06-10T23:59:59+02:00,65,50,12352,12341,25591,24782,29024,30810,46653,49095,62313,64783,49872,55292,35596,45986,11337,21563,3706,3584,8696,8829,9795,11862,12724,17173,15421,17657,25204,28585,25685,34081,10720,20348,399377,189859,65433,27132,104338,28727,8336,21,24
2021-06-09T23:59:59+02:00,51,38,12058,12016,25185,24377,28627,30415,44643,47271,61222,63844,49767,55168,35549,45932,11331,21545,3459,3462,8272,8579,9284,11541,12208,16782,14709,17057,21366,24262,25459,33779,10708,20322,391390,178273,65305,26784,104336,28189,7987,21,24
2021-06-08T23:59:59+02:00,45,27,11628,11479,24515,23756,27969,29749,41469,44426,59448,62210,49596,54976,35475,45841,11321,21523,3251,3325,7871,8322,8666,11167,11545,16362,14052,16410,15985,18306,25068,33253,10690,20292,378712,163066,65242,26451,104326,27884,7152,21,20
2021-06-07T23:59:59+02:00,40,20,11466,11285,24165,23479,27687,29540,38842,42498,59019,61847,49562,54945,35463,45820,11319,21517,3154,3256,7565,8150,8347,10991,10972,15910,13547,15932,15908,18226,25037,33202,10688,20285,373052,162746,64815,24626,104317,27477,6309,21,20
2021-06-06T23:59:59+02:00,37,19,11330,11181,23844,23250,27476,29369,37244,41312,58893,61768,49538,54916,35455,45806,11319,21515,3052,3206,7293,8061,8080,10823,10233,15228,12950,15312,15756,18114,25023,33179,10686,20285,372647,162631,61433,21466,104306,27308,5865,21,19
2021-06-05T23:59:59+02:00,35,18,11312,11161,23800,23209,27441,29342,37216,41298,58793,61683,49527,54909,35453,45804,11319,21512,3040,3194,7269,8027,8049,10805,10203,15213,12907,15288,15633,17949,25018,33171,10685,20284,372302,162194,61430,21465,104306,27292,5773,21,19
2021-06-04T23:59:59+02:00,35,16,11129,10903,23440,22744,27164,28946,36788,40848,58173,61143,49493,54868,35443,45786,11317,21506,3016,3178,7240,8010,8027,10788,10172,15189,12873,15254,15421,17742,25007,33150,10683,20283,370502,161608,59160,21452,104292,27194,5767,21,19
2021-06-03T23:59:59+02:00,33,15,10908,10686,22981,22354,26738,28610,35691,40021,55411,58794,49364,54709,35400,45722,11312,21491,2923,3098,7033,7853,7570,10491,9144,14558,11623,14550,14238,16271,24828,32932,10671,20264,366553,158249,54239,17720,104242,26882,5185,21,18
2021-06-02T23:59:59+02:00,33,15,10870,10649,22946,22320,26704,28584,35660,39981,55285,58636,49350,54684,35394,45715,11312,21490,2882,3067,6978,7834,7509,10458,8988,14518,11398,14486,12882,14787,24710,32759,10666,20257,365961,154425,54233,17708,104241,26863,5172,21,18
2021-06-01T23:59:59+02:00,20,8,10454,10299,22292,21811,26017,28001,34938,39402,52283,55488,48961,54275,35276,45552,11296,21464,2426,2708,5627,7151,6236,9881,7591,13847,10264,13523,8571,9223,24230,32078,10643,20202,355198,136228,54053,17338,104222,26281,4343,21,18
2021-05-31T23:59:59+02:00,19,7,10178,10067,21715,21417,25608,27751,34616,39198,50834,54092,48863,54151,35243,45511,11289,21457,2316,2585,5337,6907,5973,9661,7227,13606,10008,13363,8520,9161,24204,32029,10635,20190,350464,135455,54010,17217,104198,25716,3323,21,18
2021-05-30T23:59:59+02:00,18,7,10122,10018,21623,21378,25543,27717,34504,39127,50468,53751,48837,54126,35237,45505,11287,21454,2279,2556,5234,6829,5873,9593,7038,13519,9782,13266,8476,9114,24188,32022,10634,20185,349276,134862,53989,17043,104181,25417,3255,21,18
2021-05-29T23:59:59+02:00,17,7,10108,10006,21589,21359,25526,27704,34483,39114,50455,53733,48833,54122,35234,45504,11287,21454,2260,2504,5191,6702,5813,9463,6922,13321,9643,13045,8405,9022,24121,31955,10633,20184,349119,134584,53989,16991,104160,24352,3246,21,18
2021-05-28T23:59:59+02:00,17,7,10048,9936,21513,21249,25445,27583,34405,39014,50376,53635,48812,54104,35225,45496,11287,21450,2177,2238,4579,6166,5193,8746,6555,12359,9149,12050,8227,8823,23750,31473,10632,20181,348264,133083,53976,16894,104102,19071,3240,20,17
2021-05-27T23:59:59+02:00,16,7,9782,9689,20988,20872,24901,27224,33881,38636,49764,53025,48642,53912,35155,45422,11283,21430,1936,1970,4004,5649,4515,8145,6045,11590,8203,10726,7721,8160,22186,29319,10617,20159,343983,127414,53567,15761,103995,14694,3064,20,17
2021-05-26T23:59:59+02:00,16,7,9507,9445,20267,20305,24027,26554,32618,37607,48999,52319,48388,53623,35079,45310,11271,21406,1879,1898,3910,5525,4382,7983,5837,11327,7876,10341,7158,7434,19746,25891,10597,20115,339264,118922,50595,15509,103942,14529,2927,20,16
2021-05-25T23:59:59+02:00,15,7,9244,9209,19855,19948,23590,26163,32108,37090,48105,51339,48090,53305,34990,45168,11259,21376,1811,1849,3790,5427,4245,7834,5627,11103,7561,10018,6532,6593,15607,20498,10577,20057,333676,106690,50513,15466,103869,14178,2783,20,16
2021-05-24T23:59:59+02:00,14,7,9028,9049,19286,19657,22819,25775,30595,36076,47880,51167,47998,53205,34961,45138,11257,21375,1786,1831,3744,5395,4180,7792,5562,11044,7485,9961,6506,6569,15593,20489,10577,20057,332092,106570,46717,15453,103808,13887,2650,20,15
2021-05-23T23:59:59+02:00,14,7,8821,8842,18930,19366,22397,25428,30171,35755,47288,50654,47564,52750,34858,44992,11249,21366,1784,1830,3734,5390,4176,7786,5552,11036,7475,9952,6501,6558,15593,20487,10577,20057,327262,106511,46715,15451,103807,13867,2648,20,15
2021-05-22T23:59:59+02:00,14,7,8790,8806,18880,19323,22351,25396,30118,35724,47180,50584,47545,52727,34855,44983,11246,21366,1783,1826,3722,5378,4172,7780,5547,11030,7468,9948,6498,6556,15590,20486,10577,20057,326719,106475,46715,15451,103806,13846,2635,20,15
2021-05-21T23:59:59+02:00,13,7,8518,8451,18439,18809,21990,24751,29691,34914,46693,49918,47456,52602,34817,44940,11243,21361,1719,1784,3645,5339,4128,7745,5515,10984,7427,9900,6468,6530,15512,20389,10576,20056,321514,106161,46684,15450,103782,13482,2613,20,15
2021-05-20T23:59:59+02:00,12,7,7944,7907,17495,18012,20982,23834,28370,33713,44947,48094,47016,52140,34709,44783,11225,21342,1420,1622,3335,5052,3863,7358,5216,10504,7046,9447,6234,6272,14193,18843,10552,20017,309906,102396,46597,14967,103552,11143,2457,20,15
2021-05-19T23:59:59+02:00,12,7,7679,7591,16890,17410,20082,22957,27141,32454,43151,46006,46485,51585,34557,44560,11204,21311,1354,1537,3133,4839,3657,7106,4990,10152,6751,9117,5950,5938,11980,15982,10534,19956,298760,96149,46558,14491,103505,10087,2239,20,14
2021-05-18T23:59:59+02:00,11,7,7153,7052,15739,16388,18811,21709,25635,30824,40460,42776,45655,50638,34319,44255,11179,21269,1333,1511,3074,4769,3581,6985,4856,10020,6570,8906,5683,5661,10275,13803,10509,19902,282975,91003,45353,14441,103400,9851,2133,19,14
2021-05-17T23:59:59+02:00,11,7,7075,6991,15558,16277,18595,21541,25235,30497,38711,41138,45545,50558,34271,44190,11169,21245,1300,1488,3019,4724,3517,6926,4787,9916,6477,8805,5641,5621,10261,13785,10505,19894,282756,90930,40586,14160,103357,9670,1896,19,14
2021-05-16T23:59:59+02:00,10,6,6960,6939,15437,16190,18466,21434,25055,30382,35728,38368,45509,50523,34249,44166,11166,21240,1277,1470,2974,4684,3469,6868,4704,9847,6383,8726,5610,5584,10249,13769,10503,19891,282475,90882,34435,13894,103237,9560,1662,19,14
2021-05-15T23:59:59+02:00,10,6,6935,6909,15376,16132,18420,21394,24988,30337,35692,38327,45486,50496,34242,44161,11166,21240,1265,1444,2942,4612,3450,6799,4685,9766,6361,8675,5604,5580,10244,13768,10503,19891,281992,90827,34434,13890,103223,9213,1649,19,14
2021-05-14T23:59:59+02:00,10,5,6762,6539,15027,15635,18107,20976,24651,29876,35447,37977,45457,50465,34232,44156,11166,21238,1206,1385,2863,4509,3403,6695,4621,9615,6278,8545,5574,5535,10231,13758,10503,19890,280927,90738,34285,13871,100912,8410,1583,19,13
2021-05-13T23:59:59+02:00,10,5,6407,6217,14267,15055,17401,20344,23793,29135,34677,37307,45170,50121,34153,44032,11162,21227,1034,1300,2668,4399,3286,6573,4480,9445,6156,8402,5531,5497,10214,13741,10499,19885,274517,90585,33954,13790,100696,7429,1297,19,13
2021-05-12T23:59:59+02:00,10,5,6010,5945,13294,14378,16380,19542,23129,28698,34370,37023,44987,49926,34122,44001,11159,21224,1031,1298,2661,4393,3268,6569,4475,9435,6148,8397,5524,5491,10212,13736,10498,19884,268265,90524,33943,13780,100692,7424,1284,19,12
2021-05-11T23:59:59+02:00,10,5,5632,5721,12706,13927,14576,18100,20178,26172,32054,34696,43932,48664,33797,43529,11130,21174,968,1224,2543,4220,3160,6331,4357,9147,6031,8171,5452,5411,10170,13674,10490,19866,250970,90045,33664,13562,100248,6498,1102,19,11
2021-05-10T23:59:59+02:00,10,5,5483,5622,12434,13801,14224,17876,19375,25603,30678,33673,43401,48050,33740,43440,11122,21155,925,1165,2444,4056,3065,6129,4232,8883,5909,7974,5415,5379,10158,13657,10486,19857,245494,89936,33453,13502,99940,5502,786,19,11
2021-05-09T23:59:59+02:00,10,5,5079,5383,11246,13273,13224,17515,18350,25272,30133,33384,43345,47978,33714,43426,11119,21147,901,1135,2345,3951,2975,5992,4100,8708,5815,7870,5406,5365,10151,13652,10481,19853,240177,89889,33381,13460,99597,4915,429,19,10
2021-05-08T23:59:59+02:00,10,5,5068,5375,11224,13254,13198,17496,18320,25239,30092,33341,43337,47967,33713,43422,11119,21147,898,1128,2333,3943,2970,5992,4096,8702,5812,7867,5403,5362,10148,13647,10481,19853,239909,89862,33379,13460,99596,4882,424,19,10
2021-05-07T23:59:59+02:00,10,5,4966,5292,10993,13086,12913,17276,17713,24638,29142,32447,43143,47726,33657,43350,11115,21141,870,1097,2299,3888,2928,5943,4042,8647,5728,7814,5356,5314,10136,13638,10481,19852,237408,89726,31487,13457,99487,4630,213,18,10
2021-05-06T23:59:59+02:00,10,5,4553,5008,10323,12670,12156,16610,16116,23192,26596,30054,42440,46977,33490,43113,11099,21118,813,1041,2163,3641,2759,5634,3848,8174,5529,7491,5305,5261,10113,13610,10479,19844,228643,89542,28144,13143,98670,2958,55,18,10
2021-05-05T23:59:59+02:00,10,5,4243,4781,9725,12228,11435,16027,15016,22163,23740,27293,41459,45871,33207,42726,11081,21076,798,1017,2100,3516,2701,5478,3754,7963,5433,7357,5256,5206,10076,13571,10477,19841,215616,89279,27960,13005,98448,2208,45,17,10
2021-05-04T23:59:59+02:00,10,5,3895,4328,9056,11537,10663,15187,13712,20912,20136,23887,40112,44410,32834,42203,11058,21037,780,987,2031,3400,2631,5343,3661,7811,5336,7234,5218,5160,10047,13542,10475,19838,198566,89059,27942,12706,98419,1683,39,16,10
2021-05-03T23:59:59+02:00,10,4,3653,3908,8649,11045,10182,14564,13178,20257,19413,23241,39846,44158,32755,42099,11055,21022,766,957,1965,3297,2573,5237,3602,7698,5285,7147,5203,5147,10032,13525,10472,19833,192713,88918,27930,12697,98356,1093,24,16,10
2021-05-02T23:59:59+02:00,10,4,3650,3907,8631,11037,10172,14556,13157,20245,19395,23231,39843,44157,32754,42098,11054,21022,762,941,1935,3215,2526,5141,3555,7573,5265,7083,5199,5144,10031,13521,10472,19831,192621,88900,27916,12665,98350,602,20,16,10
2021-05-01T23:59:59+02:00,10,4,3648,3900,8618,11023,10163,14545,13150,20243,19384,23222,39843,44155,32754,42098,11054,21022,761,941,1934,3215,2525,5141,3555,7573,5265,7083,5199,5144,10031,13521,10471,19831,192537,88899,27914,12663,98350,602,19,16,10
2021-04-30T23:59:59+02:00,10,3,3626,3874,8573,10988,10118,14506,13089,20204,19282,23071,39574,43832,32733,42077,11053,21022,757,936,1919,3207,2524,5133,3552,7566,5263,7076,5196,5141,10027,13520,10471,19831,191611,88872,27645,12660,98344,561,19,16,10
2021-04-29T23:59:59+02:00,10,3,3359,3700,8138,10716,9570,14221,12592,19839,18547,22342,36512,40379,32471,41712,11042,20986,744,922,1871,3146,2475,5067,3486,7425,5172,6977,5156,5106,10004,13477,10469,19825,186059,88665,21808,12505,98239,127,18,15,10
2021-04-28T23:59:59+02:00,10,3,3194,3634,7871,10606,9174,14048,12214,19605,18063,21907,32718,36061,32253,41410,11029,20964,727,906,1845,3107,2430,5018,3448,7367,5106,6913,5092,5044,9953,13418,10466,19815,174888,88451,21654,12066,98194,119,13,15,9
2021-04-27T23:59:59+02:00,9,3,3113,3568,7614,10477,8822,13874,11730,19380,17585,21416,27149,29867,31876,40902,11008,20931,717,892,1813,3070,2394,4972,3394,7308,5051,6837,5042,4974,9918,13365,10462,19806,159533,88238,21632,11643,98131,116,13,15,8
2021-04-26T23:59:59+02:00,9,3,3057,3533,7470,10412,8655,13814,11500,19313,17060,21030,27114,29833,31862,40887,11008,20931,694,860,1745,3011,2327,4917,3327,7218,4953,6732,4943,4899,9837,13281,10460,19803,158949,88105,21413,10768,97102,116,13,14,8
2021-04-25T23:59:59+02:00,9,3,3019,3517,7310,10361,8419,13764,11168,19270,16228,20559,25559,28172,31808,40823,11008,20928,694,859,1739,3006,2320,4914,3321,7210,4949,6723,4940,4894,9829,13270,10460,19803,158465,88082,21403,10731,92030,100,13,14,8
2021-04-24T23:59:59+02:00,9,3,3015,3511,7295,10347,8407,13756,11154,19260,16208,20541,25514,28109,31805,40817,11007,20927,694,859,1739,3005,2320,4914,3320,7210,4949,6723,4940,4893,9827,13269,10460,19803,158256,88076,21399,10731,92003,100,13,14,8
2021-04-23T23:59:59+02:00,9,3,2998,3494,7254,10305,8360,13714,11087,19201,16147,20476,25093,27605,31772,40761,11004,20924,684,851,1721,2996,2304,4885,3269,7172,4849,6626,4801,4770,9656,13070,10454,19788,157068,87783,21262,9997,91850,99,13,14,7
2021-04-22T23:59:59+02:00,8,3,2919,3415,7061,10120,7819,13306,9879,18404,14591,19430,23078,25171,31559,40491,10985,20894,619,801,1607,2883,2177,4720,3109,7000,4665,6426,4644,4596,9143,12412,10417,19709,152260,85864,15961,8967,90886,80,13,13,7
2021-04-21T23:59:59+02:00,8,3,2866,3366,6937,10032,7609,13151,9511,18163,14120,18982,20562,22033,31259,40101,10965,20868,571,777,1527,2804,2090,4629,2982,6857,4502,6261,4460,4416,8570,11644,10371,19616,145246,84059,15189,7929,90076,72,13,12,7
2021-04-20T23:59:59+02:00,8,3,2826,3327,6831,9943,7472,13041,9259,17945,13627,18590,17166,17967,30945,39627,10948,20832,541,742,1454,2740,2004,4550,2881,6736,4367,6100,4271,4221,7704,10428,10301,19464,136383,81127,14945,7295,89004,67,13,12,5
2021-04-19T23:59:59+02:00,8,3,2812,3318,6783,9903,7419,13005,9184,17871,13490,18474,16833,17586,30910,39588,10946,20827,482,702,1334,2645,1905,4452,2749,6578,4169,5909,4016,3919,5850,7992,10082,19059,136059,75254,14749,6511,88127,63,13,12,5
2021-04-18T23:59:59+02:00,8,3,2796,3304,6705,9877,7314,12954,8987,17804,12652,18344,15421,16180,30842,39525,10942,20820,476,696,1324,2637,1890,4441,2716,6549,4108,5859,3940,3848,5436,7361,10035,18975,135837,73755,14606,6462,84010,59,13,12,5
2021-04-17T23:59:59+02:00,8,3,2786,3300,6688,9854,7284,12933,8955,17765,12619,18324,15369,16130,30788,39453,10941,20820,476,693,1324,2636,1889,4437,2712,6544,4105,5855,3939,3846,5431,7360,10034,18974,135483,73719,14605,6462,83907,59,13,12,5
2021-04-16T23:59:59+02:00,8,3,2773,3286,6654,9839,7233,12894,8880,17713,12511,18221,15121,15848,30270,38804,10938,20812,476,690,1319,2631,1880,4435,2706,6538,4097,5847,3933,3840,5414,7331,10032,18972,133954,73618,14598,6451,83232,57,13,11,5
2021-04-15T23:59:59+02:00,8,3,2719,3231,6523,9741,7044,12715,8537,17440,12036,17755,14061,14625,28146,35995,10919,20789,467,684,1315,2605,1865,4412,2683,6510,4054,5794,3877,3766,5382,7279,10024,18959,128022,73301,14322,6313,79920,48,12,11,5
2021-04-14T23:59:59+02:00,7,1,2663,3180,6429,9647,6898,12554,8263,17172,11603,17292,12879,13241,23426,29913,10897,20733,463,677,1300,2595,1852,4394,2661,6485,4011,5757,3830,3714,5320,7224,9994,18921,115617,73000,14290,6159,76869,25,12,10,5
2021-04-13T23:59:59+02:00,7,1,2610,3145,6301,9562,6746,12419,7985,16921,11178,16867,10215,10315,20336,25738,10874,20689,447,653,1253,2552,1801,4332,2553,6384,3829,5595,3616,3529,5171,7085,9985,18898,107167,72652,14095,4996,70625,21,12,10,5
2021-04-12T23:59:59+02:00,7,1,2589,3131,6241,9533,6639,12333,7793,16792,10930,16659,8852,8824,19515,24763,10872,20680,441,644,1234,2536,1785,4308,2519,6344,3778,5543,3552,3481,5136,7044,9980,18876,107041,72512,14040,4658,65051,17,12,10,5
2021-04-11T23:59:59+02:00,7,1,2560,3121,6145,9507,6524,12296,7628,16741,10730,16555,7576,7547,17784,22786,10870,20677,441,644,1233,2534,1785,4307,2519,6344,3774,5538,3547,3480,5130,7042,9980,18876,106971,72501,14034,4646,58029,14,11,10,5
2021-04-10T23:59:59+02:00,7,1,2559,3119,6136,9502,6515,12291,7622,16736,10723,16547,7567,7535,17774,22779,10870,20677,441,640,1231,2531,1784,4304,2517,6340,3771,5537,3538,3466,5122,7028,9980,18876,106886,72441,14034,4639,58020,14,10,10,5
2021-04-09T23:59:59+02:00,7,1,2497,3021,6001,9295,6361,12028,7363,16328,10411,16052,7409,7330,17658,22599,10869,20675,436,635,1213,2518,1759,4286,2484,6290,3692,5456,3420,3356,4981,6933,9975,18874,106412,72354,14005,3930,55468,12,10,10,5
2021-04-08T23:59:59+02:00,7,1,2419,2949,5906,9176,6258,11898,7192,16143,10155,15863,7212,7070,16390,21140,10858,20644,429,629,1199,2484,1733,4249,2457,6217,3638,5390,3341,3309,4900,6828,9953,18828,102752,71899,13651,3662,54858,11,10,10,5
2021-04-07T23:59:59+02:00,7,1,2392,2913,5834,9104,6169,11823,7059,16043,9912,15712,6914,6744,14062,18187,10837,20597,423,628,1188,2471,1720,4225,2443,6177,3570,5331,3269,3256,4841,6766,9944,18799,96579,71613,13490,3416,54222,10,10,9,5
2021-04-06T23:59:59+02:00,7,1,2375,2881,5737,9037,6079,11744,6905,15930,9672,15530,6558,6380,11955,15569,10810,20538,420,621,1180,2444,1709,4202,2417,6139,3505,5267,3183,3206,4795,6713,9938,18781,91526,71369,13190,3131,52975,10,8,9,5
2021-04-05T23:59:59+02:00,7,1,2367,2871,5719,9020,6068,11725,6892,15911,9652,15504,6434,6280,10675,14273,10809,20537,416,614,1176,2429,1703,4186,2401,6107,3472,5226,3154,3169,4774,6668,9931,18763,91443,71177,13154,2994,50132,9,7,9,5
2021-04-04T23:59:59+02:00,7,1,2367,2871,5716,9016,6066,11725,6890,15911,9650,15503,6429,6276,10675,14271,10809,20537,416,613,1176,2428,1703,4186,2400,6107,3472,5226,3153,3169,4772,6668,9930,18762,91434,71170,13151,2993,50119,9,7,9,5
2021-04-03T23:59:59+02:00,7,1,2365,2864,5709,9008,6060,11721,6887,15907,9647,15500,6426,6271,10668,14268,10809,20537,416,613,1176,2428,1703,4186,2400,6107,3472,5225,3153,3169,4772,6668,9930,18762,91377,71169,13149,2993,50113,9,7,9,5
2021-04-02T23:59:59+02:00,7,1,2362,2862,5703,9001,6058,11718,6883,15906,9643,15498,6422,6264,10653,14239,10808,20536,414,611,1175,2428,1702,4185,2399,6107,3471,5218,3128,3152,4762,6659,9930,18762,91291,71093,13146,2992,50112,9,7,8,5
2021-04-01T23:59:59+02:00,7,1,2341,2859,5672,8971,6015,11675,6840,15851,9588,15442,6328,6167,10356,13890,10785,20486,412,595,1172,2422,1695,4174,2384,6090,3445,5197,3063,3103,4699,6583,9852,18644,90297,70524,13123,2989,49840,9,6,8,5
2021-03-31T23:59:59+02:00,7,1,2307,2832,5597,8904,5946,11581,6738,15739,9454,15308,6185,6024,9803,13142,10738,20392,407,589,1166,2411,1689,4158,2377,6077,3425,5163,3031,3070,4649,6524,9794,18542,88306,70070,12907,2987,49472,9,5,8,4
2021-03-30T23:59:59+02:00,7,1,2287,2815,5550,8847,5883,11507,6666,15640,9356,15164,5997,5810,8889,11795,10660,20207,405,586,1162,2407,1676,4141,2359,6055,3391,5118,2972,3001,4558,6426,9662,18301,85209,69362,12527,2846,49336,9,3,6,3
2021-03-29T23:59:59+02:00,6,1,2220,2760,5448,8735,5774,11360,6498,15409,9121,14909,5637,5435,6933,9263,10433,19777,398,582,1151,2396,1663,4129,2334,6028,3361,5062,2902,2935,4437,6321,9454,17961,79087,68393,11718,2709,48906,9,3,5,3
2021-03-28T23:59:59+02:00,6,1,2198,2747,5404,8675,5698,11282,6411,15323,9003,14789,5511,5282,6286,8325,10366,19658,389,576,1136,2380,1638,4102,2287,5968,3305,4971,2818,2855,4325,6183,9379,17821,76774,67941,11459,2184,48724,5,3,5,3
2021-03-27T23:59:59+01:00,6,1,2198,2740,5395,8669,5694,11267,6396,15301,8992,14777,5483,5255,6275,8321,10366,19656,389,576,1134,2379,1637,4097,2283,5965,3296,4964,2813,2852,4309,6159,9297,17672,76666,67631,11459,2183,48659,5,3,5,3
2021-03-26T23:59:59+01:00,6,1,2182,2719,5358,8630,5655,11217,6319,15231,8842,14626,5318,5106,6105,8140,10363,19646,385,568,1127,2366,1621,4068,2255,5929,3262,4910,2752,2788,4121,5900,8582,16474,76319,64955,10621,2145,48516,5,3,5,3
2021-03-25T23:59:59+01:00,6,0,2066,2639,5181,8416,5454,10941,6111,14930,8601,14339,5155,4953,6008,8019,10361,19638,376,554,1108,2340,1599,4038,2209,5871,3188,4831,2653,2681,3744,5406,7419,14702,75864,60790,9669,1923,47278,4,2,5,3
2021-03-24T23:59:59+01:00,6,0,1980,2590,5030,8254,5293,10746,5945,14691,8394,14107,5015,4794,5893,7901,10355,19627,372,543,1095,2312,1567,3983,2150,5806,3099,4731,2516,2566,3313,4789,6003,12454,75482,55721,8503,1572,46629,4,2,5,3
2021-03-23T23:59:59+01:00,6,0,1903,2539,4919,8131,5194,10603,5824,14499,8277,13938,4931,4708,5826,7841,10348,19608,361,518,1076,2277,1534,3925,2106,5716,3017,4639,2428,2472,2860,4145,4050,9176,75086,48871,7755,1424,46247,3,2,5,3
2021-03-22T23:59:59+01:00,6,0,1841,2476,4782,7996,5061,10426,5665,14266,8085,13725,4824,4593,5756,7734,10330,19563,334,501,1047,2239,1489,3851,2040,5605,2915,4488,2314,2320,2328,3450,1457,4928,74578,40116,6720,1186,45824,1,2,5,3
2021-03-21T23:59:59+01:00,6,0,1839,2470,4771,7982,5047,10416,5649,14249,8055,13700,4802,4578,5739,7721,10325,19562,333,501,1042,2225,1480,3822,2022,5567,2890,4438,2273,2271,2286,3409,1440,4882,74554,39974,6667,903,45683,1,2,5,3
2021-03-20T23:59:59+01:00,6,0,1839,2470,4770,7981,5046,10414,5648,14248,8047,13694,4801,4577,5731,7713,10325,19562,333,500,1042,2225,1480,3822,2022,5567,2888,4437,2272,2268,2286,3409,1439,4882,74542,39970,6667,898,45656,1,2,5,3
2021-03-19T23:59:59+01:00,6,0,1787,2226,4261,6698,4638,9431,5377,13691,7825,13292,4675,4479,5662,7646,10324,19562,332,500,1042,2225,1480,3821,2021,5566,2887,4437,2270,2267,2280,3403,1437,4880,74481,39953,6656,891,40436,1,2,5,3
2021-03-18T23:59:59+01:00,6,0,1732,1972,3847,5642,4109,8053,4561,11150,6466,9960,4305,4179,5456,7423,10303,19523,331,497,1035,2212,1473,3796,1994,5527,2862,4413,2249,2251,2255,3374,1432,4871,74046,39761,6591,807,28043,1,2,5,3
2021-03-17T23:59:59+01:00,6,0,1726,1964,3836,5616,4092,8023,4537,11086,6415,9886,4266,4132,5413,7377,10295,19495,328,496,1031,2204,1467,3787,1987,5512,2852,4387,2222,2222,2233,3359,1425,4855,73776,39604,6527,758,27855,1,2,5,3
2021-03-16T23:59:59+01:00,6,0,1703,1930,3777,5535,4023,7917,4410,10924,6208,9688,4043,3942,5270,7218,10288,19471,325,492,1030,2185,1462,3774,1978,5497,2843,4367,2213,2207,2220,3329,1416,4824,73461,39429,5253,728,27632,1,2,5,3
2021-03-15T23:59:59+01:00,6,0,1693,1910,3753,5499,3998,7880,4359,10855,6129,9602,3956,3875,5214,7156,10279,19444,322,488,1021,2169,1454,3768,1962,5461,2825,4339,2198,2175,2195,3264,1405,4785,73229,39208,4888,620,27486,1,0,5,3
2021-03-14T23:59:59+01:00,6,0,1687,1900,3744,5489,3993,7863,4350,10823,6120,9579,3948,3865,5209,7148,10278,19442,322,488,1019,2169,1449,3765,1959,5459,2807,4333,2192,2172,2184,3253,1400,4783,73194,39200,4870,551,27375,1,0,5,3
2021-03-13T23:59:59+01:00,6,0,1683,1894,3729,5466,3986,7853,4330,10812,6106,9563,3945,3862,5206,7145,10278,19442,322,488,1019,2169,1449,3765,1959,5458,2807,4332,2191,2171,2184,3251,1391,4778,73169,39180,4865,551,27267,1,0,5,3
2021-03-12T23:59:59+01:00,5,0,1646,1837,3221,5319,3473,7738,4196,10687,5880,9272,3774,3715,5063,7032,10252,19394,317,466,1015,2139,1441,3742,1940,5387,2754,4248,2012,2016,2124,3203,1384,4772,72951,38415,4130,543,25418,0,0,5,3
2021-03-11T23:59:59+01:00,5,0,1538,1699,2840,5062,3036,7481,3916,10274,5250,8378,3544,3539,4955,6911,10212,19338,316,465,1012,2126,1438,3722,1933,5368,2745,4231,2005,2008,2109,3186,1379,4752,72369,38290,3864,503,21740,0,0,5,3
2021-03-10T23:59:59+01:00,5,0,1508,1666,2801,5018,2998,7422,3859,10187,5141,8261,3419,3433,4837,6796,10164,19271,314,464,1011,2123,1435,3711,1929,5355,2733,4211,1986,2000,2082,3153,1369,4737,71951,38205,3532,406,21298,0,0,5,3
2021-03-09T23:59:59+01:00,5,0,1499,1650,2764,4991,2976,7378,3820,10128,5059,8182,3318,3347,4754,6707,10055,19059,311,463,1007,2117,1428,3698,1903,5333,2691,4181,1943,1975,2028,3124,1357,4727,71347,38175,3260,109,21080,0,0,5,3
2021-03-08T23:59:59+01:00,5,0,1484,1635,2735,4962,2948,7347,3797,10080,5035,8120,3276,3307,4677,6643,9874,18754,310,463,1005,2113,1420,3682,1886,5299,2672,4153,1924,1956,2001,3101,1350,4708,70542,38024,3251,17,20881,0,0,5,3
2021-03-07T23:59:59+01:00,5,0,1471,1625,2706,4918,2914,7299,3762,10019,4992,8059,3241,3273,4611,6541,9797,18609,310,462,1004,2112,1419,3676,1883,5289,2671,4148,1920,1953,1997,3097,1346,4699,70002,37969,3197,15,20638,0,0,5,3
2021-03-06T23:59:59+01:00,5,0,1470,1623,2700,4907,2911,7290,3754,10012,4974,8043,3231,3263,4588,6502,9706,18436,310,462,1002,2109,1419,3674,1877,5280,2669,4146,1915,1946,1992,3095,1345,4696,69605,37921,3197,15,20608,0,0,5,2
2021-03-05T23:59:59+01:00,5,0,1396,1546,2602,4746,2854,7132,3669,9805,4873,7847,3181,3203,4369,6213,8988,17226,310,462,1000,2107,1415,3669,1875,5279,2666,4140,1907,1942,1987,3092,1340,4692,66918,37867,3194,15,19538,0,0,5,2
2021-03-04T23:59:59+01:00,5,0,1222,1440,2435,4547,2685,6861,3501,9461,4616,7505,3065,3076,4004,5754,7792,15383,309,454,991,2084,1399,3629,1847,5226,2638,4093,1879,1917,1954,3037,1312,4646,62654,37399,3191,15,17502,0,0,5,2
2021-03-03T23:59:59+01:00,5,0,1188,1387,2357,4439,2625,6738,3415,9294,4518,7362,2978,3006,3622,5149,6373,13147,305,445,979,2062,1387,3601,1833,5176,2583,4038,1829,1881,1926,3004,1296,4617,57509,36946,3163,15,16927,0,0,4,2
2021-03-02T23:59:59+01:00,5,0,1155,1349,2296,4381,2576,6645,3333,9171,4381,7213,2864,2881,3133,4477,4323,9736,300,436,974,2035,1374,3558,1818,5121,2551,4011,1819,1865,1906,2975,1283,4589,50360,36599,2913,15,16643,0,0,3,2
2021-03-01T23:59:59+01:00,5,0,1096,1320,2234,4319,2503,6558,3239,9043,4239,7025,2733,2745,2559,3728,1545,5194,299,433,967,2023,1363,3540,1810,5106,2538,3995,1801,1854,1890,2956,1272,4560,41151,36391,2521,15,16410,0,0,3,2
2021-02-28T23:59:59+01:00,5,0,1062,1306,2193,4283,2473,6513,3191,8986,4177,6966,2668,2697,2510,3697,1537,5174,299,432,964,2017,1361,3527,1807,5092,2532,3987,1794,1843,1877,2944,1264,4546,41054,36270,2229,15,16152,0,0,3,2
2021-02-27T23:59:59+01:00,5,0,1021,1223,2125,4041,2416,6279,3128,8688,4087,6713,2613,2640,2490,3673,1534,5174,299,432,963,2017,1361,3527,1807,5091,2531,3987,1794,1842,1875,2944,1264,4546,40947,36264,2228,15,14672,0,0,3,2
2021-02-26T23:59:59+01:00,4,0,855,971,1927,3652,2254,5620,2913,7774,3778,5926,2565,2586,2471,3658,1530,5172,299,432,963,2014,1359,3525,1805,5090,2529,3986,1794,1839,1868,2943,1262,4539,40930,36231,2139,15,10584,0,0,3,2
2021-02-25T23:59:59+01:00,4,0,519,814,1649,3453,2074,5314,2717,7377,3551,5625,2483,2506,2430,3597,1526,5157,289,411,938,1964,1329,3455,1774,5009,2500,3922,1769,1811,1828,2897,1234,4498,40734,35615,1877,12,8183,0,0,2,2
2021-02-24T23:59:59+01:00,3,0,498,796,1614,3357,2012,5183,2657,7195,3485,5484,2415,2459,2394,3568,1516,5121,280,407,923,1932,1315,3401,1761,4948,2476,3878,1758,1793,1819,2878,1222,4467,40541,35253,1706,4,7508,0,0,2,2
2021-02-23T23:59:59+01:00,3,0,478,759,1554,3255,1957,5042,2579,7063,3400,5379,2355,2401,2355,3509,1501,5086,278,403,918,1917,1308,3370,1752,4916,2455,3846,1738,1773,1799,2842,1206,4411,40386,34928,1433,3,6855,0,0,2,2
2021-02-22T23:59:59+01:00,2,0,462,728,1500,3155,1918,4903,2520,6844,3339,5235,2345,2303,2339,3429,1495,5041,277,400,915,1905,1300,3343,1735,4880,2440,3816,1719,1754,1771,2811,1191,4362,40169,34617,1168,1,6219,0,0,2,2
2021-02-21T23:59:59+01:00,2,0,454,690,1442,3011,1870,4753,2467,6684,3257,5132,2309,2270,2311,3409,1485,5035,277,399,912,1897,1299,3334,1730,4870,2436,3807,1717,1751,1770,2809,1191,4361,40125,34558,935,1,5519,0,0,2,2
2021-02-20T23:59:59+01:00,2,0,450,684,1434,3007,1865,4753,2464,6681,3252,5128,2306,2269,2311,3408,1483,5035,277,399,912,1896,1299,3333,1730,4870,2435,3806,1716,1750,1767,2809,1190,4359,40120,34546,930,1,5480,0,0,2,2
2021-02-19T23:59:59+01:00,1,0,428,647,1405,2945,1838,4698,2423,6581,3165,5010,2126,2106,2247,3359,1478,5029,275,398,910,1894,1298,3332,1730,4865,2432,3805,1715,1749,1765,2808,1190,4358,39368,34523,910,1,5206,0,0,2,1
2021-02-18T23:59:59+01:00,1,0,402,590,1301,2705,1735,4456,2285,6319,3063,4829,2097,2090,2231,3342,1473,5018,275,392,902,1861,1289,3292,1712,4817,2413,3767,1704,1738,1748,2796,1178,4338,39291,34221,836,1,3808,0,0,2,1
2021-02-17T23:59:59+01:00,1,0,386,558,1263,2573,1678,4281,2215,6078,3004,4679,2078,2071,2207,3322,1459,5008,265,375,866,1775,1246,3163,1652,4658,2337,3632,1625,1669,1672,2685,1125,4216,39134,32961,785,0,2940,0,0,2,1
2021-02-16T23:59:59+01:00,1,0,368,528,1209,2454,1628,4147,2136,5893,2924,4543,2069,2066,2199,3315,1454,4996,258,358,845,1694,1191,3027,1590,4455,2266,3454,1574,1615,1608,2584,1093,4080,39073,31692,754,0,2101,0,0,2,1
2021-02-15T23:59:59+01:00,1,0,358,506,1137,2312,1583,4074,2104,5839,2896,4502,2050,2050,2174,3284,1446,4975,252,339,822,1649,1159,2951,1534,4318,2193,3334,1498,1551,1550,2472,1046,3892,38965,30560,639,0,1685,0,0,2,1
2021-02-14T23:59:59+01:00,1,0,349,500,1113,2257,1520,3913,2063,5747,2865,4463,2044,2047,2162,3274,1443,4968,246,334,804,1621,1143,2912,1492,4266,2155,3304,1482,1530,1525,2435,1029,3846,38946,30124,570,0,1211,0,0,2,1
2021-02-13T23:59:59+01:00,1,0,349,500,1112,2257,1520,3912,2061,5746,2865,4463,2043,2045,2161,3274,1442,4965,246,334,804,1621,1143,2912,1491,4264,2155,3304,1480,1527,1524,2434,1029,3845,38935,30113,570,0,1210,0,0,1,1
2021-02-12T23:59:59+01:00,1,0,342,497,1094,2249,1515,3899,2056,5738,2862,4457,2029,2035,2155,3261,1437,4962,244,333,798,1616,1137,2903,1476,4246,2137,3291,1467,1511,1509,2402,1022,3808,38869,29900,562,0,1157,0,0,1,1
2021-02-11T23:59:59+01:00,1,0,320,473,1031,2154,1462,3772,1962,5474,2777,4338,1998,2002,2115,3193,1407,4904,224,305,748,1512,1057,2679,1353,3889,1951,2985,1278,1302,1336,2124,909,3439,38470,27091,525,0,387,0,0,1,1
2021-02-10T23:59:59+01:00,1,0,314,464,1009,2114,1423,3694,1908,5313,2684,4158,1927,1953,2067,3151,1386,4878,199,260,654,1324,929,2297,1167,3287,1707,2566,1115,1125,1186,1873,792,3076,38057,23557,385,0,1,0,0,1,1
2021-02-09T23:59:59+01:00,1,0,308,453,1001,2083,1408,3642,1864,5246,2618,4103,1869,1913,1995,3096,1365,4856,166,200,555,1062,781,1853,962,2678,1437,2153,963,964,988,1583,668,2629,37755,19642,64,0,1,0,0,1,1
2021-02-08T23:59:59+01:00,1,0,306,451,998,2076,1397,3626,1856,5223,2598,4086,1855,1902,1976,3078,1358,4831,116,165,456,848,617,1436,764,2029,1159,1667,771,788,786,1249,531,2147,37597,15529,19,0,1,0,0,1,1
2021-02-07T23:59:59+01:00,1,0,306,451,997,2075,1396,3621,1853,5220,2591,4083,1849,1893,1960,3070,1353,4823,106,146,407,703,543,1261,686,1814,1062,1520,694,707,705,1125,455,1908,37525,13842,16,0,0,0,0,1,1
2021-02-06T23:59:59+01:00,1,0,306,451,996,2074,1396,3618,1853,5218,2591,4080,1849,1892,1955,3068,1350,4821,105,145,402,700,538,1237,670,1795,1051,1498,691,703,700,1121,454,1904,37502,13715,16,0,0,0,0,1,0
2021-02-05T23:59:59+01:00,1,0,306,450,994,2071,1392,3609,1849,5204,2585,4074,1848,1891,1947,3060,1340,4807,101,137,387,682,521,1208,638,1743,1001,1435,654,653,651,1047,427,1811,37411,13097,16,0,0,0,0,1,0
2021-02-04T23:59:59+01:00,1,0,299,433,983,2040,1373,3556,1830,5127,2570,4026,1832,1870,1920,3025,1320,4774,76,106,286,461,361,817,455,1180,689,976,508,477,506,827,338,1451,36962,9515,16,0,0,0,0,1,0
2021-02-03T23:59:59+01:00,1,0,295,424,965,2014,1357,3518,1816,5078,2536,3983,1812,1847,1905,3001,1306,4757,60,82,239,393,291,638,347,922,531,729,340,331,368,586,246,1063,36598,7167,16,0,0,0,0,1,0
2021-02-02T23:59:59+01:00,1,0,290,417,959,1986,1349,3485,1805,5031,2513,3948,1794,1831,1877,2959,1284,4706,39,63,183,311,243,486,265,738,383,561,236,214,234,391,167,699,36218,5213,16,0,0,0,0,1,0
2021-02-01T23:59:59+01:00,1,0,289,414,954,1978,1346,3469,1797,5010,2504,3929,1786,1820,1862,2944,1279,4692,19,39,136,225,167,312,169,490,240,324,119,109,102,189,77,314,36057,3031,16,0,0,0,0,1,0
2021-01-31T23:59:59+01:00,1,0,288,413,952,1971,1343,3460,1794,4991,2500,3914,1782,1812,1858,2936,1276,4682,18,34,118,197,150,270,152,411,203,279,100,95,94,161,69,274,35956,2625,16,0,0,0,0,1,0
2021-01-30T23:59:59+01:00,1,0,288,413,952,1971,1343,3460,1794,4991,2500,3914,1781,1812,1858,2935,1276,4681,18,34,117,197,150,267,149,408,202,278,99,94,94,161,69,274,35953,2611,16,0,0,0,0,1,0
2021-01-29T23:59:59+01:00,1,0,286,410,951,1969,1342,3452,1788,4982,2497,3911,1775,1805,1849,2923,1269,4659,16,33,116,188,141,259,137,380,170,251,72,70,84,139,62,238,35852,2356,16,0,0,0,0,1,0
2021-01-28T23:59:59+01:00,1,0,282,402,932,1915,1318,3388,1763,4920,2469,3849,1753,1785,1817,2892,1251,4622,0,0,10,19,8,19,11,45,8,22,6,4,7,10,3,15,35343,187,15,0,0,0,0,1,0
2021-01-27T23:59:59+01:00,1,0,276,384,899,1834,1283,3274,1702,4797,2409,3749,1696,1736,1772,2824,1212,4533,0,0,4,6,5,11,7,19,4,12,5,4,7,10,3,14,34369,111,11,0,0,0,0,1,0
2021-01-26T23:59:59+01:00,1,0,271,374,889,1820,1269,3235,1685,4741,2379,3682,1663,1704,1733,2752,1194,4442,0,0,4,6,5,11,7,19,4,12,5,4,7,10,3,14,33826,111,7,0,0,0,0,1,0
2021-01-25T23:59:59+01:00,1,0,261,350,847,1701,1199,3071,1594,4470,2273,3474,1602,1651,1676,2664,1143,4256,0,0,1,3,1,3,4,2,4,5,5,4,6,9,2,14,32229,63,3,0,0,0,0,1,0
2021-01-24T23:59:59+01:00,1,0,258,347,836,1681,1189,3049,1563,4437,2247,3453,1591,1642,1664,2652,1137,4248,0,0,1,2,1,3,4,2,4,5,5,4,6,9,2,14,31991,62,3,0,0,0,0,1,0
2021-01-23T23:59:59+01:00,1,0,258,347,836,1681,1188,3048,1563,4433,2246,3452,1590,1642,1663,2651,1136,4243,0,0,1,2,1,3,4,2,4,5,5,4,6,9,2,14,31974,62,3,0,0,0,0,1,0
2021-01-22T23:59:59+01:00,1,0,257,345,830,1678,1184,3043,1560,4426,2234,3447,1578,1630,1657,2632,1130,4221,0,0,1,2,1,3,4,2,4,5,5,4,6,9,2,14,31849,62,3,0,0,0,0,1,0
2021-01-21T23:59:59+01:00,1,0,246,335,803,1612,1159,2916,1504,4264,2154,3312,1479,1526,1520,2464,1046,4031,0,0,1,2,1,3,4,2,4,5,4,3,5,9,1,14,30368,58,3,0,0,0,0,1,0
2021-01-20T23:59:59+01:00,1,0,224,292,730,1456,1068,2602,1370,3806,1980,2956,1357,1379,1398,2264,969,3790,0,0,1,2,1,3,4,2,3,5,4,3,5,9,1,14,27639,57,2,0,0,0,0,1,0
2021-01-19T23:59:59+01:00,1,0,193,235,630,1207,924,2157,1149,3191,1692,2525,1173,1176,1162,1921,807,3220,0,0,1,1,1,2,4,1,2,5,4,3,5,9,1,14,23360,53,2,0,0,0,0,1,0
2021-01-18T23:59:59+01:00,1,0,136,185,498,946,713,1642,882,2324,1316,1913,912,944,928,1515,629,2570,0,0,0,0,0,0,0,0,1,2,2,1,0,0,0,0,18052,6,1,0,0,0,0,1,0
2021-01-17T23:59:59+01:00,1,0,122,159,439,776,628,1419,781,2071,1201,1723,845,864,843,1376,555,2346,0,0,0,0,0,0,0,0,0,1,0,0,0,0,0,0,16148,1,0,0,0,0,0,1,0
2021-01-16T23:59:59+01:00,1,0,121,158,435,775,626,1411,771,2067,1192,1716,843,859,838,1365,547,2330,0,0,0,0,0,0,0,0,0,0,0,0,0,0,0,0,16055,0,0,0,0,0,0,0,0
2021-01-15T23:59:59+01:00,1,0,110,151,423,754,599,1373,739,1989,1130,1634,799,806,791,1276,516,2206,0,0,0,0,0,0,0,0,0,0,0,0,0,0,0,0,15297,0,0,0,0,0,0,0,0
2021-01-14T23:59:59+01:00,1,0,76,112,302,488,398,888,511,1281,774,1073,585,559,577,943,399,1684,0,0,0,0,0,0,0,0,0,0,0,0,0,0,0,0,10651,0,0,0,0,0,0,0,0
2021-01-13T23:59:59+01:00,1,0,59,85,250,410,322,671,379,981,567,765,369,355,392,638,284,1174,0,0,0,0,0,0,0,0,0,0,0,0,0,0,0,0,7702,0,0,0,0,0,0,0,0
2021-01-12T23:59:59+01:00,0,0,48,69,204,351,258,544,279,807,412,599,248,226,244,425,190,786,0,0,0,0,0,0,0,0,0,0,0,0,0,0,0,0,5690,0,0,0,0,0,0,0,0
2021-01-11T23:59:59+01:00,0,0,32,51,177,301,211,442,220,648,302,422,151,131,140,259,105,452,0,0,0,0,0,0,0,0,0,0,0,0,0,0,0,0,4044,0,0,0,0,0,0,0,0
2021-01-10T23:59:59+01:00,0,0,24,42,155,252,182,365,179,537,252,361,130,110,125,214,93,362,0,0,0,0,0,0,0,0,0,0,0,0,0,0,0,0,3383,0,0,0,0,0,0,0,0
2021-01-09T23:59:59+01:00,0,0,24,42,154,250,181,362,177,531,251,360,129,109,125,214,93,362,0,0,0,0,0,0,0,0,0,0,0,0,0,0,0,0,3364,0,0,0,0,0,0,0,0
2021-01-08T23:59:59+01:00,0,0,22,40,152,241,173,352,164,500,221,334,105,93,119,198,86,335,0,0,0,0,0,0,0,0,0,0,0,0,0,0,0,0,3135,0,0,0,0,0,0,0,0
2021-01-07T23:59:59+01:00,0,0,1,0,4,9,8,14,10,7,18,11,10,11,14,21,3,35,0,0,0,0,0,0,0,0,0,0,0,0,0,0,0,0,176,0,0,0,0,0,0,0,0
2021-01-06T23:59:59+01:00,0,0,0,0,1,3,1,6,5,2,4,6,6,4,7,10,1,16,0,0,0,0,0,0,0,0,0,0,0,0,0,0,0,0,72,0,0,0,0,0,0,0,0
2021-01-05T23:59:59+01:00,0,0,0,0,1,3,1,5,5,2,4,5,6,4,6,10,1,15,0,0,0,0,0,0,0,0,0,0,0,0,0,0,0,0,68,0,0,0,0,0,0,0,0
2021-01-04T23:59:59+01:00,0,0,0,0,1,3,1,4,4,2,4,5,6,4,5,9,1,15,0,0,0,0,0,0,0,0,0,0,0,0,0,0,0,0,64,0,0,0,0,0,0,0,0
2021-01-03T23:59:59+01:00,0,0,0,0,1,2,1,4,4,2,4,5,5,4,5,9,1,15,0,0,0,0,0,0,0,0,0,0,0,0,0,0,0,0,62,0,0,0,0,0,0,0,0
2021-01-02T23:59:59+01:00,0,0,0,0,1,2,1,4,4,2,4,5,5,4,5,9,1,15,0,0,0,0,0,0,0,0,0,0,0,0,0,0,0,0,62,0,0,0,0,0,0,0,0
2021-01-01T23:59:59+01:00,0,0,0,0,1,2,1,3,4,2,4,5,5,4,5,9,1,15,0,0,0,0,0,0,0,0,0,0,0,0,0,0,0,0,61,0,0,0,0,0,0,0,0
2020-12-31T23:59:59+01:00,0,0,0,0,1,2,1,3,4,2,4,5,5,4,5,9,1,15,0,0,0,0,0,0,0,0,0,0,0,0,0,0,0,0,61,0,0,0,0,0,0,0,0
2020-12-30T23:59:59+01:00,0,0,0,0,1,2,1,3,4,2,3,5,5,4,5,9,1,15,0,0,0,0,0,0,0,0,0,0,0,0,0,0,0,0,60,0,0,0,0,0,0,0,0
2020-12-29T23:59:59+01:00,0,0,0,0,1,1,1,2,4,1,2,5,5,4,5,9,1,15,0,0,0,0,0,0,0,0,0,0,0,0,0,0,0,0,56,0,0,0,0,0,0,0,0
2020-12-28T23:59:59+01:00,0,0,0,0,1,1,1,1,2,0,1,5,4,1,1,0,0,2,0,0,0,0,0,0,0,0,0,0,0,0,0,0,0,0,20,0,0,0,0,0,0,0,0
2020-12-27T23:59:59+01:00,0,0,0,0,1,1,1,1,2,0,0,3,2,0,1,0,0,2,0,0,0,0,0,0,0,0,0,0,0,0,0,0,0,0,14,0,0,0,0,0,0,0,0
