Datum,<15_1_m,<15_1_w,15-24_1_m,15-24_1_w,25-34_1_m,25-34_1_w,35-44_1_m,35-44_1_w,45-54_1_m,45-54_1_w,55-64_1_m,55-64_1_w,65-74_1_m,65-74_1_w,75-84_1_m,75-84_1_w,>84_1_m,>84_1_w,<15_2_m,<15_2_w,15-24_2_m,15-24_2_w,25-34_2_m,25-34_2_w,35-44_2_m,35-44_2_w,45-54_2_m,45-54_2_w,55-64_2_m,55-64_2_w,65-74_2_m,65-74_2_w,75-84_2_m,75-84_2_w,>84_2_m,>84_2_w,bp_1,bp_2,mo_1,mo_2,az_1,az_2,ja,unb_1,unb_2
2021-11-05T23:59:59+01:00,6321,5940,41751,39735,57044,50856,57202,55257,67543,66851,76337,75979,54525,60159,37550,48583,11719,22338,5262,4911,37627,36128,52887,46959,53815,51879,64248,63593,73852,73567,53324,58770,36781,47485,11369,21600,611877,576992,79426,76643,105599,101630,38759,35,33
2021-11-04T23:59:59+01:00,6208,5802,41250,39288,56497,50416,56778,54929,67150,66559,76138,75850,54492,60113,37538,48553,11714,22331,5208,4850,37434,35998,52694,46821,53649,51764,64099,63484,73756,73504,53295,58745,36768,47471,11360,21595,608350,575944,79360,76620,105598,101629,38269,35,33
2021-11-03T23:59:59+01:00,6174,5760,41156,39225,56391,50326,56692,54852,67081,66496,76093,75808,54482,60094,37530,48538,11709,22327,5166,4818,37364,35936,52647,46776,53607,51709,64058,63444,73714,73471,53279,58721,36759,47452,11357,21587,607520,575348,79346,76615,105596,101626,38243,35,33
2021-11-02T23:59:59+01:00,6128,5711,41031,39119,56240,50209,56578,54749,66956,66419,76022,75748,54455,60070,37516,48525,11708,22317,5098,4751,37237,35790,52504,46634,53497,51593,63975,63348,73632,73386,53235,58681,36741,47420,11355,21577,606342,574000,79321,76583,105596,101626,38212,35,33
2021-11-01T23:59:59+01:00,6046,5633,40549,38758,55728,49864,56222,54502,66679,66219,75884,75660,54421,60044,37509,48518,11705,22310,5065,4710,37099,35679,52376,46543,53384,51512,63880,63290,73571,73343,53222,58668,36732,47405,11352,21570,603407,573283,79298,76542,105596,101624,37919,35,33
2021-10-31T23:59:59+01:00,6045,5633,40544,38752,55725,49861,56217,54498,66676,66216,75882,75658,54421,60044,37509,48518,11705,22310,5065,4710,37097,35676,52376,46542,53382,51511,63879,63290,73571,73343,53222,58668,36732,47405,11352,21570,603376,573276,79295,76542,105596,101624,37916,35,33
2021-10-30T23:59:59+02:00,6041,5631,40541,38752,55718,49858,56216,54496,66674,66215,75882,75656,54421,60044,37509,48518,11705,22310,5065,4710,37097,35676,52376,46541,53381,51510,63878,63289,73571,73343,53221,58668,36732,47405,11352,21570,603350,573271,79295,76542,105596,101624,37915,35,33
2021-10-29T23:59:59+02:00,6038,5626,40523,38736,55704,49840,56199,54487,66655,66208,75865,75650,54418,60041,37508,48517,11701,22310,5063,4707,37088,35665,52375,46536,53377,51505,63875,63283,73563,73335,53216,58667,36731,47402,11351,21569,603196,573202,79291,76539,105596,101622,37912,35,33
2021-10-28T23:59:59+02:00,5943,5529,40016,38389,55250,49514,55802,54192,66315,65988,75699,75542,54380,60012,37497,48491,11698,22301,5004,4662,36913,35550,52217,46423,53238,51400,63728,63204,73482,73288,53191,58641,36717,47384,11349,21562,600152,572253,79252,76518,105593,101621,37528,35,33
2021-10-27T23:59:59+02:00,5918,5508,39965,38329,55180,49459,55745,54143,66251,65961,75673,75523,54364,60000,37491,48480,11697,22295,4980,4636,36862,35510,52167,46389,53207,51364,63684,63153,73447,73262,53169,58621,36711,47373,11346,21551,599593,571758,79243,76506,105593,101615,37520,35,33
2021-10-26T23:59:59+02:00,5870,5474,39857,38235,55079,49357,55672,54076,66184,65894,75621,75482,54349,59984,37479,48464,11694,22291,4927,4593,36759,35368,52072,46304,53140,51282,63631,63092,73387,73210,53136,58600,36697,47348,11340,21538,598694,570779,79242,76498,105593,101614,37500,35,33
2021-10-25T23:59:59+02:00,5808,5406,39627,38002,54798,49157,55420,53915,65967,65751,75518,75404,54327,59953,37472,48454,11694,22288,4914,4584,36703,35307,51986,46252,53072,51243,63584,63052,73342,73179,53127,58584,36691,47343,11338,21535,596870,570470,79242,76496,105593,101614,37223,35,33
2021-10-24T23:59:59+02:00,5778,5377,39543,37918,54721,49080,55364,53877,65920,65725,75497,75385,54322,59944,37467,48451,11693,22284,4881,4568,36641,35245,51942,46208,53038,51202,63547,63023,73320,73147,53119,58571,36680,47335,11336,21533,596269,569989,79240,76489,105593,101614,37211,35,33
2021-10-23T23:59:59+02:00,5778,5377,39542,37918,54719,49080,55362,53875,65920,65725,75497,75385,54322,59943,37467,48451,11693,22284,4881,4568,36641,35244,51942,46208,53038,51201,63547,63023,73320,73147,53119,58571,36680,47335,11336,21533,596261,569987,79240,76489,105593,101614,37211,35,33
2021-10-22T23:59:59+02:00,5775,5372,39516,37900,54700,49067,55351,53868,65906,65712,75488,75377,54318,59940,37467,48449,11692,22284,4876,4559,36625,35230,51930,46189,53030,51190,63531,63016,73306,73138,53109,58564,36679,47332,11335,21531,596129,569838,79229,76488,105592,101612,37199,35,33
2021-10-21T23:59:59+02:00,5698,5293,39264,37706,54431,48879,55142,53716,65724,65589,75390,75320,54299,59920,37454,48432,11688,22275,4792,4487,36400,35025,51747,46031,52861,51059,63400,62894,73222,73079,53084,58529,36667,47314,11331,21525,594416,568368,79195,76451,105592,101611,36984,35,33
2021-10-20T23:59:59+02:00,5676,5279,39230,37680,54411,48858,55127,53688,65698,65564,75365,75302,54291,59908,37445,48417,11687,22268,4773,4468,36381,34995,51725,45999,52837,51029,63377,62872,73197,73052,53067,58506,36662,47301,11328,21518,594102,568024,79189,76441,105592,101611,36978,35,33
2021-10-19T23:59:59+02:00,5642,5250,39177,37646,54374,48820,55091,53658,65666,65532,75340,75274,54275,59887,37437,48402,11683,22264,4750,4446,36326,34948,51684,45948,52804,50990,63340,62838,73159,73012,53054,58482,36642,47286,11323,21508,593638,567490,79183,76437,105592,101608,36972,35,33
2021-10-18T23:59:59+02:00,5608,5222,39039,37515,54253,48723,55010,53576,65601,65494,75284,75240,54265,59871,37430,48389,11681,22263,4683,4385,36178,34804,51560,45827,52722,50899,63293,62777,73100,72964,53029,58447,36631,47268,11318,21502,592782,566456,79172,76405,105592,101608,36885,35,33
2021-10-17T23:59:59+02:00,5602,5214,39028,37504,54239,48707,55006,53566,65596,65483,75277,75236,54262,59867,37427,48387,11681,22259,4673,4374,36158,34775,51539,45804,52706,50877,63279,62760,73082,72950,53018,58435,36625,47261,11317,21493,592663,566206,79172,76399,105592,101607,36881,35,33
2021-10-16T23:59:59+02:00,5602,5214,39027,37504,54237,48706,55005,53564,65596,65483,75277,75236,54262,59867,37427,48387,11681,22259,4670,4371,36153,34771,51535,45801,52702,50873,63277,62756,73080,72949,53017,58434,36624,47260,11317,21491,592659,566164,79172,76399,105592,101607,36878,35,33
2021-10-15T23:59:59+02:00,5597,5211,39010,37491,54221,48695,54999,53559,65579,65477,75270,75224,54254,59865,37423,48380,11680,22259,4662,4369,36141,34769,51529,45794,52697,50867,63272,62749,73076,72943,53013,58430,36621,47259,11317,21490,592530,566101,79172,76397,105592,101600,36867,35,33
2021-10-14T23:59:59+02:00,5539,5154,38875,37372,54086,48594,54907,53476,65510,65394,75204,75168,54219,59842,37412,48359,11671,22239,4546,4253,35859,34441,51310,45569,52546,50695,63127,62604,72981,72866,52957,58383,36597,47228,11312,21481,591479,564013,79154,76358,105592,101588,36763,35,33
2021-10-13T23:59:59+02:00,5499,5120,38840,37329,54052,48558,54881,53441,65485,65369,75184,75142,54207,59830,37405,48351,11667,22235,4515,4226,35819,34402,51285,45528,52511,50660,63093,62568,72949,72838,52934,58367,36588,47205,11311,21470,591073,563587,79141,76321,105592,101572,36756,35,33
2021-10-12T23:59:59+02:00,5465,5097,38767,37285,53992,48489,54840,53393,65452,65335,75147,75103,54192,59812,37395,48335,11661,22225,4495,4201,35764,34352,51240,45474,52477,50625,63058,62527,72912,72794,52909,58338,36565,47181,11305,21457,590477,563011,79139,76317,105592,101569,36744,35,33
2021-10-11T23:59:59+02:00,5410,5046,38605,37153,53858,48376,54736,53311,65378,65276,75100,75074,54180,59794,37384,48324,11659,22221,4403,4120,35537,34136,51053,45286,52343,50491,62963,62415,72827,72730,52870,58300,36550,47153,11300,21444,589536,561422,79137,76315,105592,101564,36587,35,33
2021-10-10T23:59:59+02:00,5391,5036,38559,37114,53817,48335,54715,53280,65361,65257,75084,75053,54177,59789,37380,48321,11658,22215,4384,4113,35503,34115,51032,45260,52325,50474,62953,62403,72814,72716,52866,58291,36545,47143,11297,21440,589210,561201,79134,76307,105592,101560,36573,35,33
2021-10-09T23:59:59+02:00,5391,5036,38559,37114,53817,48335,54715,53280,65361,65257,75084,75053,54177,59789,37380,48321,11658,22215,4384,4113,35502,34115,51032,45260,52325,50474,62951,62403,72814,72716,52866,58291,36545,47143,11297,21440,589210,561200,79134,76306,105592,101559,36573,35,33
2021-10-08T23:59:59+02:00,5383,5023,38541,37096,53804,48319,54708,53276,65350,65249,75071,75044,54175,59786,37378,48316,11657,22214,4377,4104,35488,34096,51020,45245,52320,50463,62942,62396,72808,72710,52864,58289,36543,47139,11297,21438,589070,561083,79134,76304,105592,101558,36561,35,33
2021-10-07T23:59:59+02:00,5315,4939,38365,36944,53678,48194,54596,53174,65252,65159,75003,74995,54156,59749,37354,48292,11650,22201,4226,3935,35112,33747,50772,44935,52121,50195,62746,62200,72639,72552,52797,58219,36516,47089,11284,21413,587761,558850,79104,75536,105590,101551,36528,35,33
2021-10-06T23:59:59+02:00,5279,4911,38320,36903,53646,48157,54552,53137,65203,65124,74976,74972,54137,59735,37347,48276,11644,22192,4206,3918,35071,33711,50750,44906,52100,50172,62717,62185,72614,72535,52775,58189,36497,47069,11277,21401,587282,558470,79099,75535,105590,101548,36507,35,33
2021-10-05T23:59:59+02:00,5247,4886,38239,36829,53581,48094,54500,53072,65140,65066,74933,74925,54099,59706,37328,48245,11634,22159,4175,3889,35004,33641,50703,44843,52065,50128,62664,62147,72574,72495,52743,58151,36467,47016,11269,21378,586528,557787,79080,75534,105590,101546,36452,35,33
2021-10-04T23:59:59+02:00,5185,4829,38023,36659,53409,47978,54385,52969,65072,64994,74867,74877,54069,59672,37313,48227,11625,22144,4063,3753,34701,33292,50457,44600,51880,49952,62503,61995,72459,72398,52686,58090,36412,46960,11257,21359,585438,555537,79070,75534,105589,101546,36167,35,33
2021-10-03T23:59:59+02:00,5174,4815,38001,36635,53377,47944,54360,52955,65055,64976,74856,74865,54062,59659,37308,48214,11625,22140,4047,3749,34649,33256,50407,44556,51842,49904,62461,61956,72419,72366,52669,58065,36400,46945,11255,21351,585193,555054,79068,75534,105586,101535,36141,35,33
2021-10-02T23:59:59+02:00,5172,4806,37997,36628,53370,47940,54357,52953,65052,64975,74853,74862,54062,59658,37308,48214,11625,22140,4046,3749,34647,33254,50399,44554,51838,49904,62459,61956,72419,72365,52669,58064,36400,46945,11255,21351,585157,555045,79068,75533,105586,101535,36128,35,33
2021-10-01T23:59:59+02:00,5164,4789,37950,36600,53337,47914,54334,52928,65021,64960,74826,74845,54052,59653,37305,48211,11622,22138,4042,3746,34628,33242,50381,44546,51824,49890,62446,61947,72402,72353,52660,58058,36397,46943,11253,21349,584912,554960,79066,75531,105584,101529,36054,35,33
2021-09-30T23:59:59+02:00,5074,4726,37742,36397,53169,47753,54192,52801,64917,64842,74756,74788,54037,59623,37294,48194,11619,22131,3965,3671,34485,33090,50287,44419,51748,49776,62362,61854,72335,72294,52648,58028,36389,46918,11250,21339,583393,554379,79048,74921,105581,101524,36001,34,33
2021-09-29T23:59:59+02:00,5051,4705,37708,36356,53123,47705,54154,52753,64885,64804,74725,74760,54020,59600,37282,48183,11615,22119,3949,3654,34458,33054,50260,44393,51726,49755,62341,61824,72313,72274,52639,58019,36384,46908,11248,21331,582930,554092,79036,74917,105581,101519,35969,34,33
2021-09-28T23:59:59+02:00,5028,4681,37647,36299,53084,47656,54119,52711,64841,64761,74680,74725,53983,59564,37263,48161,11607,22108,3935,3638,34402,33016,50228,44365,51700,49733,62315,61804,72276,72244,52609,57981,36362,46881,11245,21319,582375,553699,79034,74911,105581,101514,35896,34,33
2021-09-27T23:59:59+02:00,4953,4621,37451,36122,52900,47491,53998,52601,64738,64654,74582,74646,53954,59536,37251,48143,11605,22097,3802,3479,33979,32627,49921,44041,51471,49485,62118,61618,72148,72118,52568,57921,36341,46850,11243,21309,581321,551187,79013,74910,105581,101513,35396,34,33
2021-09-26T23:59:59+02:00,4950,4615,37429,36092,52872,47474,53984,52585,64723,64644,74570,74636,53947,59525,37250,48140,11605,22092,3793,3472,33964,32620,49909,44026,51466,49476,62105,61612,72140,72111,52564,57913,36340,46845,11241,21305,581148,551076,78993,74902,105580,101511,35380,34,33
2021-09-25T23:59:59+02:00,4947,4612,37423,36088,52869,47470,53980,52582,64721,64640,74566,74634,53946,59522,37249,48139,11605,22091,3793,3471,33961,32620,49908,44026,51466,49475,62105,61611,72138,72111,52564,57912,36340,46845,11241,21305,581105,551070,78991,74902,105580,101511,35376,34,33
2021-09-24T23:59:59+02:00,4944,4609,37405,36074,52848,47457,53959,52570,64702,64629,74553,74624,53939,59519,37246,48135,11605,22087,3789,3465,33951,32605,49893,44017,51446,49460,62092,61605,72120,72102,52557,57905,36334,46838,11241,21303,580989,550964,78991,74900,105577,101510,35316,34,33
2021-09-23T23:59:59+02:00,4814,4489,37000,35655,52495,47125,53668,52296,64460,64412,74369,74494,53877,59463,37217,48091,11596,22067,3756,3423,33766,32435,49673,43864,51277,49355,61941,61500,72004,72026,52521,57880,36310,46817,11239,21295,578660,550293,78948,74878,105577,101507,34371,34,33
2021-09-22T23:59:59+02:00,4785,4466,36958,35599,52428,47048,53601,52236,64393,64360,74310,74441,53848,59440,37209,48074,11594,22062,3739,3411,33730,32392,49630,43807,51218,49304,61886,61460,71957,71992,52503,57862,36304,46806,11237,21294,578222,550035,78941,74875,105574,101506,34083,34,33
2021-09-21T23:59:59+02:00,4769,4443,36901,35550,52361,46983,53556,52186,64327,64309,74252,74387,53805,59408,37195,48048,11589,22053,3718,3397,33698,32340,49596,43760,51179,49259,61840,61422,71918,71950,52472,57838,36293,46788,11236,21287,577668,549666,78932,74873,105572,101501,33918,34,33
2021-09-20T23:59:59+02:00,4665,4379,36566,35246,52037,46674,53320,51963,64116,64118,74093,74274,53740,59354,37174,48013,11582,22047,3513,3209,33188,31907,49218,43425,50894,48955,61585,61210,71751,71798,52416,57773,36270,46743,11229,21277,575823,546958,78927,74868,105571,101495,33008,34,32
2021-09-19T23:59:59+02:00,4652,4374,36553,35235,52026,46666,53306,51951,64104,64113,74085,74264,53737,59348,37171,48010,11581,22047,3503,3201,33167,31890,49214,43415,50886,48943,61571,61199,71739,71788,52410,57769,36269,46741,11229,21274,575718,546835,78920,74864,105570,101494,32983,34,32
2021-09-18T23:59:59+02:00,4652,4374,36551,35234,52024,46665,53306,51950,64104,64113,74084,74264,53737,59348,37171,48010,11581,22047,3502,3201,33164,31890,49210,43413,50886,48943,61571,61199,71738,71788,52410,57769,36269,46741,11229,21274,575716,546830,78920,74864,105570,101494,32977,34,32
2021-09-17T23:59:59+02:00,4645,4361,36535,35210,52002,46647,53295,51931,64087,64104,74069,74245,53728,59341,37168,48005,11580,22046,3501,3197,33154,31873,49198,43403,50882,48934,61567,61195,71730,71776,52403,57767,36269,46740,11229,21272,575552,546777,78920,74864,105570,101492,32925,34,32
2021-09-16T23:59:59+02:00,4494,4210,36165,34847,51746,46347,53083,51666,63903,63919,73911,74095,53673,59281,37152,47970,11575,22034,3433,3156,33026,31767,49116,43296,50803,48852,61506,61140,71679,71743,52388,57753,36260,46728,11228,21266,573109,545939,78463,74784,105569,101487,32898,34,32
2021-09-15T23:59:59+02:00,4451,4172,36097,34772,51702,46294,53017,51610,63853,63870,73873,74052,53655,59260,37142,47959,11574,22028,3391,3124,32972,31716,49066,43244,50746,48802,61459,61096,71649,71712,52380,57732,36250,46718,11228,21260,572737,545604,78377,74769,105569,101474,32666,34,32
2021-09-14T23:59:59+02:00,4410,4132,36034,34720,51652,46223,52975,51559,63807,63824,73828,74010,53630,59241,37127,47940,11572,22024,3345,3096,32906,31645,49021,43195,50712,48757,61405,61058,71613,71671,52357,57708,36241,46704,11227,21257,572194,545050,78307,74763,105569,101467,32606,34,32
2021-09-13T23:59:59+02:00,4260,3954,35667,34286,51378,45907,52759,51326,63597,63615,73693,73885,53575,59171,37089,47906,11571,22016,3055,2845,32439,31173,48787,42946,50530,48556,61258,60875,71471,71560,52304,57649,36225,46668,11221,21247,569601,542059,77880,74684,105568,101461,32573,34,32
2021-09-12T23:59:59+02:00,4251,3944,35644,34270,51363,45884,52741,51309,63583,63598,73684,73875,53572,59165,37084,47905,11571,22015,3038,2837,32414,31155,48772,42928,50520,48548,61247,60861,71455,71548,52297,57641,36219,46666,11218,21246,569451,541903,77864,74676,105557,101446,32553,34,32
2021-09-11T23:59:59+02:00,4248,3941,35640,34266,51362,45882,52735,51302,63581,63593,73682,73869,53568,59160,37084,47903,11571,22015,3035,2836,32405,31151,48769,42925,50516,48544,61244,60857,71452,71545,52295,57639,36219,46664,11218,21246,569424,541882,77864,74676,105557,101446,32524,34,32
2021-09-10T23:59:59+02:00,4247,3940,35527,34165,51166,45728,52544,51161,63404,63478,73549,73778,53530,59121,37064,47885,11569,22010,3025,2826,32279,31040,48569,42759,50318,48407,61054,60734,71319,71450,52253,57596,36197,46643,11215,21241,569367,541728,77862,74673,105556,101444,31048,34,32
2021-09-09T23:59:59+02:00,4219,3901,35447,34097,51109,45657,52483,51073,63346,63420,73509,73740,53507,59093,37050,47866,11567,22006,2992,2795,32185,30972,48524,42710,50266,48366,61013,60700,71278,71417,52234,57582,36189,46628,11214,21237,568756,541245,77827,74666,105537,101422,30937,34,32
2021-09-08T23:59:59+02:00,4194,3881,35413,34055,51084,45626,52465,51047,63312,63387,73488,73717,53500,59078,37043,47855,11567,22003,2974,2779,32126,30942,48486,42684,50238,48335,60977,60672,71262,71396,52221,57569,36179,46617,11211,21219,568407,540869,77827,74665,105537,101410,30911,34,32
2021-09-07T23:59:59+02:00,4181,3867,35373,34012,51052,45595,52441,51021,63287,63364,73453,73688,53488,59062,37027,47841,11565,21997,2952,2761,32079,30893,48451,42648,50198,48298,60952,60641,71230,71368,52208,57553,36170,46604,11208,21215,568035,540449,77826,74663,105537,101402,30883,34,32
2021-09-06T23:59:59+02:00,4005,3683,34893,33540,50675,45204,52175,50719,63060,63124,73295,73537,53425,58981,37008,47801,11562,21988,2911,2706,31872,30711,48247,42492,50055,48158,60838,60522,71135,71279,52162,57507,36154,46585,11203,21202,565224,539592,77826,74662,105537,101398,30055,34,32
2021-09-05T23:59:59+02:00,3997,3671,34874,33525,50672,45196,52163,50711,63048,63114,73280,73532,53420,58973,37002,47794,11560,21984,2903,2696,31852,30692,48228,42477,50042,48150,60827,60512,71125,71274,52156,57495,36152,46580,11202,21200,565088,539454,77825,74660,105537,101384,30033,34,32
2021-09-04T23:59:59+02:00,3997,3671,34873,33525,50671,45196,52162,50710,63048,63114,73280,73532,53420,58973,37002,47794,11560,21984,2903,2696,31851,30690,48228,42477,50040,48148,60827,60512,71124,71274,52156,57495,36152,46580,11202,21200,565086,539450,77825,74658,105537,101384,30031,34,32
2021-09-03T23:59:59+02:00,3949,3624,34709,33391,50518,45071,52051,50592,62899,62991,73155,73432,53380,58925,36981,47773,11556,21981,2826,2608,31576,30498,48026,42308,49868,47981,60621,60340,70979,71128,52102,57438,36127,46557,11200,21196,564946,539317,77226,73412,105526,101371,29247,34,32
2021-09-02T23:59:59+02:00,3923,3594,34649,33344,50483,45030,52018,50559,62859,62951,73116,73405,53360,58913,36972,47755,11556,21975,2810,2583,31506,30437,47976,42260,49827,47937,60566,60288,70938,71101,52084,57422,36117,46549,11199,21191,564533,538923,77204,73408,105526,101262,29166,34,32
2021-09-01T23:59:59+02:00,3907,3580,34621,33311,50460,45003,51999,50537,62839,62918,73088,73387,53351,58904,36968,47747,11556,21974,2782,2564,31456,30398,47943,42233,49797,47912,60534,60264,70915,71070,52065,57403,36107,46542,11199,21188,564266,538577,77200,73402,105525,101235,29126,34,32
2021-08-31T23:59:59+02:00,3880,3567,34581,33263,50434,44967,51971,50505,62811,62886,73058,73355,53331,58882,36960,47734,11553,21974,2773,2552,31396,30365,47916,42208,49775,47895,60506,60248,70900,71043,52051,57393,36104,46535,11196,21182,563875,538300,77200,73398,105524,101228,29080,34,32
2021-08-30T23:59:59+02:00,3654,3357,33993,32746,50010,44587,51620,50158,62521,62624,72851,73177,53248,58796,36929,47687,11550,21966,2716,2493,31112,30102,47617,41974,49548,47724,60323,60117,70745,70939,51983,57347,36085,46504,11193,21175,560872,537205,77200,73395,105523,101218,27847,33,32
2021-08-29T23:59:59+02:00,3648,3349,33971,32724,49994,44578,51605,50139,62510,62610,72841,73161,53240,58791,36927,47680,11550,21964,2710,2492,31092,30082,47595,41948,49527,47707,60306,60100,70733,70927,51980,57338,36082,46503,11193,21173,560727,537085,77198,73394,105522,101174,27803,33,32
2021-08-28T23:59:59+02:00,3648,3349,33968,32724,49989,44577,51604,50137,62509,62607,72839,73160,53239,58789,36927,47680,11550,21964,2710,2489,31083,30073,47590,41946,49524,47704,60303,60096,70730,70925,51979,57334,36082,46503,11193,21173,560719,537049,77198,73393,105522,101174,27789,33,32
2021-08-27T23:59:59+02:00,3644,3343,33959,32705,49986,44573,51594,50130,62502,62602,72822,73154,53235,58786,36926,47679,11549,21963,2702,2486,31065,30055,47582,41936,49516,47695,60296,60088,70718,70924,51977,57333,36081,46502,11192,21173,560644,536971,77198,73391,105522,101171,27756,33,32
2021-08-26T23:59:59+02:00,3619,3315,33918,32654,49959,44537,51553,50081,62456,62578,72789,73124,53225,58776,36919,47677,11548,21959,2628,2392,30768,29787,47364,41724,49341,47539,60180,59987,70633,70853,51943,57300,36064,46478,11190,21169,560293,535147,77171,73385,105521,101106,27670,33,32
2021-08-25T23:59:59+02:00,3578,3291,33867,32609,49933,44491,51517,50052,62417,62543,72753,73100,53216,58758,36913,47662,11547,21958,2365,2171,30011,29085,46920,41311,49014,47247,59956,59762,70458,70702,51876,57224,36042,46443,11181,21161,559860,530811,77171,73382,105521,101083,27621,33,32
2021-08-24T23:59:59+02:00,3538,3268,33808,32550,49902,44449,51489,50004,62372,62494,72710,73053,53195,58733,36900,47649,11545,21950,2288,2107,29777,28863,46788,41179,48906,47140,59864,59668,70373,70603,51830,57177,36022,46431,11177,21158,559369,529373,77168,73376,105519,101049,27521,33,32
2021-08-23T23:59:59+02:00,3233,3002,33169,31928,49476,44052,51147,49698,62044,62197,72417,72821,53098,58644,36861,47586,11534,21941,2228,2054,29356,28469,46402,40882,48664,46928,59592,59458,70149,70456,51754,57106,35998,46388,11171,21151,556298,527920,77164,73373,105517,101044,25837,33,32
2021-08-22T23:59:59+02:00,3222,2994,33159,31922,49466,44042,51139,49692,62039,62190,72412,72819,53094,58641,36859,47584,11534,21940,2224,2051,29331,28451,46383,40873,48655,46918,59581,59450,70142,70452,51745,57102,35995,46385,11171,21151,556232,527820,77160,73366,105512,101030,25812,33,32
2021-08-21T23:59:59+02:00,3220,2994,33154,31920,49464,44041,51138,49689,62036,62189,72411,72818,53094,58641,36859,47584,11534,21940,2223,2049,29318,28439,46378,40869,48649,46914,59577,59450,70142,70451,51744,57102,35995,46385,11171,21151,556217,527781,77160,73359,105512,101030,25805,33,32
2021-08-20T23:59:59+02:00,3204,2983,33030,31826,49272,43904,50965,49580,61855,62061,72265,72736,53046,58599,36844,47566,11531,21936,2196,2035,28777,27940,45899,40499,48368,46704,59320,59266,69938,70326,51659,57044,35965,46357,11167,21144,555991,526082,77160,73184,105512,100798,24508,33,32
2021-08-19T23:59:59+02:00,3177,2960,32978,31786,49238,43868,50917,49541,61810,62023,72216,72697,53020,58579,36837,47551,11527,21929,2108,1953,27835,27086,45116,39898,47943,46344,58985,58992,69662,70104,51559,56955,35923,46309,11162,21139,555575,521710,77125,72210,105507,100706,24415,33,32
2021-08-18T23:59:59+02:00,3156,2941,32928,31742,49204,43833,50878,49505,61766,61987,72170,72670,52991,58562,36823,47537,11526,21924,2009,1855,26542,25787,44190,39026,47239,45604,58304,58409,69176,69648,51371,56735,35846,46216,11150,21122,555143,516182,77104,69002,105504,100653,24360,33,32
2021-08-17T23:59:59+02:00,3132,2918,32859,31678,49158,43765,50835,49470,61719,61942,72134,72629,52968,58538,36810,47525,11523,21919,1880,1745,25256,24395,43314,38336,46638,45123,57770,57967,68743,69322,51236,56551,35770,46137,11134,21108,554594,510565,77099,66917,105503,100617,24294,33,32
2021-08-16T23:59:59+02:00,3121,2897,32842,31659,49135,43742,50826,49452,61699,61924,72113,72614,52958,58530,36808,47514,11521,21915,1788,1660,23819,23005,42412,37493,46360,44829,57544,57706,68535,69163,51163,56465,35739,46093,11132,21094,554366,504204,77096,66884,105501,100605,24275,33,32
2021-08-15T23:59:59+02:00,3113,2885,32828,31641,49124,43736,50816,49442,61683,61908,72098,72602,52954,58521,36805,47514,11521,21915,1504,1403,21391,20554,41658,36951,45993,44456,57213,57407,68249,68906,51051,56363,35702,46037,11129,21084,554230,495467,77095,66705,105491,100589,24258,33,32
2021-08-14T23:59:59+02:00,3113,2884,32823,31639,49119,43734,50813,49440,61678,61905,72094,72596,52954,58521,36804,47514,11521,21915,1502,1395,21365,20527,41620,36919,45976,44441,57199,57395,68237,68895,51049,56360,35701,46036,11129,21083,554223,495276,77093,66704,105491,100589,24228,33,32
2021-08-13T23:59:59+02:00,3099,2867,32780,31610,49095,43721,50791,49423,61645,61874,72072,72577,52948,58514,36801,47509,11520,21912,1477,1370,21245,20440,41531,36821,45914,44389,57151,57355,68196,68863,51032,56348,35692,46028,11128,21081,554066,494682,77092,66701,105490,100568,24078,33,32
2021-08-12T23:59:59+02:00,3081,2837,32733,31561,49063,43679,50754,49394,61591,61847,72036,72542,52933,58495,36784,47500,11519,21909,1392,1310,20773,20128,40579,36009,45545,44059,56933,57176,68019,68699,50960,56264,35662,45984,11123,21074,553658,490444,77088,66697,105487,100523,23993,33,32
2021-08-11T23:59:59+02:00,3039,2806,32677,31516,49029,43646,50729,49370,61564,61816,72008,72514,52911,58469,36772,47491,11518,21902,1168,1130,19877,19246,39251,34820,44940,43480,56572,56848,67726,68425,50838,56126,35624,45925,11121,21061,553243,483020,77082,66692,105487,100501,23933,33,32
2021-08-10T23:59:59+02:00,3023,2787,32624,31471,48998,43617,50700,49337,61544,61777,71970,72469,52889,58453,36761,47468,11517,21897,922,886,18849,18281,37153,32952,44053,42603,56117,56448,67335,68078,50688,55973,35563,45829,11116,21041,552788,472768,77081,66690,105486,100482,23915,33,32
2021-08-09T23:59:59+02:00,3008,2780,32595,31447,48972,43597,50672,49319,61524,61760,71950,72448,52879,58444,36756,47458,11515,21896,492,475,17427,16869,34169,30533,43387,41970,55709,56085,67002,67751,50544,55824,35512,45780,11111,21023,552539,460586,77079,66686,105481,100470,23889,33,32
2021-08-08T23:59:59+02:00,3005,2780,32581,31434,48961,43590,50667,49313,61513,61752,71946,72447,52878,58441,36756,47455,11515,21895,489,472,17399,16839,34148,30518,43350,41940,55695,56072,66993,67746,50539,55819,35511,45777,11110,21022,552476,460402,77079,66680,105468,100451,23874,33,32
2021-08-07T23:59:59+02:00,3004,2775,32573,31423,48959,43582,50661,49312,61510,61749,71939,72445,52877,58439,36755,47455,11515,21895,486,468,17367,16806,34122,30498,43314,41909,55673,56054,66982,67739,50534,55817,35509,45777,11110,21021,552426,460164,77079,66677,105468,100450,23863,33,32
2021-08-06T23:59:59+02:00,2915,2683,32224,31195,48700,43388,50403,49082,61222,61545,71664,72278,52745,58336,36701,47403,11512,21886,478,466,17157,16662,33410,30016,42843,41540,55331,55828,66672,67562,50404,55723,35460,45741,11107,21014,552354,458483,75968,66387,105464,100448,22064,33,32
2021-08-05T23:59:59+02:00,2869,2644,32065,31076,48609,43300,50322,49027,61169,61500,71611,72237,52720,58317,36692,47386,11510,21884,450,433,16924,16410,31550,28582,41799,40585,55055,55482,66459,67389,50341,55646,35437,45702,11100,21005,551474,451668,75965,66313,105454,100323,22013,33,32
2021-08-04T23:59:59+02:00,2794,2568,31802,30884,48421,43164,50173,48916,61090,61423,71548,72181,52690,58277,36679,47371,11507,21879,424,410,16641,16162,31204,28359,40609,39510,54666,55150,66282,67237,50278,55564,35407,45674,11097,20998,550174,447349,75964,66294,105452,100250,21748,30,31
2021-08-03T23:59:59+02:00,2606,2387,31287,30418,48171,42916,49998,48724,60929,61252,71402,72034,52636,58205,36657,47342,11497,21865,375,346,16203,15714,30615,27833,38876,37892,53974,54504,65948,66925,50182,55435,35360,45622,11092,20988,547222,439671,75962,66287,105449,100231,21664,30,31
2021-08-02T23:59:59+02:00,2495,2292,30973,30133,47970,42733,49845,48596,60822,61146,71314,71952,52603,58173,36635,47323,11496,21862,333,313,15898,15443,30279,27479,36733,36067,53415,53989,65740,66750,50110,55350,35338,45594,11090,20984,545282,432823,75959,66282,105444,100120,21649,30,31
2021-08-01T23:59:59+02:00,2492,2289,30961,30124,47951,42720,49833,48588,60809,61136,71304,71946,52598,58164,36631,47323,11496,21862,320,303,15773,15318,30142,27363,34432,34213,53118,53736,65647,66681,50070,55310,35331,45575,11089,20982,545221,427376,75957,66277,105397,100096,21623,30,31
2021-07-31T23:59:59+02:00,2492,2289,30956,30120,47949,42718,49831,48588,60808,61136,71304,71944,52595,58161,36631,47323,11496,21861,319,303,15759,15306,30107,27336,34420,34206,53100,53728,65635,66676,50066,55305,35331,45574,11088,20981,545202,427223,75957,66276,105396,100092,21618,30,31
2021-07-30T23:59:59+02:00,2478,2284,30909,30074,47917,42697,49808,48563,60774,61107,71269,71926,52586,58150,36631,47323,11496,21859,317,298,15597,15004,29840,27023,34239,33957,52899,53434,65469,66473,50020,55259,35321,45562,11088,20979,545030,426851,75951,66266,105393,98183,21448,30,31
2021-07-29T23:59:59+02:00,2446,2264,30752,29980,47833,42636,49755,48497,60712,61066,71222,71880,52566,58131,36623,47307,11493,21854,294,276,15279,14722,29524,26803,32952,33010,52114,52822,65113,66205,49921,55166,35278,45505,11083,20971,544360,424139,75944,63528,105382,98038,21302,30,31
2021-07-28T23:59:59+02:00,2399,2227,30599,29871,47750,42568,49682,48425,60638,60987,71155,71823,52542,58093,36605,47288,11492,21849,264,256,14875,14345,29083,26488,32582,32679,51404,52209,64721,65878,49826,55063,35244,45448,11067,20952,543410,419990,75940,63473,105376,97652,21238,30,31
2021-07-27T23:59:59+02:00,2321,2154,30359,29604,47599,42389,49537,48287,60527,60863,71055,71735,52484,58033,36577,47249,11484,21842,188,166,14230,13690,28318,25859,31831,32025,50152,51113,63988,65312,49638,54856,35176,45333,11060,20932,541581,411646,75930,63447,105370,97554,21189,30,31
2021-07-26T23:59:59+02:00,2260,2099,30156,29373,47481,42260,49462,48203,60462,60798,71004,71689,52458,58001,36565,47236,11482,21833,151,139,13867,13315,27959,25568,31215,31611,48595,49739,63011,64485,49433,54650,35108,45252,11050,20919,540346,403919,75927,63441,105366,97522,21154,30,31
2021-07-25T23:59:59+02:00,2014,1897,29336,28698,47087,41943,49176,47916,60228,60573,70820,71531,52402,57926,36538,47194,11481,21825,148,137,13774,13254,27862,25503,31131,31544,48475,49675,62924,64434,49411,54632,35101,45243,11050,20918,536160,403281,75927,63433,105359,97361,21110,30,31
2021-07-24T23:59:59+02:00,1933,1829,29078,28467,46937,41837,49059,47815,60070,60455,70691,71451,52353,57896,36520,47174,11479,21825,147,131,13639,13137,27662,25367,30969,31414,48261,49506,62760,64340,49367,54602,35086,45226,11048,20916,535464,402663,75924,63430,105358,97360,20094,30,31
2021-07-23T23:59:59+02:00,1818,1709,28748,28141,46693,41682,48805,47603,59820,60269,70488,71324,52279,57825,36501,47138,11475,21816,137,123,13386,12903,27231,25049,30586,31107,47660,49019,62431,64101,49284,54536,35064,45183,11043,20907,534461,400238,75549,63376,105347,97357,18748,30,31
2021-07-22T23:59:59+02:00,1806,1702,28667,28061,46552,41542,48590,47391,59642,60125,70369,71195,52236,57788,36485,47121,11475,21816,119,118,13157,12640,26894,24716,30232,30787,45731,47456,61625,63400,49188,54434,35026,45139,11040,20897,534144,393526,74400,63225,105303,97130,18687,30,31
2021-07-21T23:59:59+02:00,1772,1660,28405,27854,46165,41205,47998,46835,59056,59644,69914,70805,52065,57628,36427,47065,11466,21803,104,108,12733,12191,26313,24173,29658,30219,41998,44212,60138,62126,49020,54253,34962,45057,11030,20870,533586,381871,71129,62707,105149,96682,17874,30,31
2021-07-20T23:59:59+02:00,1749,1645,28285,27718,46101,41149,47950,46796,59000,59596,69860,70758,52031,57600,36410,47040,11461,21796,88,81,12233,11656,25575,23484,29003,29468,38545,41219,58591,60664,48816,54030,34880,44964,11012,20850,532897,371461,71107,59327,105132,96560,17780,30,31
2021-07-19T23:59:59+02:00,1744,1644,28258,27680,46079,41137,47936,46784,58987,59580,69848,70756,52029,57596,36410,47036,11459,21796,87,79,12185,11623,25508,23449,28969,29434,38500,41186,58550,60637,48812,54022,34879,44961,11009,20849,532754,371135,71106,59311,105115,96507,17755,30,31
2021-07-18T23:59:59+02:00,1740,1637,28233,27655,46055,41127,47924,46775,58981,59572,69841,70748,52027,57595,36409,47035,11459,21795,87,78,12122,11597,25423,23407,28909,29401,38439,41160,58490,60596,48810,54018,34876,44960,11009,20849,532633,370797,71104,59280,105107,96388,17735,30,31
2021-07-17T23:59:59+02:00,1740,1635,28210,27641,46041,41115,47913,46770,58973,59566,69834,70744,52023,57591,36408,47035,11459,21795,85,76,12094,11583,25389,23371,28876,29382,38417,41142,58454,60572,48800,54010,34874,44960,11009,20849,532550,370547,71103,59276,105106,96384,17705,30,31
2021-07-16T23:59:59+02:00,1725,1614,27945,27447,45752,40949,47682,46600,58672,59364,69601,70603,51917,57520,36364,46999,11454,21793,85,73,11843,11387,25055,23130,28571,29152,38016,40867,57945,60149,48663,53897,34822,44910,11003,20845,532235,369341,71102,59272,104974,96108,15661,30,31
2021-07-15T23:59:59+02:00,1627,1501,27481,27062,45491,40715,47536,46487,58532,59251,69498,70517,51876,57478,36349,46976,11453,21786,77,66,11543,11156,24574,22792,28204,28882,37625,40586,55895,58101,48492,53695,34763,44826,10995,20834,529914,362392,71100,59179,104966,95897,15607,30,31
2021-07-14T23:59:59+02:00,1460,1369,26915,26524,45187,40425,47331,46302,58347,59054,69337,70371,51814,57419,36324,46946,11447,21781,70,58,11350,10962,24166,22435,27851,28563,37101,40184,54674,56920,48354,53544,34712,44762,10987,20812,526738,358669,71094,57509,104947,95751,15545,30,31
2021-07-13T23:59:59+02:00,1173,1064,25963,25629,44694,40014,46972,45981,58024,58769,69065,70125,51703,57293,36281,46891,11443,21766,58,43,11006,10620,23635,21883,27228,27975,35720,38994,50540,53011,47990,53156,34581,44613,10970,20783,521349,349383,71088,52303,104944,95649,15440,30,31
2021-07-12T23:59:59+02:00,709,667,24589,24377,44134,39529,46772,45766,57811,58575,68882,69953,51641,57202,36264,46865,11441,21758,50,40,10768,10511,23432,21744,26974,27839,35469,38824,50098,52589,47915,53070,34550,44578,10970,20777,515467,347910,71087,52275,104938,94567,15415,29,31
2021-07-11T23:59:59+02:00,706,662,24570,24356,44103,39510,46754,45753,57797,58562,68868,69950,51639,57199,36261,46861,11440,21758,48,40,10673,10422,23211,21618,26707,27740,35158,38742,49383,52102,46430,51479,34460,44470,10970,20775,515379,347395,71083,52227,104923,89439,15336,29,31
2021-07-10T23:59:59+02:00,704,657,24562,24350,44098,39501,46751,45751,57791,58561,68868,69949,51639,57199,36261,46861,11440,21758,45,39,10660,10411,23189,21597,26693,27729,35136,38737,49369,52097,46416,51463,34458,44469,10970,20775,515344,347286,71082,52226,104921,89384,15326,29,31
2021-07-09T23:59:59+02:00,697,647,24111,23891,43819,39261,46685,45691,57731,58520,68816,69924,51622,57186,36258,46853,11439,21757,45,39,10579,10240,23093,21408,26632,27519,35068,38520,49303,51993,46394,51438,34454,44466,10970,20775,513583,346048,71078,52213,104915,89340,15304,29,31
2021-07-08T23:59:59+02:00,631,581,23024,22889,43023,38663,46435,45489,57524,58377,68619,69785,51545,57120,36230,46830,11437,21749,40,34,10320,10050,22716,21153,26236,27253,34587,38205,48693,51469,46056,51071,34384,44388,10963,20753,508915,342459,71051,52060,104857,88721,15100,29,31
2021-07-07T23:59:59+02:00,579,535,21703,21501,42285,37977,46210,45267,57284,58185,68453,69625,51461,57037,36193,46776,11429,21735,33,30,9947,9742,21842,20560,25125,26460,32750,36835,47773,50582,45556,50533,34277,44248,10954,20735,503537,337518,70878,47677,104836,87801,14956,29,30
2021-07-06T23:59:59+02:00,522,472,20470,20220,41431,37334,45734,44916,56888,57879,68125,69367,51363,56911,36149,46725,11421,21726,25,25,9554,9362,20975,19964,24159,25801,31264,35640,46571,49379,44776,49748,34141,44073,10941,20715,499058,330173,68943,45576,104816,86526,14808,29,30
2021-07-05T23:59:59+02:00,485,444,19058,18846,40565,36531,45517,44689,56704,57676,67964,69240,51307,56855,36128,46696,11419,21719,23,21,9263,9106,20417,19579,23490,25378,30624,35212,45813,48761,44021,48957,34011,43884,10932,20703,493333,324384,68941,45554,104809,85493,14734,27,30
2021-07-04T23:59:59+02:00,478,438,17268,16845,40225,36303,45429,44615,56618,57607,67885,69172,51275,56829,36118,46675,11417,21717,23,21,9201,9054,20277,19516,23318,25300,30365,35134,45019,48632,42658,47604,33932,43810,10930,20697,488512,323923,68915,45509,104794,81363,14666,27,30
2021-07-03T23:59:59+02:00,478,436,17246,16814,40176,36256,45410,44598,56613,57602,67879,69165,51273,56826,36118,46675,11417,21716,22,21,9157,9010,20209,19447,23256,25234,30282,35054,44798,48456,42589,47528,33887,43751,10927,20697,488317,322957,68913,45508,104793,81182,14648,27,30
2021-07-02T23:59:59+02:00,458,413,17129,16704,39712,35874,45294,44498,56559,57561,67831,69134,51261,56821,36112,46663,11417,21715,22,19,8995,8838,19884,19165,22864,24855,29864,34639,44173,47810,42386,47299,33788,43615,10921,20693,486809,319947,68895,44474,104791,80745,14634,27,30
2021-07-01T23:59:59+02:00,406,373,16821,16420,37977,34544,44721,43999,56298,57351,67657,68965,51181,56730,36084,46625,11413,21707,17,14,8618,8439,19021,18453,21895,24000,28479,33448,41142,44836,41389,46217,33173,42889,10904,20664,481328,312441,68821,39593,104769,77207,14327,27,30
2021-06-30T23:59:59+02:00,358,328,16532,16173,35793,32722,44098,43369,56074,57156,67452,68773,51100,56638,36055,46571,11409,21691,16,13,8258,8105,18346,17825,21005,23167,27198,32181,36496,39962,40308,45070,32512,42100,10883,20637,474490,301930,68775,33563,104749,74308,14251,27,30
2021-06-29T23:59:59+02:00,318,291,16306,15972,34799,31639,43646,42924,55893,56992,67280,68624,51024,56565,36016,46527,11401,21684,14,10,7674,7499,17216,16896,19747,21950,25496,30502,33751,36832,37454,42020,31768,41207,10860,20599,470286,285714,68767,33513,104735,68153,14086,27,29
2021-06-28T23:59:59+02:00,309,269,16155,15812,33088,30232,43325,42630,55728,56851,67164,68516,50978,56513,35998,46506,11398,21672,13,8,7370,7242,16659,16520,19354,21635,24988,30114,33163,36331,36076,40530,30979,40272,10856,20588,465870,282665,68742,33460,104713,62752,13792,27,29
2021-06-27T23:59:59+02:00,309,269,16134,15786,32937,30145,43262,42603,55693,56842,67138,68508,50974,56509,35995,46505,11398,21671,12,8,7326,7213,16523,16453,19190,21573,24788,30040,32936,36191,34818,39256,29352,38349,10855,20587,465551,282494,68738,33421,104708,55872,13654,27,29
2021-06-26T23:59:59+02:00,307,267,16110,15758,32914,30127,43216,42559,55668,56826,67132,68505,50973,56507,35992,46504,11398,21671,11,8,7322,7200,16504,16442,19174,21562,24755,30017,32916,36171,34804,39242,29350,38346,10855,20587,465312,282296,68734,33421,104708,55867,13653,27,29
2021-06-25T23:59:59+02:00,300,265,16049,15707,32792,30026,43023,42399,55611,56780,67090,68481,50963,56496,35988,46503,11398,21671,11,8,7134,6922,16219,15934,18905,20906,24384,29084,32528,35448,34643,39024,29327,38315,10855,20587,464464,279606,68730,33410,104691,53559,13630,27,29
2021-06-24T23:59:59+02:00,280,252,15775,15501,32336,29735,41554,41155,55146,56424,66857,68320,50908,56440,35972,46475,11393,21661,10,8,6812,6688,15519,15488,17455,19884,22302,27524,31427,34550,34237,38597,29203,38133,10843,20572,459893,269884,68725,33357,104687,53130,12852,27,29
2021-06-23T23:59:59+02:00,264,235,15493,15207,31830,29336,39451,39333,54602,55880,66606,68100,50819,56331,35932,46429,11388,21648,9,6,6606,6522,15155,15211,16929,19435,21417,26722,29725,33184,33479,37742,29011,37892,10836,20557,452825,262053,68674,33265,104682,52415,12676,27,29
2021-06-22T23:59:59+02:00,242,200,15112,14813,31165,28704,36014,36285,53689,55077,66304,67795,50712,56209,35893,46372,11384,21634,6,5,6426,6309,14751,14882,16124,18714,19998,25407,28118,31529,32678,36766,28471,37286,10818,20525,441890,251932,68642,33180,104675,51302,12370,27,29
2021-06-21T23:59:59+02:00,227,194,14868,14635,30478,28240,33853,34319,53224,54651,66125,67677,50631,56135,35867,46350,11379,21629,6,5,6329,6225,14590,14762,15953,18576,19877,25294,28009,31441,32522,36626,27261,36051,10818,20522,435056,251244,68620,33131,104644,48328,12135,27,29
2021-06-20T23:59:59+02:00,220,193,14744,14546,28580,26900,33243,33870,53135,54556,66057,67641,50608,56107,35859,46347,11378,21627,6,5,5873,5927,13645,14122,15120,17983,19320,24936,27692,31239,32355,36445,27235,36020,10816,20518,430679,246227,68616,33096,104641,48256,11649,26,29
2021-06-19T23:59:59+02:00,214,188,14719,14513,28463,26815,33214,33843,53113,54540,66041,67630,50602,56098,35857,46342,11377,21625,6,5,5660,5767,13085,13715,14512,17505,18991,24734,27497,31068,32276,36345,27218,36006,10816,20518,430269,242706,68614,33092,104641,48253,11644,26,29
2021-06-18T23:59:59+02:00,212,179,14629,14429,28356,26746,31963,32940,52746,54233,65907,67536,50571,56064,35839,46316,11373,21621,6,4,5593,5689,12984,13630,14347,17379,18755,24505,26677,30401,32069,36108,27152,35931,10812,20511,429761,239754,65649,32978,104631,48199,11593,26,29
2021-06-17T23:59:59+02:00,198,163,14252,14164,27766,26493,31475,32680,51958,53666,65482,67270,50490,55963,35805,46275,11367,21608,5,4,5213,5431,12200,13155,13559,16768,17664,23576,24518,28438,31427,35371,26953,35654,10795,20496,426553,230733,65643,32701,104607,47517,10247,25,29
2021-06-16T23:59:59+02:00,169,135,13824,13758,27303,26137,31031,32324,51145,52964,65027,66881,50371,55843,35776,46218,11356,21596,5,4,4846,4994,11483,12487,12765,16073,16561,22453,21546,25572,30355,34163,26655,35250,10780,20455,421689,216679,65597,32672,104600,47120,9947,25,29
2021-06-15T23:59:59+02:00,106,82,13192,13132,26558,25560,30252,31730,49893,51899,64315,66356,50193,55646,35709,46106,11347,21577,5,4,4349,4367,10518,11552,11610,14694,14832,20750,18115,22265,28981,32725,26268,34729,10755,20411,413979,198059,65577,32554,104595,46811,9477,25,29
2021-06-14T23:59:59+02:00,76,61,12786,12758,26146,25235,29591,31265,48101,50430,63264,65523,49977,55420,35632,46030,11339,21565,5,4,4248,4311,10342,11420,11469,14562,14655,20627,17922,22105,28908,32644,26250,34701,10751,20408,406107,197615,65567,32282,104595,46501,8905,25,29
2021-06-13T23:59:59+02:00,75,60,12743,12715,26075,25199,29528,31239,48048,50405,63229,65499,49971,55417,35630,46026,11338,21562,5,4,4092,4232,10014,11290,11146,14451,14358,20514,17521,21761,27394,31001,26110,34506,10747,20397,405906,196866,65491,27607,104588,46292,8749,25,29
2021-06-12T23:59:59+02:00,75,59,12725,12698,26059,25189,29516,31227,47988,50334,63187,65464,49970,55414,35630,46026,11338,21562,5,4,4089,4223,9999,11273,11137,14436,14339,20497,17499,21752,27353,30956,26105,34501,10747,20397,405610,196678,65491,27605,104586,46251,8749,25,29
2021-06-11T23:59:59+02:00,73,56,12624,12571,25933,25074,29393,31101,47750,50107,63055,65345,49946,55388,35619,46015,11336,21560,5,4,3996,3952,9481,10086,10708,13526,14051,19939,17226,21275,26944,30532,26014,34419,10744,20395,404334,195633,65481,27600,104546,41475,8560,25,29
2021-06-10T23:59:59+02:00,65,49,12381,12351,25610,24789,29048,30832,46675,49092,62320,64775,49861,55292,35585,45963,11326,21547,5,3,3725,3587,8713,8841,9815,11884,12748,17179,15435,17670,25221,28610,25718,34112,10738,20371,399445,190104,65424,27161,104344,28759,8323,25,28
2021-06-09T23:59:59+02:00,51,37,12087,12027,25200,24383,28651,30439,44664,47268,61230,63837,49756,55168,35538,45909,11320,21529,5,3,3475,3463,8288,8589,9303,11564,12231,16787,14722,17070,21384,24287,25491,33810,10726,20345,391459,178511,65295,26812,104342,28220,7973,25,27
2021-06-08T23:59:59+02:00,45,26,11655,11487,24530,23759,27993,29774,41492,44424,59453,62204,49585,54976,35464,45818,11310,21507,5,3,3265,3327,7887,8333,8685,11191,11568,16369,14064,16423,16001,18326,25100,33285,10708,20315,378776,163302,65232,26479,104332,27914,7137,25,23
2021-06-07T23:59:59+02:00,40,19,11492,11291,24180,23481,27710,29566,38865,42497,59026,61842,49551,54945,35452,45797,11308,21501,5,3,3170,3257,7582,8160,8367,11014,10994,15917,13559,15945,15924,18246,25069,33234,10706,20308,373114,162982,64805,24655,104323,27504,6296,25,23
2021-06-06T23:59:59+02:00,37,18,11356,11187,23856,23250,27498,29394,37270,41313,58900,61764,49527,54916,35444,45783,11308,21499,5,3,3070,3206,7307,8071,8100,10845,10254,15235,12961,15323,15772,18134,25055,33211,10704,20308,372706,162866,61426,21491,104312,27334,5851,25,22
2021-06-05T23:59:59+02:00,35,17,11338,11167,23812,23210,27463,29367,37242,41299,58800,61679,49516,54909,35442,45781,11308,21496,5,3,3058,3194,7283,8037,8069,10827,10223,15220,12916,15299,15649,17969,25050,33203,10703,20307,372362,162426,61423,21490,104312,27318,5759,25,22
2021-06-04T23:59:59+02:00,35,15,11156,10908,23453,22745,27185,28972,36814,40851,58180,61139,49482,54868,35432,45763,11306,21490,5,2,3034,3179,7254,8019,8046,10810,10192,15196,12882,15265,15437,17761,25039,33182,10701,20306,370564,161838,59154,21477,104298,27220,5753,25,22
2021-06-03T23:59:59+02:00,33,14,10937,10690,22991,22356,26760,28638,35715,40024,55418,58791,49353,54709,35389,45699,11301,21475,5,2,2942,3100,7046,7864,7590,10513,9162,14564,11632,14559,14253,16289,24860,32964,10689,20287,366615,158473,54232,17745,104247,26908,5174,25,21
2021-06-02T23:59:59+02:00,33,14,10899,10653,22954,22323,26726,28612,35682,39983,55290,58633,49339,54684,35383,45692,11301,21474,5,2,2900,3070,6991,7843,7528,10479,9006,14523,11406,14495,12897,14802,24742,32791,10685,20280,366018,154644,54226,17734,104246,26886,5160,25,21
2021-06-01T23:59:59+02:00,20,7,10483,10304,22297,21812,26041,28032,34961,39403,52289,55484,48950,54276,35264,45529,11285,21448,5,2,2444,2712,5638,7163,6255,9904,7607,13852,10272,13533,8584,9233,24262,32110,10662,20227,355256,136442,54043,17364,104227,26304,4334,25,21
2021-05-31T23:59:59+02:00,19,6,10204,10074,21721,21418,25635,27784,34638,39199,50840,54087,48851,54152,35230,45489,11278,21440,5,2,2333,2593,5348,6921,5993,9684,7242,13611,10016,13373,8533,9171,24236,32061,10654,20214,350518,135667,53999,17243,104203,25739,3320,25,21
2021-05-30T23:59:59+02:00,18,6,10147,10025,21628,21379,25570,27750,34525,39129,50474,53745,48825,54127,35224,45483,11276,21437,5,2,2296,2563,5243,6843,5893,9616,7053,13523,9790,13276,8489,9123,24220,32054,10653,20209,349329,135072,53978,17069,104186,25439,3250,25,21
2021-05-29T23:59:59+02:00,17,6,10133,10013,21595,21360,25553,27737,34504,39116,50461,53727,48821,54123,35221,45482,11276,21437,5,2,2276,2511,5200,6716,5833,9486,6937,13325,9651,13054,8418,9031,24153,31987,10652,20208,349173,134791,53978,17017,104165,24375,3241,25,21
2021-05-28T23:59:59+02:00,17,6,10073,9943,21519,21248,25472,27616,34426,39016,50382,53629,48800,54105,35212,45474,11276,21433,5,2,2194,2245,4587,6181,5211,8768,6570,12363,9157,12059,8240,8832,23781,31505,10651,20205,348316,133289,53965,16920,104107,19092,3235,24,20
2021-05-27T23:59:59+02:00,16,6,9806,9696,20992,20872,24928,27255,33902,38638,49770,53019,48630,53914,35143,45400,11272,21413,3,2,1953,1979,4010,5662,4535,8166,6060,11593,8210,10734,7734,8170,22216,29352,10636,20183,344033,127619,53554,15787,104002,14713,3059,24,20
2021-05-26T23:59:59+02:00,16,6,9530,9448,20273,20307,24055,26584,32639,37612,49006,52313,48376,53625,35067,45289,11260,21389,3,1,1896,1907,3913,5535,4403,8003,5852,11332,7884,10351,7171,7444,19773,25919,10616,20139,339314,119117,50583,15534,103949,14547,2925,24,19
2021-05-25T23:59:59+02:00,15,6,9266,9212,19861,19950,23616,26191,32129,37095,48112,51334,48078,53306,34979,45148,11248,21359,3,1,1830,1857,3794,5436,4265,7854,5643,11108,7570,10029,6545,6602,15630,20524,10596,20081,333721,106879,50501,15491,103877,14197,2782,24,19
2021-05-24T23:59:59+02:00,14,6,9050,9053,19292,19658,22843,25803,30620,36081,47887,51163,47986,53206,34950,45118,11246,21358,3,1,1804,1839,3748,5404,4200,7812,5577,11048,7494,9972,6519,6577,15616,20515,10596,20081,332137,106758,46707,15477,103817,13904,2649,24,18
2021-05-23T23:59:59+02:00,14,6,8843,8846,18937,19368,22420,25455,30197,35760,47296,50650,47553,52751,34847,44972,11238,21349,3,1,1802,1838,3738,5400,4195,7806,5567,11040,7483,9963,6514,6566,15616,20513,10596,20081,327312,106698,46705,15475,103815,13885,2646,24,18
2021-05-22T23:59:59+02:00,14,6,8812,8809,18886,19325,22373,25423,30144,35729,47189,50580,47534,52728,34844,44963,11235,21349,3,1,1801,1834,3726,5388,4191,7800,5562,11034,7476,9959,6511,6564,15613,20512,10596,20081,326767,106662,46705,15475,103814,13864,2633,24,18
2021-05-21T23:59:59+02:00,13,6,8537,8454,18446,18812,22011,24778,29716,34920,46702,49913,47445,52603,34806,44920,11232,21344,3,1,1736,1793,3649,5349,4146,7765,5530,10987,7434,9911,6481,6538,15535,20415,10595,20080,321560,106345,46674,15474,103790,13501,2610,24,18
2021-05-20T23:59:59+02:00,12,6,7964,7910,17504,18019,21003,23863,28395,33718,44955,48089,47005,52141,34698,44764,11214,21325,3,1,1436,1630,3341,5062,3880,7378,5231,10509,7053,9458,6246,6280,14216,18869,10571,20041,309956,102578,46586,14990,103561,11161,2458,24,18
2021-05-19T23:59:59+02:00,12,6,7699,7596,16900,17418,20100,22985,27163,32457,43159,46000,46474,51585,34548,44541,11193,21293,3,1,1371,1544,3142,4848,3673,7126,5005,10157,6758,9128,5962,5946,11998,16009,10553,19980,298804,96324,46545,14514,103515,10108,2241,24,17
2021-05-18T23:59:59+02:00,11,6,7174,7058,15747,16396,18829,21737,25656,30828,40469,42767,45644,50638,34312,44237,11168,21251,3,1,1349,1518,3082,4777,3598,7005,4870,10025,6577,8916,5695,5668,10292,13829,10529,19926,283020,91174,45341,14463,103408,9870,2136,23,17
2021-05-17T23:59:59+02:00,11,6,7096,6996,15563,16285,18613,21569,25256,30500,38720,41129,45533,50558,34264,44172,11158,21227,3,1,1316,1495,3025,4731,3533,6946,4801,9921,6483,8815,5653,5628,10278,13811,10525,19918,282798,91101,40575,14182,103364,9687,1896,23,17
2021-05-16T23:59:59+02:00,10,5,6981,6943,15442,16198,18484,21462,25076,30385,35738,38360,45497,50523,34242,44148,11155,21222,3,1,1293,1476,2981,4691,3485,6888,4718,9851,6389,8736,5622,5591,10266,13795,10523,19915,282515,91053,34427,13916,103244,9576,1662,23,17
2021-05-15T23:59:59+02:00,10,5,6956,6913,15381,16140,18438,21420,25008,30340,35702,38319,45474,50496,34235,44143,11155,21222,3,1,1280,1451,2949,4620,3466,6819,4699,9770,6367,8685,5616,5587,10261,13794,10523,19915,282029,90997,34426,13912,103230,9231,1649,23,17
2021-05-14T23:59:59+02:00,10,4,6783,6542,15033,15645,18123,21001,24670,29879,35457,37969,45445,50465,34225,44138,11155,21220,3,1,1221,1391,2869,4516,3417,6716,4635,9619,6284,8555,5587,5542,10248,13784,10523,19914,280963,90910,34276,13892,100918,8423,1584,23,16
2021-05-13T23:59:59+02:00,10,4,6428,6216,14276,15066,17416,20369,23810,29136,34689,37298,45158,50121,34146,44015,11151,21209,3,1,1049,1306,2674,4405,3300,6594,4494,9448,6162,8410,5544,5504,10231,13767,10519,19909,274552,90754,33943,13811,100702,7442,1298,23,15
2021-05-12T23:59:59+02:00,10,4,6030,5944,13304,14396,16395,19567,23145,28699,34381,37014,44975,49925,34115,43984,11148,21206,3,1,1046,1304,2667,4398,3282,6590,4489,9438,6154,8405,5537,5498,10229,13762,10518,19908,268304,90693,33932,13800,100698,7437,1285,23,14
2021-05-11T23:59:59+02:00,10,4,5652,5720,12714,13945,14593,18125,20192,26174,32066,34686,43920,48666,33790,43512,11119,21156,3,0,984,1229,2549,4224,3173,6352,4371,9150,6037,8179,5465,5418,10186,13700,10510,19890,251013,90213,33653,13583,100252,6508,1103,23,13
2021-05-10T23:59:59+02:00,10,4,5502,5621,12442,13818,14242,17899,19389,25604,30691,33663,43389,48051,33732,43423,11111,21137,3,0,941,1170,2450,4059,3079,6150,4246,8887,5915,7981,5427,5386,10174,13683,10506,19881,245531,90102,33442,13523,99944,5512,788,23,13
2021-05-09T23:59:59+02:00,10,4,5099,5382,11256,13291,13242,17537,18362,25273,30146,33374,43333,47978,33706,43409,11108,21129,3,0,916,1139,2352,3952,2989,6012,4114,8712,5821,7877,5418,5372,10167,13678,10501,19877,240213,90055,33369,13481,99603,4921,431,23,12
2021-05-08T23:59:59+02:00,10,4,5087,5374,11234,13271,13216,17518,18332,25241,30105,33331,43325,47967,33705,43405,11108,21129,3,0,912,1132,2339,3945,2984,6012,4110,8706,5818,7874,5415,5369,10164,13673,10501,19877,239944,90029,33367,13481,99602,4886,426,23,12
2021-05-07T23:59:59+02:00,10,4,4986,5291,11005,13103,12930,17297,17724,24641,29155,32436,43131,47726,33649,43333,11104,21123,3,0,882,1101,2305,3890,2941,5963,4056,8652,5734,7821,5368,5321,10152,13664,10501,19876,237439,89893,31477,13478,99494,4631,216,22,12
2021-05-06T23:59:59+02:00,10,4,4573,5006,10335,12686,12171,16630,16127,23197,26609,30045,42430,46977,33482,43096,11088,21102,3,0,823,1045,2171,3643,2771,5653,3861,8179,5535,7500,5317,5267,10129,13636,10499,19870,228672,89710,28136,13164,98679,2957,59,22,12
2021-05-05T23:59:59+02:00,10,4,4264,4776,9734,12241,11451,16047,15026,22169,23756,27283,41448,45871,33199,42709,11070,21060,3,0,807,1021,2108,3518,2713,5497,3767,7968,5439,7366,5268,5212,10092,13597,10497,19867,215637,89446,27953,13026,98458,2207,49,21,12
2021-05-04T23:59:59+02:00,10,4,3915,4325,9068,11551,10679,15207,13722,20917,20152,23875,40101,44411,32825,42185,11047,21021,3,0,789,991,2039,3402,2642,5362,3674,7815,5342,7243,5229,5166,10062,13568,10495,19864,198588,89224,27935,12727,98430,1681,42,20,12
2021-05-03T23:59:59+02:00,10,4,3672,3907,8660,11059,10198,14582,13188,20262,19428,23226,39835,44159,32746,42081,11044,21006,3,0,775,961,1972,3301,2583,5254,3615,7700,5291,7156,5213,5153,10046,13550,10492,19859,192733,89082,27923,12716,98366,1089,25,20,12
2021-05-02T23:59:59+02:00,10,4,3670,3905,8640,11050,10188,14572,13167,20250,19410,23216,39832,44158,32745,42080,11043,21006,3,0,771,945,1941,3220,2536,5158,3568,7575,5271,7092,5209,5149,10045,13546,10492,19857,192638,89064,27909,12684,98359,599,20,20,11
2021-05-01T23:59:59+02:00,10,4,3667,3897,8627,11036,10179,14561,13159,20248,19397,23207,39832,44156,32745,42080,11043,21006,3,0,770,945,1940,3220,2535,5158,3568,7575,5271,7092,5209,5149,10045,13546,10491,19857,192549,89063,27907,12682,98359,599,19,20,11
2021-04-30T23:59:59+02:00,10,3,3644,3872,8582,11001,10135,14522,13098,20209,19295,23055,39563,43833,32724,42059,11042,21006,3,0,765,940,1925,3212,2534,5150,3565,7568,5269,7085,5206,5146,10041,13545,10491,19857,191624,89036,27638,12679,98353,558,18,20,11
2021-04-29T23:59:59+02:00,10,3,3374,3698,8146,10729,9587,14237,12599,19844,18558,22326,36502,40381,32462,41693,11031,20970,3,0,752,926,1877,3151,2485,5084,3499,7427,5178,6986,5166,5111,10018,13502,10489,19851,186064,88829,21803,12524,98247,124,17,19,11
2021-04-28T23:59:59+02:00,10,3,3207,3632,7879,10618,9191,14064,12219,19609,18074,21891,32715,36065,32245,41391,11018,20948,3,0,735,910,1851,3112,2440,5036,3461,7369,5112,6922,5100,5049,9966,13443,10486,19841,174896,88614,21650,12084,98202,116,12,19,10
2021-04-27T23:59:59+02:00,9,3,3126,3566,7619,10489,8839,13890,11735,19384,17595,21399,27146,29870,31869,40884,10997,20915,3,0,725,896,1819,3075,2404,4990,3407,7310,5057,6846,5050,4979,9931,13390,10482,19832,159537,88400,21628,11662,98139,113,12,19,9
2021-04-26T23:59:59+02:00,9,3,3069,3530,7475,10425,8671,13830,11504,19318,17070,21012,27110,29836,31855,40869,10997,20915,3,0,702,864,1751,3016,2337,4935,3339,7220,4959,6741,4950,4904,9852,13306,10480,19829,158951,88268,21410,10787,97107,112,12,18,9
2021-04-25T23:59:59+02:00,9,3,3032,3513,7315,10374,8435,13780,11172,19275,16237,20542,25556,28172,31801,40805,10997,20912,3,0,702,863,1745,3011,2330,4932,3333,7212,4955,6732,4947,4899,9844,13295,10480,19829,158464,88245,21401,10750,92035,96,12,18,9
2021-04-24T23:59:59+02:00,9,3,3028,3507,7300,10359,8423,13772,11158,19265,16216,20524,25510,28109,31798,40799,10996,20911,3,0,702,863,1745,3010,2330,4932,3332,7212,4955,6732,4947,4898,9842,13294,10480,19829,158253,88239,21397,10750,92007,96,12,18,9
2021-04-23T23:59:59+02:00,9,3,3011,3490,7260,10315,8376,13730,11091,19206,16155,20459,25089,27604,31765,40743,10993,20908,3,0,692,855,1727,3001,2314,4903,3281,7174,4855,6635,4807,4775,9671,13095,10474,19814,157063,87946,21260,10015,91854,95,12,18,8
2021-04-22T23:59:59+02:00,8,3,2930,3411,7067,10130,7837,13323,9883,18409,14599,19411,23072,25169,31553,40473,10974,20878,3,0,627,805,1614,2889,2187,4737,3121,7002,4671,6434,4650,4601,9159,12437,10437,19735,152249,86026,15963,8987,90890,76,12,16,8
2021-04-21T23:59:59+02:00,8,3,2878,3363,6944,10043,7626,13167,9516,18168,14128,18964,20557,22036,31253,40084,10955,20852,3,0,578,780,1534,2810,2100,4646,2994,6859,4508,6270,4466,4421,8588,11669,10391,19642,145247,84222,15190,7949,90081,68,12,15,8
2021-04-20T23:59:59+02:00,8,3,2838,3324,6838,9954,7489,13056,9264,17950,13635,18572,17167,17973,30939,39610,10938,20818,3,0,548,745,1461,2746,2014,4566,2892,6737,4374,6109,4276,4226,7719,10450,10321,19491,136395,81283,14946,7314,89008,63,12,15,6
2021-04-19T23:59:59+02:00,8,3,2823,3315,6790,9914,7436,13020,9188,17876,13498,18455,16833,17591,30905,39574,10936,20813,3,0,489,705,1341,2650,1914,4468,2758,6579,4176,5918,4021,3925,5865,8007,10102,19086,136072,75403,14749,6527,88130,59,12,15,6
2021-04-18T23:59:59+02:00,8,3,2807,3301,6712,9888,7331,12969,8990,17809,12660,18325,15421,16184,30837,39512,10932,20806,3,0,483,699,1330,2642,1899,4457,2725,6550,4115,5868,3945,3854,5451,7377,10055,19002,135850,73903,14606,6479,84012,55,12,15,6
2021-04-17T23:59:59+02:00,8,3,2797,3297,6695,9865,7301,12948,8958,17770,12627,18305,15369,16134,30783,39440,10931,20806,3,0,483,696,1330,2640,1898,4453,2721,6545,4112,5864,3944,3852,5446,7376,10054,19001,135496,73866,14605,6479,83909,55,12,15,6
2021-04-16T23:59:59+02:00,8,3,2784,3283,6661,9850,7249,12909,8883,17718,12519,18201,15121,15852,30264,38791,10928,20798,3,0,482,693,1325,2635,1889,4451,2715,6539,4104,5856,3938,3846,5429,7347,10052,18999,133965,73764,14598,6468,83233,53,12,14,6
2021-04-15T23:59:59+02:00,8,3,2730,3228,6530,9752,7059,12730,8540,17445,12042,17735,14061,14629,28140,35982,10909,20775,3,0,473,687,1321,2609,1875,4427,2692,6511,4061,5803,3881,3772,5396,7293,10044,18986,128030,73443,14323,6330,79920,44,11,14,6
2021-04-14T23:59:59+02:00,7,1,2674,3177,6436,9657,6913,12570,8266,17177,11609,17273,12880,13247,23420,29902,10888,20719,3,0,469,680,1307,2599,1862,4408,2670,6486,4019,5766,3833,3720,5334,7237,10013,18948,115628,73139,14289,6174,76875,24,11,13,6
2021-04-13T23:59:59+02:00,7,1,2623,3142,6308,9572,6760,12435,7990,16926,11184,16848,10215,10325,20331,25731,10865,20675,3,0,452,656,1260,2556,1811,4346,2562,6385,3837,5603,3621,3535,5183,7098,10004,18925,107184,72790,14095,5010,70635,20,11,13,6
2021-04-12T23:59:59+02:00,7,1,2602,3128,6248,9543,6653,12349,7798,16797,10937,16639,8852,8833,19508,24756,10863,20666,3,0,446,648,1241,2539,1794,4321,2528,6345,3786,5551,3557,3487,5148,7057,9999,18903,107055,72651,14040,4669,65061,16,11,13,6
2021-04-11T23:59:59+02:00,7,1,2575,3118,6152,9517,6537,12312,7633,16746,10738,16537,7577,7556,17777,22778,10861,20663,3,0,446,648,1240,2537,1794,4321,2528,6345,3782,5546,3552,3486,5142,7055,9999,18903,106986,72640,14033,4657,58043,14,10,13,6
2021-04-10T23:59:59+02:00,7,1,2574,3116,6143,9512,6528,12307,7627,16741,10731,16529,7568,7544,17767,22771,10861,20663,3,0,446,644,1237,2534,1793,4318,2526,6341,3779,5545,3543,3472,5134,7040,9999,18903,106901,72578,14033,4650,58034,14,9,13,6
2021-04-09T23:59:59+02:00,7,1,2512,3018,6008,9305,6373,12045,7369,16334,10419,16034,7411,7339,17650,22592,10860,20661,3,0,441,639,1219,2521,1767,4300,2493,6291,3700,5463,3425,3362,4992,6945,9994,18901,106426,72488,14004,3941,55486,12,9,13,6
2021-04-08T23:59:59+02:00,7,1,2434,2946,5913,9185,6270,11915,7198,16149,10163,15845,7213,7079,16381,21132,10849,20630,3,0,434,633,1204,2487,1741,4263,2465,6219,3646,5397,3346,3315,4911,6840,9972,18855,102763,72036,13650,3669,54875,11,9,13,6
2021-04-07T23:59:59+02:00,7,1,2407,2910,5840,9113,6178,11840,7065,16049,9920,15694,6916,6752,14052,18181,10828,20583,3,0,428,631,1193,2474,1728,4239,2451,6179,3578,5338,3274,3262,4852,6778,9963,18825,96589,71749,13490,3422,54236,10,9,12,6
2021-04-06T23:59:59+02:00,7,1,2390,2880,5743,9046,6088,11761,6911,15936,9680,15512,6561,6388,11945,15565,10801,20524,3,0,424,624,1185,2447,1717,4216,2425,6141,3513,5274,3188,3212,4806,6725,9957,18807,91540,71503,13190,3138,52990,10,7,12,6
2021-04-05T23:59:59+02:00,7,1,2382,2870,5724,9029,6077,11742,6898,15917,9660,15486,6435,6288,10666,14270,10800,20523,3,0,420,617,1181,2432,1711,4200,2409,6109,3480,5233,3159,3174,4785,6680,9950,18789,91456,71310,13153,3001,50148,9,6,12,6
2021-04-04T23:59:59+02:00,7,1,2382,2870,5721,9025,6075,11742,6896,15917,9658,15485,6430,6283,10666,14268,10800,20523,3,0,420,616,1181,2431,1711,4200,2408,6109,3480,5233,3158,3174,4782,6680,9949,18788,91447,71302,13150,3000,50135,9,6,11,6
2021-04-03T23:59:59+02:00,7,1,2379,2863,5714,9017,6069,11737,6893,15913,9655,15482,6427,6278,10659,14265,10800,20523,3,0,420,616,1181,2431,1711,4200,2408,6109,3480,5232,3158,3174,4782,6680,9949,18788,91389,71301,13148,3000,50128,9,6,11,6
2021-04-02T23:59:59+02:00,7,1,2376,2861,5709,9010,6067,11734,6889,15912,9651,15480,6423,6271,10644,14236,10799,20522,3,0,418,614,1180,2431,1710,4199,2407,6109,3479,5225,3133,3157,4772,6671,9949,18788,91304,71225,13145,2999,50127,9,6,10,6
2021-04-01T23:59:59+02:00,7,1,2355,2858,5678,8980,6024,11691,6847,15857,9596,15424,6329,6174,10348,13887,10776,20473,3,0,416,598,1177,2425,1703,4188,2391,6092,3452,5204,3067,3109,4709,6595,9871,18670,90312,70654,13122,2996,49856,9,5,10,6
2021-03-31T23:59:59+02:00,7,1,2322,2831,5603,8912,5955,11596,6745,15745,9462,15290,6186,6031,9796,13138,10729,20379,3,0,411,592,1171,2413,1697,4172,2384,6079,3432,5170,3035,3076,4659,6536,9813,18568,88320,70200,12906,2994,49489,9,3,10,5
2021-03-30T23:59:59+02:00,7,1,2302,2814,5556,8853,5892,11522,6672,15646,9365,15147,5998,5817,8886,11796,10652,20196,3,0,409,588,1167,2409,1684,4155,2366,6057,3398,5126,2977,3007,4568,6438,9681,18326,85235,69491,12526,2852,49350,9,3,8,4
2021-03-29T23:59:59+02:00,6,1,2235,2759,5454,8740,5782,11375,6504,15415,9130,14892,5639,5442,6933,9260,10425,19766,3,0,401,584,1156,2398,1670,4143,2341,6030,3368,5070,2907,2940,4445,6332,9473,17986,79111,68518,11718,2713,48919,9,3,7,4
2021-03-28T23:59:59+02:00,6,1,2213,2746,5410,8679,5707,11297,6416,15329,9012,14772,5513,5289,6286,8322,10358,19648,3,0,391,577,1140,2382,1644,4116,2294,5970,3312,4980,2823,2860,4332,6193,9397,17846,76798,68062,11459,2187,48737,5,3,7,3
2021-03-27T23:59:59+01:00,6,1,2212,2739,5402,8673,5703,11282,6401,15307,9001,14760,5485,5262,6275,8318,10358,19646,3,0,391,577,1138,2381,1643,4111,2290,5967,3303,4973,2818,2857,4316,6169,9315,17697,76690,67752,11459,2186,48672,5,3,7,3
2021-03-26T23:59:59+01:00,6,1,2195,2718,5365,8634,5664,11232,6324,15237,8851,14610,5320,5113,6105,8137,10355,19637,3,0,387,569,1131,2368,1627,4082,2262,5931,3269,4919,2757,2793,4128,5909,8598,16499,76344,65073,10622,2148,48528,5,3,7,3
2021-03-25T23:59:59+01:00,6,0,2078,2638,5188,8419,5464,10955,6116,14933,8611,14322,5157,4960,6008,8015,10353,19629,3,0,378,554,1111,2342,1604,4052,2216,5873,3194,4840,2658,2686,3750,5414,7435,14724,75887,60899,9669,1926,47287,4,2,7,3
2021-03-24T23:59:59+01:00,6,0,1993,2590,5037,8258,5304,10761,5950,14694,8404,14091,5017,4801,5894,7897,10347,19618,3,0,374,542,1098,2314,1571,3997,2157,5807,3105,4740,2521,2572,3318,4796,6015,12474,75507,55820,8505,1575,46641,4,2,7,3
2021-03-23T23:59:59+01:00,6,0,1916,2539,4926,8135,5205,10620,5829,14503,8287,13922,4934,4717,5827,7837,10340,19599,3,0,363,517,1079,2279,1538,3939,2113,5717,3023,4648,2432,2478,2864,4151,4062,9190,75111,48961,7762,1427,46260,3,2,7,3
2021-03-22T23:59:59+01:00,6,0,1854,2475,4790,8000,5071,10443,5669,14270,8095,13709,4827,4602,5757,7729,10323,19558,2,0,336,500,1051,2241,1493,3865,2047,5607,2921,4496,2315,2325,2332,3453,1464,4934,74608,40189,6724,1187,45837,1,2,7,3
2021-03-21T23:59:59+01:00,6,0,1852,2469,4779,7986,5057,10432,5653,14253,8065,13684,4805,4587,5740,7717,10318,19557,2,0,335,500,1046,2227,1484,3836,2029,5569,2896,4446,2274,2276,2290,3412,1447,4888,74583,40047,6672,904,45696,1,2,7,3
2021-03-20T23:59:59+01:00,6,0,1852,2469,4777,7985,5056,10430,5652,14252,8057,13678,4804,4586,5732,7708,10318,19557,2,0,335,499,1046,2227,1484,3836,2029,5569,2894,4445,2273,2273,2290,3412,1446,4888,74569,40043,6672,899,45669,1,2,7,3
2021-03-19T23:59:59+01:00,6,0,1800,2225,4267,6706,4648,9448,5384,13695,7835,13276,4677,4486,5662,7641,10317,19557,2,0,334,499,1046,2227,1484,3835,2028,5568,2893,4445,2271,2272,2284,3405,1444,4886,74506,40025,6661,892,40454,1,2,7,3
2021-03-18T23:59:59+01:00,6,0,1745,1972,3853,5649,4119,8072,4567,11153,6474,9948,4308,4186,5458,7417,10296,19519,2,0,333,496,1039,2214,1477,3810,2001,5529,2868,4421,2250,2256,2259,3376,1439,4877,74071,39833,6597,808,28065,1,2,7,3
2021-03-17T23:59:59+01:00,6,0,1739,1963,3841,5623,4102,8042,4543,11088,6423,9874,4269,4139,5415,7371,10288,19491,1,0,330,495,1035,2206,1471,3801,1994,5514,2858,4394,2223,2227,2237,3361,1432,4861,73800,39675,6533,759,27875,1,2,7,3
2021-03-16T23:59:59+01:00,6,0,1715,1930,3782,5541,4032,7936,4416,10926,6215,9675,4045,3949,5272,7212,10281,19467,1,0,327,491,1034,2187,1466,3788,1985,5498,2849,4374,2214,2212,2224,3331,1423,4830,73486,39499,5256,729,27649,1,2,7,3
2021-03-15T23:59:59+01:00,6,0,1705,1910,3758,5505,4006,7898,4365,10857,6136,9589,3958,3882,5216,7150,10272,19440,1,0,324,487,1025,2171,1458,3782,1969,5462,2831,4346,2199,2180,2199,3266,1412,4791,73254,39278,4889,621,27503,1,0,7,3
2021-03-14T23:59:59+01:00,6,0,1699,1900,3749,5495,4001,7881,4356,10826,6127,9567,3950,3871,5210,7142,10271,19438,1,0,324,487,1023,2171,1453,3779,1966,5460,2813,4340,2193,2177,2188,3255,1407,4789,73218,39270,4871,552,27393,1,0,7,3
2021-03-13T23:59:59+01:00,6,0,1695,1894,3734,5472,3994,7871,4336,10815,6113,9551,3947,3868,5207,7139,10271,19438,1,0,324,487,1023,2171,1453,3779,1966,5459,2813,4339,2192,2176,2188,3253,1398,4784,73193,39250,4866,552,27285,1,0,7,3
2021-03-12T23:59:59+01:00,5,0,1658,1836,3226,5326,3479,7754,4202,10690,5887,9260,3776,3721,5065,7026,10245,19390,1,0,319,465,1019,2141,1445,3754,1947,5388,2760,4255,2013,2022,2128,3204,1391,4778,72972,38483,4132,544,25435,0,0,7,3
2021-03-11T23:59:59+01:00,5,0,1550,1697,2844,5066,3041,7497,3922,10275,5257,8371,3547,3545,4957,6905,10205,19334,1,0,318,464,1016,2128,1442,3734,1940,5369,2751,4238,2006,2014,2113,3187,1386,4758,72389,38358,3866,504,21757,0,0,6,3
2021-03-10T23:59:59+01:00,5,0,1518,1663,2805,5021,3003,7438,3865,10187,5147,8254,3421,3439,4839,6791,10157,19267,1,0,316,463,1015,2125,1438,3723,1936,5356,2739,4218,1987,2006,2086,3154,1376,4743,71969,38272,3534,407,21311,0,0,6,3
2021-03-09T23:59:59+01:00,5,0,1508,1647,2768,4993,2981,7394,3826,10127,5065,8175,3320,3352,4756,6702,10048,19055,1,0,313,462,1011,2118,1431,3710,1910,5334,2697,4188,1944,1981,2032,3125,1364,4733,71362,38241,3262,110,21092,0,0,6,3
2021-03-08T23:59:59+01:00,5,0,1492,1632,2739,4964,2952,7363,3803,10079,5041,8113,3278,3312,4679,6638,9867,18751,1,0,312,462,1009,2114,1423,3694,1893,5300,2678,4160,1925,1962,2005,3102,1357,4714,70556,38090,3253,18,20893,0,0,6,3
2021-03-07T23:59:59+01:00,5,0,1479,1621,2709,4921,2918,7315,3768,10018,4998,8053,3243,3278,4613,6536,9790,18605,1,0,312,461,1008,2113,1422,3688,1890,5290,2677,4155,1921,1959,2001,3098,1353,4705,70014,38035,3199,16,20651,0,0,6,3
2021-03-06T23:59:59+01:00,5,0,1478,1620,2704,4909,2915,7306,3760,10011,4980,8037,3233,3268,4590,6497,9699,18432,1,0,312,461,1006,2110,1422,3686,1884,5281,2675,4153,1916,1952,1996,3096,1352,4702,69617,37987,3199,16,20622,0,0,6,2
2021-03-05T23:59:59+01:00,5,0,1405,1544,2606,4748,2858,7147,3675,9804,4880,7841,3183,3208,4371,6207,8979,17222,1,0,312,461,1004,2108,1418,3681,1882,5280,2672,4147,1908,1948,1991,3093,1347,4698,66927,37933,3196,16,19554,0,0,6,2
2021-03-04T23:59:59+01:00,5,0,1233,1438,2440,4549,2690,6876,3508,9460,4622,7500,3067,3082,4007,5748,7788,15379,1,0,310,453,995,2085,1402,3641,1854,5227,2644,4099,1880,1923,1958,3038,1319,4652,62668,37463,3193,16,17525,0,0,6,2
2021-03-03T23:59:59+01:00,5,0,1199,1384,2364,4441,2629,6753,3422,9293,4524,7357,2980,3012,3624,5142,6370,13147,1,0,306,444,984,2062,1390,3613,1840,5177,2589,4044,1830,1887,1930,3005,1303,4623,57524,37010,3165,16,16952,0,0,5,2
2021-03-02T23:59:59+01:00,5,0,1166,1345,2303,4382,2580,6661,3340,9169,4387,7208,2865,2887,3135,4473,4321,9739,1,0,301,435,979,2035,1377,3571,1825,5122,2557,4017,1820,1871,1910,2976,1289,4595,50381,36663,2914,16,16667,0,0,4,2
2021-03-01T23:59:59+01:00,5,0,1107,1316,2241,4320,2507,6574,3245,9041,4245,7020,2733,2751,2561,3724,1543,5194,1,0,300,432,972,2023,1366,3553,1817,5107,2544,4001,1802,1860,1894,2957,1278,4566,41167,36455,2523,16,16433,0,0,4,2
2021-02-28T23:59:59+01:00,5,0,1071,1301,2200,4285,2477,6529,3197,8984,4183,6961,2668,2703,2512,3693,1535,5174,1,0,300,431,969,2016,1364,3540,1814,5093,2538,3992,1795,1849,1881,2945,1270,4551,41070,36331,2230,16,16174,0,0,4,2
2021-02-27T23:59:59+01:00,5,0,1030,1219,2132,4044,2419,6295,3134,8687,4093,6708,2613,2646,2492,3669,1532,5174,1,0,300,431,968,2016,1364,3540,1814,5092,2537,3992,1795,1848,1879,2945,1270,4551,40963,36325,2229,16,14696,0,0,4,2
2021-02-26T23:59:59+01:00,4,0,864,967,1934,3655,2257,5634,2918,7772,3783,5920,2565,2592,2473,3653,1528,5172,1,0,300,431,968,2013,1362,3538,1812,5091,2535,3991,1795,1845,1872,2944,1268,4544,40945,36292,2140,16,10602,0,0,4,2
2021-02-25T23:59:59+01:00,4,0,529,811,1657,3455,2078,5329,2722,7375,3556,5619,2484,2512,2432,3592,1524,5157,1,0,291,410,943,1962,1332,3467,1780,5010,2506,3928,1770,1817,1832,2898,1239,4503,40749,35674,1879,13,8205,0,0,3,2
2021-02-24T23:59:59+01:00,3,0,508,792,1622,3357,2016,5198,2662,7193,3490,5478,2416,2465,2395,3563,1514,5121,1,0,282,405,927,1931,1318,3413,1767,4949,2482,3884,1759,1799,1823,2879,1227,4472,40555,35312,1708,4,7527,0,0,3,2
2021-02-23T23:59:59+01:00,3,0,487,755,1562,3254,1961,5057,2584,7061,3405,5373,2356,2407,2356,3504,1499,5086,1,0,280,401,922,1915,1311,3383,1758,4917,2461,3852,1739,1779,1803,2843,1211,4416,40400,34987,1435,3,6872,0,0,3,2
2021-02-22T23:59:59+01:00,2,0,471,724,1508,3154,1921,4918,2525,6842,3344,5229,2346,2308,2340,3424,1493,5041,1,0,279,398,919,1903,1303,3356,1740,4881,2446,3822,1720,1760,1775,2812,1196,4367,40183,34675,1169,1,6235,0,0,3,2
2021-02-21T23:59:59+01:00,2,0,462,685,1450,3010,1873,4768,2472,6682,3262,5125,2310,2275,2312,3404,1483,5035,1,0,279,397,916,1895,1302,3347,1735,4871,2442,3813,1718,1758,1774,2810,1196,4366,40139,34617,936,1,5532,0,0,3,2
2021-02-20T23:59:59+01:00,2,0,456,679,1441,3006,1868,4768,2469,6679,3257,5121,2307,2274,2312,3403,1481,5035,1,0,279,397,916,1894,1302,3346,1735,4871,2440,3812,1717,1757,1771,2810,1195,4364,40134,34604,931,1,5490,0,0,3,2
2021-02-19T23:59:59+01:00,1,0,433,642,1412,2944,1840,4712,2428,6579,3170,5003,2127,2112,2248,3354,1476,5029,1,0,277,396,915,1892,1301,3345,1735,4866,2437,3811,1716,1756,1769,2809,1195,4363,39382,34581,911,1,5214,0,0,3,2
2021-02-18T23:59:59+01:00,1,0,406,585,1307,2704,1736,4470,2290,6317,3067,4821,2098,2096,2232,3337,1471,5018,1,0,277,390,907,1858,1292,3305,1717,4818,2418,3773,1705,1745,1752,2797,1183,4343,39304,34278,837,1,3812,0,0,3,2
2021-02-17T23:59:59+01:00,1,0,389,553,1269,2573,1679,4295,2220,6076,3008,4672,2079,2077,2208,3317,1457,5008,1,0,267,373,871,1772,1249,3176,1657,4659,2342,3638,1626,1675,1676,2685,1130,4221,39148,33016,786,0,2944,0,0,3,2
2021-02-16T23:59:59+01:00,1,0,371,523,1216,2454,1629,4161,2141,5891,2928,4536,2070,2072,2200,3310,1452,4996,1,0,259,356,850,1691,1194,3039,1594,4456,2271,3460,1575,1621,1612,2583,1098,4085,39088,31743,755,0,2105,0,0,3,2
2021-02-15T23:59:59+01:00,1,0,361,501,1144,2314,1584,4086,2109,5837,2900,4495,2051,2056,2175,3279,1444,4975,1,0,253,337,827,1646,1162,2963,1538,4319,2198,3340,1499,1556,1554,2471,1051,3897,38980,30610,640,0,1689,0,0,3,2
2021-02-14T23:59:59+01:00,1,0,352,495,1120,2258,1521,3925,2068,5744,2869,4456,2045,2053,2163,3269,1441,4968,1,0,247,332,809,1618,1146,2923,1496,4267,2160,3310,1483,1535,1529,2434,1034,3851,38961,30173,571,0,1213,0,0,3,2
2021-02-13T23:59:59+01:00,1,0,352,495,1119,2258,1521,3924,2066,5743,2869,4456,2044,2051,2162,3269,1440,4965,1,0,247,332,809,1618,1146,2923,1495,4265,2160,3310,1481,1532,1528,2433,1034,3850,38950,30162,571,0,1212,0,0,2,2
2021-02-12T23:59:59+01:00,1,0,344,492,1101,2250,1516,3911,2061,5735,2866,4450,2030,2041,2156,3256,1435,4962,1,0,245,331,803,1613,1140,2914,1480,4247,2141,3297,1468,1516,1513,2401,1027,3813,38884,29949,563,0,1158,0,0,2,1
2021-02-11T23:59:59+01:00,1,0,321,468,1038,2154,1463,3784,1967,5471,2782,4331,1999,2008,2116,3188,1405,4904,1,0,225,303,754,1508,1060,2690,1355,3890,1952,2990,1278,1304,1340,2121,913,3444,38484,27127,526,0,388,0,0,2,1
2021-02-10T23:59:59+01:00,1,0,316,459,1016,2114,1424,3706,1913,5310,2688,4151,1928,1958,2068,3146,1383,4878,1,0,200,260,660,1321,932,2304,1169,3287,1708,2570,1115,1126,1188,1870,794,3081,38069,23585,386,0,2,0,0,2,1
2021-02-09T23:59:59+01:00,1,0,310,448,1008,2083,1409,3654,1869,5243,2622,4096,1870,1918,1996,3091,1362,4856,1,0,167,200,559,1060,782,1857,963,2678,1438,2156,963,965,990,1580,670,2632,37767,19660,65,0,2,0,0,2,1
2021-02-08T23:59:59+01:00,1,0,308,446,1005,2076,1398,3638,1861,5220,2602,4079,1856,1907,1977,3073,1356,4831,1,0,117,165,458,845,618,1439,765,2031,1160,1669,770,789,789,1246,533,2150,37610,15544,20,0,2,0,0,2,1
2021-02-07T23:59:59+01:00,1,0,308,446,1003,2075,1397,3633,1858,5217,2595,4076,1850,1898,1961,3065,1352,4823,1,0,107,146,409,701,544,1264,685,1815,1063,1521,694,708,706,1122,456,1907,37539,13848,17,0,0,0,0,2,1
2021-02-06T23:59:59+01:00,1,0,308,446,1002,2074,1397,3630,1858,5215,2595,4073,1850,1897,1956,3063,1349,4821,1,0,106,145,404,698,539,1240,669,1796,1052,1499,691,704,701,1118,455,1903,37516,13721,17,0,0,0,0,2,0
2021-02-05T23:59:59+01:00,1,0,308,445,1000,2071,1393,3621,1854,5201,2589,4067,1849,1896,1948,3055,1339,4807,1,0,102,137,389,680,522,1210,637,1744,1002,1436,654,653,652,1044,428,1809,37425,13100,17,0,0,0,0,2,0
2021-02-04T23:59:59+01:00,1,0,300,428,989,2041,1374,3567,1834,5124,2574,4019,1833,1875,1921,3020,1319,4774,1,0,77,106,288,459,362,818,454,1182,690,977,508,477,506,825,340,1450,36974,9520,17,0,0,0,0,2,0
2021-02-03T23:59:59+01:00,1,0,296,419,970,2015,1358,3529,1820,5075,2540,3976,1813,1852,1906,2996,1305,4757,1,0,61,82,242,391,292,639,346,924,532,730,340,331,368,586,248,1063,36609,7176,17,0,0,0,0,2,0
2021-02-02T23:59:59+01:00,1,0,291,413,964,1986,1350,3496,1809,5028,2517,3941,1795,1836,1878,2955,1283,4706,0,0,40,63,185,309,244,486,265,739,384,561,236,214,234,391,168,699,36230,5218,17,0,0,0,0,2,0
2021-02-01T23:59:59+01:00,1,0,290,410,959,1978,1347,3481,1801,5007,2508,3922,1787,1825,1863,2940,1278,4692,0,0,20,39,137,223,168,312,169,490,240,324,119,109,102,189,78,313,36070,3032,17,0,0,0,0,2,0
2021-01-31T23:59:59+01:00,1,0,289,409,957,1970,1344,3472,1798,4988,2504,3907,1783,1817,1859,2932,1275,4682,0,0,19,34,119,195,151,271,152,411,203,279,100,95,94,161,70,274,35968,2628,17,0,0,0,0,2,0
2021-01-30T23:59:59+01:00,1,0,289,409,957,1970,1344,3472,1798,4988,2504,3907,1782,1817,1859,2931,1275,4681,0,0,19,34,118,195,151,268,149,408,202,278,99,94,94,161,70,274,35965,2614,17,0,0,0,0,2,0
2021-01-29T23:59:59+01:00,1,0,287,406,956,1968,1343,3464,1792,4979,2501,3904,1776,1810,1850,2919,1268,4659,0,0,17,33,116,186,142,260,137,380,170,251,72,70,84,139,63,238,35864,2358,17,0,0,0,0,2,0
2021-01-28T23:59:59+01:00,1,0,284,397,937,1913,1319,3400,1767,4917,2473,3842,1754,1789,1818,2888,1249,4623,0,0,1,0,10,19,8,20,11,45,8,22,6,4,7,10,3,15,35354,189,15,0,0,0,0,2,0
2021-01-27T23:59:59+01:00,1,0,278,379,904,1832,1284,3286,1706,4794,2413,3742,1697,1740,1773,2820,1210,4534,0,0,1,0,4,6,5,12,7,19,4,12,5,4,7,10,3,14,34380,113,11,0,0,0,0,2,0
2021-01-26T23:59:59+01:00,1,0,273,369,894,1818,1270,3246,1688,4738,2383,3675,1664,1708,1734,2748,1192,4443,0,0,1,0,4,6,5,12,7,19,4,12,5,4,7,10,3,14,33835,113,7,0,0,0,0,2,0
2021-01-25T23:59:59+01:00,1,0,262,345,852,1699,1200,3082,1597,4467,2277,3467,1603,1655,1677,2660,1142,4257,0,0,1,0,1,3,1,4,4,2,4,5,5,4,6,9,2,14,32238,65,3,0,0,0,0,2,0
2021-01-24T23:59:59+01:00,1,0,259,342,841,1679,1190,3059,1566,4434,2251,3446,1592,1646,1665,2648,1136,4249,0,0,1,0,1,2,1,4,4,2,4,5,5,4,6,9,2,14,31999,64,3,0,0,0,0,2,0
2021-01-23T23:59:59+01:00,1,0,259,342,841,1679,1189,3058,1566,4430,2250,3445,1591,1646,1664,2647,1135,4244,0,0,1,0,1,2,1,4,4,2,4,5,5,4,6,9,2,14,31982,64,3,0,0,0,0,2,0
2021-01-22T23:59:59+01:00,1,0,258,340,835,1676,1185,3053,1563,4423,2237,3440,1579,1634,1658,2628,1129,4222,0,0,1,0,1,2,1,4,4,2,4,5,5,4,6,9,2,14,31857,64,3,0,0,0,0,1,0
2021-01-21T23:59:59+01:00,1,0,247,330,808,1609,1160,2926,1507,4261,2157,3305,1480,1530,1521,2460,1045,4032,0,0,1,0,1,2,1,4,4,2,4,5,4,3,5,9,1,14,30375,60,3,0,0,0,0,1,0
2021-01-20T23:59:59+01:00,1,0,225,289,734,1453,1069,2609,1373,3802,1983,2950,1357,1382,1398,2261,967,3792,0,0,1,0,1,2,1,4,4,2,3,5,4,3,5,9,1,14,27642,59,2,0,0,0,0,1,0
2021-01-19T23:59:59+01:00,1,0,194,232,633,1205,924,2163,1150,3187,1694,2519,1173,1177,1162,1918,805,3220,0,0,1,0,1,1,1,2,4,1,2,5,4,3,5,9,1,14,23354,54,2,0,0,0,0,1,0
2021-01-18T23:59:59+01:00,1,0,137,184,500,945,713,1647,882,2321,1318,1908,911,945,927,1512,629,2570,0,0,0,0,0,0,0,0,0,0,1,2,2,1,0,0,0,0,18048,6,1,0,0,0,0,1,0
2021-01-17T23:59:59+01:00,1,0,123,159,441,774,628,1424,780,2068,1203,1719,845,866,843,1374,555,2350,0,0,0,0,0,0,0,0,0,0,0,1,0,0,0,0,0,0,16152,1,0,0,0,0,0,1,0
2021-01-16T23:59:59+01:00,1,0,122,158,437,773,626,1416,770,2064,1194,1712,843,861,838,1363,547,2334,0,0,0,0,0,0,0,0,0,0,0,0,0,0,0,0,0,0,16059,0,0,0,0,0,0,0,0
2021-01-15T23:59:59+01:00,1,0,111,151,425,752,599,1377,738,1986,1132,1630,799,807,791,1274,516,2209,0,0,0,0,0,0,0,0,0,0,0,0,0,0,0,0,0,0,15298,0,0,0,0,0,0,0,0
2021-01-14T23:59:59+01:00,1,0,77,112,304,486,398,892,509,1280,775,1069,585,559,575,939,400,1682,0,0,0,0,0,0,0,0,0,0,0,0,0,0,0,0,0,0,10643,0,0,0,0,0,0,0,0
2021-01-13T23:59:59+01:00,1,0,60,85,253,408,322,675,377,981,568,764,369,355,389,636,285,1173,0,0,0,0,0,0,0,0,0,0,0,0,0,0,0,0,0,0,7701,0,0,0,0,0,0,0,0
2021-01-12T23:59:59+01:00,0,0,49,69,206,349,258,547,277,807,412,598,248,226,242,424,191,785,0,0,0,0,0,0,0,0,0,0,0,0,0,0,0,0,0,0,5688,0,0,0,0,0,0,0,0
2021-01-11T23:59:59+01:00,0,0,33,51,179,299,211,444,220,647,302,422,151,131,139,259,106,451,0,0,0,0,0,0,0,0,0,0,0,0,0,0,0,0,0,0,4045,0,0,0,0,0,0,0,0
2021-01-10T23:59:59+01:00,0,0,25,42,157,250,182,366,179,536,253,361,130,110,124,214,94,362,0,0,0,0,0,0,0,0,0,0,0,0,0,0,0,0,0,0,3385,0,0,0,0,0,0,0,0
2021-01-09T23:59:59+01:00,0,0,25,42,156,248,181,363,177,530,252,360,129,109,124,214,94,362,0,0,0,0,0,0,0,0,0,0,0,0,0,0,0,0,0,0,3366,0,0,0,0,0,0,0,0
2021-01-08T23:59:59+01:00,0,0,23,40,153,239,173,353,164,499,222,334,105,93,118,198,87,335,0,0,0,0,0,0,0,0,0,0,0,0,0,0,0,0,0,0,3136,0,0,0,0,0,0,0,0
2021-01-07T23:59:59+01:00,0,0,2,0,4,9,8,15,10,7,18,11,10,11,14,21,3,35,0,0,0,0,0,0,0,0,0,0,0,0,0,0,0,0,0,0,178,0,0,0,0,0,0,0,0
2021-01-06T23:59:59+01:00,0,0,1,0,1,3,1,7,5,2,4,6,6,4,7,10,1,16,0,0,0,0,0,0,0,0,0,0,0,0,0,0,0,0,0,0,74,0,0,0,0,0,0,0,0
2021-01-05T23:59:59+01:00,0,0,1,0,1,3,1,6,5,2,4,5,6,4,6,10,1,15,0,0,0,0,0,0,0,0,0,0,0,0,0,0,0,0,0,0,70,0,0,0,0,0,0,0,0
2021-01-04T23:59:59+01:00,0,0,1,0,1,3,1,5,4,2,4,5,6,4,5,9,1,15,0,0,0,0,0,0,0,0,0,0,0,0,0,0,0,0,0,0,66,0,0,0,0,0,0,0,0
2021-01-03T23:59:59+01:00,0,0,1,0,1,2,1,5,4,2,4,5,5,4,5,9,1,15,0,0,0,0,0,0,0,0,0,0,0,0,0,0,0,0,0,0,64,0,0,0,0,0,0,0,0
2021-01-02T23:59:59+01:00,0,0,1,0,1,2,1,5,4,2,4,5,5,4,5,9,1,15,0,0,0,0,0,0,0,0,0,0,0,0,0,0,0,0,0,0,64,0,0,0,0,0,0,0,0
2021-01-01T23:59:59+01:00,0,0,1,0,1,2,1,4,4,2,4,5,5,4,5,9,1,15,0,0,0,0,0,0,0,0,0,0,0,0,0,0,0,0,0,0,63,0,0,0,0,0,0,0,0
2020-12-31T23:59:59+01:00,0,0,1,0,1,2,1,4,4,2,4,5,5,4,5,9,1,15,0,0,0,0,0,0,0,0,0,0,0,0,0,0,0,0,0,0,63,0,0,0,0,0,0,0,0
2020-12-30T23:59:59+01:00,0,0,1,0,1,2,1,4,4,2,3,5,5,4,5,9,1,15,0,0,0,0,0,0,0,0,0,0,0,0,0,0,0,0,0,0,62,0,0,0,0,0,0,0,0
2020-12-29T23:59:59+01:00,0,0,0,0,1,1,1,2,4,1,2,5,5,4,5,9,1,15,0,0,0,0,0,0,0,0,0,0,0,0,0,0,0,0,0,0,56,0,0,0,0,0,0,0,0
2020-12-28T23:59:59+01:00,0,0,0,0,1,1,1,1,2,0,1,5,4,1,1,0,0,2,0,0,0,0,0,0,0,0,0,0,0,0,0,0,0,0,0,0,20,0,0,0,0,0,0,0,0
2020-12-27T23:59:59+01:00,0,0,0,0,1,1,1,1,2,0,0,3,2,0,1,0,0,2,0,0,0,0,0,0,0,0,0,0,0,0,0,0,0,0,0,0,14,0,0,0,0,0,0,0,0
