Datum,<15_m,<15_w,15-24_1_m,15-24_1_w,25-34_1_m,25-34_1_w,35-44_1_m,35-44_1_w,45-54_1_m,45-54_1_w,55-64_1_m,55-64_1_w,65-74_1_m,65-74_1_w,75-84_1_m,75-84_1_w,>84_1_m,>84_1_w,<24_2_m,<24_2_w,25-34_2_m,25-34_2_w,35-44_2_m,35-44_2_w,45-54_2_m,45-54_2_w,55-64_2_m,55-64_2_w,65-74_2_m,65-74_2_w,75-84_2_m,75-84_2_w,>84_2_m,>84_2_w,bp_1,bp_2,mo_1,mo_2,az_1,az_2,ja,unb_1,unb_2
2021-10-22T23:59:59+02:00,4121,3827,26069,24983,35253,32585,34946,34867,40283,40601,43678,43708,28459,31695,20269,25396,6353,10714,23650,22669,32825,29979,32971,32678,38230,38252,41626,41705,27479,30546,19586,24457,6085,10165,343247,322889,45685,44045,77581,71282,21237,62,36
2021-10-21T23:59:59+02:00,4055,3781,25978,24900,35142,32485,34859,34801,40217,40549,43628,43674,28450,31682,20264,25392,6353,10713,23513,22525,32736,29898,32908,32618,38175,38202,41580,41669,27462,30529,19573,24441,6082,10159,342441,321817,45659,44018,77580,71282,21186,62,36
2021-10-20T23:59:59+02:00,4046,3766,25947,24871,35091,32439,34826,34769,40195,40528,43609,43660,28445,31677,20262,25388,6348,10711,23473,22485,32695,29865,32880,32590,38150,38172,41559,41648,27447,30517,19563,24430,6079,10157,342112,321422,45655,44004,77580,71282,21174,62,36
2021-10-19T23:59:59+02:00,4028,3739,25878,24826,35038,32393,34787,34731,40162,40501,43589,43646,28440,31670,20255,25381,6344,10710,23354,22377,32616,29798,32840,32547,38123,38127,41528,41624,27432,30500,19555,24423,6074,10153,341704,320638,45632,43964,77580,71281,21145,62,36
2021-10-18T23:59:59+02:00,4020,3722,25836,24800,35010,32356,34769,34716,40145,40486,43579,43632,28433,31663,20245,25374,6343,10710,23308,22339,32583,29755,32817,32512,38098,38107,41508,41602,27425,30493,19548,24414,6071,10149,341445,320280,45625,43946,77580,71281,21132,62,36
2021-10-17T23:59:59+02:00,4013,3710,25820,24794,34997,32346,34760,34711,40143,40483,43574,43627,28430,31659,20245,25369,6342,10708,23269,22312,32572,29742,32811,32502,38094,38100,41507,41594,27425,30490,19547,24412,6069,10149,341338,319981,45625,43946,77580,71281,21131,62,36
2021-10-16T23:59:59+02:00,4013,3710,25820,24794,34997,32346,34759,34711,40142,40482,43574,43627,28429,31658,20245,25368,6342,10707,23268,22312,32572,29742,32811,32501,38093,38099,41507,41593,27424,30490,19547,24411,6068,10147,341332,319969,45625,43946,77580,71281,21130,62,36
2021-10-15T23:59:59+02:00,4003,3700,25782,24764,34966,32320,34735,34688,40123,40470,43562,43620,28425,31655,20242,25365,6340,10703,23208,22243,32516,29692,32780,32455,38064,38072,41487,41576,27416,30482,19544,24407,6068,10143,341097,319520,45609,43918,77579,71281,21121,62,36
2021-10-14T23:59:59+02:00,3983,3672,25709,24706,34907,32259,34692,34653,40092,40438,43532,43605,28417,31646,20236,25362,6337,10698,23125,22157,32452,29598,32729,32398,38006,38029,41448,41539,27400,30468,19536,24399,6065,10142,340637,318839,45588,43873,77579,71281,21083,62,36
2021-10-13T23:59:59+02:00,3969,3649,25678,24685,34881,32229,34673,34638,40077,40414,43513,43585,28406,31638,20230,25349,6330,10689,23092,22118,32426,29559,32718,32363,37988,38009,41431,41528,27393,30454,19529,24392,6065,10137,340335,318523,45586,43865,77579,71281,21076,62,36
2021-10-12T23:59:59+02:00,3952,3629,25628,24633,34821,32168,34641,34608,40048,40387,43493,43572,28393,31623,20226,25340,6324,10682,23004,22022,32326,29470,32675,32315,37931,37972,41406,41491,27369,30441,19522,24382,6062,10127,339910,317837,45569,43828,77579,71279,21053,62,36
2021-10-11T23:59:59+02:00,3945,3617,25603,24608,34805,32145,34612,34590,40037,40376,43482,43558,28383,31614,20219,25335,6320,10678,22974,21990,32283,29435,32650,32284,37914,37955,41385,41474,27363,30435,19516,24375,6060,10123,339694,317524,45554,43820,77579,71279,21043,62,36
2021-10-10T23:59:59+02:00,3942,3615,25599,24601,34797,32135,34606,34576,40030,40371,43474,43551,28382,31609,20214,25331,6320,10674,22962,21972,32271,29418,32645,32277,37903,37944,41379,41469,27357,30431,19515,24374,6060,10123,339596,317397,45552,43817,77579,71279,21043,62,36
2021-10-09T23:59:59+02:00,3941,3612,25598,24598,34796,32131,34604,34575,40027,40367,43472,43551,28380,31608,20213,25328,6319,10674,22962,21972,32271,29418,32643,32276,37902,37944,41378,41468,27357,30431,19514,24374,6060,10122,339563,317388,45552,43817,77579,71279,21043,62,36
2021-10-08T23:59:59+02:00,3906,3588,25529,24541,34737,32076,34571,34544,39994,40339,43438,43525,28370,31598,20201,25313,6311,10670,22863,21907,32222,29363,32606,32229,37874,37901,41353,41444,27345,30413,19508,24366,6056,10121,339058,316841,45534,43802,77579,71278,21023,62,36
2021-10-07T23:59:59+02:00,3882,3544,25454,24460,34667,32005,34523,34505,39955,40299,43407,43498,28360,31586,20185,25303,6303,10660,22737,21764,32151,29277,32554,32151,37829,37854,41310,41402,27325,30395,19492,24352,6049,10109,338470,315968,45507,43776,77579,71277,20983,62,36
2021-10-06T23:59:59+02:00,3868,3525,25417,24416,34627,31966,34497,34474,39936,40282,43389,43481,28352,31577,20172,25284,6299,10648,22704,21722,32120,29240,32532,32120,37813,37830,41291,41387,27315,30385,19482,24340,6047,10105,338094,315628,45504,43773,77579,71277,20976,62,36
2021-10-05T23:59:59+02:00,3846,3506,25360,24356,34556,31891,34458,34435,39916,40247,43351,43457,28342,31565,20151,25264,6294,10618,22628,21606,32027,29148,32477,32057,37771,37788,41261,41358,27299,30375,19472,24330,6037,10095,337579,314931,45482,43747,77577,71275,20918,62,36
2021-10-04T23:59:59+02:00,3823,3484,25313,24314,34512,31860,34424,34404,39892,40229,43331,43438,28335,31556,20143,25246,6285,10605,22583,21560,31998,29099,32447,32033,37751,37770,41235,41342,27288,30359,19463,24321,6033,10085,337189,314580,45471,43732,77577,71272,20900,62,36
2021-10-03T23:59:59+02:00,3814,3482,25298,24308,34503,31855,34418,34398,39888,40220,43326,43434,28331,31554,20140,25236,6284,10598,22569,21549,31990,29089,32433,32024,37744,37764,41227,41339,27286,30354,19459,24315,6028,10079,337086,314455,45470,43731,77577,71272,20897,62,36
2021-10-02T23:59:59+02:00,3814,3482,25298,24307,34502,31855,34418,34398,39887,40220,43326,43434,28331,31554,20140,25236,6284,10598,22569,21549,31990,29089,32433,32024,37744,37764,41227,41339,27286,30354,19459,24315,6028,10079,337083,314454,45470,43731,77577,71272,20897,62,36
2021-10-01T23:59:59+02:00,3795,3464,25250,24240,34440,31786,34356,34358,39853,40196,43296,43416,28328,31548,20138,25234,6282,10595,22469,21460,31939,29019,32383,31982,37707,37716,41202,41322,27279,30349,19455,24310,6027,10077,336647,313893,45446,43704,77576,71270,20849,62,36
2021-09-30T23:59:59+02:00,3763,3422,25150,24125,34339,31708,34285,34299,39783,40138,43245,43375,28313,31529,20123,25222,6278,10582,22349,21342,31857,28915,32323,31911,37654,37668,41162,41296,27250,30337,19452,24297,6025,10072,335878,313099,45405,43679,77571,71270,20768,62,36
2021-09-29T23:59:59+02:00,3745,3402,25122,24081,34310,31680,34259,34273,39763,40116,43224,43358,28304,31521,20118,25216,6272,10575,22321,21311,31834,28895,32303,31887,37637,37651,41146,41284,27244,30325,19447,24288,6024,10068,335555,312850,45401,43675,77571,71270,20755,62,36
2021-09-28T23:59:59+02:00,3718,3371,25035,24010,34229,31613,34211,34224,39719,40077,43189,43328,28288,31502,20110,25204,6268,10566,22228,21237,31767,28822,32256,31840,37603,37608,41121,41259,27223,30310,19445,24279,6021,10066,335004,312346,45367,43645,77571,71269,20663,62,36
2021-09-27T23:59:59+02:00,3695,3347,24994,23984,34192,31573,34188,34194,39699,40043,43169,43307,28280,31492,20102,25199,6264,10558,22192,21205,31735,28782,32230,31819,37581,37590,41102,41246,27214,30305,19442,24275,6020,10062,334668,312080,45358,43629,77570,71269,20627,62,36
2021-09-26T23:59:59+02:00,3542,3243,24936,23949,34182,31565,34181,34191,39693,40036,43163,43301,28279,31490,20100,25198,6263,10557,22176,21186,31731,28775,32226,31815,37573,37583,41097,41240,27211,30301,19439,24273,6019,10061,334262,311975,45358,43628,77570,71268,20622,62,36
2021-09-25T23:59:59+02:00,3541,3243,24935,23949,34182,31565,34181,34191,39692,40035,43162,43301,28279,31489,20100,25198,6263,10557,22174,21183,31731,28775,32224,31814,37570,37581,41097,41240,27211,30300,19439,24273,6019,10061,334256,311960,45358,43628,77570,71268,20622,62,36
2021-09-24T23:59:59+02:00,3517,3211,24854,23873,34069,31485,34113,34128,39635,39988,43128,43275,28264,31478,20097,25192,6262,10555,22088,21095,31638,28711,32177,31776,37514,37543,41077,41218,27198,30289,19436,24270,6018,10061,333730,311504,45325,43615,77569,71267,20443,62,35
2021-09-23T23:59:59+02:00,3348,3060,24716,23723,33979,31394,34037,34069,39577,39936,43070,43231,28247,31464,20089,25180,6259,10553,21974,20993,31570,28633,32127,31720,37478,37509,41042,41184,27184,30270,19429,24254,6017,10058,332691,310887,45296,43597,77569,71265,20319,62,35
2021-09-22T23:59:59+02:00,3325,3035,24680,23671,33947,31361,34014,34032,39550,39920,43047,43207,28238,31455,20085,25169,6259,10548,21946,20964,31533,28595,32109,31692,37456,37494,41019,41173,27174,30264,19426,24250,6017,10057,332347,310626,45287,43593,77567,71264,20285,62,35
2021-09-21T23:59:59+02:00,3200,2902,24483,23515,33803,31261,33949,33949,39481,39872,43025,43165,28219,31435,20076,25163,6251,10541,21809,20826,31423,28490,32032,31615,37402,37445,40986,41139,27163,30252,19418,24235,6014,10052,331290,309849,45248,43565,77567,71263,20128,62,35
2021-09-20T23:59:59+02:00,3176,2880,24438,23468,33757,31221,33919,33916,39451,39841,43001,43140,28214,31425,20072,25157,6251,10537,21772,20785,31379,28443,32010,31579,37373,37427,40972,41130,27153,30245,19409,24229,6012,10045,330927,309549,45232,43558,77567,71261,20081,62,34
2021-09-19T23:59:59+02:00,3172,2878,24428,23462,33749,31213,33912,33909,39446,39826,42992,43139,28213,31424,20072,25155,6251,10537,21765,20780,31375,28435,32007,31578,37366,37419,40964,41129,27153,30245,19408,24228,6012,10045,330850,309496,45232,43557,77566,71261,20073,62,34
2021-09-18T23:59:59+02:00,3172,2878,24428,23462,33749,31213,33912,33909,39446,39826,42992,43139,28213,31424,20072,25155,6251,10537,21765,20780,31375,28433,32005,31578,37366,37419,40964,41129,27153,30245,19408,24227,6012,10045,330850,309491,45232,43557,77566,71261,20073,62,34
2021-09-17T23:59:59+02:00,3145,2840,24323,23348,33644,31112,33836,33841,39376,39772,42957,43112,28199,31416,20070,25149,6249,10535,21685,20703,31305,28371,31940,31531,37326,37386,40944,41115,27145,30230,19406,24220,6012,10044,330201,309042,45190,43537,77565,71261,19911,61,34
2021-09-16T23:59:59+02:00,3095,2792,24210,23216,33548,31003,33768,33736,39330,39712,42904,43063,28173,31395,20054,25138,6246,10527,21580,20606,31222,28299,31875,31466,37303,37331,40911,41077,27134,30210,19399,24212,6010,10043,329381,308446,45151,43528,77565,71255,19756,61,34
2021-09-15T23:59:59+02:00,3072,2779,24169,23168,33517,30959,33753,33705,39300,39684,42886,43045,28163,31384,20048,25132,6245,10525,21543,20563,31190,28252,31848,31443,37271,37297,40888,41051,27120,30201,19392,24204,6010,10039,329050,308086,45138,43527,77564,71253,19725,61,34
2021-09-14T23:59:59+02:00,3032,2747,24062,23026,33373,30818,33669,33621,39243,39633,42835,42995,28145,31368,20039,25124,6241,10520,21458,20481,31099,28162,31784,31381,37222,37255,40844,41025,27110,30181,19383,24196,6008,10036,328239,307562,45103,43520,77563,71249,19529,61,34
2021-09-13T23:59:59+02:00,3014,2728,24011,22973,33327,30758,33637,33571,39218,39602,42804,42971,28139,31355,20034,25122,6239,10516,21406,20434,31054,28111,31755,31349,37199,37235,40830,41003,27104,30175,19379,24192,6007,10035,327857,307262,45087,43507,77563,71248,19455,61,34
2021-09-12T23:59:59+02:00,3010,2721,24007,22965,33322,30754,33628,33565,39213,39599,42801,42969,28137,31353,20033,25121,6239,10515,21390,20425,31045,28093,31736,31341,37193,37228,40824,40997,27099,30174,19377,24189,6007,10033,327791,307140,45087,43507,77562,71247,19455,61,34
2021-09-11T23:59:59+02:00,3008,2720,24005,22963,33320,30753,33626,33564,39213,39597,42800,42969,28134,31351,20033,25121,6239,10515,21386,20424,31044,28090,31736,31341,37193,37227,40823,40996,27097,30174,19377,24189,6007,10033,327771,307124,45087,43507,77562,71247,19454,61,34
2021-09-10T23:59:59+02:00,2966,2678,23872,22835,33191,30637,33524,33489,39139,39513,42752,42929,28118,31334,20028,25113,6238,10513,21269,20321,30932,27997,31647,31288,37130,37185,40777,40963,27089,30164,19371,24179,6005,10032,327030,306582,45067,43488,77562,71246,19153,61,34
2021-09-09T23:59:59+02:00,2916,2639,23696,22686,33080,30507,33425,33388,39068,39441,42711,42882,28091,31316,20019,25107,6236,10511,21149,20190,30839,27900,31571,31193,37067,37129,40728,40915,27065,30148,19362,24170,6001,10029,326139,305830,45043,43468,77560,71243,18924,57,34
2021-09-08T23:59:59+02:00,2895,2608,23656,22637,33050,30468,33409,33360,39048,39419,42696,42867,28085,31307,20016,25102,6235,10511,21116,20158,30808,27884,31556,31168,37049,37106,40717,40901,27058,30142,19357,24165,6000,10028,325824,305600,45037,43464,77560,71242,18895,57,32
2021-09-07T23:59:59+02:00,2842,2553,23506,22492,32930,30360,33334,33274,38992,39355,42652,42833,28067,31290,20012,25097,6234,10508,20980,20024,30690,27798,31481,31102,37001,37054,40679,40872,27041,30117,19351,24154,5999,10026,325072,304948,45012,43442,77559,71237,18634,57,32
2021-09-06T23:59:59+02:00,2819,2538,23475,22448,32899,30327,33313,33254,38971,39342,42636,42818,28064,31286,20010,25095,6233,10505,20938,19981,30659,27771,31461,31077,36982,37035,40665,40860,27033,30109,19349,24145,5996,10024,324807,304647,44996,43434,77558,71236,18618,57,32
2021-09-05T23:59:59+02:00,2808,2535,23468,22442,32897,30322,33311,33249,38968,39339,42632,42812,28062,31282,20008,25094,6232,10504,20926,19974,30649,27765,31458,31073,36979,37033,40660,40857,27028,30107,19347,24141,5995,10024,324742,304573,44995,43434,77558,71236,18616,57,32
2021-09-04T23:59:59+02:00,2808,2535,23465,22441,32896,30322,33311,33248,38968,39338,42631,42811,28062,31282,20008,25094,6232,10504,20924,19974,30649,27765,31457,31072,36979,37033,40659,40857,27028,30107,19347,24141,5995,10024,324736,304566,44995,43434,77558,71236,18613,57,32
2021-09-03T23:59:59+02:00,2785,2501,23388,22364,32824,30251,33271,33205,38924,39309,42601,42798,28054,31269,20007,25092,6230,10503,20875,19916,30601,27726,31424,31037,36951,37008,40630,40845,27020,30099,19345,24139,5994,10024,324237,304223,44967,43426,77556,71228,18562,57,32
2021-09-02T23:59:59+02:00,2754,2469,23282,22267,32763,30160,33212,33150,38886,39276,42562,42765,28034,31257,20003,25078,6228,10500,20801,19855,30541,27663,31386,31006,36912,36971,40597,40816,27010,30087,19342,24128,5994,10024,323631,303796,44937,43408,77555,71223,18469,57,32
2021-09-01T23:59:59+02:00,2732,2455,23258,22230,32734,30128,33190,33124,38859,39255,42549,42749,28026,31250,19998,25076,6228,10500,20760,19811,30510,27635,31359,30981,36893,36955,40579,40800,27000,30078,19341,24122,5994,10024,323376,303518,44926,43401,77554,71222,18431,57,32
2021-08-31T23:59:59+02:00,2687,2412,23135,22125,32653,30028,33136,33066,38814,39213,42523,42724,28015,31244,19992,25072,6227,10496,20672,19717,30439,27575,31310,30938,36853,36923,40550,40775,26991,30066,19335,24117,5994,10022,322798,303101,44896,43386,77553,71215,18261,57,32
2021-08-30T23:59:59+02:00,2665,2388,23082,22082,32613,29986,33112,33029,38785,39193,42504,42706,28010,31237,19985,25063,6226,10492,20546,19616,30342,27480,31250,30887,36820,36895,40529,40741,26976,30051,19334,24108,5994,10020,322458,302389,44881,43377,77553,71210,18212,57,32
2021-08-29T23:59:59+02:00,2634,2358,22995,22019,32550,29929,33069,32998,38739,39157,42474,42685,28001,31230,19982,25058,6226,10491,20443,19548,30273,27430,31215,30853,36779,36866,40504,40723,26963,30040,19333,24103,5994,10020,322005,301961,44865,43354,77551,71200,18120,57,32
2021-08-28T23:59:59+02:00,2628,2356,22995,22019,32546,29929,33068,32998,38736,39156,42473,42685,28000,31230,19982,25058,6226,10491,20442,19547,30268,27429,31215,30850,36776,36864,40504,40723,26963,30040,19333,24103,5994,10020,321992,301950,44865,43353,77551,71200,18114,57,32
2021-08-27T23:59:59+02:00,2628,2356,22990,22015,32541,29929,33067,32995,38734,39154,42469,42685,27999,31230,19982,25058,6225,10491,20436,19545,30259,27428,31214,30848,36773,36863,40502,40723,26963,30040,19333,24102,5994,10020,321976,301935,44865,43353,77551,71197,18102,57,32
2021-08-26T23:59:59+02:00,2545,2272,22800,21809,32408,29787,32949,32888,38646,39065,42404,42616,27974,31197,19969,25040,6224,10485,20164,19275,30117,27261,31072,30722,36664,36768,40417,40649,26921,29999,19314,24078,5988,10018,320755,300420,44845,43329,77550,71181,17874,57,32
2021-08-25T23:59:59+02:00,2539,2264,22780,21784,32397,29766,32935,32873,38634,39051,42393,42610,27969,31194,19962,25034,6221,10483,20116,19231,30081,27231,31051,30686,36638,36736,40399,40633,26908,29986,19311,24070,5987,10017,320568,300057,44845,43329,77550,71180,17872,57,32
2021-08-24T23:59:59+02:00,2521,2253,22741,21742,32371,29721,32916,32840,38624,39031,42374,42596,27963,31183,19957,25026,6220,10482,20078,19189,30048,27190,31030,30651,36624,36715,40379,40615,26902,29976,19307,24067,5987,10013,320280,299768,44835,43324,77550,71175,17842,57,32
2021-08-23T23:59:59+02:00,2502,2221,22670,21669,32300,29664,32880,32809,38585,39000,42344,42583,27947,31174,19954,25015,6220,10480,19952,19067,29930,27110,30965,30604,36575,36672,40337,40586,26890,29962,19301,24057,5987,10007,319837,299032,44824,43299,77548,71167,17754,57,32
2021-08-22T23:59:59+02:00,2493,2212,22634,21637,32281,29646,32864,32801,38568,38984,42339,42574,27943,31169,19949,25015,6220,10479,19913,19029,29894,27077,30934,30568,36554,36656,40318,40564,26882,29958,19298,24054,5987,10005,319667,298742,44818,43296,77547,71158,17722,57,32
2021-08-21T23:59:59+02:00,2474,2199,22579,21587,32241,29609,32840,32777,38554,38961,42322,42564,27936,31161,19947,25012,6220,10478,19811,18930,29822,27019,30900,30524,36519,36614,40294,40543,26871,29949,19293,24050,5985,10005,319421,298233,44805,43281,77545,71152,17636,57,32
2021-08-20T23:59:59+02:00,2436,2157,22490,21480,32164,29526,32777,32729,38504,38921,42280,42536,27929,31147,19943,24997,6219,10474,19637,18803,29696,26916,30825,30464,36456,36568,40248,40505,26856,29930,19284,24041,5984,10001,318834,297417,44782,43255,77542,71134,17497,57,32
2021-08-19T23:59:59+02:00,2346,2089,22328,21343,32026,29402,32688,32646,38403,38843,42210,42482,27903,31114,19936,24985,6214,10465,19378,18596,29484,26766,30705,30354,36337,36473,40146,40420,26828,29900,19273,24025,5980,9996,317899,296144,44762,43225,77542,71109,17166,57,32
2021-08-18T23:59:59+02:00,2336,2080,22302,21321,32004,29381,32666,32623,38375,38825,42197,42466,27888,31104,19930,24980,6214,10463,19323,18536,29444,26732,30679,30323,36309,36452,40122,40389,26811,29889,19269,24013,5975,9992,317638,295709,44762,43225,77542,71107,17159,57,32
2021-08-17T23:59:59+02:00,2319,2064,22277,21293,31988,29351,32640,32598,38362,38813,42173,42447,27882,31091,19924,24975,6214,10463,19280,18485,29413,26693,30634,30296,36281,36417,40094,40365,26789,29874,19262,23996,5971,9988,317391,295306,44762,43222,77542,71103,17125,57,32
2021-08-16T23:59:59+02:00,2280,2047,22211,21250,31947,29307,32617,32577,38338,38792,42141,42430,27873,31084,19922,24965,6214,10462,19071,18340,29267,26579,30557,30207,36233,36365,40057,40323,26769,29858,19255,23977,5965,9986,317043,294303,44762,43216,77540,71101,17058,57,32
2021-08-15T23:59:59+02:00,2253,2024,22157,21193,31899,29267,32593,32544,38310,38773,42120,42416,27866,31079,19916,24958,6213,10462,18952,18223,29108,26451,30477,30124,36165,36314,40002,40266,26750,29834,19245,23968,5962,9985,316708,293376,44753,43199,77539,71093,16989,57,32
2021-08-14T23:59:59+02:00,2247,2021,22131,21177,31887,29251,32589,32538,38302,38768,42114,42413,27865,31078,19915,24957,6213,10461,18839,18129,29045,26387,30437,30076,36141,36283,39981,40251,26742,29828,19242,23967,5961,9982,316619,292831,44750,43179,77539,71089,16965,57,32
2021-08-13T23:59:59+02:00,2230,2010,22085,21139,31850,29227,32552,32510,38287,38754,42104,42403,27863,31073,19912,24954,6212,10461,18583,17868,28865,26227,30321,29984,36089,36214,39936,40215,26726,29816,19237,23958,5958,9978,316383,291459,44745,43163,77537,71079,16907,57,32
2021-08-12T23:59:59+02:00,2194,1972,21997,21044,31779,29150,32495,32460,38240,38711,42067,42369,27847,31054,19905,24944,6210,10461,18276,17553,28613,25999,30177,29855,35995,36121,39860,40147,26690,29769,19217,23935,5956,9975,315808,289707,44734,43110,77534,71032,16769,57,32
2021-08-11T23:59:59+02:00,2192,1967,21977,21028,31761,29129,32480,32444,38232,38702,42056,42353,27838,31051,19902,24940,6209,10457,18221,17497,28577,25954,30129,29816,35974,36083,39824,40114,26678,29742,19210,23925,5956,9973,315628,289228,44734,43107,77534,71029,16768,57,32
2021-08-10T23:59:59+02:00,2183,1946,21949,20991,31723,29107,32464,32424,38205,38675,42038,42344,27832,31043,19901,24937,6208,10453,17700,17043,28401,25795,30035,29726,35805,35960,39774,40071,26654,29719,19203,23909,5952,9972,315379,287523,44729,43078,77532,70779,16731,55,32
2021-08-09T23:59:59+02:00,2159,1932,21898,20940,31666,29060,32430,32394,38180,38655,42024,42320,27821,31034,19900,24928,6207,10451,17227,16582,28269,25688,29980,29672,35758,35915,39740,40036,26645,29705,19198,23903,5952,9970,315003,286037,44723,43058,77532,70766,16689,55,32
2021-08-08T23:59:59+02:00,2143,1914,21844,20896,31621,29023,32395,32368,38156,38647,42002,42299,27814,31030,19894,24924,6207,10448,16882,16241,28158,25605,29923,29599,35710,35877,39718,40010,26633,29692,19189,23894,5950,9965,314685,284799,44722,43037,77531,70758,16635,55,32
2021-08-07T23:59:59+02:00,2099,1871,21708,20814,31538,28955,32321,32307,38099,38597,41969,42270,27805,31003,19889,24915,6205,10446,16370,15788,27854,25315,29694,29412,35530,35720,39578,39898,26577,29628,19170,23865,5947,9961,314054,282144,44689,42915,77525,70669,16491,55,32
2021-08-06T23:59:59+02:00,2089,1861,21657,20775,31497,28923,32289,32288,38073,38577,41957,42254,27801,30994,19885,24915,6205,10446,15343,14808,26700,24418,29404,29181,35281,35520,39263,39658,26535,29582,19160,23855,5946,9958,313825,277139,44685,42893,77525,69866,16399,55,32
2021-08-05T23:59:59+02:00,2050,1832,21549,20688,31438,28845,32228,32229,38014,38526,41912,42216,27784,30975,19876,24902,6203,10443,14450,14062,25676,23635,28689,28665,34750,35084,38945,39412,26468,29502,19127,23821,5943,9948,313263,272240,44662,42842,77524,68366,16209,55,32
2021-08-04T23:59:59+02:00,2030,1813,21477,20637,31394,28773,32194,32186,37977,38504,41878,42187,27771,30959,19871,24889,6201,10439,14079,13720,25268,23327,28476,28438,34607,34958,38847,39319,26429,29457,19105,23798,5938,9943,312810,269790,44655,42812,77524,68324,16139,55,32
2021-08-03T23:59:59+02:00,2021,1797,21450,20611,31378,28759,32181,32176,37967,38490,41862,42174,27762,30953,19866,24882,6200,10437,13995,13628,25189,23250,28408,28381,34559,34911,38795,39280,26402,29430,19093,23786,5935,9937,312606,269059,44651,42809,77522,68298,16135,55,32
2021-08-02T23:59:59+02:00,2011,1776,21405,20572,31332,28737,32154,32145,37941,38475,41849,42159,27753,30941,19866,24874,6199,10433,13792,13418,24482,22701,28124,28158,34410,34799,38717,39217,26375,29398,19085,23782,5935,9935,312316,266640,44648,42795,77522,68070,16084,55,32
2021-08-01T23:59:59+02:00,1991,1759,21352,20525,31283,28698,32127,32126,37922,38456,41828,42142,27747,30934,19863,24866,6199,10433,13621,13256,24182,22446,27885,27940,34319,34691,38649,39146,26359,29379,19079,23776,5935,9933,312013,264938,44642,42783,77521,68047,16023,55,32
2021-07-31T23:59:59+02:00,1966,1729,21272,20448,31212,28659,32071,32086,37887,38427,41804,42121,27743,30926,19858,24862,6199,10433,12676,12230,23663,22004,27539,27583,34008,34395,38214,38802,26288,29294,19053,23731,5930,9927,311592,259899,44630,42747,77519,67475,15909,55,32
2021-07-30T23:59:59+02:00,1941,1709,21250,20427,31180,28640,32056,32068,37881,38420,41796,42113,27738,30923,19857,24862,6198,10433,12589,12157,23336,21714,27259,27371,33789,34231,38052,38667,26264,29276,19052,23723,5930,9925,311409,258474,44629,42739,77519,66918,15882,55,32
2021-07-29T23:59:59+02:00,1872,1640,21018,20189,31038,28491,31953,31956,37788,38330,41701,42052,27710,30898,19844,24843,6191,10424,11960,11623,22204,20873,26216,26531,32805,33538,37668,38375,26181,29175,19023,23676,5924,9916,310193,252851,44600,42649,77511,65159,15581,55,32
2021-07-28T23:59:59+02:00,1852,1625,20978,20136,31019,28461,31937,31935,37766,38311,41678,42031,27699,30886,19839,24833,6191,10422,11680,11321,21793,20490,25784,26105,32640,33382,37556,38283,26144,29124,19004,23653,5923,9911,309872,249927,44600,42649,77499,65098,15576,54,32
2021-07-27T23:59:59+02:00,1842,1619,20938,20093,30995,28428,31903,31919,37745,38277,41654,42018,27692,30879,19838,24828,6191,10419,11434,11105,21590,20301,25641,25985,32527,33275,37467,38200,26113,29086,18994,23641,5920,9907,309634,248447,44600,42615,77498,65026,15494,54,31
2021-07-26T23:59:59+02:00,1816,1583,20811,19962,30887,28327,31844,31854,37689,38209,41612,41987,27666,30861,19827,24814,6185,10416,11141,10780,21082,19858,25391,25776,32365,33124,37336,38112,26077,29052,18981,23618,5919,9899,308867,246151,44568,42501,77491,64821,15372,54,31
2021-07-25T23:59:59+02:00,1809,1575,20788,19950,30876,28317,31832,31839,37681,38203,41602,41977,27662,30858,19826,24812,6185,10415,11036,10673,20932,19751,25157,25581,32125,32914,37192,37979,26059,29038,18975,23610,5918,9896,308749,244888,44559,42486,77482,64407,15365,54,31
2021-07-24T23:59:59+02:00,1789,1560,20706,19875,30832,28277,31797,31803,37652,38174,41580,41965,27655,30852,19823,24810,6185,10415,10973,10618,20857,19689,25085,25520,32072,32883,37162,37958,26053,29033,18973,23608,5918,9896,308397,244519,44548,42463,77478,64340,15275,54,31
2021-07-23T23:59:59+02:00,1734,1525,20513,19729,30671,28163,31709,31729,37585,38122,41541,41922,27644,30835,19818,24804,6184,10410,10714,10414,20499,19389,24276,24875,31589,32551,36594,37501,26010,28991,18957,23590,5917,9894,307565,241654,44539,42415,77461,62948,15020,54,31
2021-07-22T23:59:59+02:00,1670,1468,20202,19455,30430,27981,31579,31615,37455,38015,41444,41839,27617,30811,19807,24780,6180,10409,10251,10035,19754,18875,23321,24204,30879,31963,35559,36739,25899,28892,18923,23557,5915,9890,306085,238041,44503,41749,77456,60418,14660,54,31
2021-07-21T23:59:59+02:00,1655,1460,20164,19403,30400,27950,31555,31592,37435,37990,41423,41815,27608,30803,19802,24774,6175,10405,9941,9701,19291,18422,22445,23437,30544,31630,35324,36541,25816,28795,18892,23504,5907,9880,305756,235291,44494,40056,77454,60245,14652,54,30
2021-07-20T23:59:59+02:00,1648,1454,20131,19376,30370,27926,31530,31572,37419,37972,41411,41802,27593,30788,19802,24767,6175,10402,9673,9423,18958,18155,22172,23153,30367,31473,35159,36397,25770,28748,18876,23468,5906,9876,305499,232893,44492,40048,77453,60144,14641,54,30
2021-07-19T23:59:59+02:00,1637,1446,20017,19290,30286,27854,31471,31517,37400,37953,41396,41784,27588,30777,19796,24760,6174,10399,9476,9227,18646,17881,21710,22732,30113,31242,35040,36294,25736,28709,18858,23452,5906,9873,304922,231265,44486,39109,77451,60029,14633,54,30
2021-07-18T23:59:59+02:00,1626,1440,19948,19223,30157,27755,31406,31451,37338,37901,41352,41732,27567,30746,19787,24745,6170,10396,9367,9112,18478,17730,21519,22543,29943,31044,34925,36193,25704,28686,18847,23434,5906,9867,304128,230007,44486,38806,77449,59988,14624,54,30
2021-07-17T23:59:59+02:00,1625,1436,19941,19221,30157,27754,31406,31447,37333,37899,41348,41730,27566,30745,19786,24745,6170,10396,9347,9097,18447,17708,21500,22530,29933,31037,34907,36189,25701,28684,18847,23433,5906,9867,304097,229856,44486,38803,77449,59977,14620,54,30
2021-07-16T23:59:59+02:00,1572,1391,19666,18975,30036,27659,31324,31377,37277,37836,41307,41698,27547,30728,19779,24735,6168,10390,9229,8982,18067,17404,21197,22257,29543,30680,34772,36082,25677,28660,18840,23420,5904,9865,303108,228579,44463,38081,77448,59647,14393,54,29
2021-07-15T23:59:59+02:00,1514,1348,19406,18728,29861,27512,31214,31278,37193,37753,41237,41631,27504,30698,19763,24722,6164,10387,8866,8680,17158,16578,19648,21028,28622,29758,34149,35502,25509,28478,18784,23370,5898,9853,301831,222466,44422,36622,77440,58726,14167,54,29
2021-07-14T23:59:59+02:00,1500,1335,19376,18691,29835,27486,31189,31246,37181,37739,41218,41624,27495,30691,19754,24715,6163,10384,8577,8383,16608,15976,19155,20508,28058,29258,33758,35126,25396,28349,18744,23303,5893,9842,301547,218296,44421,36265,77437,58296,14164,54,29
2021-07-13T23:59:59+02:00,1489,1324,19339,18667,29818,27461,31165,31230,37166,37712,41194,41596,27486,30677,19752,24710,6162,10378,8269,8121,16212,15628,18878,20229,27796,29008,33487,34868,25297,28228,18711,23262,5891,9837,301262,215597,44420,36230,77436,57803,14155,54,29
2021-07-12T23:59:59+02:00,1473,1314,19290,18649,29782,27432,31148,31209,37154,37695,41178,41583,27482,30673,19750,24704,6161,10378,8009,7909,15932,15351,18178,19679,27480,28686,33074,34506,25129,28031,18652,23188,5885,9832,301001,214313,44419,34296,77436,56823,14146,54,29
2021-07-11T23:59:59+02:00,1463,1306,19258,18618,29754,27400,31131,31178,37146,37674,41164,41571,27473,30664,19748,24704,6160,10377,7965,7862,15866,15281,18088,19625,27395,28623,32960,34443,25074,27986,18632,23166,5885,9829,300748,213734,44416,34285,77434,56577,14138,54,29
2021-07-10T23:59:59+02:00,1334,1190,18752,18199,29304,27099,30847,30944,36897,37514,40960,41421,27399,30604,19722,24672,6157,10374,7835,7793,15578,15143,17870,19474,27152,28481,32793,34327,25008,27940,18616,23153,5884,9829,298533,213313,44278,34162,77406,56335,13119,54,29
2021-07-09T23:59:59+02:00,1323,1184,18724,18168,29282,27082,30834,30931,36886,37502,40949,41412,27395,30600,19720,24668,6157,10373,7793,7747,15508,15076,17805,19380,26931,28251,32543,34114,24944,27877,18594,23127,5884,9826,298385,213028,44259,34159,77405,55173,13088,54,29
2021-07-08T23:59:59+02:00,1245,1102,18455,17952,29131,26930,30695,30810,36783,37399,40850,41334,27361,30566,19701,24648,6152,10367,7623,7609,15209,14828,17373,19020,26239,27647,32268,33847,24775,27720,18535,23065,5881,9818,297111,211887,44202,32737,77397,54154,12718,54,29
2021-07-07T23:59:59+02:00,1146,1010,18144,17629,28930,26744,30564,30685,36671,37278,40743,41247,27327,30517,19687,24632,6149,10364,7426,7398,14769,14462,16907,18576,25485,27035,31859,33465,24507,27394,18441,22972,5872,9809,295535,208968,44151,31902,77386,53193,12342,54,29
2021-07-06T23:59:59+02:00,1123,993,18067,17560,28884,26694,30514,30638,36635,37243,40708,41216,27310,30491,19676,24618,6147,10361,7209,7167,14424,14100,16556,18226,24733,26388,31558,33201,24316,27179,18393,22901,5865,9802,294956,206902,44147,30495,77383,52297,12339,54,29
2021-07-05T23:59:59+02:00,1081,965,17991,17496,28841,26636,30474,30603,36610,37198,40680,41190,27304,30477,19670,24612,6147,10356,6980,6981,14120,13829,16205,17863,24176,25877,30986,32634,24036,26881,18285,22761,5857,9792,294465,205408,44145,28394,77379,51164,12289,54,29
2021-07-04T23:59:59+02:00,1059,949,17919,17445,28803,26614,30451,30574,36600,37189,40665,41178,27298,30466,19665,24609,6147,10355,6955,6962,14068,13779,16128,17803,24092,25820,30831,32542,23943,26792,18253,22720,5855,9788,294146,205014,44145,28384,77368,50651,12274,54,29
2021-07-03T23:59:59+02:00,645,579,16179,15724,27638,25697,29655,29853,35957,36575,40162,40747,27140,30299,19599,24521,6138,10338,6567,6720,13556,13481,15730,17499,23728,25541,30526,32346,23847,26696,18220,22680,5851,9784,286624,204718,44106,28308,77284,50359,9379,54,29
2021-07-02T23:59:59+02:00,606,540,16049,15578,27480,25549,29575,29794,35926,36548,40143,40734,27134,30290,19596,24518,6138,10338,6520,6646,13482,13384,15643,17367,23584,25358,30372,32181,23655,26485,18131,22602,5849,9781,285721,204035,44106,28149,77283,49475,9373,54,29
2021-07-01T23:59:59+02:00,548,492,15870,15424,27268,25394,29496,29715,35872,36497,40078,40688,27113,30271,19585,24505,6136,10334,6377,6515,13135,13110,15112,16928,22313,24368,29611,31497,23374,26197,18012,22467,5842,9765,284531,200494,44102,26472,77270,48320,9330,54,27
2021-06-30T23:59:59+02:00,518,472,15765,15316,27156,25308,29428,29642,35815,36445,40036,40653,27098,30240,19574,24488,6132,10334,6181,6333,12703,12723,14542,16380,21688,23769,29017,30966,22955,25731,17881,22284,5835,9753,283702,196229,44099,26447,77264,46753,9302,54,27
2021-06-29T23:59:59+02:00,462,422,15009,14647,26889,25084,29331,29543,35735,36364,39967,40605,27079,30215,19566,24475,6132,10332,6068,6207,12444,12462,14147,15984,20897,23144,28431,30412,22507,25207,17728,22109,5827,9743,281197,193079,44096,25936,77255,45034,9256,54,27
2021-06-28T23:59:59+02:00,426,391,14381,14003,26731,24979,29259,29477,35675,36298,39924,40571,27061,30195,19558,24464,6132,10328,6001,6110,12265,12322,13960,15808,20272,22593,28031,30037,22171,24850,17599,21946,5822,9738,279255,191396,44093,25272,77250,43642,9202,54,27
2021-06-27T23:59:59+02:00,349,324,14037,13631,26668,24921,29221,29441,35653,36276,39905,40557,27050,30188,19555,24460,6131,10327,5963,6067,12149,12205,13814,15679,19718,22115,27421,29535,21894,24511,17478,21822,5818,9737,278145,190556,44089,23745,77239,42444,9168,54,27
2021-06-26T23:59:59+02:00,348,323,14026,13619,26653,24910,29215,29434,35646,36275,39902,40556,27049,30187,19555,24460,6131,10327,5958,6064,12139,12203,13808,15676,19705,22103,27376,29500,21747,24381,17438,21766,5817,9735,278071,190532,44086,23741,77239,41963,9167,54,27
2021-06-25T23:59:59+02:00,224,210,12766,12401,25186,23759,28916,29201,35540,36190,39834,40494,27025,30160,19544,24448,6129,10325,5915,6017,12040,12121,13664,15555,19394,21864,26990,29141,21425,23987,17260,21569,5814,9726,271837,189304,44082,23456,77219,40548,9161,54,27
2021-06-24T23:59:59+02:00,159,156,11791,11569,24071,22879,28553,28847,35391,36023,39717,40388,26986,30111,19533,24424,6127,10321,5697,5786,11584,11706,13083,14963,17853,20464,25337,27544,20651,23127,16941,21162,5804,9716,266591,184310,44060,19833,77215,38134,9127,54,27
2021-06-23T23:59:59+02:00,123,130,11426,11248,23574,22506,28304,28604,35214,35895,39627,40299,26955,30084,19524,24386,6125,10309,5623,5675,11372,11491,12783,14613,17459,20054,24587,26774,19855,22377,16748,20908,5796,9700,263970,181957,44052,19213,77210,35583,9048,54,27
2021-06-22T23:59:59+02:00,102,117,11244,11038,23413,22366,28223,28531,35138,35833,39580,40253,26940,30059,19516,24377,6125,10308,5513,5554,11104,11231,12416,14243,16856,19453,23853,26006,19475,21952,16585,20729,5789,9684,262822,178918,44049,18340,77208,34137,9031,54,27
2021-06-21T23:59:59+02:00,90,105,10993,10855,22580,21702,27970,28302,35070,35770,39517,40210,26923,30040,19510,24367,6125,10307,5395,5454,10886,11016,12108,13920,16466,19107,23403,25538,19183,21637,16480,20609,5783,9682,260235,177455,44038,17325,77201,32960,8909,54,27
2021-06-20T23:59:59+02:00,84,104,10928,10764,22331,21487,27711,28101,34990,35693,39472,40166,26911,30024,19508,24362,6123,10304,5354,5401,10799,10914,12013,13817,16269,18922,23133,25297,19082,21530,16427,20551,5777,9678,258945,177142,44037,16261,77195,32710,8832,54,27
2021-06-19T23:59:59+02:00,83,100,10905,10741,22299,21464,27693,28088,34978,35689,39463,40162,26910,30023,19508,24360,6123,10304,5323,5369,10717,10823,11921,13697,16121,18771,22825,24935,18994,21443,16415,20538,5776,9678,258795,177036,44017,14762,77195,32697,8832,54,27
2021-06-18T23:59:59+02:00,80,98,10857,10692,21982,21139,27431,27870,34924,35652,39431,40139,26901,30014,19507,24357,6123,10302,5308,5360,10688,10792,11881,13648,16059,18708,22741,24839,18828,21261,16370,20472,5775,9673,257406,176640,44013,14761,77194,32151,8832,54,27
2021-06-17T23:59:59+02:00,71,90,10276,10262,20704,20181,26569,27135,34553,35327,39172,39948,26837,29932,19486,24320,6116,10297,5111,5220,10312,10539,11436,13246,15377,18096,21371,23520,18370,20770,16206,20299,5771,9659,251622,171331,43993,14186,77181,31341,8426,54,27
2021-06-16T23:59:59+02:00,63,78,9939,9954,20019,19548,25936,26534,34302,35124,39011,39798,26791,29879,19462,24295,6115,10293,4967,5076,9923,10206,10976,12794,14673,17406,20518,22581,17966,20323,16035,20086,5761,9647,247782,167543,43977,12915,77167,30300,8161,54,27
2021-06-15T23:59:59+02:00,48,72,9698,9710,19720,19302,25711,26336,34170,35017,38915,39717,26759,29843,19455,24280,6110,10289,4863,4961,9683,9990,10741,12534,14248,16978,19916,22002,17642,19931,15813,19854,5752,9635,246007,165447,43967,11825,77160,29289,7964,54,26
2021-06-14T23:59:59+02:00,44,67,9566,9584,19419,19043,25533,26193,34050,34937,38851,39677,26741,29823,19449,24269,6110,10286,4782,4898,9493,9852,10566,12398,13985,16760,19600,21707,17476,19773,15711,19720,5751,9631,244803,163983,43965,11823,77156,28615,7664,54,26
2021-06-13T23:59:59+02:00,43,63,9406,9456,19129,18859,25177,25939,33851,34769,38743,39610,26725,29811,19439,24261,6110,10282,4699,4829,9282,9679,10397,12221,13659,16413,19251,21376,17347,19624,15664,19655,5749,9629,243156,163117,43965,11822,77151,27169,7347,54,26
2021-06-12T23:59:59+02:00,43,63,9397,9438,19117,18846,25177,25934,33851,34766,38740,39609,26725,29811,19439,24261,6110,10282,4696,4815,9270,9617,10364,12119,13610,16259,19196,21240,17238,19498,15547,19553,5747,9627,243108,163087,43965,11820,77146,26134,7336,54,26
2021-06-11T23:59:59+02:00,38,59,9238,9257,18884,18636,24374,25261,33673,34610,38605,39496,26692,29777,19428,24237,6110,10277,4618,4705,9049,9358,10104,11821,13088,15707,18219,20340,17052,19300,15507,19509,5744,9624,240188,159056,43963,11819,77141,25545,7306,54,26
2021-06-10T23:59:59+02:00,36,55,8844,8927,18236,18140,23525,24589,33354,34329,38402,39331,26633,29723,19404,24209,6107,10270,4443,4528,8475,8863,9294,11099,11937,14600,16216,18418,16162,18332,15221,19142,5735,9602,236567,149346,43309,11786,77115,23845,7071,52,26
2021-06-09T23:59:59+02:00,19,37,8392,8426,17401,17415,22373,23545,32868,33860,38115,39110,26524,29618,19356,24150,6097,10257,4306,4411,8184,8600,9049,10845,11602,14231,15732,17869,15786,17900,14979,18857,5728,9592,232564,147507,41414,11745,77074,21925,6475,36,26
2021-06-08T23:59:59+02:00,11,25,8072,8107,16931,17004,21951,23179,32624,33665,37952,38980,26480,29577,19346,24128,6094,10252,4187,4329,7930,8349,8743,10500,11242,13884,15090,17164,15323,17376,14717,18578,5723,9574,229836,145795,41383,10628,77064,20208,6059,36,26
2021-06-07T23:59:59+02:00,8,21,7875,7877,16573,16681,21412,22721,32342,33395,37834,38863,26451,29529,19326,24099,6089,10251,4111,4249,7749,8206,8584,10354,11071,13711,14775,16836,15123,17120,14543,18385,5719,9569,228215,144708,40411,10535,77044,19202,5641,36,26
2021-06-06T23:59:59+02:00,6,18,7768,7768,16439,16534,21216,22514,32113,33170,37698,38757,26424,29504,19314,24082,6089,10245,4083,4213,7701,8086,8530,10222,10963,13564,14578,16615,14937,16940,14454,18264,5712,9563,226979,144218,40111,10522,77026,18159,5507,36,26
2021-06-05T23:59:59+02:00,6,18,7746,7754,16413,16510,21208,22511,32102,33163,37696,38756,26423,29504,19313,24081,6089,10245,4073,4173,7686,8021,8516,10090,10949,13392,14559,16510,14902,16885,14445,18254,5712,9562,226873,144136,40111,10522,77025,17559,5493,36,26
2021-06-04T23:59:59+02:00,6,16,7635,7652,16134,16271,20934,22261,31679,32788,37581,38634,26390,29465,19302,24068,6087,10243,4066,4163,7658,7998,8489,10059,10882,13319,14454,16377,14820,16792,14408,18210,5712,9560,225274,143797,39337,10192,77006,17466,5493,36,26
2021-06-03T23:59:59+02:00,4,16,7380,7423,15257,15480,19302,20870,30767,31861,37077,38172,26258,29329,19257,24017,6081,10225,4006,4124,7570,7927,8366,9962,10710,13136,13882,15804,14555,16475,14322,18103,5709,9547,218643,141568,37758,10072,76994,17194,5345,36,26
2021-06-02T23:59:59+02:00,4,16,7246,7279,14879,15055,18871,20465,30300,31405,36849,37908,26194,29265,19237,23988,6078,10223,3977,4095,7508,7841,8278,9867,10570,13005,13433,15371,14430,16292,14292,18065,5706,9542,215565,139773,37327,9978,76993,17161,5341,36,26
2021-06-01T23:59:59+02:00,4,13,6972,7035,14481,14745,18527,20148,29973,31093,36625,37675,26138,29185,19213,23959,6076,10212,3876,4011,7267,7665,8044,9674,10306,12729,13025,14946,13995,15838,14176,17910,5699,9534,212819,137635,37283,9724,76972,16353,4964,36,26
2021-05-31T23:59:59+02:00,4,13,6810,6849,14259,14511,17826,19547,29631,30750,36331,37411,26045,29087,19186,23906,6066,10200,3799,3901,7057,7418,7820,9391,9962,12345,12586,14425,13466,15223,13975,17679,5691,9519,211379,134447,35244,9403,76957,15572,4816,36,26
2021-05-30T23:59:59+02:00,4,13,6787,6833,14214,14470,17748,19488,29581,30711,36299,37385,26033,29075,19183,23899,6065,10198,3755,3829,6899,7203,7673,9155,9755,12023,12330,14070,13345,15052,13909,17596,5688,9512,211080,133709,35231,9301,76899,14025,4740,36,26
2021-05-29T23:59:59+02:00,4,13,6785,6832,14205,14464,17743,19482,29576,30707,36296,37384,26031,29072,19183,23898,6065,10198,3745,3817,6869,7170,7639,9104,9719,11976,12256,13971,13303,14983,13879,17571,5687,9507,211048,133567,35231,9300,76884,13571,4739,36,26
2021-05-28T23:59:59+02:00,4,13,6775,6819,14188,14452,17727,19460,29563,30694,36285,37364,26028,29067,19181,23894,6065,10198,3731,3794,6848,7130,7604,9049,9667,11871,12013,13701,13112,14792,13849,17530,5684,9504,210892,132270,35230,9299,76881,13552,4738,36,26
2021-05-27T23:59:59+02:00,4,13,6684,6738,13919,14232,17238,19114,28882,30150,36124,37231,25978,29031,19166,23878,6064,10192,3607,3632,6560,6878,7228,8740,9169,11313,11304,12804,12558,14221,13719,17336,5676,9492,209800,128744,33785,8971,76839,12324,4178,36,26
2021-05-26T23:59:59+02:00,4,13,6614,6631,13709,14030,16985,18804,28338,29637,35948,37055,25937,28981,19149,23849,6063,10185,3516,3490,6337,6589,6939,8312,8827,10835,10650,12003,11993,13605,13572,17120,5671,9470,208187,125121,33035,8787,76824,11153,3850,36,24
2021-05-25T23:59:59+02:00,4,13,6533,6536,13502,13810,16721,18591,27614,28989,35855,36958,25913,28950,19137,23833,6058,10184,3467,3397,6193,6419,6792,8121,8601,10544,10302,11637,11649,13127,13467,16957,5668,9462,207468,123274,31579,8649,76341,10084,3778,35,24
2021-05-24T23:59:59+02:00,4,13,6463,6440,13324,13610,16498,18311,27198,28558,35509,36557,25856,28882,19118,23809,6057,10182,3454,3376,6134,6338,6747,8037,8541,10449,10229,11539,11474,12894,13419,16865,5660,9441,206936,122645,29345,8601,76334,9594,3739,35,24
2021-05-23T23:59:59+02:00,4,13,6461,6439,13319,13602,16495,18301,27179,28548,35479,36523,25853,28875,19118,23803,6057,10182,3449,3372,6128,6328,6737,8030,8513,10418,10189,11480,11391,12793,13399,16833,5660,9440,206822,122631,29328,8188,76333,9587,3733,35,24
2021-05-22T23:59:59+02:00,4,13,6454,6435,13311,13590,16489,18296,27175,28546,35476,36517,25853,28875,19118,23803,6057,10182,3447,3372,6124,6325,6735,8026,8509,10416,10184,11477,11380,12779,13394,16829,5659,9440,206767,122591,29328,8188,76331,9563,3733,35,24
2021-05-21T23:59:59+02:00,4,13,6392,6376,13158,13484,16314,18147,26905,28368,35045,36251,25827,28837,19110,23797,6056,10178,3438,3362,6091,6304,6705,7992,8469,10367,10130,11428,10860,12066,13253,16669,5656,9435,206078,120829,29203,8185,75285,9529,3661,35,24
2021-05-20T23:59:59+02:00,3,12,6097,6174,12546,13069,15121,17225,24992,26868,34089,35483,25722,28693,19055,23715,6050,10163,3379,3316,5994,6188,6590,7835,8320,10203,9891,11120,10521,11610,13140,16485,5646,9421,201306,118820,27459,8102,72746,9184,3532,34,24
2021-05-19T23:59:59+02:00,3,12,5890,5932,12032,12609,14415,16519,24045,26051,33462,34880,25608,28601,19020,23655,6042,10151,3302,3242,5833,6019,6400,7590,8046,9922,9587,10739,10208,11194,13061,16340,5644,9413,195598,116901,27418,7906,72730,8565,3147,34,24
2021-05-18T23:59:59+02:00,3,11,5720,5821,11634,12291,13793,16017,22889,25102,32795,34273,25492,28465,18972,23602,6037,10141,3260,3211,5717,5907,6233,7430,7840,9706,9388,10499,10033,10943,12915,16116,5634,9404,190648,115736,26907,7838,72686,7858,2783,34,24
2021-05-17T23:59:59+02:00,3,10,5667,5777,11470,12185,13520,15795,22071,24464,32485,33957,25413,28405,18950,23572,6028,10132,3143,3137,5525,5723,6059,7214,7631,9478,9163,10254,9940,10818,12857,16052,5631,9399,188877,114973,26204,7830,72291,6702,2498,34,24
2021-05-16T23:59:59+02:00,3,10,5639,5757,11408,12127,13435,15715,21456,23913,31872,33428,25373,28361,18940,23557,6027,10132,3138,3115,5511,5654,6031,7154,7603,9379,9132,10170,9924,10799,12854,16049,5631,9399,188109,114862,24658,7824,71866,6351,2486,34,23
2021-05-15T23:59:59+02:00,3,10,5630,5748,11375,12118,13406,15706,21380,23842,31332,33053,25362,28356,18939,23554,6026,10131,3125,3100,5492,5612,6017,7079,7563,9264,8894,9915,9891,10768,12820,15998,5631,9398,188058,114857,24645,7686,71219,5989,2015,34,23
2021-05-14T23:59:59+02:00,3,10,5591,5722,11313,12078,13333,15642,20969,23531,30900,32706,25327,28310,18927,23538,6026,10129,3093,3060,5455,5523,5996,6943,7522,9062,8833,9720,9818,10658,12734,15869,5631,9395,187335,114686,24324,7351,70348,5241,2014,34,23
2021-05-13T23:59:59+02:00,3,10,5436,5566,10931,11782,12619,15054,18780,21784,29354,31237,25100,28067,18859,23466,6024,10126,3082,3025,5432,5484,5980,6886,7496,8992,8789,9660,9600,10414,12531,15563,5626,9384,183375,114327,20530,6524,68260,5074,1999,34,23
2021-05-12T23:59:59+02:00,2,10,5406,5539,10861,11724,12518,14966,18657,21660,28991,30872,25007,27972,18842,23437,6023,10121,3081,3021,5426,5478,5970,6873,7471,8977,8750,9606,9411,10181,12298,15239,5623,9377,182426,114043,19893,5653,68257,5069,1998,34,22
2021-05-11T23:59:59+02:00,2,10,5269,5434,10611,11471,12151,14598,18047,21020,28059,29900,24815,27782,18782,23361,6018,10107,3038,2980,5336,5323,5870,6687,7341,8734,8587,9384,9229,9983,12146,15050,5614,9358,178339,112988,18999,5545,68126,4169,1939,34,22
2021-05-10T23:59:59+02:00,2,9,5144,5359,10396,11280,11891,14342,17721,20686,27637,29491,24707,27674,18743,23314,6010,10103,2967,2926,5219,5207,5755,6583,7217,8593,8458,9277,9125,9859,12056,14921,5611,9349,176331,112456,18315,5533,67898,3184,1931,34,22
2021-05-09T23:59:59+02:00,2,9,5070,5313,10298,11164,11791,14223,17380,20400,27246,29114,24620,27587,18714,23278,6007,10100,2899,2894,5073,5165,5579,6540,7050,8564,8328,9241,9113,9849,12038,14901,5611,9349,175935,112380,17034,5523,67398,2357,1915,34,22
2021-05-08T23:59:59+02:00,2,9,5069,5312,10295,11160,11791,14223,17376,20398,27243,29112,24620,27587,18714,23278,6007,10100,2899,2893,5071,5165,5579,6540,7050,8564,8325,9241,9112,9848,12038,14901,5611,9349,175919,112377,17034,5523,67395,2353,1914,34,22
2021-05-07T23:59:59+02:00,2,9,5036,5286,10227,11108,11660,14099,16975,20125,26607,28555,24571,27536,18697,23246,6001,10070,2888,2886,5056,5157,5568,6524,7038,8553,8317,9230,9106,9840,12027,14881,5604,9321,175084,112362,17031,5517,65873,2310,1788,34,22
2021-05-06T23:59:59+02:00,1,9,4766,5125,9773,10765,11095,13581,15885,19101,24197,26262,24071,27006,18591,23144,5996,10056,2845,2840,4989,5081,5527,6432,6956,8435,8188,9078,9005,9726,12003,14830,5601,9318,170048,111821,14580,5460,62987,1777,1777,32,22
2021-05-05T23:59:59+02:00,1,9,4685,5044,9478,10536,10754,13255,15305,18499,23350,25295,23811,26679,18523,23039,5986,10038,2826,2803,4940,4996,5468,6312,6874,8271,8064,8862,8897,9594,11925,14743,5600,9309,166381,110875,13262,5454,62836,1359,1776,32,22
2021-05-04T23:59:59+02:00,1,9,4601,4952,9304,10336,10542,13013,14916,18103,22802,24729,23600,26407,18451,22958,5978,10024,2818,2769,4912,4920,5435,6191,6821,8131,7968,8707,8793,9481,11850,14684,5598,9306,164127,110373,12137,5443,62672,790,1758,32,22
2021-05-03T23:59:59+02:00,1,9,4530,4877,9114,10202,10366,12837,14635,17857,22391,24315,23461,26257,18424,22910,5978,10018,2744,2698,4828,4849,5359,6105,6726,8025,7786,8542,8707,9394,11811,14635,5595,9301,162620,110150,12136,5440,62579,680,815,32,22
2021-05-02T23:59:59+02:00,1,9,4517,4863,9038,10145,10243,12727,14308,17550,22089,24029,23411,26198,18405,22885,5977,10017,2738,2691,4769,4816,5271,6022,6589,7895,7667,8441,8661,9352,11787,14601,5593,9296,161734,110030,12133,5438,62475,663,38,32,22
2021-05-01T23:59:59+02:00,1,9,4517,4860,9036,10144,10242,12727,14304,17546,22087,24029,23410,26197,18405,22885,5977,10017,2738,2691,4769,4816,5271,6022,6588,7895,7667,8441,8661,9352,11787,14601,5593,9296,161715,110030,12133,5437,62475,663,38,32,22
2021-04-30T23:59:59+02:00,0,9,4445,4774,8797,9929,9981,12486,13822,17120,21245,23256,23285,26060,18389,22854,5974,10014,2734,2689,4758,4808,5262,5988,6577,7864,7634,8402,8657,9349,11786,14598,5591,9295,158124,110002,12132,5435,62148,531,4,32,22
2021-04-29T23:59:59+02:00,0,9,4298,4629,8318,9518,9279,11883,12819,16216,19394,21570,22577,25296,18250,22643,5968,9997,2712,2670,4717,4737,5219,5914,6514,7758,7552,8286,8547,9234,11720,14523,5584,9286,148915,109507,12117,5171,61597,271,4,31,22
2021-04-28T23:59:59+02:00,0,9,4266,4610,8247,9445,9203,11796,12699,16095,19177,21357,22488,25205,18223,22602,5966,9992,2709,2658,4692,4677,5191,5870,6484,7684,7504,8204,8530,9209,11703,14501,5582,9280,148530,109313,12029,5098,60787,45,3,31,21
2021-04-27T23:59:59+02:00,0,9,4228,4564,8110,9310,9088,11646,12552,15927,18727,20861,22257,24947,18158,22524,5963,9983,2706,2654,4690,4673,5181,5862,6471,7665,7469,8166,8469,9130,11621,14419,5578,9276,147802,109051,10954,4925,60064,37,3,31,16
2021-04-26T23:59:59+02:00,0,9,4187,4537,8003,9214,8941,11540,12379,15753,18315,20496,22123,24800,18122,22492,5962,9981,2706,2652,4686,4669,5176,5854,6458,7645,7436,8138,8421,9082,11565,14340,5574,9259,147025,108946,10819,4667,58977,32,2,31,16
2021-04-25T23:59:59+02:00,0,9,4173,4522,7966,9183,8878,11477,12244,15624,17972,20162,21923,24563,18082,22437,5958,9976,2706,2652,4685,4667,5173,5850,6453,7642,7434,8134,8365,9023,11542,14312,5574,9257,145643,108923,10808,4499,58665,31,2,31,16
2021-04-24T23:59:59+02:00,0,9,4166,4514,7950,9178,8863,11467,12196,15593,17914,20124,21908,24550,18080,22432,5958,9976,2705,2652,4685,4667,5173,5850,6453,7642,7434,8134,8365,9022,11542,14312,5574,9257,145546,108923,10807,4499,58492,30,2,31,15
2021-04-23T23:59:59+02:00,0,9,4146,4484,7893,9115,8778,11365,11858,15267,17479,19725,21693,24317,18015,22355,5956,9968,2702,2650,4682,4664,5167,5842,6439,7633,7411,8103,8344,8995,11533,14303,5572,9254,144278,108911,10460,4339,57652,29,2,31,15
2021-04-22T23:59:59+02:00,0,9,4097,4420,7762,8926,8594,11107,11531,14849,16563,18740,21121,23606,17880,22175,5946,9950,2694,2644,4676,4642,5145,5815,6397,7599,7342,8058,8215,8837,11391,14152,5567,9245,140550,108293,10330,4090,56364,21,2,30,15
2021-04-21T23:59:59+02:00,0,9,4055,4377,7662,8805,8438,10946,11236,14568,15826,17981,20740,23159,17805,22070,5941,9937,2685,2633,4658,4621,5129,5794,6385,7581,7313,8035,8166,8775,11351,14112,5565,9243,137624,108007,10200,4006,55701,19,2,28,14
2021-04-20T23:59:59+02:00,0,9,4030,4351,7628,8752,8362,10866,11073,14394,15392,17506,20276,22641,17701,21919,5933,9925,2676,2624,4648,4608,5105,5774,6357,7557,7273,7995,8072,8643,11275,14025,5561,9239,135475,107434,9935,3966,55318,18,2,28,14
2021-04-19T23:59:59+02:00,0,9,4000,4300,7565,8647,8270,10727,10915,14211,15139,17211,19797,22076,17534,21702,5923,9913,2671,2623,4644,4604,5092,5759,6338,7540,7246,7950,8019,8589,11248,13979,5559,9235,133406,107100,9582,3964,54923,18,2,26,14
2021-04-18T23:59:59+02:00,0,6,3980,4272,7506,8595,8165,10601,10656,13968,14647,16673,19365,21564,17411,21517,5919,9907,2670,2623,4644,4604,5092,5759,6337,7537,7243,7949,8015,8586,11246,13975,5558,9232,130986,107077,9511,3962,54227,17,2,26,14
2021-04-17T23:59:59+02:00,0,6,3977,4264,7486,8588,8154,10583,10615,13922,14535,16585,19245,21442,17389,21489,5918,9905,2670,2623,4643,4602,5086,5754,6323,7532,7218,7926,7969,8540,11227,13952,5556,9232,130549,107066,9501,3756,54025,17,2,26,14
2021-04-16T23:59:59+02:00,0,6,3966,4220,7413,8464,8051,10428,10422,13660,13866,15823,18678,20800,17264,21314,5907,9887,2667,2620,4638,4595,5081,5741,6305,7521,7180,7891,7658,8149,11133,13811,5549,9215,127706,106262,9440,3462,52996,17,1,26,14
2021-04-15T23:59:59+02:00,0,5,3922,4167,7299,8332,7875,10193,10087,13270,13140,14964,17867,19939,17023,20992,5892,9867,2666,2612,4626,4578,5067,5708,6273,7485,7108,7818,7099,7485,11004,13650,5545,9205,124066,104588,9280,3313,51461,15,1,26,14
2021-04-14T23:59:59+02:00,0,4,3895,4135,7233,8226,7768,10042,9910,13071,12722,14518,17340,19327,16871,20783,5886,9853,2632,2593,4608,4546,5039,5661,6238,7452,7050,7758,6453,6719,10739,13354,5541,9197,122675,102242,9043,3312,49839,13,1,26,14
2021-04-13T23:59:59+02:00,0,4,3891,4129,7195,8209,7711,10007,9802,13018,12349,14225,16650,18474,16635,20479,5882,9847,2607,2565,4589,4520,5011,5626,6180,7382,6962,7654,6241,6466,10151,12672,5532,9176,121971,100006,8821,3302,47688,13,1,26,14
2021-04-12T23:59:59+02:00,0,4,3878,4111,7140,8163,7653,9937,9694,12917,12102,14010,16211,17958,16447,20265,5877,9844,2578,2554,4522,4478,4905,5556,6062,7305,6844,7554,5494,5644,9700,12133,5492,9134,121635,96636,8785,3293,45765,13,1,25,14
2021-04-11T23:59:59+02:00,0,4,3863,4103,7098,8111,7593,9894,9602,12840,11865,13801,15642,17270,16171,19925,5872,9834,2502,2474,4393,4357,4754,5423,5900,7153,6694,7449,5192,5283,9568,11971,5492,9130,121041,94468,8357,3242,44064,12,1,25,14
2021-04-10T23:59:59+02:00,0,4,3845,4083,7059,8064,7550,9837,9541,12781,11774,13716,15424,17077,16122,19856,5871,9827,1941,1910,3581,3635,3884,4659,4897,6237,5839,6661,4920,4978,9439,11819,5485,9121,120576,85739,8357,3242,43472,12,1,25,14
2021-04-09T23:59:59+02:00,0,4,3824,4063,7022,8034,7489,9781,9390,12652,11447,13435,14240,15543,15677,19324,5858,9815,1083,1085,2220,2440,2376,3290,3111,4593,4213,5195,4230,4242,9188,11461,5460,9091,118677,70015,8355,3239,40541,12,0,25,14
2021-04-08T23:59:59+02:00,0,4,3798,4048,6960,7981,7386,9687,9202,12535,11044,13083,13104,14279,15259,18794,5836,9779,583,596,1297,1733,1474,2364,2009,3505,2837,3804,2983,2841,8367,10458,5303,8854,117418,55749,8272,3236,37064,11,0,25,14
2021-04-07T23:59:59+02:00,0,4,3750,4022,6882,7925,7294,9616,9074,12406,10734,12776,12374,13511,15040,18530,5830,9757,354,379,948,1387,1068,1978,1499,3043,1890,2799,1799,1552,7458,9311,5147,8595,116454,45951,8119,3236,34928,8,0,24,14
2021-04-06T23:59:59+02:00,0,4,3734,4010,6861,7887,7238,9549,8981,12327,10522,12559,11989,13015,14820,18237,5819,9744,347,365,938,1376,1053,1957,1471,3015,1831,2740,1720,1483,7040,8752,4994,8356,115184,44184,8020,3235,34070,7,0,22,14
2021-04-05T23:59:59+02:00,0,4,3728,4009,6850,7874,7225,9538,8962,12299,10458,12500,11878,12867,14722,18144,5817,9741,345,359,928,1372,1047,1949,1461,2994,1809,2706,1667,1430,6810,8445,4869,8170,114844,43108,7999,3234,33751,7,0,22,14
2021-04-04T23:59:59+02:00,0,4,3728,4009,6848,7868,7224,9537,8959,12299,10448,12495,11874,12863,14719,18143,5817,9741,345,358,926,1372,1046,1947,1460,2993,1807,2703,1664,1425,6803,8431,4864,8167,114838,43059,7998,3233,33718,7,0,22,14
2021-04-03T23:59:59+02:00,0,4,3728,4009,6848,7867,7223,9537,8959,12299,10447,12495,11874,12862,14717,18141,5817,9741,345,357,924,1368,1044,1946,1459,2988,1805,2703,1658,1413,6760,8349,4829,8131,114834,42828,7998,3233,33714,6,0,22,14
2021-04-02T23:59:59+02:00,0,4,3726,4007,6846,7864,7217,9531,8946,12292,10431,12479,11747,12747,14674,18082,5814,9732,343,355,922,1362,1038,1935,1444,2963,1764,2665,1564,1327,5994,7451,4388,7561,114708,40147,7993,2911,33416,6,0,22,14
2021-04-01T23:59:59+02:00,0,3,3687,3995,6812,7843,7175,9501,8894,12253,10359,12408,11399,12339,14293,17564,5808,9712,338,352,906,1347,1026,1914,1412,2918,1704,2600,1440,1231,5045,6329,3820,6719,114307,36177,6577,2906,33139,6,0,22,14
2021-03-31T23:59:59+02:00,0,3,3681,3990,6797,7823,7158,9482,8859,12220,10269,12336,11063,11931,13941,17065,5802,9689,335,348,898,1337,1015,1898,1392,2890,1655,2563,1374,1178,4452,5641,3457,6242,113721,33824,5567,2833,32799,6,0,22,14
2021-03-30T23:59:59+02:00,0,3,3663,3966,6761,7786,7100,9416,8770,12117,10107,12181,10804,11654,13720,16800,5795,9675,331,341,893,1326,1008,1892,1369,2883,1626,2537,1347,1152,4333,5519,3395,6147,112908,33447,5317,2634,32073,6,0,20,14
2021-03-29T23:59:59+02:00,0,3,3653,3944,6735,7764,7060,9363,8674,12022,9924,11972,10365,11185,13348,16331,5779,9642,326,337,889,1315,1002,1884,1360,2872,1612,2528,1325,1138,4197,5375,3297,6014,111233,32826,5009,2628,31502,5,0,20,14
2021-03-28T23:59:59+02:00,0,3,3612,3888,6619,7605,6943,9219,8548,11829,9770,11781,10157,10923,13172,16149,5775,9633,326,337,889,1313,1000,1883,1359,2872,1611,2526,1316,1135,4164,5332,3271,5988,110862,32781,4742,2525,30003,4,0,19,14
2021-03-27T23:59:59+01:00,0,3,3611,3877,6607,7541,6913,9106,8498,11659,9718,11627,10044,10799,13077,16060,5774,9633,326,336,889,1313,1000,1880,1359,2870,1607,2525,1314,1133,4138,5297,3258,5973,110853,32678,4742,2524,28933,4,0,19,14
2021-03-26T23:59:59+01:00,0,3,3605,3870,6579,7504,6885,9031,8450,11546,9627,11499,9995,10735,13029,16004,5766,9612,321,334,888,1310,996,1868,1356,2849,1587,2511,1289,1117,3952,5068,3149,5819,110793,31915,4518,2483,28410,4,0,19,14
2021-03-25T23:59:59+01:00,0,3,3582,3839,6487,7378,6793,8865,8261,11315,9317,11182,9614,10350,12723,15688,5761,9601,321,333,886,1302,993,1858,1343,2836,1564,2492,1264,1097,3713,4818,2896,5479,110415,30697,4306,2483,26019,3,0,19,14
2021-03-24T23:59:59+01:00,0,3,3525,3789,6397,7194,6670,8639,8096,11078,9090,10857,9199,9860,12305,15229,5750,9590,321,332,885,1298,988,1856,1336,2832,1548,2476,1255,1087,3646,4744,2711,5254,109900,30074,4168,2483,23184,0,0,19,14
2021-03-23T23:59:59+01:00,0,3,3506,3756,6349,7140,6593,8579,7978,10950,8842,10624,8779,9393,11854,14707,5740,9576,321,332,884,1288,983,1847,1331,2823,1544,2469,1230,1062,3554,4667,2515,4931,109085,29286,4076,2483,21189,0,0,19,14
2021-03-22T23:59:59+01:00,0,3,3498,3736,6307,7112,6558,8531,7912,10875,8694,10488,8498,9042,11552,14383,5705,9537,319,327,878,1278,975,1840,1324,2812,1534,2459,1218,1052,3525,4631,2496,4898,108418,29072,4074,2482,19920,0,0,19,14
2021-03-21T23:59:59+01:00,0,3,3496,3734,6303,7102,6541,8515,7895,10856,8638,10430,8378,8925,11483,14281,5702,9534,317,326,870,1275,968,1833,1315,2810,1529,2455,1214,1049,3516,4616,2481,4888,108333,28968,4073,2482,19391,0,0,19,14
2021-03-20T23:59:59+01:00,0,3,3488,3696,6295,7030,6525,8378,7870,10672,8594,10295,8300,8839,11445,14242,5702,9534,317,326,870,1275,968,1832,1314,2810,1529,2453,1214,1049,3516,4615,2481,4887,108300,28963,3862,2481,18727,0,0,19,14
2021-03-19T23:59:59+01:00,0,3,3475,3666,6267,6944,6501,8285,7824,10555,8481,10135,7757,8232,11258,13999,5693,9516,314,325,865,1268,951,1823,1292,2779,1479,2409,1132,981,2845,3820,2062,4306,106680,26158,3560,2481,18332,0,0,19,14
2021-03-18T23:59:59+01:00,0,3,3464,3648,6226,6904,6467,8223,7760,10469,8365,10006,6796,7130,10978,13698,5681,9491,313,325,861,1263,945,1813,1277,2771,1455,2390,1093,961,2639,3579,1905,4083,103651,25180,3399,2481,18240,0,0,19,14
2021-03-17T23:59:59+01:00,0,3,3427,3609,6156,6821,6412,8118,7669,10338,8234,9848,6110,6281,10694,13388,5664,9464,312,325,853,1257,940,1801,1263,2749,1436,2363,1056,936,2510,3446,1823,3965,100853,24544,3398,2481,17966,0,0,19,12
2021-03-16T23:59:59+01:00,0,3,3409,3579,6117,6768,6367,8044,7615,10273,8143,9746,5934,6106,9985,12579,5623,9400,305,314,839,1240,928,1792,1257,2729,1424,2355,1042,917,2295,3197,1686,3768,98588,23599,3386,2479,17698,0,0,19,12
2021-03-15T23:59:59+01:00,0,3,3372,3547,6018,6688,6237,7951,7471,10153,8015,9620,5180,5272,9538,12029,5579,9330,304,313,835,1236,926,1785,1255,2716,1415,2346,1029,905,2150,3023,1595,3673,95064,23018,3377,2478,17543,0,0,19,12
2021-03-14T23:59:59+01:00,0,3,3248,3404,5739,6342,5966,7591,7157,9737,7728,9302,4848,4881,9377,11830,5575,9315,304,312,835,1236,925,1785,1253,2715,1413,2343,1027,902,2147,3020,1592,3672,92667,22996,3322,2475,16035,0,0,19,12
2021-03-13T23:59:59+01:00,0,3,2592,2749,4805,5473,4956,6667,5968,8624,6715,8355,4533,4498,8991,11306,5483,9207,304,311,834,1234,925,1779,1251,2713,1412,2343,1027,901,2123,2983,1561,3636,82005,22852,3322,2475,15579,0,0,19,12
2021-03-12T23:59:59+01:00,0,2,1769,1932,3469,4320,3448,5336,4221,6985,5078,6846,3860,3792,7735,9757,4968,8517,300,308,832,1230,919,1773,1244,2693,1387,2326,982,874,1766,2517,1286,3275,63150,21227,3319,2475,15547,0,0,19,12
2021-03-11T23:59:59+01:00,0,2,1270,1455,2563,3580,2548,4401,3128,5895,3720,5460,2685,2516,6029,7650,4193,7337,295,299,816,1221,906,1750,1226,2664,1362,2279,945,854,1608,2282,1159,3085,45851,20266,3317,2475,15245,0,0,19,12
2021-03-10T23:59:59+01:00,0,2,1049,1239,2197,3220,2174,4009,2677,5454,2810,4493,1548,1311,4665,5928,3626,6570,285,289,798,1201,884,1714,1192,2590,1323,2213,918,835,1426,2091,1062,2909,34793,19354,3317,2366,14844,0,0,18,12
2021-03-09T23:59:59+01:00,0,2,1033,1210,2133,3080,2110,3894,2593,5321,2725,4367,1514,1280,4588,5855,3584,6511,281,282,784,1180,867,1688,1166,2549,1305,2185,904,823,1349,1965,990,2793,34380,18779,3314,2322,14088,0,0,18,12
2021-03-08T23:59:59+01:00,0,2,1012,1180,2076,2980,2071,3813,2533,5208,2670,4294,1476,1259,4441,5693,3481,6368,281,278,779,1172,865,1679,1158,2541,1297,2169,879,802,1178,1739,864,2622,33681,17975,3314,2318,13544,0,0,18,12
2021-03-07T23:59:59+01:00,0,2,1007,1161,2036,2934,2029,3772,2494,5143,2629,4257,1471,1256,4434,5685,3478,6368,281,278,779,1172,865,1679,1158,2541,1296,2169,876,802,1169,1729,855,2611,33647,17974,3308,2276,13183,0,0,18,12
2021-03-06T23:59:59+01:00,0,2,1007,1158,2025,2920,2017,3753,2478,5116,2612,4236,1458,1246,4400,5639,3464,6356,281,278,779,1172,865,1678,1158,2541,1296,2169,876,802,1169,1729,855,2610,33503,17973,3307,2275,13059,0,0,18,12
2021-03-05T23:59:59+01:00,0,2,1003,1154,2009,2900,1987,3730,2435,5064,2560,4198,1422,1219,4130,5313,3312,6136,280,275,772,1165,859,1670,1155,2532,1292,2159,862,798,1161,1720,854,2608,32760,17877,2973,2275,12823,0,0,18,12
2021-03-04T23:59:59+01:00,0,2,909,1006,1920,2775,1921,3593,2359,4910,2470,4038,1392,1198,3887,5051,3047,5783,280,273,770,1160,856,1661,1154,2518,1288,2150,830,782,1148,1710,847,2595,31503,17760,2969,2252,11771,0,0,18,12
2021-03-03T23:59:59+01:00,0,2,862,898,1853,2679,1850,3489,2290,4795,2396,3954,1379,1185,3777,4944,2823,5508,279,271,769,1149,853,1643,1148,2476,1278,2124,813,778,1140,1690,839,2587,30824,17731,2850,2096,10992,0,0,18,12
2021-03-02T23:59:59+01:00,0,2,818,821,1757,2556,1766,3365,2200,4671,2336,3876,1344,1163,3647,4809,2615,5157,279,270,768,1143,849,1640,1143,2471,1274,2114,811,776,1125,1669,828,2568,30089,17623,2660,2095,10136,0,0,18,12
2021-03-01T23:59:59+01:00,0,2,795,785,1657,2414,1695,3219,2100,4499,2256,3755,1326,1151,3596,4744,2571,5097,279,268,764,1139,846,1628,1139,2459,1269,2104,804,773,1120,1657,820,2561,29836,17525,2576,2095,9232,0,0,18,12
2021-02-28T23:59:59+01:00,0,2,789,762,1639,2348,1667,3147,2077,4400,2241,3688,1320,1145,3586,4729,2556,5086,278,267,764,1138,846,1623,1138,2457,1269,2099,800,771,1112,1644,816,2551,29727,17502,2574,2061,8863,0,0,18,12
2021-02-27T23:59:59+01:00,0,2,774,745,1618,2288,1650,3036,2058,4274,2220,3593,1317,1142,3586,4728,2556,5085,278,267,764,1138,846,1623,1138,2457,1269,2098,800,771,1102,1638,799,2537,29724,17501,2573,2014,8357,0,0,18,12
2021-02-26T23:59:59+01:00,0,2,645,666,1514,2175,1599,2878,1995,4038,2119,3357,1226,1072,2931,3932,2121,4492,278,266,763,1136,845,1622,1138,2455,1267,2095,799,767,1084,1625,789,2520,26905,17427,2573,2012,7266,0,0,18,12
2021-02-25T23:59:59+01:00,0,2,497,589,1397,2071,1532,2750,1936,3911,2019,3245,1176,1037,2701,3662,1955,4251,261,251,739,1114,803,1553,1089,2355,1194,2002,743,746,1051,1587,777,2492,25838,17335,2545,1412,6330,0,0,18,12
2021-02-24T23:59:59+01:00,0,2,468,559,1327,1961,1462,2607,1866,3761,1943,3095,1139,1008,2561,3526,1875,4129,232,238,714,1068,776,1491,1059,2292,1139,1951,716,724,1004,1557,764,2461,25192,17145,2533,1031,5546,0,0,18,12
2021-02-23T23:59:59+01:00,0,2,413,519,1244,1821,1387,2462,1790,3550,1875,2973,1114,974,2354,3295,1747,3937,227,233,699,1044,764,1452,1037,2245,1113,1910,707,713,995,1543,761,2457,24255,17055,2524,835,4660,0,0,18,12
2021-02-22T23:59:59+01:00,0,2,400,485,1143,1712,1284,2365,1681,3443,1794,2902,1092,960,2210,3121,1656,3838,217,224,676,992,733,1389,1011,2151,1071,1828,663,680,925,1464,722,2398,23664,16865,2520,269,3886,0,0,18,12
2021-02-21T23:59:59+01:00,0,2,381,468,1042,1679,1134,2341,1526,3421,1689,2884,1084,958,2209,3120,1656,3838,190,218,645,984,722,1381,997,2146,1065,1826,660,677,922,1458,714,2390,23635,16731,2520,254,3259,0,0,18,12
2021-02-20T23:59:59+01:00,0,2,381,466,1041,1679,1133,2341,1525,3419,1689,2882,1084,957,2208,3120,1655,3837,189,216,642,984,719,1380,991,2143,1063,1826,660,677,922,1458,714,2389,23629,16709,2519,254,3253,0,0,18,12
2021-02-19T23:59:59+01:00,0,2,376,457,1029,1675,1123,2331,1513,3400,1656,2867,1033,928,1834,2613,1352,3446,167,206,616,980,701,1372,974,2141,1057,1824,657,676,921,1458,713,2386,21869,16585,2519,254,3229,0,0,18,12
2021-02-18T23:59:59+01:00,0,2,356,436,990,1592,1085,2245,1459,3284,1615,2775,1004,904,1657,2367,1218,3235,147,195,577,969,681,1359,940,2124,1031,1804,646,657,900,1430,699,2365,20868,16260,2519,254,2819,0,0,18,12
2021-02-17T23:59:59+01:00,0,2,333,384,906,1449,976,2048,1326,3030,1504,2555,966,874,1465,2153,1117,3054,141,188,565,938,656,1306,908,2045,985,1727,611,625,893,1403,693,2345,19786,15765,2519,254,1821,0,0,16,12
2021-02-16T23:59:59+01:00,0,2,327,345,863,1311,925,1865,1265,2809,1437,2395,955,857,1404,2056,1050,2954,135,175,551,896,641,1252,880,1981,955,1685,601,615,869,1369,679,2280,19415,15435,2518,119,871,0,0,16,12
2021-02-15T23:59:59+01:00,0,2,312,303,834,1280,908,1809,1225,2725,1399,2339,926,824,1225,1826,920,2776,127,167,530,870,624,1190,854,1908,932,1608,580,578,851,1332,670,2235,18498,14967,2517,79,604,0,0,14,12
2021-02-14T23:59:59+01:00,0,2,312,303,833,1280,907,1809,1224,2725,1399,2339,926,824,1225,1826,920,2775,126,167,529,862,620,1185,848,1902,928,1605,579,577,848,1331,668,2231,18496,14918,2517,78,602,0,0,14,12
2021-02-13T23:59:59+01:00,0,2,312,303,833,1280,907,1806,1224,2723,1399,2337,926,824,1225,1825,918,2775,126,167,529,862,620,1185,845,1899,926,1601,576,577,833,1310,656,2214,18489,14915,2514,1,602,0,0,14,12
2021-02-12T23:59:59+01:00,0,2,308,302,824,1275,903,1776,1218,2696,1371,2307,924,822,1224,1822,918,2775,126,167,527,860,619,1178,839,1887,920,1588,573,575,819,1299,650,2201,18481,14817,2514,1,458,0,0,14,12
2021-02-11T23:59:59+01:00,0,2,289,293,809,1240,897,1741,1201,2631,1348,2252,890,808,1213,1811,917,2765,124,153,509,821,597,1113,805,1787,898,1529,560,561,792,1265,635,2168,18369,14307,2513,0,211,0,0,14,12
2021-02-10T23:59:59+01:00,0,2,286,286,790,1203,884,1712,1189,2586,1333,2210,885,806,1198,1794,912,2747,120,143,442,735,551,1020,727,1661,840,1443,545,544,775,1242,622,2138,18344,13550,2408,0,58,0,0,13,0
2021-02-09T23:59:59+01:00,0,2,286,283,784,1188,872,1695,1174,2566,1319,2186,870,800,1184,1775,900,2727,104,124,385,646,498,886,646,1454,751,1250,492,464,655,1073,543,1871,18234,11844,2361,0,3,0,0,13,0
2021-02-08T23:59:59+01:00,0,2,285,282,782,1183,869,1688,1172,2562,1312,2178,864,797,1168,1752,882,2702,93,100,339,551,446,784,556,1243,643,1084,415,388,566,874,438,1539,18108,10061,2358,0,1,0,0,13,0
2021-02-07T23:59:59+01:00,0,2,284,281,781,1182,868,1688,1172,2561,1312,2175,858,795,1167,1749,880,2700,91,99,337,546,444,780,554,1234,639,1078,409,382,545,851,432,1524,18084,9947,2358,0,0,0,0,13,0
2021-02-06T23:59:59+01:00,0,2,284,280,780,1181,868,1687,1172,2561,1312,2174,857,795,1165,1743,878,2698,91,98,337,542,443,779,553,1230,637,1077,406,377,496,782,401,1478,18068,9729,2356,0,0,0,0,13,0
2021-02-05T23:59:59+01:00,0,2,284,279,780,1180,867,1686,1171,2560,1311,2169,850,789,1141,1732,871,2682,85,95,329,536,427,760,528,1195,608,1034,383,349,472,754,381,1431,17985,9368,2356,0,0,0,0,13,0
2021-02-04T23:59:59+01:00,0,2,281,271,777,1159,856,1663,1157,2532,1297,2146,828,776,1112,1701,864,2663,71,76,260,413,332,591,410,966,496,831,311,286,364,609,314,1208,17739,7538,2333,0,0,0,0,13,0
2021-02-03T23:59:59+01:00,0,2,280,266,774,1136,853,1635,1150,2480,1285,2114,808,762,1096,1680,852,2649,57,55,173,285,258,441,290,716,368,594,214,204,259,449,225,905,17635,5493,2174,0,0,0,0,13,0
2021-02-02T23:59:59+01:00,0,2,279,260,770,1127,847,1614,1142,2454,1273,2097,801,755,1088,1669,850,2641,37,34,95,143,149,254,177,447,238,375,140,134,177,273,158,582,17483,3413,2173,0,0,0,0,13,0
2021-02-01T23:59:59+01:00,0,2,277,257,765,1108,839,1594,1137,2424,1269,2062,791,742,1082,1658,845,2625,13,11,17,30,27,64,48,89,75,103,54,48,65,82,47,198,17291,971,2173,0,0,0,0,13,0
2021-01-31T23:59:59+01:00,0,2,271,255,749,1106,831,1583,1126,2413,1258,2054,785,736,1072,1640,838,2611,12,11,16,28,25,61,42,84,68,95,51,48,60,75,44,185,17254,905,2063,0,0,0,0,13,0
2021-01-30T23:59:59+01:00,0,2,271,255,749,1105,831,1583,1126,2413,1258,2054,784,736,1062,1633,821,2596,12,9,15,28,25,61,42,84,67,93,50,47,59,75,44,184,17250,895,2016,0,0,0,0,13,0
2021-01-29T23:59:59+01:00,0,2,270,255,749,1104,831,1583,1126,2413,1258,2053,783,735,1061,1631,821,2594,10,4,13,26,25,60,40,83,66,93,49,46,59,75,44,184,17242,877,2014,0,0,0,0,13,0
2021-01-28T23:59:59+01:00,0,2,266,250,738,1079,797,1527,1089,2352,1182,1994,742,721,1033,1611,805,2574,5,0,4,8,10,24,19,37,21,45,21,22,25,49,17,108,17062,415,1687,0,0,0,0,13,0
2021-01-27T23:59:59+01:00,0,2,260,243,715,1047,751,1472,1030,2271,1109,1913,707,694,1018,1588,802,2566,4,0,4,5,7,20,15,23,14,32,6,9,11,12,5,30,16612,197,1563,0,0,0,0,13,0
2021-01-26T23:59:59+01:00,0,2,236,234,700,1023,743,1424,1010,2197,1082,1848,695,680,994,1572,792,2547,4,0,2,5,6,10,13,12,7,11,3,5,7,8,2,17,16562,112,1204,0,0,0,0,13,0
2021-01-25T23:59:59+01:00,0,2,205,219,647,951,691,1302,967,2051,1024,1713,648,624,917,1475,745,2471,4,0,2,5,6,10,13,12,7,11,3,5,7,8,2,17,16335,112,304,0,0,0,0,13,0
2021-01-24T23:59:59+01:00,0,2,188,213,621,939,673,1288,949,2034,1008,1703,641,618,906,1455,736,2458,3,0,2,5,6,10,12,12,6,11,3,5,7,8,2,17,16160,109,259,0,0,0,0,13,0
2021-01-23T23:59:59+01:00,0,2,188,213,621,939,673,1288,949,2034,1008,1703,641,618,906,1455,736,2458,3,0,2,4,6,10,10,12,6,11,3,5,7,8,2,17,16160,106,259,0,0,0,0,13,0
2021-01-22T23:59:59+01:00,0,2,141,195,563,929,655,1273,915,2024,996,1692,636,617,905,1455,736,2458,3,0,1,4,6,10,10,12,6,11,3,5,7,8,2,17,15920,105,259,0,0,0,0,13,0
2021-01-21T23:59:59+01:00,0,2,137,187,548,908,635,1232,882,1970,975,1645,624,596,893,1424,729,2439,3,0,0,4,5,10,9,12,6,11,3,5,7,8,2,16,15554,101,259,0,0,0,0,13,0
2021-01-20T23:59:59+01:00,0,2,131,170,501,843,612,1154,819,1860,938,1574,604,578,876,1401,719,2409,3,0,0,4,5,10,9,12,6,11,3,5,7,8,2,16,14921,101,257,0,0,0,0,13,0
2021-01-19T23:59:59+01:00,0,2,121,152,429,756,549,1025,735,1671,838,1416,557,528,778,1246,638,2153,3,0,0,4,5,8,9,12,6,11,3,5,7,8,2,16,13391,99,190,0,0,0,0,13,0
2021-01-18T23:59:59+01:00,0,2,103,118,360,606,459,855,604,1410,712,1207,487,462,690,1083,560,1868,1,0,0,1,1,0,0,0,0,1,0,0,0,1,0,0,11492,5,81,0,0,0,0,13,0
2021-01-17T23:59:59+01:00,0,2,99,116,356,601,458,849,602,1391,705,1197,481,452,663,1052,540,1821,1,0,0,1,0,0,0,0,0,1,0,0,0,1,0,0,11292,4,80,0,0,0,0,13,0
2021-01-16T23:59:59+01:00,0,2,99,113,354,592,455,844,590,1378,694,1185,466,438,566,927,478,1722,0,0,0,1,0,0,0,0,0,0,0,0,0,0,0,0,10887,1,3,0,0,0,0,13,0
2021-01-15T23:59:59+01:00,0,2,97,111,349,590,449,839,584,1371,677,1169,450,420,558,915,468,1698,0,0,0,0,0,0,0,0,0,0,0,0,0,0,0,0,10733,0,1,0,0,0,0,13,0
2021-01-14T23:59:59+01:00,0,0,80,89,295,488,370,674,466,1118,558,989,369,338,439,749,384,1443,0,0,0,0,0,0,0,0,0,0,0,0,0,0,0,0,8836,0,0,0,0,0,0,13,0
2021-01-13T23:59:59+01:00,0,0,66,66,210,371,294,504,353,837,428,710,260,239,323,563,295,1107,0,0,0,0,0,0,0,0,0,0,0,0,0,0,0,0,6614,0,0,0,0,0,0,12,0
2021-01-12T23:59:59+01:00,0,0,44,44,130,220,182,313,213,532,285,443,166,154,211,370,203,743,0,0,0,0,0,0,0,0,0,0,0,0,0,0,0,0,4253,0,0,0,0,0,0,0,0
2021-01-11T23:59:59+01:00,0,0,14,13,45,61,42,93,61,120,97,130,69,61,92,114,58,253,0,0,0,0,0,0,0,0,0,0,0,0,0,0,0,0,1323,0,0,0,0,0,0,0,0
2021-01-10T23:59:59+01:00,0,0,13,13,32,49,35,75,52,111,84,120,62,57,85,104,55,238,0,0,0,0,0,0,0,0,0,0,0,0,0,0,0,0,1185,0,0,0,0,0,0,0,0
2021-01-09T23:59:59+01:00,0,0,13,12,28,48,35,75,51,110,82,117,61,56,84,103,53,237,0,0,0,0,0,0,0,0,0,0,0,0,0,0,0,0,1165,0,0,0,0,0,0,0,0
2021-01-08T23:59:59+01:00,0,0,9,4,28,42,33,72,48,108,81,116,58,52,78,98,49,237,0,0,0,0,0,0,0,0,0,0,0,0,0,0,0,0,1113,0,0,0,0,0,0,0,0
2021-01-07T23:59:59+01:00,0,0,6,1,10,21,16,38,27,77,35,77,32,27,51,82,33,180,0,0,0,0,0,0,0,0,0,0,0,0,0,0,0,0,713,0,0,0,0,0,0,0,0
2021-01-06T23:59:59+01:00,0,0,6,0,5,10,11,30,24,43,21,48,26,24,37,56,23,129,0,0,0,0,0,0,0,0,0,0,0,0,0,0,0,0,493,0,0,0,0,0,0,0,0
2021-01-05T23:59:59+01:00,0,0,5,0,5,9,11,30,24,43,21,48,26,24,37,55,23,129,0,0,0,0,0,0,0,0,0,0,0,0,0,0,0,0,490,0,0,0,0,0,0,0,0
2021-01-04T23:59:59+01:00,0,0,4,0,2,4,5,11,13,12,6,12,3,5,7,9,2,18,0,0,0,0,0,0,0,0,0,0,0,0,0,0,0,0,113,0,0,0,0,0,0,0,0
2021-01-03T23:59:59+01:00,0,0,3,0,2,4,5,10,12,12,6,12,3,5,7,9,2,17,0,0,0,0,0,0,0,0,0,0,0,0,0,0,0,0,109,0,0,0,0,0,0,0,0
2021-01-02T23:59:59+01:00,0,0,3,0,2,4,5,10,10,12,6,12,3,5,7,9,2,17,0,0,0,0,0,0,0,0,0,0,0,0,0,0,0,0,107,0,0,0,0,0,0,0,0
2021-01-01T23:59:59+01:00,0,0,3,0,1,4,5,10,10,12,6,12,3,5,7,8,2,17,0,0,0,0,0,0,0,0,0,0,0,0,0,0,0,0,105,0,0,0,0,0,0,0,0
2020-12-31T23:59:59+01:00,0,0,3,0,0,4,5,10,9,12,6,12,3,5,7,8,2,17,0,0,0,0,0,0,0,0,0,0,0,0,0,0,0,0,103,0,0,0,0,0,0,0,0
2020-12-30T23:59:59+01:00,0,0,3,0,0,4,5,10,9,12,6,12,3,5,7,8,2,17,0,0,0,0,0,0,0,0,0,0,0,0,0,0,0,0,103,0,0,0,0,0,0,0,0
2020-12-29T23:59:59+01:00,0,0,3,0,0,3,5,8,9,12,6,12,3,5,7,8,2,17,0,0,0,0,0,0,0,0,0,0,0,0,0,0,0,0,100,0,0,0,0,0,0,0,0
2020-12-28T23:59:59+01:00,0,0,3,0,0,3,5,8,9,12,5,12,3,5,7,8,2,17,0,0,0,0,0,0,0,0,0,0,0,0,0,0,0,0,99,0,0,0,0,0,0,0,0
2020-12-27T23:59:59+01:00,0,0,1,0,0,0,0,0,0,0,0,1,0,0,2,4,0,8,0,0,0,0,0,0,0,0,0,0,0,0,0,0,0,0,16,0,0,0,0,0,0,0,0
