Datum,<15_m,<15_w,15-24_1_m,15-24_1_w,25-34_1_m,25-34_1_w,35-44_1_m,35-44_1_w,45-54_1_m,45-54_1_w,55-64_1_m,55-64_1_w,65-74_1_m,65-74_1_w,75-84_1_m,75-84_1_w,>84_1_m,>84_1_w,<24_2_m,<24_2_w,25-34_2_m,25-34_2_w,35-44_2_m,35-44_2_w,45-54_2_m,45-54_2_w,55-64_2_m,55-64_2_w,65-74_2_m,65-74_2_w,75-84_2_m,75-84_2_w,>84_2_m,>84_2_w,bp_1,bp_2,mo_1,mo_2,az_1,az_2,ja,unb_1,unb_2
2021-10-10T23:59:59+02:00,3929,3613,25571,24578,34758,32102,34599,34561,40027,40348,43452,43540,28369,31598,20203,25316,6313,10664,22936,21942,32225,29376,32624,32239,37873,37910,41339,41438,27322,30401,19474,24320,6043,10090,339355,316950,45546,43770,77557,71236,21029,60,34
2021-10-09T23:59:59+02:00,3928,3611,25570,24575,34757,32098,34597,34560,40024,40344,43450,43540,28367,31597,20202,25313,6312,10664,22936,21942,32225,29376,32622,32238,37872,37910,41338,41437,27322,30401,19473,24320,6043,10089,339323,316941,45546,43770,77557,71236,21029,60,34
2021-10-08T23:59:59+02:00,3900,3588,25511,24521,34702,32045,34566,34531,39994,40318,43420,43517,28358,31587,20195,25305,6307,10663,22841,21880,32176,29322,32586,32192,37844,37869,41314,41413,27311,30386,19469,24312,6040,10088,338882,316415,45526,43755,77557,71235,21009,60,34
2021-10-07T23:59:59+02:00,3876,3544,25436,24440,34632,31974,34518,34490,39956,40278,43391,43488,28348,31575,20182,25294,6301,10655,22721,21739,32108,29237,32535,32114,37800,37825,41272,41373,27291,30368,19453,24301,6033,10077,338297,315563,45499,43730,77557,71234,20971,60,34
2021-10-06T23:59:59+02:00,3862,3525,25400,24397,34592,31935,34492,34459,39936,40262,43373,43470,28341,31566,20169,25275,6297,10644,22688,21699,32077,29202,32513,32082,37784,37801,41254,41359,27281,30358,19443,24291,6030,10073,337924,315229,45496,43727,77557,71234,20964,60,34
2021-10-05T23:59:59+02:00,3840,3506,25343,24337,34521,31861,34453,34421,39916,40226,43335,43446,28331,31555,20149,25255,6294,10617,22612,21583,31985,29112,32458,32019,37742,37759,41224,41330,27265,30349,19433,24283,6022,10064,337417,314542,45474,43701,77555,71232,20906,60,34
2021-10-04T23:59:59+02:00,3818,3484,25296,24295,34477,31830,34419,34391,39891,40208,43315,43427,28324,31547,20141,25239,6285,10604,22567,21537,31956,29064,32428,31995,37722,37741,41198,41314,27254,30333,19424,24275,6018,10057,337031,314196,45463,43686,77555,71229,20888,60,34
2021-10-03T23:59:59+02:00,3809,3482,25281,24289,34468,31825,34413,34385,39888,40199,43310,43423,28320,31545,20139,25230,6284,10597,22553,21526,31948,29054,32414,31987,37715,37735,41191,41311,27252,30329,19421,24269,6014,10051,336931,314076,45462,43685,77555,71229,20885,60,34
2021-10-02T23:59:59+02:00,3809,3482,25281,24288,34467,31825,34413,34385,39887,40199,43310,43423,28320,31545,20139,25230,6284,10597,22553,21526,31948,29054,32414,31987,37715,37735,41191,41311,27252,30329,19421,24269,6014,10051,336928,314075,45462,43685,77555,71229,20885,60,34
2021-10-01T23:59:59+02:00,3790,3464,25234,24222,34405,31757,34352,34345,39853,40175,43280,43405,28317,31539,20137,25228,6282,10594,22453,21438,31896,28984,32364,31945,37679,37687,41166,41295,27245,30324,19417,24264,6013,10049,336495,313514,45438,43658,77554,71227,20838,60,34
2021-09-30T23:59:59+02:00,3758,3422,25133,24107,34303,31679,34282,34288,39783,40117,43229,43364,28302,31520,20122,25216,6278,10582,22334,21320,31814,28880,32304,31874,37626,37640,41126,41269,27216,30312,19414,24251,6011,10044,335727,312725,45398,43633,77549,71227,20756,60,33
2021-09-29T23:59:59+02:00,3740,3402,25106,24063,34275,31651,34256,34262,39763,40095,43209,43347,28293,31512,20117,25210,6272,10575,22306,21289,31791,28860,32283,31850,37609,37623,41110,41257,27209,30300,19410,24242,6010,10043,335409,312480,45394,43629,77549,71227,20741,60,33
2021-09-28T23:59:59+02:00,3713,3372,25019,23993,34194,31584,34208,34213,39718,40056,43174,43318,28277,31493,20109,25198,6268,10566,22212,21215,31724,28787,32236,31803,37575,37580,41085,41232,27188,30285,19408,24233,6007,10041,334860,311975,45360,43599,77549,71226,20649,60,33
2021-09-27T23:59:59+02:00,3691,3348,24981,23967,34158,31546,34187,34183,39699,40024,43155,43297,28270,31483,20102,25193,6264,10559,22176,21183,31692,28747,32210,31782,37553,37562,41066,41219,27179,30280,19405,24229,6006,10037,334540,311709,45351,43583,77548,71226,20613,60,33
2021-09-26T23:59:59+02:00,3538,3243,24923,23932,34148,31538,34180,34180,39693,40017,43149,43291,28269,31481,20100,25192,6263,10558,22160,21164,31688,28740,32206,31778,37545,37555,41061,41214,27176,30276,19402,24227,6005,10036,334133,311605,45351,43582,77548,71225,20608,60,33
2021-09-25T23:59:59+02:00,3537,3243,24922,23932,34148,31538,34180,34180,39692,40016,43148,43291,28269,31480,20100,25192,6263,10558,22158,21161,31688,28740,32204,31777,37542,37553,41061,41214,27176,30275,19402,24227,6005,10036,334127,311590,45351,43582,77548,71225,20608,60,33
2021-09-24T23:59:59+02:00,3513,3211,24841,23856,34036,31458,34112,34117,39635,39969,43114,43265,28254,31469,20097,25186,6262,10556,22072,21073,31595,28677,32157,31739,37486,37515,41041,41192,27163,30264,19399,24224,6004,10036,333602,311135,45318,43569,77547,71224,20429,60,32
2021-09-23T23:59:59+02:00,3344,3060,24703,23707,33945,31367,34036,34058,39577,39917,43056,43221,28237,31455,20089,25175,6260,10554,21958,20971,31528,28599,32107,31683,37450,37481,41006,41158,27149,30246,19392,24208,6003,10033,332565,310520,45289,43551,77547,71222,20305,60,32
2021-09-22T23:59:59+02:00,3321,3036,24667,23655,33913,31335,34013,34021,39550,39902,43034,43197,28228,31446,20085,25164,6260,10549,21930,20942,31491,28561,32089,31655,37428,37466,40983,41147,27139,30240,19389,24204,6003,10032,332225,310259,45280,43547,77545,71221,20271,60,32
2021-09-21T23:59:59+02:00,3197,2902,24470,23502,33772,31235,33949,33938,39482,39856,43012,43155,28209,31426,20076,25158,6252,10542,21793,20804,31381,28456,32012,31578,37374,37417,40950,41113,27128,30228,19381,24189,6000,10027,331179,309485,45241,43519,77545,71220,20113,60,32
2021-09-20T23:59:59+02:00,3173,2881,24425,23455,33728,31194,33919,33905,39452,39825,42988,43130,28204,31417,20072,25152,6252,10538,21756,20764,31337,28409,31991,31542,37345,37399,40936,41104,27118,30221,19372,24183,5998,10020,330819,309187,45225,43512,77545,71218,20066,60,31
2021-09-19T23:59:59+02:00,3169,2879,24415,23449,33720,31186,33912,33898,39447,39810,42979,43129,28203,31416,20072,25150,6252,10538,21749,20759,31333,28401,31988,31541,37338,37391,40928,41103,27118,30221,19371,24182,5998,10020,330742,309134,45225,43511,77544,71218,20058,60,31
2021-09-18T23:59:59+02:00,3169,2879,24415,23449,33720,31186,33912,33898,39447,39810,42979,43129,28203,31416,20072,25150,6252,10538,21749,20759,31333,28399,31986,31541,37338,37391,40928,41103,27118,30221,19371,24181,5998,10020,330742,309129,45225,43511,77544,71218,20058,60,31
2021-09-17T23:59:59+02:00,3142,2841,24310,23335,33615,31085,33836,33830,39377,39756,42944,43102,28189,31408,20070,25144,6250,10536,21669,20682,31263,28337,31921,31494,37298,37358,40908,41089,27110,30206,19369,24174,5998,10019,330093,308680,45183,43491,77543,71218,19896,59,31
2021-09-16T23:59:59+02:00,3092,2792,24198,23203,33519,30976,33769,33726,39331,39696,42892,43053,28163,31387,20054,25133,6247,10528,21564,20586,31182,28265,31857,31429,37275,37303,40876,41051,27099,30186,19362,24166,5996,10018,329273,308087,45144,43482,77543,71212,19744,59,31
2021-09-15T23:59:59+02:00,3069,2779,24157,23155,33488,30932,33754,33695,39301,39668,42874,43035,28153,31376,20048,25127,6246,10526,21527,20543,31150,28218,31830,31406,37243,37269,40853,41025,27085,30177,19355,24158,5996,10014,328942,307727,45131,43481,77542,71210,19713,59,31
2021-09-14T23:59:59+02:00,3030,2747,24051,23014,33344,30791,33670,33610,39244,39616,42823,42985,28135,31360,20039,25119,6242,10521,21442,20461,31059,28129,31767,31344,37194,37226,40809,40999,27075,30157,19346,24150,5994,10011,328133,307203,45096,43474,77541,71206,19516,59,31
2021-09-13T23:59:59+02:00,3012,2727,24001,22961,33299,30732,33638,33560,39219,39586,42792,42961,28129,31347,20034,25118,6240,10517,21391,20414,31015,28079,31738,31312,37171,37206,40795,40977,27069,30151,19342,24146,5993,10010,327752,306903,45080,43461,77541,71205,19445,59,31
2021-09-12T23:59:59+02:00,3008,2720,23997,22952,33294,30728,33629,33554,39214,39583,42789,42959,28127,31345,20033,25117,6240,10516,21375,20406,31006,28061,31719,31304,37165,37199,40789,40971,27064,30150,19340,24143,5993,10008,327685,306782,45080,43461,77540,71204,19445,59,31
2021-09-11T23:59:59+02:00,3006,2719,23995,22950,33292,30727,33627,33553,39214,39581,42788,42959,28124,31343,20033,25117,6240,10516,21371,20405,31005,28058,31719,31304,37165,37198,40788,40970,27062,30150,19340,24143,5993,10008,327665,306766,45080,43461,77540,71204,19444,59,31
2021-09-10T23:59:59+02:00,2964,2676,23861,22823,33163,30611,33525,33478,39140,39497,42740,42919,28108,31326,20028,25109,6239,10514,21255,20302,30893,27965,31630,31251,37102,37156,40742,40937,27054,30140,19334,24133,5991,10007,326923,306225,45060,43442,77540,71203,19143,59,31
2021-09-09T23:59:59+02:00,2914,2637,23687,22675,33056,30484,33429,33378,39070,39428,42700,42872,28081,31308,20019,25103,6237,10512,21135,20171,30800,27868,31554,31156,37039,37101,40693,40889,27030,30124,19325,24124,5987,10004,326053,305474,45036,43422,77538,71200,18914,53,31
2021-09-08T23:59:59+02:00,2893,2606,23648,22626,33027,30445,33413,33350,39050,39407,42685,42857,28075,31299,20016,25098,6236,10512,21102,20139,30769,27852,31539,31131,37022,37078,40682,40876,27023,30117,19319,24119,5986,10003,325741,305242,45030,43418,77538,71199,18885,53,31
2021-09-07T23:59:59+02:00,2840,2551,23499,22481,32908,30338,33338,33264,38994,39343,42641,42823,28057,31282,20012,25093,6235,10509,20966,20005,30651,27768,31464,31065,36974,37026,40644,40847,27006,30092,19313,24108,5985,10001,324992,304591,45005,43396,77537,71194,18624,53,31
2021-09-06T23:59:59+02:00,2817,2536,23468,22437,32877,30305,33317,33244,38973,39330,42625,42808,28054,31278,20010,25091,6234,10506,20925,19962,30620,27741,31444,31040,36955,37007,40630,40835,26998,30084,19311,24099,5982,9999,324727,304291,44989,43388,77536,71193,18608,53,31
2021-09-05T23:59:59+02:00,2806,2533,23461,22431,32874,30300,33315,33239,38970,39327,42621,42802,28052,31274,20008,25090,6233,10505,20913,19955,30610,27735,31441,31036,36952,37005,40625,40832,26993,30082,19309,24095,5981,9999,324661,304217,44988,43388,77536,71193,18606,53,31
2021-09-04T23:59:59+02:00,2806,2533,23458,22430,32873,30300,33315,33238,38970,39326,42620,42801,28052,31274,20008,25090,6233,10505,20911,19955,30610,27735,31440,31035,36952,37005,40624,40832,26993,30082,19309,24095,5981,9999,324655,304210,44988,43388,77536,71193,18603,53,31
2021-09-03T23:59:59+02:00,2783,2499,23381,22353,32801,30229,33275,33195,38926,39298,42590,42788,28044,31261,20007,25088,6231,10504,20862,19897,30562,27696,31406,31000,36924,36980,40595,40820,26985,30074,19307,24093,5980,9999,324157,303866,44960,43380,77534,71185,18552,53,31
2021-09-02T23:59:59+02:00,2753,2467,23276,22257,32740,30139,33217,33140,38888,39265,42551,42755,28024,31250,20003,25074,6229,10501,20788,19836,30504,27634,31368,30969,36885,36943,40562,40791,26975,30062,19304,24082,5980,9999,323557,303441,44930,43363,77533,71180,18459,53,31
2021-09-01T23:59:59+02:00,2732,2453,23253,22221,32711,30109,33196,33114,38862,39244,42538,42740,28016,31243,19998,25072,6229,10501,20748,19795,30475,27608,31345,30947,36866,36928,40545,40775,26965,30053,19303,24076,5980,9999,323309,303178,44919,43359,77532,71179,18422,53,31
2021-08-31T23:59:59+02:00,2687,2411,23130,22115,32630,30009,33142,33056,38817,39202,42512,42715,28005,31237,19992,25068,6228,10497,20660,19702,30404,27548,31296,30904,36826,36896,40516,40750,26956,30041,19297,24071,5980,9997,322731,302762,44889,43344,77531,71172,18252,53,31
2021-08-30T23:59:59+02:00,2665,2387,23077,22072,32590,29967,33118,33019,38788,39182,42492,42697,28000,31230,19985,25059,6227,10493,20534,19601,30306,27454,31236,30854,36793,36868,40495,40716,26941,30027,19296,24062,5980,9995,322390,302052,44874,43335,77531,71167,18203,53,31
2021-08-29T23:59:59+02:00,2634,2357,22990,22009,32527,29910,33075,32988,38742,39146,42462,42676,27991,31223,19982,25054,6227,10492,20431,19533,30237,27404,31201,30820,36752,36839,40470,40698,26928,30016,19295,24057,5980,9995,321936,301624,44859,43312,77529,71157,18111,53,31
2021-08-28T23:59:59+02:00,2628,2355,22990,22009,32523,29910,33074,32988,38739,39145,42461,42676,27990,31223,19982,25054,6227,10492,20430,19532,30232,27403,31201,30817,36749,36837,40470,40698,26928,30016,19295,24057,5980,9995,321923,301613,44859,43311,77529,71157,18105,53,31
2021-08-27T23:59:59+02:00,2628,2355,22985,22005,32518,29910,33073,32986,38737,39143,42457,42676,27989,31223,19982,25054,6226,10492,20424,19530,30223,27402,31200,30815,36746,36836,40468,40698,26928,30016,19295,24056,5980,9995,321908,301598,44859,43311,77529,71154,18093,53,31
2021-08-26T23:59:59+02:00,2545,2272,22795,21799,32387,29768,32955,32879,38649,39054,42392,42607,27964,31190,19969,25036,6225,10486,20152,19260,30081,27234,31058,30689,36637,36741,40383,40624,26886,29975,19276,24032,5974,9993,320690,300082,44839,43287,77528,71138,17865,53,31
2021-08-25T23:59:59+02:00,2539,2264,22775,21773,32376,29747,32941,32864,38637,39040,42381,42601,27959,31187,19962,25030,6222,10484,20104,19217,30045,27204,31037,30653,36611,36709,40365,40608,26873,29962,19273,24024,5973,9992,320502,299720,44839,43287,77528,71137,17863,53,31
2021-08-24T23:59:59+02:00,2521,2253,22736,21731,32350,29702,32922,32831,38627,39020,42362,42587,27953,31176,19957,25022,6221,10483,20066,19175,30012,27163,31016,30618,36597,36688,40345,40590,26867,29952,19269,24021,5973,9988,320214,299431,44829,43282,77528,71132,17833,53,31
2021-08-23T23:59:59+02:00,2501,2221,22665,21658,32279,29645,32886,32800,38586,38989,42331,42574,27937,31167,19954,25011,6221,10481,19940,19053,29894,27084,30951,30571,36548,36645,40304,40561,26855,29939,19263,24011,5973,9982,319768,298697,44818,43257,77525,71126,17745,53,31
2021-08-22T23:59:59+02:00,2492,2212,22629,21626,32260,29627,32870,32792,38568,38973,42326,42565,27933,31162,19949,25011,6221,10480,19901,19015,29858,27051,30920,30535,36526,36629,40285,40539,26847,29935,19260,24008,5973,9980,319598,298406,44812,43254,77523,71117,17713,53,31
2021-08-21T23:59:59+02:00,2473,2199,22574,21576,32220,29590,32846,32768,38554,38950,42309,42555,27926,31154,19947,25008,6221,10479,19799,18916,29786,26993,30886,30491,36491,36587,40261,40518,26836,29926,19255,24004,5971,9980,319352,297897,44799,43239,77521,71111,17627,53,31
2021-08-20T23:59:59+02:00,2435,2157,22484,21469,32143,29507,32783,32720,38504,38910,42267,42527,27919,31140,19943,24993,6220,10475,19625,18789,29661,26890,30811,30431,36428,36541,40215,40480,26821,29907,19246,23995,5970,9976,318764,297082,44776,43213,77518,71093,17488,53,31
2021-08-19T23:59:59+02:00,2345,2089,22322,21333,32005,29383,32694,32637,38403,38832,42197,42473,27893,31107,19936,24981,6215,10466,19366,18583,29450,26740,30691,30321,36309,36447,40113,40395,26793,29877,19235,23979,5966,9971,317829,295811,44756,43183,77518,71068,17158,53,31
2021-08-18T23:59:59+02:00,2336,2080,22296,21311,31983,29362,32672,32614,38375,38814,42184,42457,27878,31097,19930,24976,6215,10464,19311,18523,29410,26706,30665,30290,36281,36426,40089,40364,26776,29866,19231,23967,5961,9967,317569,295376,44756,43183,77518,71066,17151,53,31
2021-08-17T23:59:59+02:00,2319,2064,22271,21283,31967,29332,32646,32589,38362,38802,42160,42438,27872,31084,19924,24971,6215,10464,19268,18472,29379,26667,30620,30263,36253,36391,40061,40340,26754,29851,19224,23950,5957,9963,317322,294973,44756,43180,77518,71062,17117,53,31
2021-08-16T23:59:59+02:00,2280,2047,22205,21240,31926,29288,32623,32568,38338,38781,42128,42421,27863,31077,19922,24961,6215,10463,19061,18328,29233,26553,30543,30174,36205,36339,40024,40298,26734,29835,19217,23931,5951,9961,316974,293973,44756,43174,77516,71060,17050,53,31
2021-08-15T23:59:59+02:00,2253,2024,22151,21183,31878,29248,32599,32535,38310,38762,42108,42407,27856,31072,19916,24954,6214,10463,18942,18211,29074,26425,30463,30091,36137,36288,39969,40241,26715,29811,19207,23922,5948,9960,316640,293046,44747,43157,77515,71052,16981,53,31
2021-08-14T23:59:59+02:00,2247,2021,22125,21167,31866,29232,32595,32529,38302,38757,42102,42404,27855,31071,19915,24953,6214,10462,18829,18117,29011,26361,30423,30043,36113,36257,39948,40226,26707,29805,19204,23921,5947,9957,316551,292501,44744,43137,77515,71048,16957,53,31
2021-08-13T23:59:59+02:00,2230,2010,22079,21129,31829,29208,32558,32501,38287,38743,42092,42394,27853,31066,19912,24950,6213,10462,18573,17857,28831,26202,30307,29951,36061,36188,39903,40190,26691,29793,19199,23912,5944,9953,316315,291131,44739,43121,77513,71038,16899,53,31
2021-08-12T23:59:59+02:00,2194,1972,21992,21035,31758,29132,32501,32451,38240,38700,42055,42360,27837,31047,19905,24940,6211,10462,18266,17542,28579,25974,30163,29823,35967,36095,39827,40122,26655,29747,19179,23889,5942,9950,315743,289381,44728,43068,77510,70991,16761,53,31
2021-08-11T23:59:59+02:00,2192,1967,21972,21019,31740,29112,32486,32435,38232,38691,42044,42344,27829,31044,19902,24936,6210,10458,18211,17486,28543,25929,30115,29784,35946,36057,39791,40089,26643,29720,19172,23879,5942,9948,315565,288902,44728,43065,77510,70988,16760,53,31
2021-08-10T23:59:59+02:00,2183,1946,21944,20982,31703,29090,32470,32415,38205,38664,42026,42336,27823,31036,19901,24933,6209,10454,17690,17032,28367,25771,30021,29694,35778,35934,39741,40046,26619,29697,19165,23863,5938,9947,315316,287199,44723,43036,77508,70738,16723,53,31
2021-08-09T23:59:59+02:00,2159,1932,21893,20931,31646,29043,32436,32385,38180,38644,42012,42312,27812,31027,19900,24924,6208,10452,17217,16571,28235,25664,29966,29640,35731,35889,39707,40011,26610,29683,19160,23857,5938,9945,314940,285713,44717,43016,77508,70725,16681,53,31
2021-08-08T23:59:59+02:00,2143,1914,21839,20887,31600,29007,32401,32359,38156,38636,41990,42291,27805,31023,19894,24920,6208,10449,16872,16230,28124,25582,29909,29567,35683,35851,39685,39985,26598,29670,19151,23848,5936,9940,314622,284476,44716,42995,77507,70717,16627,53,31
2021-08-07T23:59:59+02:00,2099,1871,21703,20805,31517,28939,32327,32298,38099,38586,41957,42263,27796,30996,19889,24911,6206,10447,16360,15779,27820,25292,29681,29380,35503,35694,39545,39873,26542,29606,19132,23819,5933,9936,313992,281824,44683,42872,77501,70629,16483,53,31
2021-08-06T23:59:59+02:00,2089,1861,21652,20766,31476,28907,32294,32279,38073,38566,41945,42247,27792,30987,19885,24911,6206,10447,15334,14799,26668,24395,29391,29149,35254,35495,39230,39633,26500,29560,19122,23809,5932,9933,313762,276824,44679,42850,77501,69826,16391,53,30
2021-08-05T23:59:59+02:00,2050,1832,21543,20679,31417,28829,32233,32220,38014,38515,41900,42209,27775,30968,19876,24898,6204,10444,14443,14054,25644,23612,28677,28634,34724,35059,38913,39387,26433,29480,19089,23775,5929,9923,313199,271930,44656,42799,77500,68328,16201,53,30
2021-08-04T23:59:59+02:00,2030,1813,21471,20628,31373,28756,32199,32177,37976,38492,41866,42180,27762,30952,19871,24885,6202,10440,14073,13712,25236,23305,28464,28407,34581,34933,38815,39294,26394,29435,19067,23752,5924,9918,312743,269482,44649,42769,77500,68286,16131,53,30
2021-08-03T23:59:59+02:00,2021,1797,21444,20602,31357,28742,32186,32167,37966,38478,41850,42167,27753,30946,19866,24878,6201,10438,13989,13621,25157,23228,28396,28350,34533,34886,38763,39255,26367,29408,19055,23740,5921,9912,312539,268752,44645,42766,77498,68260,16127,53,30
2021-08-02T23:59:59+02:00,2011,1776,21399,20563,31311,28720,32159,32136,37940,38463,41837,42152,27744,30934,19866,24870,6200,10434,13786,13411,24450,22679,28113,28127,34384,34774,38685,39192,26340,29376,19047,23736,5921,9910,312249,266334,44642,42752,77498,68032,16076,53,30
2021-08-01T23:59:59+02:00,1991,1759,21346,20516,31262,28680,32132,32117,37921,38444,41816,42135,27738,30927,19863,24862,6200,10434,13615,13249,24150,22426,27875,27909,34293,34666,38617,39121,26324,29357,19041,23730,5921,9908,311945,264635,44636,42740,77497,68009,16015,53,30
2021-07-31T23:59:59+02:00,1966,1729,21267,20439,31191,28641,32076,32077,37885,38415,41793,42114,27734,30919,19858,24858,6200,10434,12670,12223,23631,21985,27529,27553,33983,34370,38183,38777,26253,29272,19015,23685,5916,9902,311525,259600,44624,42704,77495,67437,15901,53,30
2021-07-30T23:59:59+02:00,1941,1709,21245,20418,31159,28622,32061,32059,37879,38408,41785,42106,27729,30916,19857,24858,6199,10434,12583,12150,23304,21696,27249,27341,33764,34206,38021,38642,26229,29254,19014,23677,5916,9900,311342,258176,44623,42696,77495,66880,15874,53,30
2021-07-29T23:59:59+02:00,1872,1640,21013,20181,31017,28473,31958,31947,37785,38318,41690,42045,27701,30891,19844,24839,6192,10425,11954,11616,22174,20856,26207,26501,32779,33513,37637,38350,26146,29153,18985,23630,5910,9891,310127,252557,44594,42606,77487,65121,15572,53,30
2021-07-28T23:59:59+02:00,1852,1625,20973,20129,30998,28443,31942,31926,37764,38299,41667,42024,27690,30879,19839,24829,6192,10423,11674,11314,21763,20473,25774,26075,32614,33357,37525,38258,26109,29102,18966,23607,5909,9886,309808,249632,44594,42606,77475,65060,15567,52,30
2021-07-27T23:59:59+02:00,1842,1619,20933,20086,30974,28410,31908,31910,37743,38265,41643,42011,27683,30872,19838,24824,6192,10420,11428,11098,21560,20284,25631,25955,32502,33250,37436,38175,26078,29064,18956,23595,5906,9882,309570,248153,44594,42572,77474,64988,15485,52,29
2021-07-26T23:59:59+02:00,1816,1583,20807,19957,30865,28309,31849,31845,37687,38197,41602,41980,27657,30854,19827,24810,6186,10417,11135,10774,21053,19841,25381,25746,32340,33099,37305,38087,26042,29030,18943,23572,5905,9874,308804,245859,44562,42458,77469,64783,15363,52,29
2021-07-25T23:59:59+02:00,1809,1575,20784,19945,30854,28299,31837,31830,37679,38191,41592,41970,27653,30851,19826,24808,6186,10416,11030,10668,20903,19735,25147,25551,32101,32889,37161,37954,26024,29016,18937,23564,5904,9871,308686,244598,44553,42443,77460,64370,15356,52,29
2021-07-24T23:59:59+02:00,1789,1560,20702,19870,30810,28259,31802,31794,37650,38162,41570,41958,27646,30845,19823,24806,6186,10416,10967,10613,20828,19673,25075,25490,32048,32859,37131,37933,26018,29011,18935,23562,5904,9871,308334,244229,44542,42420,77456,64304,15266,52,29
2021-07-23T23:59:59+02:00,1734,1525,20509,19724,30649,28145,31714,31720,37582,38110,41531,41914,27635,30828,19818,24800,6185,10411,10708,10409,20470,19373,24268,24845,31566,32527,36563,37476,25975,28969,18919,23544,5903,9869,307501,241366,44533,42372,77438,62913,15011,52,29
2021-07-22T23:59:59+02:00,1670,1468,20198,19451,30408,27963,31583,31606,37451,38003,41434,41831,27608,30804,19807,24776,6181,10410,10247,10030,19725,18859,23312,24175,30856,31939,35528,36716,25864,28870,18885,23511,5901,9865,306022,237755,44497,41707,77432,60385,14650,52,29
2021-07-21T23:59:59+02:00,1655,1460,20160,19399,30378,27933,31558,31583,37431,37978,41413,41807,27599,30796,19802,24770,6176,10406,9937,9696,19263,18406,22437,23409,30521,31606,35293,36518,25781,28773,18854,23458,5893,9855,305694,235006,44487,40016,77430,60212,14642,52,28
2021-07-20T23:59:59+02:00,1648,1454,20127,19372,30348,27909,31533,31563,37415,37960,41401,41793,27584,30781,19802,24763,6176,10403,9669,9418,18930,18139,22164,23125,30344,31449,35128,36375,25735,28726,18838,23422,5892,9851,305436,232609,44485,40008,77429,60111,14631,52,28
2021-07-19T23:59:59+02:00,1637,1446,20013,19285,30264,27837,31474,31508,37395,37941,41386,41774,27579,30770,19796,24756,6175,10400,9472,9222,18618,17865,21702,22704,30091,31218,35009,36273,25701,28687,18820,23406,5892,9848,304857,230982,44478,39070,77427,59996,14623,52,28
2021-07-18T23:59:59+02:00,1626,1440,19944,19218,30135,27738,31409,31442,37333,37889,41342,41722,27558,30739,19787,24741,6171,10397,9363,9107,18450,17714,21511,22515,29921,31020,34894,36172,25669,28664,18809,23388,5892,9842,304063,229724,44478,38767,77425,59955,14614,52,28
2021-07-17T23:59:59+02:00,1625,1436,19937,19216,30135,27737,31409,31438,37328,37887,41338,41720,27557,30738,19786,24741,6171,10397,9343,9092,18419,17692,21492,22502,29911,31013,34876,36168,25666,28662,18809,23387,5892,9842,304032,229573,44478,38764,77425,59944,14610,52,28
2021-07-16T23:59:59+02:00,1572,1391,19662,18970,30013,27641,31327,31368,37272,37824,41297,41688,27538,30721,19779,24731,6169,10391,9225,8977,18040,17389,21189,22229,29521,30656,34741,36061,25642,28638,18802,23374,5890,9840,303041,228298,44455,38042,77424,59614,14383,52,27
2021-07-15T23:59:59+02:00,1514,1348,19402,18723,29838,27494,31217,31269,37188,37741,41227,41621,27495,30691,19763,24717,6165,10388,8863,8675,17132,16563,19641,21003,28600,29735,34118,35482,25474,28456,18746,23324,5884,9828,301763,222191,44414,36585,77416,58693,14157,52,27
2021-07-14T23:59:59+02:00,1500,1335,19372,18686,29812,27468,31192,31237,37176,37727,41207,41614,27486,30684,19754,24710,6164,10384,8574,8378,16584,15961,19148,20483,28036,29235,33727,35105,25361,28327,18706,23257,5879,9817,301479,218022,44411,36228,77413,58263,14154,52,27
2021-07-13T23:59:59+02:00,1489,1324,19334,18661,29795,27443,31168,31221,37161,37700,41183,41586,27477,30670,19752,24705,6163,10378,8267,8116,16188,15613,18871,20204,27774,28985,33456,34847,25262,28206,18673,23216,5877,9812,301192,215324,44410,36193,77412,57770,14145,52,27
2021-07-12T23:59:59+02:00,1473,1314,19286,18644,29759,27414,31151,31200,37149,37683,41167,41572,27473,30666,19750,24699,6162,10378,8007,7904,15908,15336,18171,19655,27458,28663,33043,34485,25094,28009,18614,23142,5871,9807,300932,214040,44409,34260,77412,56790,14136,52,27
2021-07-11T23:59:59+02:00,1463,1306,19254,18613,29731,27383,31134,31169,37141,37662,41153,41560,27464,30657,19748,24699,6161,10377,7963,7857,15842,15266,18081,19601,27373,28600,32929,34422,25039,27964,18594,23120,5871,9804,300680,213461,44406,34249,77410,56544,14128,52,27
2021-07-10T23:59:59+02:00,1334,1190,18748,18194,29282,27083,30849,30935,36892,37502,40949,41410,27390,30597,19722,24667,6158,10374,7833,7788,15555,15128,17864,19450,27130,28459,32762,34306,24973,27918,18578,23107,5870,9804,298466,213040,44267,34127,77382,56303,13110,52,27
2021-07-09T23:59:59+02:00,1323,1184,18720,18163,29260,27066,30836,30922,36881,37490,40938,41401,27386,30593,19720,24663,6158,10373,7791,7742,15485,15061,17798,19356,26909,28229,32513,34092,24909,27855,18556,23081,5870,9801,298318,212754,44248,34124,77381,55141,13079,52,27
2021-07-08T23:59:59+02:00,1245,1102,18451,17947,29109,26914,30697,30801,36778,37387,40839,41323,27352,30559,19701,24643,6153,10367,7621,7604,15186,14813,17366,18996,26217,27625,32238,33825,24740,27698,18497,23019,5867,9793,297044,211613,44191,32702,77373,54122,12709,52,27
2021-07-07T23:59:59+02:00,1146,1010,18140,17624,28908,26729,30564,30675,36666,37266,40732,41236,27318,30510,19687,24627,6150,10364,7424,7393,14746,14447,16902,18552,25463,27013,31829,33443,24473,27373,18403,22926,5858,9784,295467,208698,44139,31867,77362,53161,12333,52,27
2021-07-06T23:59:59+02:00,1123,993,18063,17555,28862,26679,30514,30628,36630,37231,40697,41205,27301,30484,19676,24613,6148,10361,7207,7162,14401,14086,16551,18202,24711,26366,31528,33179,24282,27158,18355,22855,5851,9777,294888,206632,44135,30461,77359,52265,12330,52,27
2021-07-05T23:59:59+02:00,1081,965,17988,17492,28819,26621,30474,30593,36605,37186,40669,41179,27295,30470,19670,24607,6148,10356,6978,6976,14097,13815,16201,17839,24154,25855,30958,32612,24002,26860,18247,22715,5843,9767,294399,205139,44133,28361,77355,51133,12280,52,27
2021-07-04T23:59:59+02:00,1059,949,17916,17441,28781,26599,30451,30564,36595,37177,40654,41167,27289,30459,19665,24604,6148,10355,6953,6957,14045,13765,16124,17779,24070,25798,30803,32520,23909,26771,18215,22674,5841,9763,294080,204745,44133,28351,77344,50620,12265,52,27
2021-07-03T23:59:59+02:00,645,579,16176,15720,27616,25682,29655,29845,35952,36565,40151,40737,27130,30292,19599,24516,6139,10338,6565,6715,13533,13467,15726,17477,23707,25520,30498,32324,23812,26675,18182,22634,5837,9759,286561,204450,44094,28275,77260,50329,9371,52,27
2021-07-02T23:59:59+02:00,606,540,16046,15574,27458,25534,29576,29785,35921,36537,40132,40724,27124,30283,19596,24513,6139,10338,6518,6641,13459,13370,15639,17345,23563,25338,30344,32159,23620,26464,18093,22556,5835,9756,285658,203767,44094,28116,77258,49446,9365,52,27
2021-07-01T23:59:59+02:00,548,492,15867,15420,27246,25379,29497,29706,35866,36486,40068,40678,27103,30264,19585,24500,6137,10334,6375,6510,13112,13097,15108,16906,22294,24348,29584,31475,23339,26176,17974,22421,5828,9740,284468,200228,44089,26440,77245,48291,9323,52,25
2021-06-30T23:59:59+02:00,518,472,15762,15313,27134,25293,29429,29634,35809,36434,40026,40643,27088,30233,19574,24483,6133,10334,6179,6328,12680,12710,14539,16358,21669,23749,28991,30944,22921,25710,17843,22238,5821,9728,283641,195965,44086,26415,77239,46725,9295,52,25
2021-06-29T23:59:59+02:00,462,422,15006,14644,26867,25069,29332,29535,35729,36353,39957,40595,27069,30208,19566,24470,6133,10332,6066,6202,12421,12449,14144,15962,20878,23124,28405,30390,22473,25186,17690,22064,5813,9718,281136,192815,44083,25904,77230,45007,9249,52,25
2021-06-28T23:59:59+02:00,426,391,14378,14000,26709,24964,29260,29469,35669,36288,39914,40561,27051,30188,19558,24459,6133,10328,5999,6105,12242,12309,13957,15786,20254,22573,28005,30015,22137,24829,17561,21901,5808,9713,279195,191132,44080,25241,77225,43615,9195,52,25
2021-06-27T23:59:59+02:00,349,324,14033,13628,26646,24906,29222,29433,35647,36266,39895,40547,27040,30181,19555,24455,6132,10327,5962,6062,12126,12192,13811,15657,19700,22095,27396,29513,21860,24490,17440,21777,5804,9712,278084,190293,44076,23715,77214,42417,9161,52,25
2021-06-26T23:59:59+02:00,348,323,14022,13616,26631,24895,29216,29426,35640,36265,39892,40546,27039,30180,19555,24455,6132,10327,5957,6059,12116,12190,13805,15654,19687,22083,27351,29478,21713,24360,17400,21721,5803,9710,278010,190269,44073,23711,77214,41936,9160,52,25
2021-06-25T23:59:59+02:00,224,210,12762,12398,25163,23744,28917,29193,35534,36180,39824,40484,27015,30153,19544,24443,6130,10325,5914,6012,12019,12108,13661,15533,19376,21844,26965,29119,21391,23966,17223,21524,5800,9701,271776,189041,44069,23427,77193,40523,9154,52,25
2021-06-24T23:59:59+02:00,159,156,11788,11567,24048,22864,28554,28840,35383,36013,39707,40378,26976,30103,19533,24419,6128,10321,5696,5780,11563,11693,13080,14941,17838,20444,25312,27523,20619,23107,16905,21117,5790,9691,266531,184050,44047,19804,77188,38113,9120,52,25
2021-06-23T23:59:59+02:00,123,130,11424,11246,23551,22492,28305,28597,35206,35885,39617,40289,26945,30076,19524,24381,6126,10309,5622,5668,11351,11478,12780,14591,17444,20034,24563,26753,19823,22357,16712,20863,5782,9675,263912,181697,44039,19184,77183,35562,9041,52,25
2021-06-22T23:59:59+02:00,102,117,11242,11036,23390,22352,28225,28524,35130,35823,39570,40243,26930,30051,19516,24372,6126,10308,5512,5547,11084,11219,12413,14221,16841,19433,23829,25984,19443,21932,16549,20684,5775,9659,262765,178657,44036,18313,77181,34116,9024,52,25
2021-06-21T23:59:59+02:00,90,105,10991,10853,22558,21688,27972,28295,35062,35759,39507,40200,26913,30032,19510,24362,6126,10307,5394,5447,10867,11005,12105,13898,16451,19087,23379,25516,19151,21617,16444,20564,5769,9657,260178,177196,44026,17298,77173,32939,8902,52,25
2021-06-20T23:59:59+02:00,84,104,10926,10761,22309,21474,27713,28094,34982,35682,39462,40156,26901,30016,19508,24357,6124,10304,5353,5395,10780,10904,12010,13795,16254,18903,23109,25275,19050,21510,16391,20506,5763,9653,258888,176886,44025,16234,77167,32689,8825,52,25
2021-06-19T23:59:59+02:00,83,100,10903,10738,22277,21451,27695,28081,34970,35678,39452,40152,26900,30015,19508,24355,6124,10304,5322,5363,10699,10814,11918,13675,16106,18752,22801,24913,18963,21423,16379,20493,5762,9653,258738,176781,44004,14737,77167,32676,8825,52,25
2021-06-18T23:59:59+02:00,80,98,10855,10689,21961,21127,27433,27863,34916,35641,39420,40129,26891,30006,19507,24352,6124,10302,5307,5354,10669,10783,11878,13626,16044,18689,22717,24817,18797,21241,16334,20427,5761,9648,257351,176384,44000,14736,77166,32130,8825,52,25
2021-06-17T23:59:59+02:00,71,90,10274,10259,20683,20170,26570,27127,34545,35316,39160,39937,26827,29924,19486,24315,6117,10297,5110,5214,10293,10530,11434,13225,15363,18077,21349,23498,18340,20752,16170,20255,5757,9634,251565,171083,43979,14162,77153,31320,8419,52,25
2021-06-16T23:59:59+02:00,63,78,9938,9950,19997,19537,25936,26526,34294,35112,38999,39785,26781,29871,19462,24290,6116,10293,4966,5070,9905,10197,10974,12773,14659,17387,20496,22563,17936,20305,15999,20042,5747,9622,247720,167297,43963,12892,77139,30281,8154,52,25
2021-06-15T23:59:59+02:00,48,72,9697,9708,19698,19291,25711,26328,34163,35005,38903,39704,26749,29835,19455,24275,6111,10289,4862,4955,9666,9981,10739,12513,14234,16960,19894,21985,17613,19913,15777,19810,5738,9610,245948,165204,43953,11803,77132,29270,7957,52,24
2021-06-14T23:59:59+02:00,44,67,9565,9582,19397,19031,25533,26185,34043,34925,38839,39664,26731,29815,19449,24264,6111,10286,4781,4892,9476,9843,10564,12377,13971,16742,19578,21690,17447,19755,15675,19676,5737,9606,244743,163740,43951,11801,77128,28596,7657,52,24
2021-06-13T23:59:59+02:00,43,63,9405,9454,19107,18848,25178,25931,33843,34757,38733,39597,26715,29803,19439,24256,6111,10282,4698,4823,9265,9671,10396,12201,13644,16395,19231,21359,17319,19607,15628,19611,5735,9604,243097,162874,43951,11800,77123,27154,7342,52,24
2021-06-12T23:59:59+02:00,43,63,9396,9436,19095,18835,25178,25926,33843,34753,38730,39596,26715,29803,19439,24256,6111,10282,4695,4809,9253,9609,10363,12099,13595,16242,19176,21223,17210,19481,15511,19509,5733,9602,243049,162844,43951,11798,77117,26120,7331,52,24
2021-06-11T23:59:59+02:00,38,59,9237,9255,18861,18625,24377,25253,33664,34597,38595,39483,26682,29769,19428,24232,6111,10277,4615,4699,9032,9350,10103,11800,13073,15690,18201,20325,17024,19283,15471,19465,5730,9599,240129,158814,43949,11797,77112,25531,7301,52,24
2021-06-10T23:59:59+02:00,36,55,8843,8925,18214,18129,23528,24581,33345,34315,38391,39318,26623,29714,19403,24204,6108,10270,4441,4522,8459,8855,9293,11078,11924,14584,16201,18403,16134,18317,15186,19098,5721,9577,236505,149115,43295,11764,77086,23831,7066,50,24
2021-06-09T23:59:59+02:00,19,37,8391,8424,17379,17404,22377,23538,32858,33846,38104,39097,26513,29609,19355,24145,6098,10257,4304,4405,8168,8593,9048,10824,11590,14215,15717,17854,15760,17885,14944,18813,5714,9567,232502,147279,41402,11723,77044,21912,6470,33,24
2021-06-08T23:59:59+02:00,11,25,8071,8105,16909,16993,21955,23172,32614,33651,37941,38967,26468,29569,19345,24122,6095,10252,4185,4323,7914,8342,8742,10480,11231,13868,15076,17150,15299,17361,14682,18535,5709,9549,229775,145570,41371,10606,77032,20199,6054,33,24
2021-06-07T23:59:59+02:00,8,21,7874,7875,16551,16670,21415,22716,32333,33382,37823,38850,26439,29521,19325,24093,6090,10251,4109,4243,7733,8199,8582,10334,11060,13696,14761,16822,15099,17105,14508,18342,5705,9544,228154,144483,40402,10513,77012,19193,5636,33,24
2021-06-06T23:59:59+02:00,6,18,7768,7766,16417,16523,21219,22508,32104,33157,37687,38744,26412,29496,19313,24076,6090,10245,4081,4207,7685,8079,8528,10203,10952,13549,14564,16602,14913,16925,14419,18221,5698,9538,226919,143993,40101,10501,76994,18151,5502,33,24
2021-06-05T23:59:59+02:00,6,18,7746,7752,16391,16499,21211,22505,32093,33150,37685,38743,26411,29496,19312,24075,6090,10245,4071,4167,7670,8014,8514,10071,10938,13377,14545,16497,14878,16870,14410,18211,5698,9537,226813,143911,40101,10501,76993,17551,5488,33,24
2021-06-04T23:59:59+02:00,6,16,7635,7650,16111,16260,20936,22255,31669,32775,37570,38621,26378,29456,19300,24062,6088,10243,4064,4158,7642,7991,8487,10040,10871,13304,14440,16365,14796,16777,14373,18167,5698,9535,225211,143574,39325,10171,76974,17458,5488,33,24
2021-06-03T23:59:59+02:00,4,16,7380,7421,15236,15469,19306,20865,30756,31849,37064,38160,26245,29318,19255,24010,6082,10224,4004,4119,7554,7920,8364,9943,10699,13121,13868,15792,14532,16461,14287,18059,5695,9523,218580,141347,37745,10052,76963,17186,5339,33,24
2021-06-02T23:59:59+02:00,4,16,7246,7277,14859,15044,18875,20460,30289,31393,36836,37895,26181,29254,19235,23981,6079,10222,3975,4090,7492,7834,8276,9848,10559,12990,13420,15359,14407,16278,14257,18021,5692,9518,215502,139553,37314,9958,76962,17153,5335,33,24
2021-06-01T23:59:59+02:00,4,13,6972,7033,14461,14734,18531,20143,29962,31081,36612,37662,26125,29174,19211,23952,6077,10211,3874,4006,7251,7658,8043,9655,10295,12714,13012,14934,13972,15824,14141,17866,5685,9510,212756,137416,37270,9704,76941,16345,4958,33,24
2021-05-31T23:59:59+02:00,4,13,6809,6847,14239,14500,17830,19542,29620,30738,36318,37398,26032,29076,19184,23898,6067,10199,3796,3896,7041,7411,7819,9372,9951,12331,12573,14413,13443,15209,13940,17636,5677,9495,211316,134230,35231,9383,76925,15564,4809,33,24
2021-05-30T23:59:59+02:00,4,13,6786,6831,14194,14459,17752,19483,29570,30699,36286,37372,26020,29064,19181,23891,6066,10197,3752,3824,6883,7196,7672,9136,9744,12010,12317,14058,13322,15039,13872,17553,5674,9488,211017,133492,35218,9281,76867,14017,4733,33,24
2021-05-29T23:59:59+02:00,4,13,6784,6830,14185,14453,17747,19477,29565,30695,36283,37371,26018,29061,19181,23890,6066,10197,3742,3812,6853,7163,7638,9085,9708,11963,12243,13960,13280,14970,13842,17529,5673,9483,210985,133351,35218,9280,76852,13564,4732,33,24
2021-05-28T23:59:59+02:00,4,13,6774,6817,14167,14441,17731,19455,29552,30682,36272,37351,26015,29056,19179,23886,6066,10197,3728,3789,6833,7123,7604,9030,9656,11858,12000,13690,13090,14779,13812,17488,5670,9480,210828,132057,35217,9279,76849,13545,4731,33,24
2021-05-27T23:59:59+02:00,4,13,6683,6736,13898,14221,17242,19108,28871,30138,36111,37217,25965,29019,19164,23870,6065,10191,3604,3627,6545,6871,7228,8723,9158,11300,11291,12793,12536,14208,13682,17294,5662,9468,209733,128533,33772,8951,76807,12317,4171,33,24
2021-05-26T23:59:59+02:00,4,13,6613,6629,13687,14019,16989,18797,28327,29625,35934,37040,25924,28970,19147,23841,6064,10184,3513,3485,6323,6582,6939,8297,8816,10822,10638,11993,11972,13592,13535,17078,5657,9446,208117,124915,33022,8767,76792,11147,3843,33,22
2021-05-25T23:59:59+02:00,4,13,6532,6534,13481,13799,16725,18584,27603,28977,35841,36943,25900,28939,19135,23825,6059,10183,3464,3392,6179,6412,6793,8106,8590,10531,10290,11627,11627,13114,13430,16915,5654,9438,207399,123067,31566,8629,76309,10079,3771,32,22
2021-05-24T23:59:59+02:00,4,13,6462,6438,13303,13599,16502,18304,27187,28546,35496,36542,25843,28871,19116,23801,6058,10181,3451,3371,6121,6331,6747,8022,8530,10436,10217,11529,11451,12881,13382,16823,5646,9417,206867,122439,29333,8581,76302,9587,3732,32,22
2021-05-23T23:59:59+02:00,4,13,6460,6437,13298,13591,16499,18294,27168,28536,35466,36508,25840,28864,19116,23795,6058,10181,3446,3367,6115,6321,6737,8015,8502,10405,10177,11470,11368,12780,13362,16791,5646,9416,206753,122425,29316,8168,76301,9580,3726,32,22
2021-05-22T23:59:59+02:00,4,13,6453,6433,13290,13579,16493,18289,27164,28534,35463,36502,25840,28864,19116,23795,6058,10181,3444,3367,6111,6318,6735,8011,8498,10403,10172,11467,11357,12766,13357,16787,5645,9416,206698,122385,29316,8168,76299,9556,3726,32,22
2021-05-21T23:59:59+02:00,4,13,6391,6374,13137,13473,16318,18140,26893,28356,35032,36236,25814,28826,19108,23789,6057,10177,3435,3357,6078,6297,6705,7977,8459,10354,10118,11418,10839,12054,13216,16627,5642,9411,206008,120627,29191,8165,75253,9522,3654,32,22
2021-05-20T23:59:59+02:00,3,12,6097,6172,12526,13059,15125,17218,24981,26855,34078,35468,25709,28682,19053,23707,6051,10162,3376,3311,5982,6181,6592,7820,8310,10192,9879,11110,10500,11598,13103,16443,5632,9397,201239,118621,27448,8083,72715,9178,3525,31,22
2021-05-19T23:59:59+02:00,3,12,5890,5930,12013,12599,14419,16510,24034,26038,33451,34865,25595,28590,19018,23647,6043,10150,3299,3237,5820,6012,6400,7578,8036,9912,9575,10729,10188,11183,13024,16298,5630,9389,195530,116705,27407,7887,72699,8559,3140,31,22
2021-05-18T23:59:59+02:00,3,11,5720,5819,11617,12281,13796,16008,22877,25089,32784,34258,25479,28454,18970,23594,6038,10141,3257,3206,5706,5900,6234,7418,7831,9697,9376,10489,10015,10932,12878,16074,5620,9380,190580,115544,26896,7819,72654,7853,2778,31,22
2021-05-17T23:59:59+02:00,3,10,5667,5775,11453,12175,13523,15787,22061,24451,32474,33942,25400,28394,18947,23564,6029,10132,3141,3132,5514,5715,6060,7202,7623,9469,9151,10244,9922,10807,12820,16010,5617,9375,188810,114781,26193,7811,72260,6698,2493,31,22
2021-05-16T23:59:59+02:00,3,10,5639,5755,11391,12117,13438,15707,21448,23900,31861,33413,25360,28350,18937,23549,6028,10132,3136,3110,5500,5646,6032,7142,7595,9370,9120,10160,9906,10788,12817,16007,5617,9375,188042,114670,24647,7805,71837,6347,2481,31,21
2021-05-15T23:59:59+02:00,3,10,5630,5746,11358,12108,13409,15698,21372,23829,31321,33040,25349,28345,18936,23546,6027,10131,3123,3095,5481,5604,6018,7067,7555,9255,8882,9907,9873,10757,12783,15956,5617,9374,187991,114665,24634,7667,71190,5985,2012,31,21
2021-05-14T23:59:59+02:00,3,10,5591,5721,11297,12068,13336,15634,20961,23518,30889,32693,25313,28299,18924,23529,6027,10129,3091,3055,5445,5515,5997,6932,7514,9053,8822,9712,9800,10647,12697,15827,5617,9371,187267,114495,24314,7332,70319,5239,2011,31,21
2021-05-13T23:59:59+02:00,3,10,5436,5563,10915,11773,12622,15046,18772,21772,29343,31225,25086,28056,18856,23457,6025,10126,3079,3021,5422,5476,5981,6874,7489,8982,8778,9652,9582,10403,12494,15521,5612,9360,183307,114136,20520,6505,68232,5071,1996,31,21
2021-05-12T23:59:59+02:00,2,10,5406,5536,10845,11715,12521,14958,18649,21648,28980,30860,24993,27961,18839,23428,6024,10121,3078,3017,5416,5470,5971,6861,7464,8967,8739,9598,9393,10171,12261,15197,5609,9353,182358,113852,19883,5635,68229,5066,1995,31,20
2021-05-11T23:59:59+02:00,2,10,5269,5431,10597,11462,12154,14590,18038,21008,28048,29888,24801,27771,18779,23352,6019,10107,3035,2976,5326,5315,5871,6676,7335,8724,8576,9376,9211,9973,12110,15008,5600,9335,178271,112800,18990,5527,68098,4167,1936,31,20
2021-05-10T23:59:59+02:00,2,9,5144,5356,10384,11271,11894,14334,17712,20674,27626,29479,24693,27663,18740,23305,6011,10103,2965,2922,5210,5199,5756,6572,7211,8583,8446,9269,9107,9849,12020,14879,5597,9326,176263,112268,18306,5515,67871,3182,1929,31,20
2021-05-09T23:59:59+02:00,2,9,5070,5310,10286,11155,11794,14215,17372,20388,27235,29102,24606,27576,18711,23269,6008,10100,2897,2890,5064,5157,5580,6529,7044,8554,8316,9233,9095,9839,12002,14859,5597,9326,175867,112192,17025,5505,67372,2355,1913,31,20
2021-05-08T23:59:59+02:00,2,9,5069,5309,10283,11151,11794,14215,17368,20386,27232,29100,24606,27576,18711,23269,6008,10100,2897,2889,5062,5157,5580,6529,7044,8554,8313,9233,9094,9838,12002,14859,5597,9326,175851,112189,17025,5505,67369,2351,1912,31,20
2021-05-07T23:59:59+02:00,2,9,5036,5283,10215,11099,11664,14091,16969,20113,26596,28543,24557,27525,18694,23236,6001,10070,2886,2882,5047,5149,5569,6513,7032,8543,8305,9222,9088,9830,11991,14838,5589,9298,175017,112174,17022,5499,65849,2308,1784,31,20
2021-05-06T23:59:59+02:00,1,9,4766,5122,9760,10756,11100,13573,15880,19090,24187,26250,24058,26997,18588,23134,5996,10056,2843,2836,4981,5073,5528,6422,6950,8425,8175,9070,8987,9716,11967,14787,5586,9295,169988,111632,14571,5442,62962,1777,1773,29,20
2021-05-05T23:59:59+02:00,1,9,4685,5041,9466,10527,10759,13247,15301,18488,23340,25283,23798,26670,18520,23029,5986,10038,2824,2799,4932,4988,5469,6302,6868,8261,8051,8854,8879,9584,11889,14700,5585,9287,166321,110687,13255,5436,62811,1359,1772,29,20
2021-05-04T23:59:59+02:00,1,9,4601,4950,9293,10327,10547,13006,14913,18092,22791,24717,23587,26398,18448,22948,5978,10024,2816,2765,4904,4912,5436,6181,6815,8121,7956,8699,8775,9471,11814,14641,5583,9284,164069,110186,12131,5425,62647,790,1754,29,20
2021-05-03T23:59:59+02:00,1,9,4530,4875,9103,10193,10371,12830,14632,17847,22380,24303,23448,26248,18421,22900,5978,10018,2742,2694,4820,4841,5360,6095,6720,8016,7774,8534,8689,9384,11775,14592,5580,9279,162562,109963,12130,5422,62554,680,812,29,20
2021-05-02T23:59:59+02:00,1,9,4517,4861,9027,10136,10246,12722,14306,17541,22079,24017,23398,26188,18402,22875,5977,10017,2736,2687,4761,4808,5270,6014,6584,7887,7657,8434,8643,9343,11751,14558,5578,9274,161675,109846,12127,5420,62450,663,38,29,20
2021-05-01T23:59:59+02:00,1,9,4517,4858,9025,10135,10245,12722,14302,17537,22077,24017,23397,26187,18402,22875,5977,10017,2736,2687,4761,4808,5270,6014,6583,7887,7657,8434,8643,9343,11751,14558,5578,9274,161656,109846,12127,5419,62450,663,38,29,20
2021-04-30T23:59:59+02:00,0,9,4443,4772,8786,9920,9984,12480,13819,17111,21236,23246,23272,26050,18386,22844,5974,10014,2732,2685,4750,4800,5261,5980,6572,7856,7624,8396,8639,9340,11750,14555,5576,9273,158064,109819,12126,5417,62123,531,4,29,20
2021-04-29T23:59:59+02:00,0,9,4296,4627,8308,9509,9282,11877,12814,16208,19387,21560,22563,25288,18248,22633,5968,9997,2710,2666,4710,4729,5218,5906,6511,7750,7543,8280,8530,9225,11684,14480,5569,9264,148859,109327,12111,5154,61572,272,4,28,20
2021-04-28T23:59:59+02:00,0,9,4264,4608,8237,9436,9206,11790,12694,16087,19170,21347,22474,25196,18220,22592,5966,9992,2707,2654,4685,4669,5190,5862,6481,7676,7495,8198,8513,9202,11668,14458,5567,9258,148474,109134,12021,5083,60762,46,3,28,19
2021-04-27T23:59:59+02:00,0,9,4226,4562,8100,9301,9092,11640,12547,15919,18721,20852,22243,24938,18155,22514,5963,9983,2704,2650,4683,4665,5180,5854,6468,7657,7460,8160,8454,9123,11586,14376,5563,9254,147748,108874,10947,4910,60039,38,3,28,14
2021-04-26T23:59:59+02:00,0,9,4185,4535,7993,9205,8945,11534,12374,15745,18309,20487,22109,24791,18119,22482,5962,9981,2704,2648,4679,4661,5175,5846,6455,7637,7427,8132,8406,9075,11530,14297,5559,9237,146971,108769,10812,4652,58952,33,2,28,14
2021-04-25T23:59:59+02:00,0,9,4171,4520,7956,9174,8882,11471,12239,15616,17966,20154,21909,24554,18079,22427,5958,9976,2704,2648,4678,4659,5172,5842,6450,7634,7425,8128,8350,9016,11507,14269,5559,9235,145589,108746,10801,4484,58641,32,2,28,14
2021-04-24T23:59:59+02:00,0,9,4164,4512,7940,9169,8867,11461,12191,15586,17908,20116,21894,24541,18077,22422,5958,9976,2703,2648,4678,4659,5172,5842,6450,7634,7425,8128,8350,9015,11507,14269,5559,9235,145492,108746,10800,4484,58469,31,2,28,13
2021-04-23T23:59:59+02:00,0,9,4144,4482,7883,9106,8782,11359,11853,15260,17474,19717,21680,24308,18012,22345,5956,9968,2700,2646,4675,4656,5166,5834,6436,7625,7402,8097,8329,8988,11498,14260,5557,9232,144225,108734,10453,4324,57630,30,2,28,13
2021-04-22T23:59:59+02:00,0,9,4095,4418,7752,8917,8598,11102,11526,14842,16558,18732,21108,23598,17876,22165,5946,9950,2692,2640,4669,4634,5144,5808,6394,7591,7334,8052,8200,8831,11357,14109,5552,9223,140498,108117,10323,4078,56342,22,2,27,13
2021-04-21T23:59:59+02:00,0,9,4053,4375,7652,8796,8442,10941,11231,14561,15822,17973,20727,23151,17801,22060,5941,9937,2683,2629,4651,4613,5128,5787,6382,7573,7305,8030,8151,8769,11317,14069,5550,9221,137573,107831,10193,3995,55679,20,2,25,12
2021-04-20T23:59:59+02:00,0,9,4028,4349,7618,8743,8366,10861,11068,14387,15388,17498,20263,22634,17697,21908,5933,9925,2675,2620,4641,4600,5104,5767,6354,7549,7265,7990,8057,8637,11241,13982,5546,9217,135423,107258,9928,3956,55297,19,2,25,12
2021-04-19T23:59:59+02:00,0,9,3998,4298,7555,8638,8274,10722,10910,14204,15135,17203,19784,22069,17530,21692,5923,9913,2670,2619,4637,4596,5091,5752,6335,7532,7239,7945,8004,8583,11214,13936,5544,9213,133355,106925,9575,3954,54902,19,2,23,12
2021-04-18T23:59:59+02:00,0,6,3978,4270,7497,8586,8169,10596,10652,13961,14643,16665,19352,21557,17407,21507,5919,9907,2669,2619,4637,4596,5091,5752,6333,7529,7236,7944,8000,8580,11212,13932,5543,9210,130936,106901,9504,3952,54207,18,2,23,12
2021-04-17T23:59:59+02:00,0,6,3975,4262,7477,8580,8158,10578,10611,13915,14531,16578,19232,21435,17385,21479,5918,9905,2669,2619,4636,4594,5085,5747,6319,7524,7211,7921,7954,8534,11193,13909,5541,9210,130500,106890,9495,3746,54005,18,2,23,12
2021-04-16T23:59:59+02:00,0,6,3964,4218,7405,8456,8055,10423,10417,13654,13862,15815,18665,20794,17260,21304,5907,9887,2666,2616,4631,4587,5080,5734,6302,7513,7173,7886,7643,8143,11100,13769,5534,9193,127658,106088,9434,3453,52976,18,1,23,12
2021-04-15T23:59:59+02:00,0,5,3920,4165,7292,8324,7879,10190,10082,13265,13137,14957,17855,19932,17019,20982,5892,9868,2665,2608,4619,4570,5067,5701,6270,7477,7101,7813,7084,7480,10973,13609,5530,9183,124025,104417,9274,3306,51441,16,1,23,12
2021-04-14T23:59:59+02:00,0,4,3893,4133,7226,8218,7772,10039,9905,13066,12719,14511,17327,19320,16867,20773,5886,9853,2631,2589,4601,4538,5039,5654,6235,7444,7043,7753,6441,6714,10709,13313,5526,9175,122632,102075,9037,3305,49819,14,1,23,12
2021-04-13T23:59:59+02:00,0,4,3890,4127,7188,8201,7715,10004,9797,13013,12346,14218,16637,18467,16631,20468,5882,9847,2607,2562,4582,4512,5013,5619,6176,7375,6955,7649,6230,6461,10124,12638,5517,9154,121928,99853,8815,3296,47668,14,1,23,12
2021-04-12T23:59:59+02:00,0,4,3877,4109,7134,8155,7657,9935,9689,12912,12099,14004,16194,17950,16443,20254,5877,9844,2578,2551,4515,4470,4907,5549,6058,7298,6837,7549,5483,5639,9673,12100,5477,9112,121594,96484,8779,3287,45741,14,1,22,12
2021-04-11T23:59:59+02:00,0,4,3862,4101,7092,8103,7597,9892,9598,12835,11863,13796,15625,17262,16167,19914,5872,9834,2502,2471,4386,4349,4756,5417,5896,7146,6687,7444,5181,5278,9541,11939,5477,9108,121003,94317,8351,3237,44040,13,1,22,12
2021-04-10T23:59:59+02:00,0,4,3844,4081,7053,8056,7553,9835,9537,12776,11772,13712,15407,17069,16118,19845,5871,9827,1941,1907,3575,3629,3886,4653,4892,6229,5833,6655,4909,4973,9412,11787,5470,9099,120538,85589,8351,3237,43448,13,1,22,12
2021-04-09T23:59:59+02:00,0,4,3823,4061,7014,8026,7490,9778,9385,12647,11445,13431,14223,15536,15673,19313,5858,9815,1083,1083,2216,2435,2378,3285,3106,4587,4208,5188,4220,4237,9163,11431,5445,9069,118634,69877,8349,3234,40517,13,0,22,12
2021-04-08T23:59:59+02:00,0,4,3797,4045,6954,7973,7388,9685,9197,12530,11041,13080,13087,14272,15256,18782,5835,9779,583,595,1296,1728,1476,2359,2004,3499,2831,3798,2974,2836,8344,10432,5290,8835,117375,55628,8267,3231,37041,11,0,22,12
2021-04-07T23:59:59+02:00,0,4,3749,4019,6876,7917,7296,9615,9069,12401,10732,12772,12359,13506,15037,18518,5829,9757,354,377,946,1382,1069,1973,1494,3037,1884,2794,1791,1546,7436,9285,5134,8576,116413,45829,8115,3231,34907,8,0,21,12
2021-04-06T23:59:59+02:00,0,4,3733,4007,6855,7879,7240,9548,8977,12322,10520,12555,11974,13010,14816,18225,5818,9743,347,363,936,1372,1054,1952,1466,3009,1825,2735,1712,1477,7018,8726,4981,8337,115141,44063,8016,3230,34050,7,0,19,12
2021-04-05T23:59:59+02:00,0,4,3727,4006,6844,7866,7227,9537,8958,12294,10456,12496,11863,12862,14718,18132,5816,9740,345,357,926,1368,1048,1944,1456,2988,1803,2701,1659,1424,6788,8421,4857,8151,114801,42990,7995,3229,33731,7,0,19,12
2021-04-04T23:59:59+02:00,0,4,3727,4006,6842,7860,7226,9536,8955,12294,10446,12491,11860,12858,14715,18131,5816,9740,345,356,924,1368,1047,1942,1455,2987,1801,2698,1656,1419,6781,8407,4852,8148,114796,42941,7994,3228,33698,7,0,19,12
2021-04-03T23:59:59+02:00,0,4,3727,4006,6842,7859,7225,9536,8955,12294,10445,12491,11860,12857,14713,18129,5816,9740,345,355,922,1364,1045,1941,1454,2982,1799,2698,1651,1407,6738,8325,4817,8112,114792,42711,7994,3228,33694,6,0,19,12
2021-04-02T23:59:59+02:00,0,4,3725,4004,6840,7856,7219,9530,8942,12287,10429,12475,11733,12742,14670,18069,5812,9731,343,353,920,1358,1039,1930,1439,2957,1758,2660,1557,1321,5973,7428,4377,7542,114664,40032,7989,2907,33396,6,0,19,12
2021-04-01T23:59:59+02:00,0,3,3686,3992,6806,7835,7177,9500,8890,12248,10357,12404,11385,12334,14288,17551,5805,9714,338,350,904,1343,1027,1909,1407,2912,1698,2595,1433,1225,5026,6306,3810,6701,114264,36066,6573,2902,33119,6,0,19,12
2021-03-31T23:59:59+02:00,0,3,3680,3987,6791,7815,7160,9480,8856,12215,10268,12332,11049,11927,13936,17052,5799,9691,335,346,896,1333,1016,1894,1387,2884,1649,2558,1367,1172,4437,5624,3450,6226,113680,33729,5563,2829,32779,6,0,19,12
2021-03-30T23:59:59+02:00,0,3,3662,3963,6755,7778,7102,9414,8767,12112,10106,12177,10790,11650,13715,16787,5791,9677,331,339,891,1322,1009,1888,1364,2877,1620,2532,1340,1146,4318,5502,3389,6131,112866,33353,5313,2630,32053,6,0,17,12
2021-03-29T23:59:59+02:00,0,3,3652,3941,6729,7756,7062,9361,8672,12016,9923,11969,10352,11181,13343,16318,5775,9644,326,335,887,1311,1003,1880,1355,2867,1606,2523,1318,1132,4182,5359,3291,5998,111191,32734,5005,2624,31484,5,0,17,12
2021-03-28T23:59:59+02:00,0,3,3611,3885,6613,7598,6945,9218,8546,11823,9770,11778,10144,10921,13168,16136,5771,9635,326,335,887,1309,1001,1879,1354,2867,1605,2521,1309,1129,4149,5317,3265,5972,110821,32689,4740,2522,29987,4,0,17,12
2021-03-27T23:59:59+01:00,0,3,3610,3874,6601,7534,6915,9105,8496,11654,9718,11624,10031,10797,13073,16048,5770,9635,326,334,887,1309,1001,1876,1354,2865,1601,2520,1307,1127,4123,5282,3252,5957,110812,32586,4740,2521,28919,4,0,17,12
2021-03-26T23:59:59+01:00,0,3,3604,3867,6573,7497,6887,9030,8448,11541,9627,11496,9982,10733,13025,15992,5762,9614,321,332,886,1306,997,1864,1351,2844,1581,2506,1282,1111,3939,5054,3143,5803,110752,31826,4516,2480,28396,4,0,17,12
2021-03-25T23:59:59+01:00,0,3,3581,3836,6481,7371,6795,8864,8259,11310,9317,11179,9601,10349,12719,15676,5757,9603,321,331,884,1298,994,1854,1338,2831,1558,2487,1257,1091,3701,4804,2890,5464,110374,30610,4305,2480,26005,3,0,17,12
2021-03-24T23:59:59+01:00,0,3,3524,3786,6391,7187,6672,8638,8094,11073,9090,10854,9187,9859,12300,15217,5746,9592,321,330,883,1294,989,1852,1331,2827,1542,2471,1248,1081,3634,4730,2705,5240,109858,29988,4167,2480,23171,0,0,17,12
2021-03-23T23:59:59+01:00,0,3,3506,3753,6343,7133,6595,8578,7976,10945,8842,10621,8766,9392,11849,14696,5736,9577,321,330,882,1284,984,1843,1326,2818,1538,2464,1224,1056,3542,4653,2510,4917,109043,29202,4076,2480,21175,0,0,17,12
2021-03-22T23:59:59+01:00,0,3,3498,3733,6301,7105,6560,8530,7910,10870,8694,10485,8485,9041,11547,14372,5701,9538,319,325,876,1274,976,1836,1319,2807,1528,2454,1212,1046,3513,4617,2491,4884,108376,28988,4074,2479,19906,0,0,17,12
2021-03-21T23:59:59+01:00,0,3,3496,3731,6297,7095,6543,8514,7893,10851,8638,10427,8365,8924,11478,14270,5698,9535,317,324,868,1271,969,1829,1310,2805,1523,2450,1208,1043,3504,4602,2476,4874,108291,28884,4073,2479,19377,0,0,17,12
2021-03-20T23:59:59+01:00,0,3,3488,3693,6289,7023,6527,8377,7868,10667,8594,10292,8288,8838,11440,14231,5698,9535,317,324,868,1271,969,1828,1309,2805,1523,2448,1208,1043,3504,4601,2476,4873,108258,28879,3862,2478,18714,0,0,17,12
2021-03-19T23:59:59+01:00,0,3,3475,3663,6261,6937,6503,8284,7822,10550,8481,10132,7745,8231,11252,13988,5689,9517,314,323,863,1264,952,1819,1287,2774,1473,2404,1126,975,2834,3807,2057,4293,106637,26077,3560,2478,18319,0,0,17,12
2021-03-18T23:59:59+01:00,0,3,3464,3645,6220,6897,6469,8222,7758,10463,8365,10003,6786,7130,10972,13687,5677,9492,313,323,859,1259,946,1809,1272,2766,1449,2385,1087,955,2628,3567,1901,4071,103610,25102,3399,2478,18227,0,0,17,12
2021-03-17T23:59:59+01:00,0,3,3427,3606,6150,6814,6414,8117,7667,10332,8234,9846,6100,6281,10686,13374,5660,9465,312,323,851,1253,941,1797,1258,2744,1430,2358,1050,930,2502,3436,1819,3953,100808,24469,3398,2478,17953,0,0,17,12
2021-03-16T23:59:59+01:00,0,3,3409,3576,6111,6761,6369,8043,7613,10266,8143,9744,5924,6105,9978,12566,5619,9401,305,312,837,1237,928,1788,1252,2724,1418,2350,1036,911,2287,3188,1682,3756,98541,23525,3387,2476,17686,0,0,17,12
2021-03-15T23:59:59+01:00,0,3,3372,3544,6012,6681,6239,7950,7469,10146,8015,9618,5170,5271,9531,12016,5575,9331,304,311,833,1233,926,1781,1250,2711,1409,2341,1023,899,2142,3014,1591,3661,95017,22944,3378,2475,17531,0,0,17,12
2021-03-14T23:59:59+01:00,0,3,3248,3401,5733,6336,5968,7590,7155,9731,7728,9300,4838,4880,9372,11818,5571,9317,304,310,833,1233,925,1781,1248,2710,1407,2338,1021,896,2139,3011,1588,3660,92624,22922,3323,2472,16025,0,0,17,12
2021-03-13T23:59:59+01:00,0,3,2592,2745,4799,5469,4956,6664,5963,8616,6715,8352,4524,4497,8986,11294,5479,9209,304,310,832,1231,925,1776,1246,2708,1406,2338,1021,895,2115,2974,1557,3624,81954,22780,3323,2472,15569,0,0,17,12
2021-03-12T23:59:59+01:00,0,2,1769,1929,3465,4317,3448,5333,4216,6979,5076,6842,3853,3790,7729,9746,4964,8519,300,307,830,1227,919,1770,1239,2688,1381,2321,976,868,1759,2508,1282,3263,63103,21156,3320,2472,15537,0,0,17,12
2021-03-11T23:59:59+01:00,0,2,1270,1453,2560,3577,2548,4398,3123,5889,3717,5456,2679,2514,6023,7641,4192,7342,295,298,814,1218,906,1747,1221,2659,1356,2274,940,848,1601,2274,1155,3073,45814,20197,3318,2472,15235,0,0,17,12
2021-03-10T23:59:59+01:00,0,2,1049,1236,2193,3217,2173,4008,2672,5448,2807,4489,1543,1309,4664,5920,3627,6577,285,288,796,1198,884,1711,1187,2586,1317,2208,913,829,1419,2084,1058,2897,34764,19287,3318,2363,14836,0,0,16,12
2021-03-09T23:59:59+01:00,0,2,1033,1207,2129,3077,2109,3893,2588,5315,2722,4364,1509,1278,4587,5846,3586,6518,281,281,782,1177,867,1685,1161,2545,1299,2180,899,817,1342,1958,986,2781,34351,18712,3315,2319,14081,0,0,16,12
2021-03-08T23:59:59+01:00,0,2,1012,1177,2072,2977,2070,3812,2528,5203,2667,4291,1471,1257,4438,5684,3483,6373,281,277,777,1169,865,1676,1153,2537,1291,2164,874,796,1172,1732,861,2612,33649,17912,3315,2315,13537,0,0,16,12
2021-03-07T23:59:59+01:00,0,2,1007,1158,2032,2931,2028,3771,2489,5138,2626,4254,1466,1254,4431,5676,3480,6373,281,277,777,1169,865,1676,1153,2537,1290,2164,871,796,1163,1722,853,2601,33615,17912,3309,2273,13176,0,0,16,12
2021-03-06T23:59:59+01:00,0,2,1007,1155,2021,2917,2016,3752,2473,5111,2609,4233,1453,1244,4397,5630,3466,6361,281,277,777,1169,865,1675,1153,2537,1290,2164,871,796,1163,1722,853,2600,33471,17911,3308,2272,13052,0,0,16,12
2021-03-05T23:59:59+01:00,0,2,1003,1151,2006,2897,1986,3729,2430,5059,2557,4195,1417,1217,4128,5304,3314,6140,280,274,770,1162,859,1667,1150,2528,1286,2154,857,792,1155,1713,852,2598,32728,17815,2975,2272,12816,0,0,16,12
2021-03-04T23:59:59+01:00,0,2,909,1003,1917,2772,1920,3592,2354,4905,2467,4035,1386,1195,3886,5042,3049,5788,280,272,768,1157,856,1658,1149,2514,1282,2145,825,777,1142,1703,845,2585,31471,17699,2971,2249,11764,0,0,16,12
2021-03-03T23:59:59+01:00,0,2,862,896,1850,2676,1849,3488,2285,4790,2393,3951,1373,1182,3776,4935,2825,5513,279,270,767,1146,853,1640,1143,2472,1272,2119,808,773,1134,1684,837,2578,30792,17672,2852,2093,10986,0,0,16,12
2021-03-02T23:59:59+01:00,0,2,818,819,1754,2553,1765,3364,2195,4666,2333,3873,1338,1160,3646,4800,2618,5162,279,269,766,1140,849,1637,1138,2467,1268,2109,806,771,1119,1663,826,2559,30058,17564,2662,2092,10130,0,0,16,12
2021-03-01T23:59:59+01:00,0,2,795,783,1654,2411,1694,3218,2095,4494,2253,3752,1320,1148,3595,4735,2574,5102,279,267,762,1136,846,1625,1134,2455,1263,2099,799,768,1114,1651,818,2552,29805,17466,2578,2092,9226,0,0,16,12
2021-02-28T23:59:59+01:00,0,2,789,760,1636,2345,1666,3146,2072,4395,2238,3685,1314,1142,3585,4720,2559,5091,278,266,762,1135,846,1620,1134,2453,1263,2094,795,766,1106,1638,814,2542,29696,17443,2576,2059,8857,0,0,16,12
2021-02-27T23:59:59+01:00,0,2,774,743,1615,2285,1649,3035,2053,4269,2217,3590,1311,1139,3585,4719,2559,5090,278,266,762,1135,846,1619,1134,2453,1263,2093,795,766,1096,1632,797,2528,29693,17441,2575,2012,8351,0,0,16,12
2021-02-26T23:59:59+01:00,0,2,645,664,1511,2172,1598,2877,1990,4033,2116,3354,1221,1069,2931,3922,2124,4497,278,265,761,1133,845,1618,1134,2451,1261,2090,794,762,1078,1619,787,2511,26875,17367,2575,2010,7260,0,0,16,12
2021-02-25T23:59:59+01:00,0,2,497,587,1394,2068,1531,2749,1930,3905,2016,3241,1171,1034,2701,3652,1958,4254,261,250,737,1111,803,1549,1086,2351,1188,1998,738,741,1045,1581,775,2483,25805,17276,2545,1411,6324,0,0,16,12
2021-02-24T23:59:59+01:00,0,2,468,557,1324,1958,1461,2606,1860,3755,1940,3091,1134,1005,2562,3517,1878,4132,232,237,712,1065,776,1487,1056,2290,1133,1947,711,718,998,1551,762,2453,25161,17087,2533,1031,5540,0,0,16,12
2021-02-23T23:59:59+01:00,0,2,413,517,1241,1819,1386,2461,1784,3544,1871,2969,1109,971,2355,3287,1750,3940,227,232,697,1041,764,1448,1034,2243,1107,1906,702,707,989,1537,759,2449,24226,16997,2523,835,4654,0,0,16,12
2021-02-22T23:59:59+01:00,0,2,400,483,1140,1710,1283,2364,1676,3437,1790,2898,1087,957,2211,3113,1659,3841,217,223,674,989,733,1385,1008,2149,1065,1824,658,674,919,1458,720,2390,23635,16807,2519,269,3881,0,0,16,12
2021-02-21T23:59:59+01:00,0,2,381,466,1039,1677,1133,2340,1521,3415,1685,2880,1079,955,2210,3112,1659,3841,190,217,643,981,722,1377,994,2144,1059,1822,655,671,916,1452,712,2382,23606,16673,2519,254,3254,0,0,16,12
2021-02-20T23:59:59+01:00,0,2,381,464,1038,1677,1132,2340,1520,3413,1685,2878,1079,954,2209,3112,1658,3840,189,215,640,981,719,1376,988,2141,1057,1822,655,671,916,1452,712,2381,23600,16651,2518,254,3248,0,0,16,12
2021-02-19T23:59:59+01:00,0,2,376,455,1026,1673,1122,2330,1508,3394,1652,2863,1029,925,1832,2605,1353,3447,167,205,614,977,701,1368,971,2139,1051,1820,652,670,915,1452,711,2378,21834,16527,2518,254,3224,0,0,16,12
2021-02-18T23:59:59+01:00,0,2,356,434,987,1590,1085,2244,1454,3278,1611,2771,1000,901,1655,2360,1219,3235,147,194,575,966,681,1355,937,2122,1026,1800,641,651,894,1424,697,2357,20833,16203,2518,254,2815,0,0,16,12
2021-02-17T23:59:59+01:00,0,2,333,382,903,1447,976,2046,1321,3024,1500,2551,962,871,1464,2148,1118,3054,141,187,563,935,656,1303,905,2043,980,1723,606,619,887,1397,691,2337,19751,15709,2518,254,1817,0,0,16,12
2021-02-16T23:59:59+01:00,0,2,327,343,860,1309,925,1863,1260,2803,1433,2391,951,854,1403,2051,1051,2953,135,174,549,893,641,1249,877,1979,950,1682,596,609,864,1363,677,2272,19379,15381,2517,119,867,0,0,16,12
2021-02-15T23:59:59+01:00,0,2,312,302,831,1278,908,1807,1220,2720,1395,2335,922,821,1225,1821,921,2776,127,166,528,867,624,1187,851,1906,927,1605,575,572,846,1326,668,2227,18466,14913,2516,79,600,0,0,14,12
2021-02-14T23:59:59+01:00,0,2,312,302,830,1278,907,1807,1219,2720,1395,2335,922,821,1225,1821,921,2775,126,166,527,859,620,1182,845,1900,923,1602,574,571,844,1325,666,2223,18464,14865,2516,78,598,0,0,14,12
2021-02-13T23:59:59+01:00,0,2,312,302,830,1278,907,1804,1219,2718,1395,2333,922,821,1225,1820,919,2775,126,166,527,859,620,1182,842,1897,921,1598,571,571,829,1304,654,2206,18457,14862,2513,1,598,0,0,14,12
2021-02-12T23:59:59+01:00,0,2,308,301,821,1273,903,1774,1213,2691,1367,2303,920,819,1224,1817,919,2775,126,166,525,857,619,1175,836,1885,915,1585,568,569,815,1293,648,2193,18449,14764,2513,1,454,0,0,14,12
2021-02-11T23:59:59+01:00,0,2,289,292,806,1238,897,1739,1197,2626,1345,2249,886,805,1213,1806,918,2765,124,152,507,818,597,1110,802,1785,893,1526,555,555,788,1259,633,2160,18337,14254,2512,0,210,0,0,14,12
2021-02-10T23:59:59+01:00,0,2,286,285,787,1201,884,1711,1185,2581,1330,2207,881,803,1198,1790,913,2748,120,142,440,732,551,1017,724,1659,835,1440,540,538,771,1236,620,2130,18314,13497,2407,0,58,0,0,13,0
2021-02-09T23:59:59+01:00,0,2,286,282,782,1186,872,1693,1170,2561,1316,2183,866,797,1184,1771,901,2728,104,123,383,643,498,884,644,1453,746,1248,487,459,652,1067,541,1863,18204,11797,2360,0,3,0,0,13,0
2021-02-08T23:59:59+01:00,0,2,285,281,780,1181,869,1686,1168,2557,1309,2175,860,794,1168,1748,883,2703,93,100,337,548,446,783,554,1242,638,1082,410,384,563,870,436,1533,18078,10021,2357,0,1,0,0,13,0
2021-02-07T23:59:59+01:00,0,2,284,280,779,1180,868,1686,1168,2556,1309,2172,854,792,1166,1745,882,2701,91,99,335,543,444,779,552,1233,634,1076,404,378,542,847,430,1518,18054,9907,2357,0,0,0,0,13,0
2021-02-06T23:59:59+01:00,0,2,284,279,778,1179,868,1685,1168,2556,1309,2171,853,792,1164,1739,880,2699,91,98,335,539,443,778,551,1229,632,1075,401,373,493,778,399,1472,18038,9689,2355,0,0,0,0,13,0
2021-02-05T23:59:59+01:00,0,2,284,278,778,1178,867,1684,1167,2555,1308,2166,846,786,1140,1728,873,2683,85,95,327,533,427,759,526,1194,603,1032,378,345,469,750,379,1425,17955,9328,2355,0,0,0,0,13,0
2021-02-04T23:59:59+01:00,0,2,281,270,775,1156,856,1661,1154,2527,1292,2143,823,772,1111,1698,865,2664,71,76,258,411,332,590,408,965,493,829,306,282,361,605,312,1202,17705,7501,2332,0,0,0,0,13,0
2021-02-03T23:59:59+01:00,0,2,280,265,772,1133,853,1633,1147,2476,1279,2111,803,758,1095,1677,853,2648,57,55,171,283,258,440,288,715,366,592,209,200,256,446,223,900,17601,5459,2171,0,0,0,0,13,0
2021-02-02T23:59:59+01:00,0,2,279,259,768,1124,847,1612,1139,2450,1267,2093,796,751,1087,1665,850,2639,37,34,93,141,149,254,175,446,236,374,135,130,174,271,157,578,17445,3384,2170,0,0,0,0,13,0
2021-02-01T23:59:59+01:00,0,2,277,256,763,1105,839,1592,1134,2420,1263,2058,786,737,1081,1654,845,2622,13,11,16,29,27,64,46,88,73,102,49,45,62,79,46,194,17251,944,2170,0,0,0,0,13,0
2021-01-31T23:59:59+01:00,0,2,271,254,747,1103,831,1581,1124,2409,1252,2050,780,731,1071,1636,838,2608,12,11,15,27,25,61,40,83,66,94,46,45,57,72,43,181,17214,878,2061,0,0,0,0,13,0
2021-01-30T23:59:59+01:00,0,2,271,254,747,1102,831,1581,1124,2409,1252,2050,779,731,1061,1629,821,2593,12,9,15,27,25,61,40,83,65,92,45,44,56,72,43,180,17210,869,2014,0,0,0,0,13,0
2021-01-29T23:59:59+01:00,0,2,270,254,747,1101,831,1581,1124,2409,1252,2049,778,730,1060,1627,821,2591,10,4,13,25,25,60,38,82,64,92,44,43,56,72,43,180,17202,851,2012,0,0,0,0,13,0
2021-01-28T23:59:59+01:00,0,2,266,249,736,1076,797,1525,1087,2348,1176,1991,737,716,1032,1607,805,2571,5,0,4,7,10,24,19,37,20,45,21,22,25,49,17,108,17022,413,1686,0,0,0,0,13,0
2021-01-27T23:59:59+01:00,0,2,260,242,713,1044,751,1471,1028,2267,1103,1910,702,689,1017,1584,802,2563,4,0,4,4,7,20,15,23,13,32,6,9,11,12,5,30,16573,195,1562,0,0,0,0,13,0
2021-01-26T23:59:59+01:00,0,2,236,233,698,1020,743,1423,1008,2193,1076,1845,690,675,993,1568,792,2544,4,0,2,4,6,10,13,12,6,11,3,5,7,8,2,17,16522,110,1204,0,0,0,0,13,0
2021-01-25T23:59:59+01:00,0,2,205,218,645,948,691,1301,965,2048,1018,1710,643,619,915,1471,745,2468,4,0,2,4,6,10,13,12,6,11,3,5,7,8,2,17,16295,110,304,0,0,0,0,13,0
2021-01-24T23:59:59+01:00,0,2,188,212,619,936,672,1287,947,2031,1003,1700,635,613,905,1451,736,2455,3,0,2,4,6,10,12,12,5,11,3,5,7,8,2,17,16120,107,259,0,0,0,0,13,0
2021-01-23T23:59:59+01:00,0,2,188,212,619,936,672,1287,947,2031,1003,1700,635,613,905,1451,736,2455,3,0,2,4,6,10,10,12,5,11,3,5,7,8,2,17,16120,105,259,0,0,0,0,13,0
2021-01-22T23:59:59+01:00,0,2,141,194,561,926,654,1272,913,2021,991,1689,630,612,904,1451,736,2455,3,0,1,4,6,10,10,12,5,11,3,5,7,8,2,17,15880,104,259,0,0,0,0,13,0
2021-01-21T23:59:59+01:00,0,2,137,186,546,905,634,1231,880,1968,970,1642,618,591,892,1420,729,2436,3,0,0,4,5,10,9,12,5,11,3,5,7,8,2,16,15515,100,259,0,0,0,0,13,0
2021-01-20T23:59:59+01:00,0,2,131,169,499,840,611,1153,817,1858,933,1571,597,573,875,1397,717,2405,3,0,0,4,5,10,9,12,5,11,3,5,7,8,2,16,14878,100,257,0,0,0,0,13,0
2021-01-19T23:59:59+01:00,0,2,121,151,427,753,548,1024,733,1670,833,1414,550,523,776,1242,636,2149,3,0,0,4,5,8,9,12,5,11,3,5,7,8,2,16,13349,98,190,0,0,0,0,13,0
2021-01-18T23:59:59+01:00,0,2,103,118,358,603,458,855,602,1409,707,1205,480,457,688,1079,558,1864,1,0,0,1,1,0,0,0,0,1,0,0,0,1,0,0,11452,5,81,0,0,0,0,13,0
2021-01-17T23:59:59+01:00,0,2,99,116,354,598,457,849,600,1390,700,1195,474,447,661,1048,538,1817,1,0,0,1,0,0,0,0,0,1,0,0,0,1,0,0,11252,4,80,0,0,0,0,13,0
2021-01-16T23:59:59+01:00,0,2,99,113,352,589,454,844,588,1377,689,1183,459,434,564,923,476,1718,0,0,0,1,0,0,0,0,0,0,0,0,0,0,0,0,10848,1,3,0,0,0,0,13,0
2021-01-15T23:59:59+01:00,0,2,97,111,347,587,448,839,582,1370,672,1167,443,416,556,911,466,1694,0,0,0,0,0,0,0,0,0,0,0,0,0,0,0,0,10694,0,1,0,0,0,0,13,0
2021-01-14T23:59:59+01:00,0,0,80,89,293,486,370,674,464,1117,554,987,362,334,437,745,382,1439,0,0,0,0,0,0,0,0,0,0,0,0,0,0,0,0,8800,0,0,0,0,0,0,13,0
2021-01-13T23:59:59+01:00,0,0,66,66,208,369,294,504,351,836,425,708,253,235,321,559,293,1103,0,0,0,0,0,0,0,0,0,0,0,0,0,0,0,0,6579,0,0,0,0,0,0,12,0
2021-01-12T23:59:59+01:00,0,0,44,44,128,218,182,313,211,531,283,442,160,151,208,367,202,740,0,0,0,0,0,0,0,0,0,0,0,0,0,0,0,0,4224,0,0,0,0,0,0,0,0
2021-01-11T23:59:59+01:00,0,0,14,13,44,60,42,93,59,119,95,129,64,58,89,111,57,249,0,0,0,0,0,0,0,0,0,0,0,0,0,0,0,0,1296,0,0,0,0,0,0,0,0
2021-01-10T23:59:59+01:00,0,0,13,13,31,48,35,75,50,110,82,119,57,54,82,101,54,234,0,0,0,0,0,0,0,0,0,0,0,0,0,0,0,0,1158,0,0,0,0,0,0,0,0
2021-01-09T23:59:59+01:00,0,0,13,12,28,47,35,75,49,109,80,116,56,53,81,100,52,233,0,0,0,0,0,0,0,0,0,0,0,0,0,0,0,0,1139,0,0,0,0,0,0,0,0
2021-01-08T23:59:59+01:00,0,0,9,4,28,41,33,72,46,107,79,115,53,49,75,95,48,233,0,0,0,0,0,0,0,0,0,0,0,0,0,0,0,0,1087,0,0,0,0,0,0,0,0
2021-01-07T23:59:59+01:00,0,0,6,1,10,20,16,38,27,77,34,77,32,27,51,81,33,180,0,0,0,0,0,0,0,0,0,0,0,0,0,0,0,0,710,0,0,0,0,0,0,0,0
2021-01-06T23:59:59+01:00,0,0,6,0,5,9,11,30,24,43,20,48,26,24,37,56,23,129,0,0,0,0,0,0,0,0,0,0,0,0,0,0,0,0,491,0,0,0,0,0,0,0,0
2021-01-05T23:59:59+01:00,0,0,5,0,5,8,11,30,24,43,20,48,26,24,37,55,23,129,0,0,0,0,0,0,0,0,0,0,0,0,0,0,0,0,488,0,0,0,0,0,0,0,0
2021-01-04T23:59:59+01:00,0,0,4,0,2,3,5,11,13,12,5,12,3,5,7,9,2,18,0,0,0,0,0,0,0,0,0,0,0,0,0,0,0,0,111,0,0,0,0,0,0,0,0
2021-01-03T23:59:59+01:00,0,0,3,0,2,3,5,10,12,12,5,12,3,5,7,9,2,17,0,0,0,0,0,0,0,0,0,0,0,0,0,0,0,0,107,0,0,0,0,0,0,0,0
2021-01-02T23:59:59+01:00,0,0,3,0,2,3,5,10,10,12,5,12,3,5,7,9,2,17,0,0,0,0,0,0,0,0,0,0,0,0,0,0,0,0,105,0,0,0,0,0,0,0,0
2021-01-01T23:59:59+01:00,0,0,3,0,1,3,5,10,10,12,5,12,3,5,7,8,2,17,0,0,0,0,0,0,0,0,0,0,0,0,0,0,0,0,103,0,0,0,0,0,0,0,0
2020-12-31T23:59:59+01:00,0,0,3,0,0,3,5,10,9,12,5,12,3,5,7,8,2,17,0,0,0,0,0,0,0,0,0,0,0,0,0,0,0,0,101,0,0,0,0,0,0,0,0
2020-12-30T23:59:59+01:00,0,0,3,0,0,3,5,10,9,12,5,12,3,5,7,8,2,17,0,0,0,0,0,0,0,0,0,0,0,0,0,0,0,0,101,0,0,0,0,0,0,0,0
2020-12-29T23:59:59+01:00,0,0,3,0,0,3,5,8,9,12,5,12,3,5,7,8,2,17,0,0,0,0,0,0,0,0,0,0,0,0,0,0,0,0,99,0,0,0,0,0,0,0,0
2020-12-28T23:59:59+01:00,0,0,3,0,0,3,5,8,9,12,5,12,3,5,7,8,2,17,0,0,0,0,0,0,0,0,0,0,0,0,0,0,0,0,99,0,0,0,0,0,0,0,0
2020-12-27T23:59:59+01:00,0,0,1,0,0,0,0,0,0,0,0,1,0,0,2,4,0,8,0,0,0,0,0,0,0,0,0,0,0,0,0,0,0,0,16,0,0,0,0,0,0,0,0
