Datum,<15_1_m,<15_1_w,15-24_1_m,15-24_1_w,25-34_1_m,25-34_1_w,35-44_1_m,35-44_1_w,45-54_1_m,45-54_1_w,55-64_1_m,55-64_1_w,65-74_1_m,65-74_1_w,75-84_1_m,75-84_1_w,>84_1_m,>84_1_w,<15_2_m,<15_2_w,15-24_2_m,15-24_2_w,25-34_2_m,25-34_2_w,35-44_2_m,35-44_2_w,45-54_2_m,45-54_2_w,55-64_2_m,55-64_2_w,65-74_2_m,65-74_2_w,75-84_2_m,75-84_2_w,>84_2_m,>84_2_w,bp_1,bp_2,mo_1,mo_2,az_1,az_2,ja,unb_1,unb_2
2021-12-01T23:59:59+01:00,7883,7438,30723,28780,40086,37162,38643,38159,43206,43320,45857,45626,29149,32538,20635,25904,6458,10964,4288,4017,26271,24888,35706,32592,35179,34594,40088,40018,43175,43043,28146,31261,19961,24941,6186,10345,385419,345805,46953,45008,77696,71433,22402,72,51
2021-11-30T23:59:59+01:00,7642,7179,30685,28738,40039,37101,38600,38117,43186,43291,45828,45584,29134,32523,20625,25892,6453,10954,4250,3980,26150,24773,35544,32471,35083,34499,39985,39917,43100,42972,28110,31237,19947,24928,6183,10340,384473,344608,46943,44979,77696,71433,22398,72,51
2021-11-29T23:59:59+01:00,7470,7016,30660,28714,40010,37060,38575,38077,43151,43246,45797,45552,29120,32511,20617,25878,6450,10937,4218,3951,26059,24696,35437,32375,34989,34420,39916,39851,43047,42929,28090,31220,19936,24908,6182,10334,383749,343727,46940,44952,77696,71433,22395,72,51
2021-11-28T23:59:59+01:00,7391,6955,30641,28696,39983,37034,38553,38045,43133,43222,45782,45533,29114,32490,20615,25870,6448,10932,4198,3942,25988,24650,35352,32310,34929,34380,39867,39806,43019,42901,28075,31210,19926,24894,6181,10333,383355,343141,46931,44942,77696,71433,22394,72,51
2021-11-27T23:59:59+01:00,7063,6629,30571,28640,39915,36953,38485,37982,43071,43177,45738,45484,29102,32466,20610,25860,6444,10927,4178,3924,25910,24596,35264,32248,34882,34339,39812,39756,42972,42861,28064,31193,19920,24886,6179,10332,382096,342552,46892,44908,77696,71433,22372,72,51
2021-11-26T23:59:59+01:00,6652,6303,30478,28564,39824,36852,38409,37909,43009,43120,45670,45423,29078,32434,20593,25832,6436,10920,4128,3864,25763,24474,35119,32124,34738,34234,39722,39677,42906,42797,28032,31167,19910,24867,6173,10328,380505,341307,46881,44869,77696,71433,22363,72,51
2021-11-25T23:59:59+01:00,6240,5921,30350,28445,39698,36700,38321,37813,42930,43020,45581,45340,29040,32387,20571,25811,6429,10906,4072,3799,25599,24329,34942,31954,34604,34107,39601,39557,42806,42716,28001,31123,19897,24847,6168,10325,378535,339814,46869,44808,77695,71433,22341,72,51
2021-11-24T23:59:59+01:00,6075,5722,30288,28398,39643,36634,38257,37744,42876,42967,45524,45280,29021,32362,20561,25785,6422,10890,4052,3774,25526,24279,34848,31883,34535,34050,39531,39496,42757,42652,27973,31092,19882,24831,6165,10318,377505,339044,46862,44792,77695,71433,22324,72,51
2021-11-23T23:59:59+01:00,5870,5513,30210,28317,39565,36532,38187,37655,42805,42897,45460,45223,29002,32312,20533,25762,6418,10879,4019,3745,25423,24208,34710,31763,34436,33966,39447,39430,42693,42583,27936,31063,19861,24814,6161,10312,376231,338018,46835,44753,77695,71433,22315,72,51
2021-11-22T23:59:59+01:00,5712,5342,30157,28255,39494,36466,38128,37599,42764,42847,45425,45167,28984,32286,20517,25739,6416,10865,4001,3729,25369,24167,34627,31693,34387,33930,39403,39391,42649,42555,27919,31042,19857,24806,6158,10304,375266,337446,46825,44744,77695,71433,22313,72,51
2021-11-21T23:59:59+01:00,5667,5301,30118,28221,39448,36421,38086,37569,42721,42815,45400,45142,28966,32267,20509,25725,6414,10858,3995,3725,25335,24137,34597,31660,34358,33904,39373,39367,42628,42540,27909,31030,19856,24799,6156,10303,374764,337140,46817,44740,77695,71433,22308,72,51
2021-11-20T23:59:59+01:00,5628,5273,30066,28189,39385,36373,38050,37539,42697,42782,45383,45124,28961,32259,20507,25722,6414,10858,3994,3722,25319,24123,34572,31640,34338,33884,39363,39356,42619,42530,27905,31023,19854,24797,6156,10303,374346,336979,46804,44734,77695,71433,22301,72,51
2021-11-19T23:59:59+01:00,5476,5116,29938,28063,39269,36243,37954,37443,42622,42690,45334,45058,28939,32237,20502,25714,6413,10854,3962,3697,25185,24035,34455,31559,34262,33826,39287,39308,42572,42498,27885,31006,19850,24791,6154,10303,373068,336184,46764,44693,77695,71433,22274,72,51
2021-11-18T23:59:59+01:00,5326,4956,29769,27886,39097,36022,37793,37277,42494,42567,45256,44977,28894,32185,20488,25693,6408,10840,3911,3647,25032,23910,34314,31441,34142,33720,39215,39208,42500,42432,27859,30978,19831,24775,6149,10299,371217,335000,46718,44646,77695,71433,22233,72,51
2021-11-17T23:59:59+01:00,5267,4893,29671,27822,39005,35908,37719,37192,42417,42505,45192,44908,28876,32154,20479,25674,6402,10826,3892,3629,25006,23857,34253,31384,34097,33672,39173,39173,42440,42384,27846,30954,19825,24764,6149,10295,370218,334444,46704,44637,77695,71433,22228,72,51
2021-11-16T23:59:59+01:00,5179,4823,29484,27668,38824,35718,37574,37050,42291,42393,45099,44818,28844,32114,20461,25653,6398,10814,3872,3612,24897,23781,34138,31284,34014,33596,39107,39112,42389,42336,27818,30926,19809,24737,6135,10282,368604,333572,46666,44613,77694,71433,22176,72,51
2021-11-15T23:59:59+01:00,5126,4782,29336,27572,38667,35613,37486,36951,42225,42319,45040,44767,28819,32094,20449,25638,6396,10805,3864,3606,24844,23759,34089,31239,33975,33568,39075,39089,42363,42318,27808,30914,19799,24720,6132,10277,367518,333196,46642,44593,77694,71433,22166,72,51
2021-11-14T23:59:59+01:00,5093,4750,29263,27507,38570,35514,37432,36899,42176,42261,45001,44733,28810,32078,20440,25622,6394,10799,3856,3596,24815,23741,34054,31198,33947,33545,39058,39065,42344,42300,27797,30907,19793,24711,6131,10277,366792,332910,46634,44584,77694,71433,22157,72,51
2021-11-13T23:59:59+01:00,5033,4708,29115,27403,38448,35377,37319,36822,42102,42187,44959,44695,28798,32064,20436,25620,6392,10797,3850,3591,24779,23721,34032,31178,33926,33523,39038,39047,42336,42293,27793,30905,19792,24710,6131,10276,365762,332714,46613,44582,77694,71433,22141,72,51
2021-11-12T23:59:59+01:00,4929,4618,28759,27099,38179,35124,37137,36609,41955,42035,44842,44603,28768,32042,20430,25606,6391,10797,3832,3561,24676,23639,33924,31086,33834,33446,38970,38998,42288,42261,27776,30887,19786,24705,6130,10276,363561,331967,46531,44552,77694,71433,22072,72,51
2021-11-11T23:59:59+01:00,4810,4485,28467,26829,37888,34823,36911,36387,41775,41865,44709,44489,28727,31987,20416,25586,6385,10786,3796,3517,24567,23544,33828,30969,33722,33363,38891,38918,42222,42204,27756,30864,19777,24689,6128,10274,361094,331036,46465,44503,77694,71433,22006,72,51
2021-11-10T23:59:59+01:00,4753,4424,28322,26724,37764,34678,36803,36282,41709,41787,44640,44416,28714,31967,20406,25572,6380,10775,3782,3498,24525,23503,33774,30916,33676,33327,38859,38887,42196,42174,27739,30854,19767,24679,6125,10263,359941,330591,46435,44490,77694,71432,21980,72,51
2021-11-09T23:59:59+01:00,4688,4365,28078,26519,37538,34469,36656,36145,41580,41665,44561,44345,28693,31937,20391,25551,6377,10768,3765,3477,24460,23446,33695,30841,33627,33282,38820,38845,42157,42144,27729,30828,19755,24666,6122,10255,358251,330038,46377,44454,77693,71432,21939,72,51
2021-11-08T23:59:59+01:00,4629,4315,27856,26335,37283,34267,36476,36007,41457,41552,44464,44264,28661,31902,20380,25537,6374,10765,3749,3457,24395,23395,33637,30784,33594,33238,38784,38799,42123,42105,27713,30813,19741,24654,6121,10248,356520,329514,46331,44439,77693,71432,21914,72,51
2021-11-07T23:59:59+01:00,4592,4280,27655,26181,37069,34084,36332,35861,41336,41453,44380,44205,28644,31884,20371,25528,6372,10757,3742,3449,24356,23367,33582,30746,33565,33212,38757,38773,42101,42082,27708,30801,19735,24647,6119,10245,355074,329225,46296,44424,77693,71432,21855,72,51
2021-11-06T23:59:59+01:00,4572,4264,27606,26143,37006,34044,36303,35843,41300,41437,44355,44182,28640,31882,20365,25526,6372,10755,3741,3446,24350,23363,33575,30742,33562,33208,38752,38771,42098,42081,27705,30801,19733,24645,6118,10244,354713,329189,46284,44424,77693,71432,21839,72,51
2021-11-05T23:59:59+01:00,4477,4166,27352,25949,36774,33807,36096,35684,41171,41300,44273,44112,28625,31865,20362,25514,6370,10754,3724,3425,24282,23326,33523,30692,33510,33173,38713,38733,42071,42060,27694,30795,19729,24638,6116,10242,352978,328815,46141,44376,77693,71432,21772,72,51
2021-11-04T23:59:59+01:00,4401,4115,27123,25783,36545,33594,35913,35560,41049,41183,44186,44048,28605,31850,20353,25503,6368,10751,3692,3376,24189,23212,33415,30576,33429,33090,38646,38667,42007,42003,27674,30769,19719,24625,6111,10233,351405,327929,46083,44339,77693,71432,21682,72,51
2021-11-03T23:59:59+01:00,4382,4084,27061,25727,36462,33514,35842,35522,40990,41139,44149,44019,28598,31841,20347,25497,6367,10751,3666,3346,24155,23171,33382,30533,33392,33066,38626,38640,41982,41982,27659,30751,19712,24616,6106,10228,350794,327526,46064,44331,77693,71431,21674,72,51
2021-11-02T23:59:59+01:00,4348,4043,26834,25589,36223,33341,35679,35410,40853,41040,44066,43952,28571,31824,20336,25488,6366,10747,3637,3318,24052,23088,33268,30456,33323,33016,38565,38584,41936,41948,27639,30730,19696,24605,6104,10221,349384,326850,46014,44303,77693,71430,21552,72,51
2021-11-01T23:59:59+01:00,4306,4006,26745,25526,36105,33262,35601,35362,40780,40990,44027,43932,28564,31815,20331,25486,6365,10746,3619,3281,24004,23038,33213,30421,33287,32986,38526,38559,41910,41922,27629,30723,19690,24596,6103,10219,348680,326440,45988,44286,77693,71428,21521,72,51
2021-10-31T23:59:59+01:00,4306,4006,26741,25526,36103,33262,35601,35362,40779,40990,44026,43931,28563,31815,20331,25486,6365,10746,3619,3281,24004,23038,33213,30421,33287,32986,38525,38559,41909,41922,27629,30723,19690,24596,6103,10219,348672,326439,45987,44286,77693,71428,21520,72,51
2021-10-30T23:59:59+02:00,4303,4004,26730,25521,36088,33254,35595,35358,40770,40986,44018,43931,28562,31815,20331,25485,6365,10745,3619,3281,24000,23035,33210,30421,33287,32983,38524,38558,41908,41922,27629,30723,19690,24596,6103,10219,348594,326423,45987,44286,77693,71428,21520,72,51
2021-10-29T23:59:59+02:00,4279,3985,26587,25427,35903,33133,35481,35287,40670,40918,43971,43907,28559,31805,20330,25483,6365,10745,3606,3273,23946,22998,33157,30366,33240,32948,38482,38519,41882,41903,27624,30715,19685,24589,6102,10219,347664,326031,45932,44266,77693,71427,21479,72,51
2021-10-28T23:59:59+02:00,4247,3943,26414,25298,35695,32998,35334,35185,40572,40840,43907,43866,28547,31793,20321,25475,6364,10743,3577,3237,23857,22909,33069,30272,33178,32895,38427,38470,41834,41875,27613,30700,19677,24578,6098,10211,346559,325405,45855,44226,77693,71427,21368,72,51
2021-10-27T23:59:59+02:00,4222,3918,26374,25265,35649,32953,35291,35134,40534,40810,43883,43848,28544,31786,20318,25469,6360,10741,3562,3218,23810,22869,33023,30232,33152,32868,38416,38446,41820,41855,27604,30684,19669,24571,6097,10209,346128,325042,45845,44220,77693,71426,21366,72,51
2021-10-26T23:59:59+02:00,4179,3889,26232,25149,35502,32847,35192,35055,40464,40761,43842,43826,28533,31775,20313,25463,6357,10739,3534,3205,23744,22786,32944,30162,33105,32818,38361,38407,41781,41832,27596,30674,19664,24562,6096,10207,345255,324528,45815,44188,77693,71423,21288,72,51
2021-10-25T23:59:59+02:00,4170,3881,26218,25131,35469,32824,35165,35041,40450,40754,43838,43822,28532,31774,20312,25463,6357,10739,3529,3198,23740,22780,32925,30143,33102,32812,38354,38403,41780,41829,27594,30673,19664,24559,6096,10207,345102,324463,45806,44180,77693,71422,21272,72,51
2021-10-24T23:59:59+02:00,4160,3876,26193,25100,35435,32795,35134,35017,40436,40736,43826,43813,28531,31770,20311,25461,6357,10739,3519,3189,23726,22763,32913,30134,33090,32804,38344,38394,41772,41821,27588,30670,19664,24554,6096,10206,344861,324322,45798,44180,77692,71422,21272,72,51
2021-10-23T23:59:59+02:00,4160,3876,26191,25095,35430,32794,35130,35014,40433,40734,43824,43813,28531,31770,20311,25461,6357,10739,3519,3189,23726,22762,32912,30134,33088,32804,38343,38393,41772,41821,27588,30670,19664,24554,6096,10206,344834,324316,45798,44180,77692,71422,21272,72,51
2021-10-22T23:59:59+02:00,4139,3845,26094,25023,35317,32697,35036,34952,40357,40691,43783,43786,28524,31765,20308,25454,6357,10738,3481,3160,23666,22700,32848,30078,33036,32766,38307,38362,41738,41796,27582,30663,19660,24551,6095,10205,344113,323833,45763,44157,77692,71422,21231,72,51
2021-10-21T23:59:59+02:00,4073,3798,25989,24931,35191,32582,34936,34880,40288,40635,43722,43750,28512,31751,20301,25448,6357,10736,3294,3008,23521,22546,32754,29987,32966,32698,38248,38308,41686,41756,27564,30644,19644,24534,6090,10196,343210,322671,45737,44125,77691,71422,21175,72,51
2021-10-20T23:59:59+02:00,4064,3781,25957,24901,35142,32534,34898,34847,40266,40612,43702,43736,28507,31746,20297,25443,6352,10732,3260,2980,23480,22506,32714,29954,32938,32669,38220,38278,41664,41734,27549,30632,19634,24523,6087,10192,342867,322267,45729,44111,77691,71422,21163,72,51
2021-10-19T23:59:59+02:00,4044,3753,25886,24856,35087,32487,34859,34808,40232,40584,43681,43722,28503,31740,20289,25433,6347,10729,3155,2865,23361,22396,32636,29887,32899,32626,38193,38234,41633,41710,27534,30615,19625,24516,6080,10187,342443,321476,45705,44070,77691,71421,21134,72,51
2021-10-18T23:59:59+02:00,4035,3735,25846,24829,35056,32449,34840,34794,40214,40570,43671,43708,28496,31732,20279,25426,6346,10729,3126,2847,23314,22358,32605,29843,32876,32590,38166,38213,41613,41688,27527,30608,19618,24507,6077,10183,342178,321112,45697,44053,77691,71421,21122,72,51
2021-10-17T23:59:59+02:00,4028,3723,25830,24823,35043,32436,34831,34789,40210,40566,43666,43700,28495,31728,20279,25421,6345,10727,3037,2767,23274,22331,32594,29830,32870,32580,38162,38206,41612,41678,27526,30603,19617,24505,6075,10183,342064,320804,45697,44053,77691,71421,21121,72,51
2021-10-16T23:59:59+02:00,4028,3723,25830,24823,35043,32436,34831,34789,40209,40565,43666,43700,28494,31727,20279,25420,6345,10726,3036,2765,23273,22331,32594,29830,32870,32579,38160,38205,41611,41677,27525,30603,19617,24504,6074,10181,342059,320790,45697,44053,77691,71421,21120,72,51
2021-10-15T23:59:59+02:00,4018,3714,25792,24793,35011,32409,34808,34766,40190,40553,43655,43693,28490,31724,20276,25417,6343,10722,3005,2740,23212,22259,32538,29779,32837,32531,38132,38178,41591,41660,27517,30596,19614,24500,6074,10177,341824,320330,45682,44027,77690,71421,21111,72,51
2021-10-14T23:59:59+02:00,3998,3684,25720,24733,34943,32343,34761,34729,40156,40519,43623,43678,28482,31715,20270,25413,6340,10717,2961,2683,23129,22173,32474,29683,32784,32473,38074,38135,41552,41623,27499,30581,19606,24491,6071,10176,341338,319645,45658,43980,77690,71421,21071,72,51
2021-10-13T23:59:59+02:00,3983,3661,25690,24712,34916,32312,34741,34713,40142,40497,43605,43658,28474,31709,20266,25405,6334,10710,2940,2662,23096,22134,32448,29642,32773,32438,38054,38115,41536,41611,27492,30567,19599,24484,6071,10171,341051,319322,45653,43972,77690,71421,21067,72,51
2021-10-12T23:59:59+02:00,3966,3639,25639,24660,34856,32248,34706,34682,40113,40470,43585,43645,28461,31694,20263,25396,6328,10704,2912,2628,23008,22036,32348,29552,32729,32389,37997,38077,41511,41574,27467,30554,19592,24474,6068,10161,340620,318630,45635,43934,77690,71419,21043,72,51
2021-10-11T23:59:59+02:00,3958,3627,25611,24635,34841,32225,34675,34664,40102,40457,43574,43632,28451,31685,20256,25391,6324,10699,2891,2617,22977,22002,32305,29517,32704,32359,37980,38060,41490,41557,27461,30548,19586,24467,6066,10157,340397,318315,45620,43926,77690,71419,21033,72,51
2021-10-10T23:59:59+02:00,3955,3625,25606,24628,34832,32215,34668,34650,40093,40452,43565,43624,28450,31680,20251,25387,6324,10695,2883,2611,22967,21986,32293,29500,32699,32352,37969,38049,41484,41552,27455,30544,19585,24465,6066,10157,340292,318191,45618,43923,77690,71419,21033,72,51
2021-10-09T23:59:59+02:00,3954,3622,25605,24626,34831,32211,34665,34649,40090,40448,43563,43624,28448,31679,20250,25384,6323,10695,2883,2610,22967,21986,32293,29500,32697,32351,37968,38049,41483,41551,27455,30544,19584,24465,6066,10156,340259,318182,45618,43923,77690,71419,21033,72,51
2021-10-08T23:59:59+02:00,3919,3598,25531,24566,34766,32157,34632,34619,40056,40419,43529,43598,28438,31669,20239,25369,6315,10692,2856,2574,22870,21918,32243,29444,32660,32303,37940,38005,41458,41526,27444,30526,19578,24457,6062,10155,339741,317629,45601,43908,77690,71418,21013,72,51
2021-10-07T23:59:59+02:00,3895,3554,25450,24485,34694,32084,34585,34579,40014,40377,43496,43571,28431,31659,20224,25358,6308,10682,2798,2512,22740,21775,32171,29355,32609,32224,37890,37957,41415,41485,27425,30508,19562,24443,6055,10143,339148,316751,45574,43881,77690,71417,20967,72,51
2021-10-06T23:59:59+02:00,3880,3534,25412,24441,34655,32044,34559,34549,39996,40359,43477,43553,28424,31650,20212,25340,6304,10670,2783,2495,22707,21733,32140,29318,32588,32194,37874,37932,41396,41470,27415,30498,19552,24431,6053,10139,338770,316411,45571,43878,77690,71417,20961,72,51
2021-10-05T23:59:59+02:00,3858,3515,25355,24378,34584,31971,34520,34511,39977,40322,43439,43530,28414,31638,20197,25331,6300,10654,2746,2453,22628,21613,32047,29227,32533,32131,37832,37891,41366,41441,27399,30488,19542,24421,6043,10129,338286,315709,45549,43851,77688,71415,20904,72,51
2021-10-04T23:59:59+02:00,3835,3493,25307,24333,34537,31935,34484,34478,39950,40301,43418,43509,28406,31629,20189,25315,6291,10640,2731,2443,22584,21567,32018,29178,32504,32107,37812,37874,41340,41425,27388,30472,19533,24412,6039,10119,337871,315360,45538,43837,77688,71412,20886,72,51
2021-10-03T23:59:59+02:00,3826,3490,25292,24323,34527,31928,34476,34471,39944,40291,43412,43505,28401,31627,20186,25306,6290,10633,2726,2437,22571,21556,32010,29168,32490,32098,37805,37866,41332,41421,27386,30467,19529,24406,6034,10113,337753,315234,45537,43835,77688,71412,20883,72,51
2021-10-02T23:59:59+02:00,3826,3490,25292,24323,34526,31928,34476,34471,39943,40291,43412,43505,28401,31627,20186,25306,6290,10633,2725,2437,22571,21556,32010,29168,32490,32098,37805,37866,41332,41421,27386,30467,19529,24406,6034,10113,337751,315233,45537,43835,77688,71412,20883,72,51
2021-10-01T23:59:59+02:00,3807,3472,25243,24258,34460,31859,34414,34430,39907,40267,43382,43487,28397,31620,20184,25304,6288,10630,2682,2395,22472,21468,31959,29097,32439,32056,37768,37818,41307,41404,27379,30462,19525,24401,6033,10111,337312,314672,45510,43809,77686,71410,20834,72,51
2021-09-30T23:59:59+02:00,3774,3430,25139,24136,34344,31771,34330,34365,39831,40205,43324,43435,28380,31599,20173,25295,6285,10620,2620,2342,22350,21351,31878,28993,32379,31986,37718,37770,41267,41378,27351,30450,19522,24388,6031,10106,336465,313880,45468,43784,77681,71410,20755,72,51
2021-09-29T23:59:59+02:00,3756,3410,25111,24088,34313,31743,34304,34339,39811,40184,43303,43417,28371,31591,20168,25289,6279,10613,2613,2328,22322,21321,31855,28973,32359,31962,37701,37752,41250,41366,27346,30439,19517,24379,6030,10102,336136,313632,45464,43780,77681,71410,20742,72,51
2021-09-28T23:59:59+02:00,3727,3378,25024,24016,34232,31674,34254,34289,39762,40144,43267,43386,28355,31572,20160,25277,6275,10604,2592,2302,22227,21247,31789,28899,32314,31916,37667,37709,41225,41341,27325,30424,19515,24370,6027,10100,335568,313129,45430,43750,77681,71409,20650,72,51
2021-09-27T23:59:59+02:00,3704,3355,24981,23988,34195,31634,34231,34259,39741,40110,43246,43365,28347,31562,20153,25272,6271,10598,2573,2288,22191,21215,31757,28858,32286,31896,37645,37691,41205,41328,27316,30419,19512,24366,6026,10096,335231,312860,45420,43734,77680,71409,20614,72,51
2021-09-26T23:59:59+02:00,3552,3251,24923,23953,34185,31626,34224,34256,39735,40104,43240,43359,28346,31560,20151,25271,6270,10597,2561,2281,22175,21196,31752,28851,32282,31892,37637,37684,41199,41322,27313,30415,19509,24364,6025,10095,334827,312752,45420,43733,77680,71408,20609,72,51
2021-09-25T23:59:59+02:00,3551,3251,24922,23953,34185,31626,34224,34256,39733,40103,43239,43359,28346,31559,20151,25271,6270,10597,2561,2280,22173,21193,31752,28851,32280,31891,37634,37682,41199,41322,27313,30414,19509,24364,6025,10095,334821,312737,45420,43733,77679,71408,20609,72,51
2021-09-24T23:59:59+02:00,3527,3219,24840,23877,34071,31547,34156,34194,39677,40056,43205,43333,28332,31548,20148,25265,6269,10595,2525,2249,22088,21105,31659,28787,32235,31854,37579,37643,41179,41300,27301,30403,19506,24361,6024,10095,334294,312284,45387,43719,77678,71407,20433,72,50
2021-09-23T23:59:59+02:00,3356,3067,24701,23729,33981,31457,34079,34134,39619,40004,43147,43289,28314,31534,20140,25253,6266,10593,2474,2204,21973,21002,31589,28710,32182,31798,37543,37607,41144,41266,27287,30383,19499,24345,6023,10092,333253,311659,45359,43701,77678,71405,20306,72,50
2021-09-22T23:59:59+02:00,3333,3042,24665,23674,33948,31423,34055,34095,39590,39988,43124,43264,28304,31525,20136,25242,6266,10588,2459,2192,21943,20971,31551,28672,32164,31769,37520,37591,41121,41255,27278,30377,19496,24341,6023,10091,332900,311394,45350,43697,77676,71404,20269,72,50
2021-09-21T23:59:59+02:00,3205,2908,24467,23515,33802,31324,33991,34010,39521,39940,43103,43222,28285,31505,20127,25236,6258,10581,2394,2161,21805,20833,31440,28568,32085,31692,37465,37543,41089,41221,27267,30365,19488,24326,6020,10085,331839,310617,45310,43669,77676,71403,20108,72,50
2021-09-20T23:59:59+02:00,3181,2886,24421,23468,33754,31283,33961,33977,39490,39909,43079,43197,28280,31495,20123,25230,6258,10577,2386,2149,21767,20791,31393,28520,32063,31656,37435,37524,41076,41211,27256,30358,19480,24320,6018,10078,331471,310308,45295,43662,77676,71401,20060,72,50
2021-09-19T23:59:59+02:00,3177,2884,24411,23462,33745,31275,33953,33970,39485,39894,43070,43196,28279,31494,20123,25228,6258,10577,2382,2145,21760,20784,31387,28512,32059,31655,37428,37516,41068,41210,27256,30358,19479,24319,6018,10078,331394,310252,45295,43661,77675,71401,20050,72,50
2021-09-18T23:59:59+02:00,3177,2884,24411,23462,33745,31275,33953,33970,39485,39894,43070,43196,28279,31494,20123,25228,6258,10577,2382,2145,21760,20784,31387,28510,32057,31655,37428,37516,41068,41210,27256,30358,19479,24318,6018,10078,331394,310247,45295,43661,77675,71401,20050,72,50
2021-09-17T23:59:59+02:00,3150,2846,24306,23347,33640,31174,33876,33901,39417,39840,43035,43169,28265,31486,20121,25221,6256,10575,2335,2102,21681,20705,31314,28447,31994,31608,37389,37482,41049,41196,27248,30343,19477,24311,6018,10077,330741,309796,45253,43640,77674,71401,19889,72,50
2021-09-16T23:59:59+02:00,3099,2798,24193,23212,33542,31066,33807,33795,39370,39779,42981,43120,28239,31465,20105,25210,6253,10567,2294,2060,21575,20606,31230,28371,31927,31542,37366,37426,41015,41157,27237,30323,19470,24303,6016,10076,329909,309184,45215,43630,77674,71395,19735,72,50
2021-09-15T23:59:59+02:00,3076,2785,24152,23165,33511,31022,33792,33764,39340,39750,42963,43102,28229,31454,20099,25205,6252,10565,2281,2045,21539,20565,31199,28329,31901,31519,37334,37392,40991,41130,27223,30314,19463,24295,6016,10072,329578,308831,45202,43629,77673,71393,19705,72,50
2021-09-14T23:59:59+02:00,3036,2753,24043,23023,33367,30883,33708,33680,39283,39697,42912,43052,28210,31438,20090,25197,6248,10560,2262,2020,21453,20484,31108,28240,31836,31457,37285,37349,40947,41104,27212,30294,19454,24287,6014,10069,328767,308306,45165,43622,77672,71389,19508,72,50
2021-09-13T23:59:59+02:00,3018,2733,23992,22970,33320,30824,33675,33630,39259,39667,42881,43028,28204,31424,20085,25195,6246,10556,2247,2004,21401,20436,31063,28189,31806,31425,37263,37329,40933,41082,27206,30288,19450,24283,6013,10068,328383,308006,45149,43609,77672,71386,19435,72,50
2021-09-12T23:59:59+02:00,3014,2726,23988,22962,33314,30819,33666,33623,39254,39664,42878,43025,28202,31422,20084,25194,6246,10555,2244,2001,21385,20427,31053,28171,31786,31416,37255,37321,40927,41075,27201,30287,19447,24280,6013,10066,328315,307879,45149,43609,77671,71384,19433,72,50
2021-09-11T23:59:59+02:00,3012,2725,23986,22960,33312,30818,33664,33622,39254,39662,42877,43025,28199,31420,20084,25194,6246,10555,2243,1999,21381,20426,31051,28167,31786,31416,37255,37319,40926,41074,27199,30287,19447,24280,6013,10066,328295,307862,45149,43607,77671,71384,19432,72,50
2021-09-10T23:59:59+02:00,2970,2683,23854,22831,33182,30701,33562,33545,39180,39578,42829,42984,28183,31403,20079,25186,6245,10553,2206,1961,21266,20321,30938,28074,31698,31361,37191,37277,40880,41041,27191,30277,19441,24269,6011,10065,327550,307317,45129,43588,77671,71383,19130,72,50
2021-09-09T23:59:59+02:00,2921,2644,23675,22684,33071,30571,33463,33443,39109,39504,42789,42936,28156,31386,20070,25180,6243,10551,2152,1904,21145,20192,30846,27976,31622,31265,37129,37221,40833,40993,27168,30262,19432,24260,6007,10062,326652,306567,45105,43569,77669,71380,18903,71,50
2021-09-08T23:59:59+02:00,2900,2613,23634,22634,33039,30532,33447,33415,39089,39483,42774,42921,28150,31377,20067,25175,6242,10551,2141,1892,21111,20161,30816,27960,31607,31240,37111,37198,40820,40980,27162,30257,19427,24255,6006,10061,326337,306340,45099,43565,77667,71379,18873,71,48
2021-09-07T23:59:59+02:00,2847,2558,23486,22490,32920,30423,33373,33330,39034,39419,42730,42887,28132,31359,20063,25170,6241,10548,2086,1851,20976,20027,30700,27874,31533,31174,37064,37146,40783,40951,27145,30232,19420,24244,6005,10059,325585,305690,45074,43542,77667,71374,18616,71,48
2021-09-06T23:59:59+02:00,2824,2543,23454,22446,32888,30389,33352,33310,39012,39406,42714,42872,28129,31355,20061,25168,6240,10545,2062,1833,20934,19983,30669,27847,31513,31147,37045,37125,40769,40939,27137,30224,19418,24235,6002,10057,325316,305385,45058,43534,77666,71372,18600,71,48
2021-09-05T23:59:59+02:00,2813,2540,23449,22441,32886,30383,33350,33305,39009,39403,42710,42866,28127,31351,20059,25167,6239,10544,2058,1830,20923,19976,30658,27841,31510,31143,37042,37123,40765,40936,27132,30222,19416,24231,6001,10057,325252,305311,45057,43534,77666,71372,18599,71,48
2021-09-04T23:59:59+02:00,2813,2540,23446,22440,32885,30383,33350,33304,39009,39402,42709,42865,28127,31351,20059,25167,6239,10544,2056,1827,20921,19976,30658,27841,31509,31142,37042,37123,40764,40936,27132,30222,19416,24231,6001,10057,325246,305304,45057,43534,77666,71372,18596,71,48
2021-09-03T23:59:59+02:00,2790,2506,23368,22362,32811,30311,33309,33261,38965,39373,42679,42852,28119,31338,20058,25165,6237,10543,2040,1810,20872,19917,30608,27802,31476,31107,37014,37096,40733,40924,27124,30214,19414,24229,6000,10057,324744,304958,45029,43525,77664,71364,18542,71,48
2021-09-02T23:59:59+02:00,2759,2474,23262,22265,32752,30221,33251,33207,38927,39339,42640,42820,28099,31326,20054,25151,6235,10540,2018,1791,20798,19857,30548,27740,31438,31076,36974,37059,40699,40896,27114,30202,19411,24218,6000,10057,324141,304531,44999,43507,77663,71359,18451,71,48
2021-09-01T23:59:59+02:00,2736,2459,23238,22228,32722,30189,33229,33181,38901,39318,42626,42804,28090,31319,20049,25149,6235,10540,2001,1776,20757,19815,30515,27711,31411,31055,36955,37042,40681,40880,27103,30193,19410,24212,6000,10057,323884,304256,44988,43501,77662,71358,18411,71,48
2021-08-31T23:59:59+02:00,2691,2416,23115,22122,32640,30089,33173,33125,38857,39277,42600,42780,28079,31313,20043,25145,6234,10536,1977,1756,20670,19720,30443,27651,31362,31015,36916,37010,40652,40855,27094,30181,19404,24207,6000,10055,323306,303841,44958,43487,77661,71350,18242,71,48
2021-08-30T23:59:59+02:00,2669,2392,23063,22079,32599,30046,33147,33088,38828,39256,42581,42762,28074,31306,20036,25136,6233,10532,1929,1715,20547,19616,30345,27555,31301,30963,36883,36982,40631,40821,27078,30166,19403,24198,6000,10053,322962,303122,44943,43478,77661,71345,18193,71,48
2021-08-29T23:59:59+02:00,2638,2362,22976,22013,32536,29989,33103,33057,38782,39220,42551,42741,28065,31299,20033,25131,6233,10531,1903,1690,20444,19547,30277,27506,31266,30929,36842,36951,40606,40803,27065,30155,19402,24193,6000,10053,322505,302693,44927,43455,77659,71335,18101,71,48
2021-08-28T23:59:59+02:00,2632,2360,22976,22013,32532,29989,33102,33057,38779,39219,42550,42741,28064,31299,20033,25131,6233,10531,1903,1688,20443,19546,30271,27506,31266,30926,36839,36949,40606,40803,27065,30155,19402,24193,6000,10053,322492,302682,44927,43454,77659,71335,18095,71,48
2021-08-27T23:59:59+02:00,2632,2360,22971,22010,32525,29988,33100,33054,38777,39217,42547,42741,28063,31298,20033,25131,6232,10531,1902,1687,20437,19545,30263,27505,31264,30924,36836,36947,40604,40803,27065,30155,19402,24192,6000,10053,322473,302666,44927,43454,77659,71333,18083,71,48
2021-08-26T23:59:59+02:00,2549,2276,22783,21802,32389,29846,32980,32946,38689,39129,42481,42672,28039,31265,20020,25113,6231,10525,1817,1606,20168,19275,30122,27337,31122,30799,36728,36853,40519,40730,27023,30114,19383,24168,5994,10051,321247,301159,44907,43430,77658,71317,17855,71,48
2021-08-25T23:59:59+02:00,2543,2268,22763,21777,32377,29825,32967,32931,38677,39113,42470,42666,28034,31262,20013,25107,6228,10523,1806,1597,20120,19232,30086,27306,31101,30761,36703,36821,40500,40714,27010,30102,19379,24160,5993,10050,321058,300795,44907,43430,77658,71315,17853,71,48
2021-08-24T23:59:59+02:00,2525,2257,22724,21735,32351,29780,32948,32899,38667,39093,42451,42652,28028,31251,20008,25099,6227,10522,1796,1588,20082,19190,30053,27265,31080,30726,36689,36800,40480,40696,27004,30092,19375,24157,5993,10046,320771,300506,44897,43425,77658,71310,17823,71,48
2021-08-23T23:59:59+02:00,2505,2225,22654,21662,32280,29723,32912,32867,38628,39062,42421,42639,28013,31242,20005,25088,6227,10520,1752,1544,19957,19067,29935,27186,31015,30678,36639,36757,40438,40667,26992,30077,19369,24147,5993,10040,320327,299766,44886,43401,77656,71302,17736,71,48
2021-08-22T23:59:59+02:00,2496,2216,22618,21630,32260,29705,32896,32859,38611,39046,42416,42630,28008,31237,20000,25088,6227,10519,1742,1531,19917,19029,29899,27152,30984,30642,36618,36741,40420,40645,26984,30073,19366,24144,5993,10038,320155,299475,44880,43398,77655,71293,17704,71,48
2021-08-21T23:59:59+02:00,2477,2203,22565,21582,32221,29668,32873,32835,38598,39023,42399,42620,28001,31229,19998,25085,6227,10518,1712,1507,19816,18930,29828,27093,30950,30598,36583,36699,40396,40624,26973,30065,19361,24140,5991,10038,319916,298967,44866,43383,77653,71287,17619,71,48
2021-08-20T23:59:59+02:00,2439,2161,22478,21474,32144,29585,32811,32787,38547,38983,42357,42592,27994,31215,19994,25070,6226,10514,1665,1470,19642,18804,29701,26990,30874,30539,36520,36653,40350,40587,26958,30046,19352,24131,5990,10034,319331,298151,44842,43358,77650,71269,17480,71,48
2021-08-19T23:59:59+02:00,2349,2093,22317,21336,32007,29460,32720,32703,38443,38903,42287,42537,27968,31182,19987,25058,6221,10505,1609,1420,19383,18597,29488,26840,30753,30431,36399,36557,40248,40502,26930,30016,19341,24115,5986,10029,318391,296879,44821,43328,77650,71243,17146,71,48
2021-08-18T23:59:59+02:00,2339,2084,22291,21315,31985,29439,32698,32680,38415,38885,42274,42523,27953,31172,19981,25053,6221,10503,1586,1402,19329,18537,29448,26806,30727,30400,36370,36536,40224,40471,26913,30005,19336,24103,5981,10025,318133,296445,44821,43326,77650,71241,17139,71,48
2021-08-17T23:59:59+02:00,2322,2068,22266,21287,31969,29411,32673,32656,38401,38874,42249,42505,27947,31159,19975,25048,6221,10503,1573,1391,19286,18487,29416,26767,30684,30374,36345,36505,40198,40450,26896,29993,19333,24089,5979,10021,317888,296072,44821,43323,77650,71237,17107,71,48
2021-08-16T23:59:59+02:00,2283,2051,22199,21244,31929,29366,32649,32635,38377,38852,42217,42488,27938,31151,19973,25037,6221,10502,1549,1366,19077,18343,29268,26651,30608,30285,36298,36451,40160,40408,26876,29977,19326,24070,5973,10019,317538,295067,44821,43317,77647,71235,17038,71,48
2021-08-15T23:59:59+02:00,2256,2028,22145,21187,31881,29325,32625,32602,38349,38833,42195,42474,27932,31146,19967,25030,6220,10502,1527,1350,18957,18223,29111,26522,30528,30201,36231,36400,40105,40351,26858,29953,19316,24061,5970,10018,317201,294137,44812,43300,77646,71227,16970,71,48
2021-08-14T23:59:59+02:00,2250,2025,22119,21171,31869,29309,32621,32596,38341,38828,42189,42471,27931,31145,19966,25029,6220,10501,1497,1322,18844,18129,29049,26457,30489,30154,36206,36368,40084,40336,26851,29947,19313,24060,5969,10015,317112,293591,44809,43282,77646,71223,16946,71,48
2021-08-13T23:59:59+02:00,2233,2014,22073,21133,31833,29285,32584,32567,38326,38813,42179,42461,27929,31141,19963,25026,6219,10501,1422,1257,18588,17869,28872,26295,30373,30062,36154,36300,40039,40300,26835,29934,19308,24051,5966,10011,316877,292222,44804,43266,77644,71213,16887,71,48
2021-08-12T23:59:59+02:00,2196,1976,21984,21039,31764,29205,32526,32517,38279,38768,42138,42426,27913,31122,19956,25016,6217,10501,1329,1197,18286,17557,28622,26065,30229,29932,36059,36206,39961,40232,26800,29887,19288,24028,5964,10008,316294,290475,44793,43214,77641,71166,16747,71,48
2021-08-11T23:59:59+02:00,2194,1971,21964,21023,31746,29184,32511,32501,38271,38759,42127,42410,27904,31119,19953,25012,6216,10497,1321,1184,18231,17502,28587,26020,30181,29893,36039,36167,39925,40199,26788,29860,19281,24018,5964,10006,316114,289998,44793,43211,77641,71163,16746,71,48
2021-08-10T23:59:59+02:00,2185,1950,21937,20986,31708,29161,32495,32480,38244,38732,42109,42402,27898,31111,19951,25009,6215,10493,1287,1150,17719,17047,28412,25864,30087,29805,35870,36044,39876,40157,26767,29837,19275,24003,5960,10005,315865,288304,44789,43193,77639,70913,16707,69,48
2021-08-09T23:59:59+02:00,2161,1936,21887,20933,31649,29114,32459,32451,38218,38711,42095,42377,27887,31102,19950,25000,6214,10491,1244,1110,17247,16594,28277,25756,30031,29751,35823,35999,39843,40121,26758,29823,19270,23996,5960,10003,315482,286819,44783,43174,77639,70900,16665,69,48
2021-08-08T23:59:59+02:00,2144,1918,21833,20887,31604,29077,32425,32425,38194,38702,42073,42356,27880,31098,19944,24996,6214,10488,1179,1047,16901,16255,28167,25669,29972,29677,35775,35961,39819,40095,26747,29809,19261,23986,5958,9998,315161,285572,44782,43153,77638,70892,16611,69,48
2021-08-07T23:59:59+02:00,2100,1875,21697,20805,31521,29009,32351,32365,38137,38653,42040,42327,27871,31071,19939,24987,6212,10486,1033,921,16389,15802,27860,25379,29743,29490,35598,35803,39677,39983,26692,29746,19242,23957,5955,9994,314533,282917,44749,43031,77632,70802,16466,69,48
2021-08-06T23:59:59+02:00,2090,1865,21646,20766,31478,28976,32319,32346,38111,38632,42029,42311,27866,31062,19935,24987,6212,10486,914,813,15362,14823,26713,24479,29454,29257,35351,35603,39361,39743,26649,29699,19233,23947,5954,9991,314301,277917,44745,43010,77632,69999,16373,69,47
2021-08-05T23:59:59+02:00,2052,1836,21540,20679,31422,28899,32260,32286,38051,38581,41984,42273,27849,31042,19927,24974,6210,10483,815,707,14470,14076,25687,23698,28739,28741,34819,35168,39043,39498,26582,29619,19201,23913,5951,9981,313744,273018,44722,42958,77631,68500,16185,69,47
2021-08-04T23:59:59+02:00,2032,1817,21469,20628,31378,28832,32226,32244,38014,38557,41947,42244,27836,31027,19922,24961,6208,10479,737,661,14097,13734,25282,23390,28527,28514,34676,35043,38942,39404,26543,29574,19178,23890,5946,9976,313296,270567,44715,42928,77631,68459,16113,69,47
2021-08-03T23:59:59+02:00,2023,1801,21442,20601,31359,28819,32213,32234,38004,38543,41931,42231,27827,31021,19917,24954,6207,10477,717,647,14015,13642,25204,23314,28461,28459,34630,34995,38895,39372,26527,29552,19169,23881,5944,9970,313088,269880,44711,42924,77629,68433,16110,69,47
2021-08-02T23:59:59+02:00,2013,1780,21397,20564,31313,28797,32186,32203,37977,38527,41918,42216,27818,31009,19917,24946,6206,10473,686,617,13812,13431,24500,22762,28177,28235,34482,34884,38817,39308,26500,29520,19161,23877,5944,9968,312797,267459,44708,42910,77629,68205,16060,69,47
2021-08-01T23:59:59+02:00,1993,1763,21345,20516,31264,28756,32159,32184,37958,38508,41897,42199,27812,31002,19914,24938,6206,10473,648,589,13643,13272,24198,22505,27939,28018,34392,34774,38750,39236,26484,29500,19155,23871,5944,9966,312491,265758,44702,42898,77628,68181,16000,69,47
2021-07-31T23:59:59+02:00,1968,1733,21263,20439,31195,28717,32105,32144,37923,38479,41874,42178,27809,30993,19909,24934,6206,10473,376,359,12698,12248,23682,22064,27593,27661,34080,34478,38318,38892,26414,29415,19129,23826,5939,9960,312069,260724,44690,42862,77626,67609,15890,69,47
2021-07-30T23:59:59+02:00,1943,1713,21238,20417,31163,28699,32090,32123,37917,38472,41866,42169,27804,30990,19908,24934,6205,10473,368,352,12610,12175,23362,21773,27318,27450,33860,34313,38156,38757,26390,29397,19127,23818,5939,9958,311878,259309,44689,42853,77626,67050,15864,69,47
2021-07-29T23:59:59+02:00,1874,1644,21006,20179,31019,28550,31986,32010,37825,38382,41772,42109,27776,30965,19895,24915,6198,10464,302,292,11981,11639,22234,20932,26277,26611,32874,33618,37774,38466,26307,29296,19099,23771,5933,9949,310656,253690,44661,42763,77618,65288,15567,69,47
2021-07-28T23:59:59+02:00,1854,1629,20966,20128,30999,28520,31970,31989,37803,38363,41749,42088,27765,30953,19889,24905,6198,10462,258,241,11697,11336,21825,20549,25843,26183,32707,33461,37660,38375,26270,29245,19080,23748,5932,9944,310334,250756,44661,42762,77606,65227,15562,69,47
2021-07-27T23:59:59+02:00,1844,1623,20926,20085,30974,28487,31936,31973,37781,38331,41725,42075,27758,30946,19888,24900,6198,10459,219,218,11449,11120,21623,20358,25700,26061,32599,33358,37577,38293,26245,29208,19072,23739,5929,9940,310096,249270,44661,42758,77605,65154,15480,69,46
2021-07-26T23:59:59+02:00,1818,1587,20800,19953,30866,28385,31876,31909,37726,38262,41682,42044,27732,30928,19877,24886,6192,10456,184,190,11153,10795,21119,19914,25451,25852,32436,33208,37445,38205,26209,29174,19059,23715,5928,9932,309327,246974,44630,42644,77598,64948,15357,69,46
2021-07-25T23:59:59+02:00,1812,1579,20777,19940,30856,28375,31864,31895,37720,38255,41672,42036,27728,30925,19876,24884,6192,10455,172,177,11046,10689,20967,19808,25217,25657,32194,32997,37299,38069,26190,29160,19052,23708,5927,9929,309213,245701,44621,42630,77590,64531,15350,69,46
2021-07-24T23:59:59+02:00,1792,1564,20696,19865,30811,28334,31829,31859,37691,38226,41650,42024,27721,30919,19873,24882,6192,10455,166,172,10982,10634,20893,19745,25144,25595,32142,32966,37270,38048,26184,29155,19050,23706,5927,9929,308861,245333,44610,42606,77586,64464,15259,69,46
2021-07-23T23:59:59+02:00,1737,1529,20504,19719,30650,28219,31743,31785,37624,38174,41612,41983,27710,30902,19868,24876,6191,10450,154,161,10723,10426,20534,19442,24337,24948,31654,32634,36699,37591,26140,29113,19034,23688,5926,9927,308029,242449,44601,42558,77569,63069,15009,69,46
2021-07-22T23:59:59+02:00,1673,1472,20196,19447,30408,28040,31614,31672,37495,38068,41514,41900,27683,30878,19858,24852,6187,10449,117,134,10259,10049,19788,18930,23385,24275,30946,32044,35659,36828,26028,29015,19000,23656,5924,9923,306556,238834,44566,41894,77564,60534,14652,69,46
2021-07-21T23:59:59+02:00,1658,1464,20158,19395,30380,28010,31589,31648,37475,38043,41493,41876,27674,30870,19852,24846,6182,10445,99,113,9950,9717,19325,18477,22512,23506,30612,31710,35423,36630,25946,28918,18970,23603,5916,9913,306228,236082,44556,40206,77562,60363,14644,69,45
2021-07-20T23:59:59+02:00,1651,1458,20124,19368,30348,27984,31564,31628,37459,38025,41481,41864,27659,30855,19852,24839,6182,10442,88,102,9683,9438,18992,18208,22240,23222,30434,31553,35258,36485,25900,28870,18954,23567,5915,9909,305968,233682,44554,40198,77561,60261,14632,69,45
2021-07-19T23:59:59+02:00,1640,1450,20009,19282,30263,27912,31505,31571,37440,38006,41466,41845,27654,30844,19846,24832,6181,10439,81,96,9486,9240,18681,17933,21778,22799,30180,31322,35141,36381,25866,28831,18936,23551,5915,9906,305387,232052,44548,39257,77559,60146,14623,69,45
2021-07-18T23:59:59+02:00,1629,1444,19940,19213,30135,27815,31441,31504,37380,37954,41421,41793,27633,30813,19837,24817,6177,10436,75,88,9375,9124,18510,17782,21585,22610,30011,31121,35027,36281,25834,28807,18925,23533,5915,9900,304598,230790,44548,38953,77556,60103,14612,69,45
2021-07-17T23:59:59+02:00,1628,1440,19933,19210,30135,27814,31441,31500,37375,37952,41416,41791,27632,30812,19836,24817,6177,10436,75,84,9354,9109,18479,17760,21567,22597,30001,31114,35009,36277,25831,28805,18925,23532,5915,9900,304565,230639,44548,38950,77556,60092,14608,69,45
2021-07-16T23:59:59+02:00,1575,1395,19660,18970,30015,27719,31360,31430,37322,37890,41375,41759,27614,30794,19829,24808,6176,10430,74,82,9237,8994,18097,17459,21265,22323,29612,30758,34873,36171,25808,28781,18918,23520,5914,9898,303587,229364,44525,38229,77555,59761,14386,69,44
2021-07-15T23:59:59+02:00,1517,1351,19404,18723,29841,27569,31249,31331,37239,37807,41305,41692,27571,30765,19813,24795,6172,10427,65,70,8872,8690,17190,16639,19710,21097,28690,29836,34249,35587,25639,28600,18862,23470,5908,9886,302311,223247,44485,36768,77547,58840,14161,68,44
2021-07-14T23:59:59+02:00,1503,1338,19374,18687,29814,27543,31224,31299,37227,37793,41285,41685,27563,30758,19804,24788,6171,10424,57,65,8583,8394,16640,16035,19214,20577,28126,29335,33858,35213,25527,28470,18822,23403,5903,9875,302027,219076,44484,36409,77545,58411,14157,68,44
2021-07-13T23:59:59+02:00,1492,1327,19336,18662,29797,27518,31200,31283,37212,37766,41261,41657,27554,30744,19802,24783,6170,10418,39,59,8275,8134,16240,15687,18935,20298,27862,29084,33587,34954,25428,28348,18789,23361,5901,9870,301740,216371,44483,36372,77544,57916,14148,68,44
2021-07-12T23:59:59+02:00,1476,1317,19285,18644,29761,27487,31183,31262,37200,37749,41245,41642,27549,30739,19800,24777,6169,10418,38,54,8015,7921,15958,15406,18234,19747,27547,28761,33176,34592,25257,28151,18730,23287,5895,9865,301471,215076,44482,34441,77544,56934,14139,68,44
2021-07-11T23:59:59+02:00,1466,1309,19253,18613,29734,27454,31166,31231,37192,37728,41230,41630,27540,30730,19798,24777,6168,10417,36,53,7970,7875,15893,15336,18144,19693,27463,28698,33060,34529,25202,28106,18710,23265,5895,9862,301216,214499,44479,34430,77542,56685,14132,68,44
2021-07-10T23:59:59+02:00,1337,1193,18748,18195,29285,27151,30884,30999,36945,37566,41028,41480,27468,30671,19772,24745,6165,10414,35,53,7842,7805,15607,15198,17927,19542,27218,28554,32896,34414,25136,28060,18694,23252,5894,9862,299001,214075,44345,34307,77513,56443,13120,68,44
2021-07-09T23:59:59+02:00,1326,1187,18719,18164,29264,27134,30872,30986,36934,37554,41017,41471,27464,30667,19770,24741,6165,10413,32,51,7800,7760,15535,15131,17862,19448,26995,28325,32646,34201,25070,27996,18672,23225,5894,9859,298855,213789,44326,34303,77512,55278,13088,68,44
2021-07-08T23:59:59+02:00,1248,1105,18452,17950,29110,26979,30732,30865,36831,37452,40918,41393,27429,30632,19751,24722,6160,10407,27,47,7634,7624,15236,14884,17429,19086,26304,27721,32372,33933,24902,27838,18613,23162,5891,9851,297576,212649,44269,32883,77504,54258,12720,68,44
2021-07-07T23:59:59+02:00,1149,1013,18140,17627,28910,26794,30600,30740,36719,37330,40810,41306,27394,30583,19737,24705,6157,10404,24,39,7438,7414,14794,14518,16963,18641,25551,27108,31963,33552,24633,27512,18519,23069,5882,9842,295996,209731,44218,32044,77494,53300,12343,68,44
2021-07-06T23:59:59+02:00,1126,996,18063,17559,28863,26743,30550,30692,36682,37295,40775,41275,27377,30557,19726,24691,6155,10401,17,33,7219,7184,14446,14156,16611,18293,24797,26460,31660,33288,24444,27295,18471,22997,5875,9835,295414,207658,44215,30639,77491,52401,12339,68,44
2021-07-05T23:59:59+02:00,1084,968,17987,17497,28818,26682,30509,30658,36657,37249,40747,41249,27371,30543,19720,24685,6155,10396,7,20,6990,6997,14139,13885,16254,17930,24234,25949,31085,32721,24163,26998,18363,22857,5867,9823,294924,206155,44213,28533,77486,51265,12285,68,44
2021-07-04T23:59:59+02:00,1062,952,17915,17447,28780,26659,30485,30629,36648,37240,40732,41237,27365,30532,19715,24682,6155,10395,7,20,6965,6978,14086,13832,16178,17869,24149,25892,30931,32627,24069,26908,18331,22816,5865,9819,294606,205758,44213,28523,77475,50748,12269,68,44
2021-07-03T23:59:59+02:00,648,581,16182,15729,27631,25739,29689,29909,36007,36630,40233,40809,27208,30365,19650,24594,6146,10378,7,20,6578,6738,13583,13535,15781,17566,23790,25617,30625,32434,23971,26812,18299,22776,5861,9815,287090,205458,44174,28446,77393,50456,9404,68,44
2021-07-02T23:59:59+02:00,609,542,16051,15584,27473,25590,29607,29850,35976,36601,40215,40796,27202,30356,19647,24591,6146,10378,7,20,6532,6665,13509,13439,15694,17435,23646,25431,30471,32269,23778,26601,18210,22698,5859,9812,286184,204776,44174,28287,77392,49572,9397,68,44
2021-07-01T23:59:59+02:00,551,494,15871,15431,27260,25436,29530,29771,35921,36549,40150,40750,27181,30338,19636,24578,6144,10374,7,19,6386,6531,13158,13165,15164,16992,22374,24439,29709,31584,23497,26311,18091,22562,5852,9796,284996,201220,44170,26609,77379,48413,9353,68,42
2021-06-30T23:59:59+02:00,521,474,15766,15323,27150,25348,29462,29697,35864,36496,40107,40715,27166,30307,19625,24561,6140,10374,6,17,6191,6350,12723,12776,14594,16443,21748,23839,29114,31052,23079,25844,17960,22378,5845,9784,284166,196948,44167,26584,77372,46845,9324,68,42
2021-06-29T23:59:59+02:00,465,422,15019,14654,26887,25128,29363,29597,35784,36413,40039,40666,27147,30282,19616,24548,6140,10372,6,15,6078,6222,12462,12512,14198,16047,20957,23213,28530,30499,22632,25319,17806,22203,5837,9774,281673,193793,44163,26075,77363,45124,9276,68,42
2021-06-28T23:59:59+02:00,429,391,14393,14017,26724,25024,29290,29531,35724,36346,39996,40631,27129,30262,19608,24537,6140,10368,5,15,6012,6125,12286,12373,14011,15870,20331,22661,28128,30123,22295,24962,17677,22040,5832,9769,279734,192110,44160,25412,77358,43730,9221,68,42
2021-06-27T23:59:59+02:00,352,324,14047,13647,26661,24966,29251,29493,35701,36324,39978,40616,27118,30255,19605,24533,6139,10367,5,15,5973,6081,12170,12257,13865,15740,19775,22183,27517,29622,22017,24623,17556,21916,5828,9768,278622,191269,44154,23882,77348,42532,9186,68,42
2021-06-26T23:59:59+02:00,351,323,14036,13634,26645,24955,29246,29486,35694,36323,39975,40615,27117,30254,19605,24533,6139,10367,5,15,5968,6079,12160,12255,13859,15737,19762,22171,27472,29587,21870,24493,17516,21858,5827,9766,278547,191247,44151,23878,77348,42048,9185,68,42
2021-06-25T23:59:59+02:00,227,210,12778,12417,25191,23804,28948,29253,35587,36238,39907,40553,27093,30226,19594,24521,6137,10365,5,15,5924,6034,12061,12174,13716,15616,19452,21931,27085,29228,21546,24097,17336,21661,5824,9757,272329,190018,44146,23593,77328,40630,9179,68,42
2021-06-24T23:59:59+02:00,162,156,11803,11585,24072,22922,28583,28902,35437,36072,39792,40448,27054,30177,19583,24497,6135,10361,5,14,5707,5806,11603,11758,13135,15019,17912,20530,25429,27630,20771,23237,17017,21254,5814,9747,267081,185026,44125,19964,77324,38212,9144,68,42
2021-06-23T23:59:59+02:00,126,130,11438,11263,23578,22548,28334,28658,35262,35945,39703,40360,27023,30150,19574,24459,6133,10349,5,14,5631,5694,11389,11543,12834,14670,17518,20120,24677,26859,19976,22485,16823,21001,5806,9731,264466,182668,44115,19345,77319,35655,9066,68,42
2021-06-22T23:59:59+02:00,105,118,11258,11053,23418,22409,28254,28584,35188,35885,39656,40315,27008,30126,19566,24450,6133,10348,4,12,5522,5574,11119,11279,12468,14298,16914,19517,23944,26089,19597,22059,16660,20822,5799,9715,263330,179623,44111,18465,77317,34213,9049,68,42
2021-06-21T23:59:59+02:00,93,106,11007,10869,22586,21741,28001,28355,35120,35824,39592,40272,26991,30108,19560,24441,6133,10347,4,11,5404,5474,10898,11058,12161,13975,16521,19171,23492,25619,19304,21739,16555,20701,5793,9713,260741,178146,44102,17447,77311,33033,8925,68,42
2021-06-20T23:59:59+02:00,87,105,10941,10778,22334,21526,27743,28155,35041,35746,39547,40227,26980,30092,19558,24436,6131,10344,4,10,5363,5423,10812,10952,12063,13872,16325,18985,23221,25378,19202,21632,16502,20643,5787,9709,259450,177830,44100,16383,77306,32781,8847,68,42
2021-06-19T23:59:59+02:00,86,101,10918,10755,22302,21503,27725,28142,35029,35741,39538,40223,26979,30091,19558,24434,6131,10344,4,10,5331,5392,10729,10858,11970,13749,16177,18834,22912,25015,19114,21545,16489,20630,5786,9709,259300,177718,44079,14879,77306,32768,8847,68,42
2021-06-18T23:59:59+02:00,83,99,10870,10704,21992,21177,27468,27923,34974,35704,39504,40200,26970,30082,19557,24431,6131,10342,4,10,5315,5383,10700,10827,11930,13701,16114,18771,22826,24918,18947,21363,16444,20565,5785,9704,257917,177321,44075,14878,77305,32220,8846,68,42
2021-06-17T23:59:59+02:00,74,91,10293,10275,20716,20215,26607,27185,34601,35377,39244,40009,26906,30000,19536,24394,6124,10337,4,10,5119,5243,10319,10574,11483,13300,15435,18158,21456,23595,18488,20870,16279,20392,5781,9690,252128,172005,44055,14302,77292,31406,8441,68,42
2021-06-16T23:59:59+02:00,66,79,9960,9964,20032,19584,25972,26584,34348,35173,39082,39860,26861,29947,19512,24369,6123,10333,3,8,4977,5095,9930,10238,11023,12847,14728,17468,20604,22654,18081,20423,16109,20178,5771,9678,248288,168201,44039,13033,77278,30364,8176,68,41
2021-06-15T23:59:59+02:00,51,73,9715,9720,19734,19337,25745,26386,34215,35064,38986,39779,26829,29911,19505,24354,6118,10329,3,8,4871,4979,9693,10023,10788,12587,14303,17040,20002,22075,17753,20028,15886,19946,5762,9666,246506,166097,44028,11941,77269,29355,7980,68,40
2021-06-14T23:59:59+02:00,47,68,9583,9593,19440,19076,25566,26242,34096,34983,38923,39739,26810,29891,19499,24343,6118,10326,3,8,4790,4915,9506,9883,10610,12451,14041,16822,19683,21780,17587,19868,15782,19811,5761,9662,245303,164625,44026,11939,77265,28678,7681,68,40
2021-06-13T23:59:59+02:00,46,64,9422,9465,19151,18894,25211,25990,33899,34815,38815,39672,26794,29879,19488,24335,6118,10322,2,8,4704,4846,9297,9710,10439,12275,13719,16474,19334,21447,17458,19719,15734,19747,5759,9660,243659,163757,44025,11938,77260,27229,7368,68,40
2021-06-12T23:59:59+02:00,46,64,9413,9447,19140,18881,25211,25985,33899,34812,38812,39671,26794,29879,19488,24335,6118,10322,2,8,4701,4832,9286,9648,10406,12172,13670,16319,19279,21311,17349,19593,15617,19645,5757,9658,243612,163728,44025,11935,77255,26193,7357,68,40
2021-06-11T23:59:59+02:00,41,60,9252,9267,18905,18670,24408,25310,33721,34654,38676,39558,26760,29845,19477,24310,6118,10317,2,8,4621,4721,9065,9389,10145,11873,13147,15765,18300,20408,17165,19395,15577,19600,5754,9655,240681,159684,44023,11934,77250,25605,7327,68,40
2021-06-10T23:59:59+02:00,39,56,8859,8940,18258,18177,23565,24639,33402,34374,38473,39392,26704,29792,19453,24281,6115,10310,2,8,4446,4544,8488,8895,9334,11149,11997,14657,16290,18488,16271,18423,15291,19232,5745,9633,237077,149960,43371,11900,77224,23902,7091,66,40
2021-06-09T23:59:59+02:00,22,38,8406,8436,17429,17452,22416,23595,32915,33906,38185,39171,26597,29687,19405,24222,6105,10297,2,7,4309,4426,8198,8632,9087,10894,11658,14287,15803,17938,15895,17990,15048,18946,5738,9623,233074,148113,41480,11859,77184,21975,6495,51,39
2021-06-08T23:59:59+02:00,13,26,8089,8117,16959,17039,21995,23228,32669,33710,38023,39042,26553,29646,19395,24200,6102,10292,0,7,4191,4346,7945,8379,8780,10549,11295,13940,15159,17232,15431,17466,14786,18667,5733,9605,230349,146396,41447,10742,77175,20258,6076,51,39
2021-06-07T23:59:59+02:00,10,22,7891,7886,16599,16717,21455,22767,32387,33441,37906,38924,26524,29598,19376,24170,6097,10291,0,7,4114,4266,7762,8236,8620,10403,11122,13769,14842,16903,15229,17208,14611,18473,5729,9600,228719,145304,40476,10649,77157,19244,5658,51,39
2021-06-06T23:59:59+02:00,8,19,7783,7778,16465,16571,21260,22561,32160,33214,37770,38819,26497,29573,19363,24153,6097,10285,0,7,4085,4229,7714,8116,8565,10272,11013,13622,14644,16682,15043,17028,14522,18352,5722,9594,227485,144812,40177,10635,77139,18200,5524,51,39
2021-06-05T23:59:59+02:00,8,19,7761,7765,16439,16546,21252,22557,32149,33207,37768,38818,26496,29573,19362,24152,6097,10285,0,7,4074,4188,7699,8050,8551,10139,10998,13450,14625,16576,15008,16973,14513,18342,5722,9593,227378,144724,40177,10635,77138,17600,5510,51,39
2021-06-04T23:59:59+02:00,8,17,7650,7663,16160,16309,20978,22308,31727,32832,37653,38695,26463,29534,19351,24139,6095,10283,0,7,4067,4178,7670,8026,8523,10108,10931,13377,14520,16441,14926,16880,14476,18298,5722,9591,225782,144383,39404,10304,77120,17507,5508,51,39
2021-06-03T23:59:59+02:00,6,17,7397,7431,15282,15516,19343,20920,30813,31906,37147,38231,26330,29399,19306,24087,6089,10265,0,7,4008,4139,7581,7954,8399,10010,10758,13194,13948,15868,14659,16563,14389,18190,5719,9578,219153,142153,37816,10183,77109,17233,5356,51,39
2021-06-02T23:59:59+02:00,6,17,7263,7287,14905,15091,18911,20515,30346,31449,36919,37968,26267,29334,19286,24058,6086,10263,0,7,3980,4109,7519,7869,8310,9914,10616,13063,13500,15434,14534,16380,14359,18152,5716,9573,216075,140356,37385,10089,77108,17199,5352,51,39
2021-06-01T23:59:59+02:00,6,14,6987,7046,14510,14783,18567,20195,30018,31135,36694,37735,26211,29255,19262,24030,6084,10252,0,7,3879,4026,7276,7694,8073,9719,10351,12787,13091,15008,14098,15925,14242,17995,5709,9565,213332,138206,37340,9835,77087,16391,4974,51,39
2021-05-31T23:59:59+02:00,6,14,6827,6857,14285,14548,17865,19594,29675,30792,36402,37473,26117,29156,19235,23977,6074,10240,0,7,3803,3918,7064,7441,7849,9435,10006,12400,12651,14486,13567,15309,14041,17764,5700,9549,211887,135009,35305,9511,77072,15609,4822,51,39
2021-05-30T23:59:59+02:00,6,14,6804,6841,14238,14507,17789,19536,29627,30753,36372,37447,26105,29144,19232,23970,6073,10238,0,7,3759,3846,6906,7227,7701,9196,9797,12077,12394,14133,13445,15137,13974,17681,5697,9542,211591,134271,35292,9407,77016,14057,4746,51,38
2021-05-29T23:59:59+02:00,6,14,6803,6840,14228,14500,17785,19530,29622,30748,36369,37446,26103,29141,19232,23969,6073,10238,0,7,3748,3834,6875,7193,7667,9145,9761,12029,12320,14034,13402,15068,13943,17656,5696,9537,211559,134128,35292,9406,77001,13599,4744,51,38
2021-05-28T23:59:59+02:00,6,14,6793,6827,14210,14487,17769,19508,29608,30735,36358,37426,26100,29137,19230,23965,6073,10238,0,6,3734,3810,6854,7152,7632,9090,9706,11924,12075,13765,13212,14876,13913,17615,5693,9534,211405,132829,35291,9405,76998,13580,4739,51,38
2021-05-27T23:59:59+02:00,6,14,6702,6745,13939,14270,17284,19159,28928,30192,36197,37294,26052,29103,19215,23949,6072,10232,0,6,3611,3647,6565,6900,7257,8779,9207,11364,11363,12863,12654,14302,13781,17421,5685,9522,210315,129288,33847,9066,76957,12352,4183,51,38
2021-05-26T23:59:59+02:00,6,14,6632,6640,13726,14068,17029,18848,28385,29678,36021,37119,26012,29054,19198,23920,6071,10225,0,6,3520,3504,6342,6613,6968,8351,8863,10883,10710,12061,12088,13684,13634,17202,5680,9500,208705,125656,33094,8881,76940,11180,3857,50,35
2021-05-25T23:59:59+02:00,6,14,6550,6543,13516,13848,16766,18635,27661,29030,35927,37021,25988,29023,19186,23904,6066,10224,0,6,3472,3409,6199,6445,6821,8160,8636,10591,10362,11694,11741,13204,13526,17039,5677,9492,207977,123799,31640,8743,76457,10112,3785,49,35
2021-05-24T23:59:59+02:00,6,14,6481,6447,13339,13648,16541,18356,27244,28601,35581,36620,25931,28955,19167,23880,6065,10222,0,6,3459,3388,6138,6362,6774,8075,8575,10495,10290,11595,11565,12970,13477,16947,5668,9471,207448,123161,29406,8692,76450,9622,3745,49,35
2021-05-23T23:59:59+02:00,6,14,6479,6446,13333,13639,16538,18346,27225,28591,35551,36586,25928,28949,19167,23874,6065,10222,0,3,3454,3384,6132,6351,6763,8068,8546,10464,10251,11536,11480,12867,13456,16913,5668,9470,207332,123146,29390,8273,76449,9613,3739,49,35
2021-05-22T23:59:59+02:00,6,14,6472,6443,13325,13627,16532,18341,27221,28589,35548,36580,25928,28949,19167,23874,6065,10222,0,3,3452,3384,6127,6348,6761,8064,8542,10462,10246,11533,11469,12853,13451,16909,5667,9470,207278,123105,29390,8273,76447,9589,3739,49,35
2021-05-21T23:59:59+02:00,6,14,6407,6386,13171,13523,16359,18191,26953,28410,35117,36314,25902,28912,19159,23868,6064,10218,0,3,3443,3374,6093,6325,6730,8030,8501,10413,10191,11483,10949,12138,13310,16749,5664,9465,206589,121337,29265,8270,75404,9552,3667,49,35
2021-05-20T23:59:59+02:00,5,13,6114,6186,12556,13107,15166,17269,25040,26908,34163,35546,25795,28765,19104,23786,6058,10202,0,3,3384,3328,5996,6210,6614,7872,8350,10248,9948,11173,10604,11678,13196,16564,5654,9451,201810,119310,27520,8188,72867,9202,3538,48,35
2021-05-19T23:59:59+02:00,5,13,5904,5944,12042,12645,14459,16564,24091,26090,33535,34941,25679,28673,19069,23728,6050,10190,0,3,3307,3253,5838,6037,6422,7627,8074,9965,9639,10789,10288,11261,13117,16417,5652,9443,196095,117375,27478,7988,72849,8582,3153,47,34
2021-05-18T23:59:59+02:00,5,12,5733,5832,11642,12326,13838,16063,22938,25139,32867,34335,25562,28538,19021,23675,6045,10180,0,3,3265,3221,5721,5925,6256,7467,7867,9749,9438,10548,10110,11008,12969,16193,5642,9434,191142,116198,26966,7918,72805,7875,2791,47,34
2021-05-17T23:59:59+02:00,5,11,5680,5789,11480,12220,13563,15842,22119,24502,32555,34020,25484,28478,18999,23645,6036,10171,0,3,3148,3147,5533,5741,6081,7251,7659,9522,9212,10303,10016,10880,12909,16129,5639,9429,189370,115427,26265,7910,72409,6723,2508,47,34
2021-05-16T23:59:59+02:00,5,11,5651,5769,11416,12163,13477,15762,21503,23953,31942,33492,25444,28433,18989,23630,6035,10171,0,3,3142,3125,5520,5672,6052,7190,7631,9422,9181,10218,9999,10858,12906,16125,5639,9429,188601,115313,24720,7902,71984,6372,2494,47,31
2021-05-15T23:59:59+02:00,5,11,5642,5760,11383,12154,13448,15753,21428,23882,31402,33116,25433,28428,18988,23627,6034,10170,0,3,3129,3110,5499,5629,6038,7115,7587,9305,8942,9963,9966,10827,12872,16074,5639,9428,188551,115307,24706,7764,71337,6003,2023,47,29
2021-05-14T23:59:59+02:00,5,11,5602,5734,11319,12115,13374,15688,21017,23568,30968,32768,25398,28382,18976,23611,6034,10168,0,3,3096,3070,5461,5541,6016,6978,7546,9101,8880,9768,9890,10717,12786,15945,5639,9425,187822,115132,24385,7428,70463,5252,2021,47,29
2021-05-13T23:59:59+02:00,5,10,5445,5578,10938,11819,12659,15101,18829,21822,29422,31298,25170,28139,18909,23540,6032,10165,0,3,3085,3035,5439,5502,6000,6921,7520,9032,8836,9706,9671,10472,12582,15637,5634,9414,183859,114770,20595,6597,68374,5087,2006,47,29
2021-05-12T23:59:59+02:00,3,10,5415,5551,10869,11760,12558,15013,18706,21698,29058,30933,25076,28041,18892,23511,6031,10160,0,3,3084,3027,5432,5496,5990,6907,7495,9017,8796,9651,9482,10238,12348,15313,5631,9407,182904,114478,19958,5725,68371,5081,2005,47,28
2021-05-11T23:59:59+02:00,3,10,5276,5446,10617,11506,12190,14645,18093,21052,28124,29959,24884,27851,18833,23436,6026,10146,0,3,3041,2986,5343,5339,5891,6720,7363,8770,8629,9428,9300,10039,12196,15122,5622,9386,178807,113406,19058,5616,68240,4183,1945,47,28
2021-05-10T23:59:59+02:00,3,9,5151,5371,10401,11314,11930,14389,17763,20717,27700,29550,24776,27744,18795,23390,6018,10142,0,3,2971,2932,5224,5223,5777,6616,7239,8629,8500,9321,9196,9914,12106,14993,5619,9377,176796,112872,18373,5604,68010,3199,1937,47,28
2021-05-09T23:59:59+02:00,3,9,5075,5326,10305,11195,11829,14270,17420,20431,27309,29173,24688,27656,18766,23354,6015,10139,0,3,2903,2900,5078,5182,5600,6573,7071,8600,8371,9285,9183,9904,12088,14972,5619,9377,176401,112792,17090,5595,67505,2373,1921,46,28
2021-05-08T23:59:59+02:00,3,9,5073,5325,10303,11189,11829,14269,17416,20429,27306,29170,24688,27656,18765,23354,6015,10139,0,3,2902,2899,5076,5182,5600,6573,7071,8600,8368,9284,9182,9903,12087,14972,5619,9377,176382,112789,17088,5594,67502,2367,1920,46,28
2021-05-07T23:59:59+02:00,3,9,5040,5299,10235,11137,11699,14145,17014,20155,26667,28612,24639,27605,18748,23322,6009,10109,0,3,2890,2892,5061,5172,5589,6557,7059,8589,8360,9273,9176,9895,12076,14952,5612,9349,175545,112774,17085,5588,65978,2322,1793,46,28
2021-05-06T23:59:59+02:00,2,9,4770,5140,9774,10795,11132,13627,15926,19131,24251,26315,24137,27073,18643,23220,6004,10095,0,3,2847,2844,4994,5095,5548,6465,6976,8469,8230,9120,9075,9780,12052,14901,5609,9346,170504,112231,14628,5532,63085,1780,1783,44,28
2021-05-05T23:59:59+02:00,2,9,4691,5057,9480,10567,10789,13301,15344,18531,23406,25347,23877,26746,18574,23115,5994,10077,0,2,2828,2807,4946,5010,5489,6343,6893,8302,8105,8903,8967,9647,11974,14814,5608,9337,166836,111279,13311,5526,62935,1360,1782,43,28
2021-05-04T23:59:59+02:00,2,9,4605,4965,9307,10369,10578,13058,14953,18134,22856,24780,23664,26471,18500,23033,5986,10063,0,2,2820,2772,4916,4935,5457,6220,6840,8159,8009,8748,8863,9534,11899,14755,5606,9334,164571,110772,12185,5514,62770,791,1764,43,28
2021-05-03T23:59:59+02:00,2,9,4534,4889,9118,10231,10402,12882,14670,17889,22440,24366,23524,26320,18473,22986,5986,10057,0,2,2747,2701,4835,4862,5381,6134,6745,8055,7825,8583,8775,9446,11858,14703,5603,9329,163056,110542,12184,5510,62672,681,823,43,28
2021-05-02T23:59:59+02:00,2,9,4521,4874,9042,10173,10278,12772,14341,17584,22137,24078,23474,26261,18454,22961,5985,10056,0,2,2741,2694,4777,4828,5293,6051,6605,7927,7706,8480,8729,9404,11834,14669,5601,9324,162168,110422,12181,5508,62567,664,43,43,28
2021-05-01T23:59:59+02:00,2,9,4521,4871,9040,10171,10277,12771,14337,17579,22135,24078,23473,26260,18454,22961,5985,10056,0,2,2741,2694,4777,4828,5293,6051,6603,7927,7706,8480,8729,9404,11834,14669,5601,9324,162147,110421,12180,5507,62567,664,43,43,28
2021-04-30T23:59:59+02:00,1,9,4447,4784,8802,9956,10014,12529,13855,17152,21292,23303,23349,26123,18438,22929,5982,10053,0,2,2737,2692,4766,4820,5283,6017,6592,7896,7673,8440,8725,9401,11833,14665,5599,9323,158548,110391,12179,5505,62239,531,9,43,28
2021-04-29T23:59:59+02:00,1,9,4300,4639,8321,9545,9313,11926,12851,16248,19437,21615,22638,25356,18299,22718,5976,10036,0,2,2713,2672,4722,4747,5238,5942,6526,7789,7591,8324,8611,9286,11765,14588,5592,9314,149326,109883,12163,5231,61688,271,9,42,28
2021-04-28T23:59:59+02:00,1,9,4269,4619,8248,9474,9237,11838,12732,16127,19219,21401,22549,25263,18272,22677,5974,10031,0,2,2710,2660,4697,4686,5210,5898,6496,7715,7543,8241,8594,9261,11748,14565,5590,9308,148935,109689,12075,5157,60880,44,8,42,26
2021-04-27T23:59:59+02:00,1,9,4231,4574,8110,9338,9122,11687,12585,15959,18769,20905,22316,25006,18207,22599,5971,10022,0,2,2707,2655,4694,4681,5200,5890,6483,7696,7508,8203,8531,9181,11666,14483,5586,9304,148204,109426,11001,4980,60156,36,8,42,20
2021-04-26T23:59:59+02:00,1,9,4189,4547,8003,9242,8975,11581,12414,15785,18356,20539,22182,24857,18170,22567,5970,10020,0,2,2707,2653,4690,4677,5195,5882,6470,7676,7475,8174,8483,9133,11610,14404,5582,9287,147423,109321,10866,4722,59069,31,7,42,19
2021-04-25T23:59:59+02:00,1,9,4175,4532,7965,9211,8911,11518,12278,15655,18011,20204,21982,24620,18130,22512,5966,10015,0,2,2707,2653,4689,4675,5192,5878,6465,7673,7473,8170,8428,9074,11587,14376,5582,9285,146037,109298,10854,4555,58755,30,7,42,19
2021-04-24T23:59:59+02:00,1,9,4167,4523,7949,9206,8896,11506,12228,15623,17953,20165,21967,24607,18128,22507,5966,10015,0,2,2706,2653,4689,4675,5192,5878,6465,7673,7473,8170,8428,9073,11587,14376,5582,9285,145935,109298,10853,4555,58581,29,7,40,18
2021-04-23T23:59:59+02:00,1,9,4147,4493,7891,9143,8810,11404,11889,15298,17518,19766,21751,24374,18063,22430,5964,10007,0,2,2703,2651,4685,4672,5185,5870,6450,7662,7450,8139,8407,9046,11578,14367,5580,9282,144666,109282,10507,4395,57739,28,6,40,18
2021-04-22T23:59:59+02:00,1,9,4099,4429,7760,8955,8625,11143,11563,14881,16603,18778,21177,23662,17927,22250,5954,9989,0,2,2695,2644,4680,4651,5162,5843,6406,7625,7374,8090,8273,8885,11430,14215,5575,9273,140934,108662,10375,4116,56451,21,6,39,18
2021-04-21T23:59:59+02:00,1,9,4058,4385,7660,8835,8467,10981,11265,14598,15865,18021,20796,23214,17852,22145,5949,9976,0,2,2686,2632,4662,4630,5145,5822,6394,7607,7345,8066,8223,8821,11389,14175,5573,9271,138002,108371,10244,4030,55788,19,6,37,17
2021-04-20T23:59:59+02:00,1,9,4033,4360,7625,8780,8389,10900,11100,14423,15430,17544,20328,22696,17747,21992,5940,9964,0,2,2677,2621,4652,4618,5120,5802,6366,7582,7304,8026,8127,8689,11311,14088,5569,9267,135837,107790,9978,3990,55403,18,6,37,17
2021-04-19T23:59:59+02:00,1,9,4003,4312,7561,8674,8296,10761,10942,14239,15177,17249,19845,22130,17580,21775,5929,9952,0,2,2672,2619,4647,4614,5106,5787,6347,7565,7277,7981,8073,8636,11284,14041,5567,9263,133764,107454,9624,3986,55006,18,6,35,17
2021-04-18T23:59:59+02:00,1,6,3983,4283,7500,8622,8191,10634,10682,13996,14684,16711,19412,21618,17457,21590,5925,9945,0,2,2671,2618,4647,4614,5106,5787,6346,7562,7274,7980,8069,8633,11281,14037,5566,9260,131336,107429,9552,3984,54311,17,6,35,17
2021-04-17T23:59:59+02:00,1,6,3980,4275,7479,8615,8180,10615,10640,13950,14572,16623,19292,21495,17435,21562,5924,9943,0,2,2671,2618,4646,4612,5099,5782,6332,7557,7249,7957,8022,8587,11262,14014,5564,9260,130895,107416,9542,3778,54109,17,6,35,17
2021-04-16T23:59:59+02:00,1,6,3969,4231,7408,8492,8077,10460,10446,13688,13902,15861,18725,20851,17310,21387,5913,9925,0,2,2668,2615,4641,4605,5094,5769,6314,7546,7211,7922,7712,8194,11168,13873,5557,9242,128049,106610,9481,3485,53082,16,5,35,17
2021-04-15T23:59:59+02:00,1,5,3925,4179,7294,8359,7898,10224,10110,13297,13173,15000,17911,19985,17068,21062,5898,9905,0,2,2667,2606,4629,4587,5080,5736,6280,7510,7139,7848,7149,7527,11038,13710,5553,9232,124390,104928,9319,3330,51546,14,4,35,17
2021-04-14T23:59:59+02:00,1,4,3899,4148,7229,8255,7791,10071,9930,13095,12754,14552,17383,19371,16916,20852,5892,9891,0,2,2633,2587,4611,4554,5052,5689,6245,7477,7081,7788,6498,6755,10771,13410,5549,9224,122996,102565,9078,3328,49924,12,4,32,17
2021-04-13T23:59:59+02:00,1,4,3895,4142,7191,8238,7734,10036,9822,13040,12382,14259,16692,18517,16678,20548,5888,9885,0,2,2607,2558,4591,4528,5024,5654,6186,7407,6991,7684,6284,6498,10177,12720,5540,9203,122286,100304,8857,3317,47773,12,4,32,17
2021-04-12T23:59:59+02:00,1,4,3882,4124,7136,8191,7676,9965,9712,12939,12133,14042,16248,17999,16490,20334,5883,9882,0,2,2578,2547,4524,4484,4918,5583,6068,7330,6873,7584,5537,5673,9724,12181,5500,9161,121946,96926,8820,3308,45840,12,4,31,17
2021-04-11T23:59:59+02:00,1,4,3867,4116,7094,8139,7616,9921,9620,12860,11896,13833,15677,17307,16213,19992,5878,9872,0,2,2502,2469,4395,4363,4768,5450,5906,7179,6723,7479,5234,5311,9592,12019,5500,9157,121348,94760,8385,3257,44138,11,4,31,17
2021-04-10T23:59:59+02:00,1,4,3849,4096,7054,8090,7573,9864,9558,12801,11805,13748,15460,17114,16164,19922,5877,9865,0,2,1941,1906,3582,3644,3899,4684,4901,6257,5866,6686,4960,5005,9463,11867,5493,9148,120880,86015,8385,3257,43545,11,4,31,17
2021-04-09T23:59:59+02:00,1,4,3828,4076,7016,8059,7512,9806,9408,12669,11475,13465,14275,15580,15718,19390,5864,9853,0,2,1084,1089,2227,2447,2387,3315,3115,4612,4234,5217,4264,4264,9211,11503,5468,9118,118974,70272,8382,3254,40609,11,3,31,17
2021-04-08T23:59:59+02:00,1,4,3802,4060,6954,8001,7408,9710,9220,12551,11068,13113,13137,14316,15297,18857,5842,9817,0,2,587,600,1306,1741,1482,2389,2013,3521,2855,3826,3014,2858,8387,10495,5310,8882,117701,55990,8297,3250,37128,10,1,31,17
2021-04-07T23:59:59+02:00,1,4,3755,4034,6875,7942,7316,9639,9092,12422,10755,12803,12405,13545,15078,18592,5836,9795,0,2,357,384,954,1396,1075,2003,1505,3058,1903,2821,1825,1565,7477,9342,5155,8623,116732,46168,8141,3250,34986,9,1,29,17
2021-04-06T23:59:59+02:00,1,4,3739,4022,6853,7903,7260,9573,8999,12343,10543,12584,12019,13047,14854,18299,5825,9782,0,2,350,371,944,1385,1061,1981,1477,3031,1844,2762,1746,1496,7058,8781,5003,8382,115456,44400,8042,3248,34125,8,1,26,17
2021-04-05T23:59:59+02:00,1,4,3733,4021,6842,7889,7246,9562,8980,12315,10479,12524,11907,12899,14755,18206,5823,9779,0,2,348,364,934,1381,1055,1972,1467,3010,1822,2728,1692,1443,6825,8470,4878,8197,115114,43316,8020,3246,33805,8,1,25,17
2021-04-04T23:59:59+02:00,1,4,3733,4021,6840,7883,7245,9561,8977,12315,10469,12519,11903,12895,14752,18205,5823,9779,0,2,348,363,932,1380,1054,1970,1466,3009,1820,2725,1689,1438,6818,8456,4873,8194,115108,43267,8019,3244,33772,8,1,25,17
2021-04-03T23:59:59+02:00,1,4,3733,4021,6840,7882,7244,9561,8977,12314,10468,12519,11903,12894,14750,18202,5823,9779,0,2,348,362,930,1376,1052,1969,1465,3004,1818,2725,1683,1426,6775,8374,4838,8158,115103,43036,8019,3244,33767,7,1,25,17
2021-04-02T23:59:59+02:00,1,4,3731,4019,6836,7878,7237,9555,8964,12305,10452,12503,11776,12778,14706,18144,5820,9770,0,2,346,360,928,1370,1046,1957,1450,2979,1777,2686,1587,1340,6006,7472,4395,7586,114971,40343,8013,2919,33469,7,1,25,17
2021-04-01T23:59:59+02:00,1,3,3692,4007,6801,7856,7195,9523,8912,12266,10378,12432,11426,12370,14325,17623,5814,9752,0,2,341,357,911,1356,1034,1936,1418,2934,1717,2618,1461,1241,5057,6345,3825,6743,114569,36357,6592,2914,33189,7,1,25,17
2021-03-31T23:59:59+02:00,0,3,3686,4001,6787,7837,7177,9505,8877,12233,10288,12360,11091,11959,13974,17124,5808,9730,0,2,338,353,903,1345,1023,1919,1398,2906,1667,2581,1393,1188,4464,5655,3462,6265,113983,33997,5582,2840,32849,7,1,25,17
2021-03-30T23:59:59+02:00,0,3,3668,3974,6751,7798,7120,9438,8787,12130,10126,12203,10832,11682,13755,16858,5801,9716,0,2,334,346,897,1334,1015,1913,1374,2899,1639,2555,1366,1162,4344,5531,3400,6170,113167,33616,5329,2640,32122,7,1,23,17
2021-03-29T23:59:59+02:00,0,3,3658,3952,6725,7776,7080,9384,8691,12035,9943,11993,10392,11211,13381,16389,5785,9683,0,2,328,343,893,1323,1009,1904,1365,2888,1625,2546,1343,1147,4209,5387,3302,6037,111484,32994,5023,2633,31550,6,1,23,17
2021-03-28T23:59:59+02:00,0,3,3617,3895,6610,7618,6963,9240,8565,11843,9790,11801,10182,10949,13204,16207,5781,9674,0,2,328,343,893,1321,1007,1903,1363,2888,1624,2544,1334,1144,4176,5343,3276,6011,111110,32948,4758,2530,30051,5,1,22,16
2021-03-27T23:59:59+01:00,0,3,3616,3883,6598,7554,6933,9127,8515,11672,9738,11647,10069,10825,13110,16118,5780,9674,0,2,328,342,893,1321,1007,1900,1363,2886,1620,2543,1332,1142,4150,5308,3263,5996,111099,32845,4758,2529,28982,5,1,22,16
2021-03-26T23:59:59+01:00,0,3,3609,3876,6570,7517,6905,9052,8467,11559,9647,11519,10020,10762,13061,16061,5772,9653,0,2,323,340,892,1318,1003,1888,1360,2864,1600,2529,1307,1125,3963,5078,3154,5840,111040,32076,4534,2488,28456,5,1,22,16
2021-03-25T23:59:59+01:00,0,3,3585,3845,6476,7393,6813,8886,8278,11328,9337,11202,9640,10377,12755,15745,5767,9642,0,2,323,339,890,1309,1000,1877,1346,2851,1576,2510,1281,1105,3724,4828,2901,5498,110661,30851,4321,2488,26067,4,1,22,16
2021-03-24T23:59:59+01:00,0,3,3527,3793,6386,7209,6688,8660,8114,11090,9110,10876,9224,9885,12337,15287,5756,9631,0,2,323,338,889,1305,995,1875,1339,2847,1560,2494,1272,1095,3657,4754,2716,5271,110142,30226,4182,2488,23229,1,1,22,16
2021-03-23T23:59:59+01:00,0,3,3509,3760,6340,7153,6611,8601,7996,10963,8863,10642,8802,9417,11884,14765,5746,9617,0,2,323,338,888,1295,990,1866,1334,2838,1556,2485,1247,1070,3565,4677,2518,4947,109324,29434,4092,2488,21234,1,0,22,16
2021-03-22T23:59:59+01:00,0,3,3500,3740,6298,7125,6576,8553,7930,10888,8715,10506,8519,9065,11582,14441,5711,9578,0,2,321,333,882,1284,982,1859,1327,2827,1546,2475,1235,1061,3536,4641,2499,4914,108654,29219,4090,2488,19964,1,0,22,16
2021-03-21T23:59:59+01:00,0,3,3498,3738,6294,7115,6558,8537,7913,10869,8658,10448,8399,8948,11512,14338,5708,9575,0,2,319,332,874,1281,975,1852,1318,2825,1541,2471,1231,1058,3527,4626,2484,4904,108567,29115,4088,2488,19434,1,0,22,16
2021-03-20T23:59:59+01:00,0,3,3489,3700,6286,7043,6541,8399,7886,10685,8614,10312,8321,8862,11474,14299,5708,9575,0,2,319,332,874,1281,975,1851,1317,2825,1541,2469,1231,1058,3527,4625,2484,4904,108531,29111,3876,2487,18768,1,0,22,16
2021-03-19T23:59:59+01:00,0,3,3476,3670,6258,6957,6517,8305,7840,10568,8501,10151,7777,8254,11286,14055,5699,9557,0,2,316,331,869,1274,958,1841,1295,2794,1491,2424,1146,989,2855,3828,2064,4320,106904,26293,3575,2487,18373,1,0,22,16
2021-03-18T23:59:59+01:00,0,3,3465,3652,6217,6917,6481,8243,7775,10482,8385,10023,6815,7149,11004,13753,5687,9532,0,2,315,331,865,1269,952,1831,1279,2785,1467,2403,1107,969,2647,3588,1907,4096,103868,25309,3412,2487,18281,1,0,22,16
2021-03-17T23:59:59+01:00,0,3,3427,3614,6147,6830,6426,8139,7684,10351,8254,9865,6128,6298,10722,13438,5670,9505,0,2,314,331,857,1263,947,1818,1265,2763,1448,2376,1069,944,2518,3455,1824,3979,101065,24671,3410,2487,18004,1,0,22,14
2021-03-16T23:59:59+01:00,0,3,3408,3582,6109,6778,6381,8065,7629,10286,8163,9763,5951,6121,10010,12619,5629,9440,0,2,307,320,843,1246,935,1809,1259,2743,1436,2368,1054,924,2303,3208,1687,3781,98782,23725,3397,2485,17736,1,0,22,14
2021-03-15T23:59:59+01:00,0,3,3371,3549,6010,6695,6251,7971,7485,10166,8035,9636,5196,5285,9560,12067,5585,9370,0,2,306,319,839,1242,933,1801,1257,2730,1427,2359,1040,912,2158,3033,1595,3686,95246,23140,3388,2484,17579,1,0,22,14
2021-03-14T23:59:59+01:00,0,3,3247,3408,5732,6351,5979,7611,7169,9751,7749,9319,4863,4894,9399,11866,5581,9355,0,2,306,318,839,1242,932,1801,1254,2729,1425,2356,1037,909,2155,3030,1592,3685,92850,23116,3333,2481,16072,1,0,22,14
2021-03-13T23:59:59+01:00,0,3,2592,2754,4798,5485,4970,6684,5981,8637,6733,8370,4546,4511,9012,11341,5490,9248,0,2,306,317,838,1240,932,1795,1252,2727,1424,2356,1037,908,2131,2993,1561,3649,82187,22972,3333,2481,15613,1,0,22,14
2021-03-12T23:59:59+01:00,0,2,1770,1947,3465,4333,3461,5356,4233,6997,5092,6859,3870,3804,7754,9789,4976,8558,0,2,302,313,836,1236,925,1788,1245,2707,1400,2339,991,881,1774,2527,1287,3286,63333,21343,3330,2481,15581,1,0,22,14
2021-03-11T23:59:59+01:00,0,2,1274,1470,2560,3593,2561,4422,3140,5909,3731,5472,2692,2524,6046,7676,4200,7375,0,2,297,304,820,1228,912,1765,1227,2678,1374,2292,953,861,1615,2292,1160,3096,46018,20380,3327,2481,15280,1,0,22,14
2021-03-10T23:59:59+01:00,0,2,1052,1254,2191,3236,2186,4029,2690,5468,2818,4506,1555,1318,4682,5950,3633,6607,0,2,287,294,802,1207,890,1728,1193,2604,1335,2226,925,841,1433,2101,1063,2920,34949,19465,3326,2372,14881,0,0,21,14
2021-03-09T23:59:59+01:00,0,2,1036,1224,2128,3099,2121,3914,2606,5334,2735,4380,1521,1287,4604,5874,3591,6548,0,2,283,287,788,1186,873,1702,1167,2563,1317,2198,910,829,1355,1977,991,2804,34532,18890,3323,2328,14128,0,0,21,14
2021-03-08T23:59:59+01:00,0,2,1014,1195,2070,2998,2081,3833,2546,5222,2680,4307,1483,1265,4458,5713,3489,6405,0,2,283,283,783,1178,871,1693,1159,2555,1309,2182,885,808,1184,1751,864,2633,33836,18085,3323,2324,13581,0,0,21,14
2021-03-07T23:59:59+01:00,0,2,1009,1176,2030,2952,2039,3792,2506,5157,2639,4270,1478,1262,4451,5705,3486,6405,0,2,283,283,783,1177,871,1693,1159,2555,1308,2182,882,808,1175,1741,855,2622,33801,18084,3317,2281,13220,0,0,21,14
2021-03-06T23:59:59+01:00,0,2,1008,1173,2019,2937,2027,3773,2490,5130,2622,4248,1465,1252,4417,5659,3472,6393,0,2,283,283,783,1177,871,1692,1159,2555,1308,2182,882,808,1175,1741,855,2621,33657,18083,3316,2280,13093,0,0,21,14
2021-03-05T23:59:59+01:00,0,2,1004,1167,2004,2917,1997,3749,2447,5075,2569,4211,1429,1224,4147,5333,3320,6171,0,2,282,279,776,1169,865,1684,1156,2546,1304,2171,868,804,1167,1732,854,2619,32909,17986,2983,2279,12853,0,0,21,13
2021-03-04T23:59:59+01:00,0,2,912,1016,1915,2791,1931,3611,2370,4920,2479,4051,1398,1202,3904,5071,3053,5816,0,2,282,277,773,1164,862,1675,1155,2532,1299,2162,836,788,1153,1722,847,2606,31644,17867,2978,2255,11799,0,0,21,13
2021-03-03T23:59:59+01:00,0,2,865,905,1848,2692,1860,3507,2300,4806,2405,3967,1385,1187,3794,4964,2830,5541,0,2,280,274,772,1152,859,1656,1148,2490,1289,2136,819,784,1145,1701,839,2597,30963,17832,2857,2098,11017,0,0,21,13
2021-03-02T23:59:59+01:00,0,2,821,828,1752,2568,1776,3383,2208,4682,2345,3889,1350,1165,3664,4829,2620,5189,0,2,280,273,771,1146,855,1652,1142,2485,1283,2125,817,782,1130,1680,828,2578,30224,17719,2667,2097,10159,0,0,21,13
2021-03-01T23:59:59+01:00,0,2,798,792,1653,2425,1704,3238,2108,4509,2265,3768,1332,1153,3613,4764,2576,5129,0,2,280,271,767,1141,850,1640,1137,2473,1278,2114,810,779,1125,1668,820,2570,29969,17615,2583,2097,9256,0,0,21,13
2021-02-28T23:59:59+01:00,0,2,792,769,1636,2357,1676,3164,2085,4410,2250,3701,1326,1147,3603,4748,2561,5118,0,2,279,270,767,1140,850,1635,1137,2471,1278,2109,806,777,1117,1655,816,2560,29860,17592,2579,2064,8886,0,0,20,13
2021-02-27T23:59:59+01:00,0,2,777,752,1614,2296,1659,3053,2066,4284,2229,3606,1323,1144,3603,4746,2559,5117,0,2,279,270,767,1140,850,1635,1137,2471,1278,2108,806,777,1107,1649,799,2546,29854,17591,2578,2017,8378,0,0,20,13
2021-02-26T23:59:59+01:00,0,2,649,671,1510,2184,1607,2895,2003,4047,2128,3370,1231,1073,2948,3949,2124,4523,0,2,279,269,766,1138,849,1634,1137,2469,1276,2105,804,772,1089,1636,789,2529,27031,17515,2578,2015,7285,0,0,20,13
2021-02-25T23:59:59+01:00,0,2,501,594,1393,2079,1539,2767,1943,3921,2028,3256,1180,1038,2715,3678,1957,4279,0,2,262,254,742,1116,807,1565,1087,2368,1200,2013,748,751,1056,1598,777,2501,25953,17424,2550,1410,6347,0,0,20,13
2021-02-24T23:59:59+01:00,0,2,472,564,1323,1970,1469,2624,1873,3770,1952,3105,1142,1009,2575,3542,1877,4158,0,2,235,242,717,1070,780,1504,1057,2305,1145,1962,721,728,1008,1568,764,2470,25306,17232,2538,1033,5563,0,0,20,13
2021-02-23T23:59:59+01:00,0,2,417,524,1242,1828,1394,2478,1797,3560,1883,2984,1116,974,2368,3312,1749,3965,0,2,230,236,702,1044,768,1465,1035,2258,1119,1920,712,717,999,1554,761,2466,24367,17139,2529,836,4677,0,0,20,13
2021-02-22T23:59:59+01:00,0,2,404,490,1142,1719,1291,2379,1688,3453,1802,2912,1094,961,2224,3137,1657,3866,0,2,220,227,678,992,737,1402,1009,2164,1076,1838,668,684,929,1474,722,2407,23773,16946,2526,270,3902,0,0,20,13
2021-02-21T23:59:59+01:00,0,2,387,474,1041,1687,1141,2355,1531,3430,1697,2894,1086,959,2223,3136,1657,3866,0,2,193,221,647,984,725,1394,995,2159,1070,1836,665,681,926,1468,714,2399,23742,16812,2526,255,3278,0,0,20,12
2021-02-20T23:59:59+01:00,0,2,386,472,1040,1687,1140,2355,1530,3427,1697,2892,1086,958,2222,3136,1656,3865,0,2,192,219,644,984,722,1393,989,2156,1068,1836,665,681,926,1468,714,2398,23736,16790,2525,255,3270,0,0,20,12
2021-02-19T23:59:59+01:00,0,2,381,463,1028,1683,1129,2345,1515,3408,1664,2877,1035,929,1846,2628,1354,3471,0,2,169,209,618,980,705,1385,972,2154,1062,1834,662,680,925,1468,713,2395,21969,16666,2525,255,3244,0,0,20,12
2021-02-18T23:59:59+01:00,0,2,360,442,989,1599,1091,2259,1460,3291,1622,2785,1005,905,1669,2382,1220,3260,0,2,149,198,579,969,685,1372,938,2137,1036,1812,651,661,904,1440,699,2373,20968,16338,2525,255,2828,0,0,20,12
2021-02-17T23:59:59+01:00,0,2,337,390,906,1456,982,2063,1327,3036,1511,2565,967,875,1477,2168,1119,3079,0,2,143,191,567,938,660,1318,905,2058,989,1735,616,629,897,1413,693,2353,19886,15840,2525,255,1831,0,0,18,12
2021-02-16T23:59:59+01:00,0,2,331,350,864,1318,931,1877,1266,2816,1444,2404,956,858,1414,2071,1051,2976,0,2,137,178,553,897,645,1264,878,1993,959,1693,606,619,873,1380,679,2288,19508,15512,2524,120,879,0,0,18,12
2021-02-15T23:59:59+01:00,0,2,316,308,835,1287,914,1821,1226,2732,1405,2348,927,825,1235,1841,920,2798,0,2,129,170,532,870,627,1202,852,1920,936,1616,585,582,855,1343,670,2243,18590,15042,2523,80,611,0,0,16,12
2021-02-14T23:59:59+01:00,0,2,316,308,834,1287,913,1820,1225,2732,1405,2348,927,825,1235,1841,920,2797,0,2,128,170,531,862,623,1196,846,1914,933,1613,584,581,852,1342,669,2239,18588,14994,2523,79,608,0,0,16,12
2021-02-13T23:59:59+01:00,0,2,316,308,834,1287,913,1817,1225,2730,1405,2346,927,825,1235,1841,918,2797,0,2,128,170,531,862,623,1196,843,1911,931,1609,581,581,837,1320,657,2222,18581,14991,2521,1,608,0,0,16,12
2021-02-12T23:59:59+01:00,0,2,310,307,825,1282,909,1787,1219,2703,1377,2316,925,823,1234,1838,918,2797,0,2,128,170,529,860,622,1189,837,1899,925,1596,578,579,823,1309,652,2209,18573,14894,2521,1,462,0,0,16,12
2021-02-11T23:59:59+01:00,0,2,292,298,810,1247,903,1752,1202,2639,1354,2261,891,809,1222,1827,917,2787,0,2,125,155,511,821,600,1124,803,1799,902,1537,565,565,796,1273,637,2176,18461,14379,2520,0,216,0,0,16,12
2021-02-10T23:59:59+01:00,0,2,288,289,791,1208,890,1723,1190,2593,1339,2219,886,807,1207,1810,912,2768,0,2,121,145,444,736,554,1031,725,1673,844,1451,550,548,779,1250,625,2146,18433,13624,2415,0,59,0,0,15,0
2021-02-09T23:59:59+01:00,0,2,288,286,785,1192,878,1705,1174,2573,1323,2194,871,801,1193,1791,900,2748,0,2,105,126,386,647,501,897,644,1465,755,1258,495,468,659,1079,544,1880,18318,11911,2368,0,3,0,0,15,0
2021-02-08T23:59:59+01:00,0,2,288,285,783,1186,874,1698,1171,2569,1316,2186,865,798,1177,1767,882,2723,0,2,94,102,339,550,449,793,554,1254,647,1091,418,391,570,880,439,1547,18189,10120,2365,0,1,0,0,15,0
2021-02-07T23:59:59+01:00,0,2,287,284,782,1184,873,1698,1171,2568,1316,2183,859,796,1176,1764,880,2721,0,2,91,101,337,545,447,789,552,1244,643,1085,412,385,549,857,433,1532,18165,10004,2364,0,0,0,0,15,0
2021-02-06T23:59:59+01:00,0,2,287,283,781,1183,873,1697,1171,2568,1316,2182,858,796,1174,1758,878,2719,0,2,91,100,337,541,446,788,551,1240,641,1084,408,380,500,788,402,1486,18149,9785,2362,0,0,0,0,15,0
2021-02-05T23:59:59+01:00,0,2,287,282,781,1182,872,1696,1170,2567,1315,2177,851,790,1151,1747,871,2703,0,1,85,97,329,535,430,769,526,1204,612,1041,385,351,474,760,381,1439,18067,9419,2362,0,0,0,0,15,0
2021-02-04T23:59:59+01:00,0,2,284,274,777,1161,860,1675,1155,2539,1301,2153,828,776,1122,1716,864,2684,0,0,71,78,260,412,335,598,408,974,500,838,313,288,366,614,314,1216,17818,7585,2338,0,0,0,0,15,0
2021-02-03T23:59:59+01:00,0,2,283,269,773,1138,858,1648,1148,2488,1289,2122,809,762,1106,1694,852,2671,0,0,57,57,171,283,260,446,289,722,372,597,216,206,261,453,225,911,17719,5526,2178,0,0,0,0,15,0
2021-02-02T23:59:59+01:00,0,2,282,263,769,1129,852,1626,1140,2462,1277,2105,802,755,1098,1683,850,2663,0,0,37,35,94,144,151,259,177,451,241,377,142,136,179,276,158,588,17566,3445,2177,0,0,0,0,15,0
2021-02-01T23:59:59+01:00,0,2,280,259,764,1110,844,1606,1135,2433,1273,2070,792,742,1091,1672,845,2647,0,0,13,12,17,31,28,68,48,91,77,105,56,48,66,83,47,199,17373,989,2177,0,0,0,0,15,0
2021-01-31T23:59:59+01:00,0,2,274,257,748,1108,835,1595,1124,2422,1262,2062,786,736,1081,1654,838,2633,0,0,12,12,16,29,26,65,42,86,69,97,52,48,61,76,44,186,17336,921,2067,0,0,0,0,14,0
2021-01-30T23:59:59+01:00,0,2,274,257,748,1107,834,1595,1124,2422,1262,2062,785,736,1071,1647,821,2618,0,0,12,10,15,29,25,65,42,86,68,95,51,47,60,76,44,185,17331,910,2020,0,0,0,0,14,0
2021-01-29T23:59:59+01:00,0,2,272,257,748,1106,834,1595,1124,2422,1262,2061,784,735,1070,1645,821,2616,0,0,10,5,13,27,25,63,41,85,67,95,50,46,60,76,44,185,17322,892,2018,0,0,0,0,14,0
2021-01-28T23:59:59+01:00,0,2,268,253,737,1080,799,1539,1087,2361,1184,2001,743,721,1042,1625,805,2595,0,0,5,0,4,9,10,27,20,37,22,45,22,22,26,49,17,109,17139,424,1689,0,0,0,0,14,0
2021-01-27T23:59:59+01:00,0,2,262,246,714,1048,754,1482,1028,2280,1111,1921,708,694,1028,1602,802,2588,0,0,4,0,4,6,7,23,15,23,15,32,7,9,11,12,5,30,16691,203,1565,0,0,0,0,14,0
2021-01-26T23:59:59+01:00,0,2,239,237,699,1022,746,1434,1008,2206,1084,1856,696,680,1004,1586,792,2569,0,0,4,0,2,6,6,12,13,12,8,11,4,5,7,8,2,17,16641,117,1206,0,0,0,0,13,0
2021-01-25T23:59:59+01:00,0,2,208,222,646,949,694,1312,965,2061,1026,1720,649,624,926,1489,745,2493,0,0,4,0,2,6,6,12,13,12,8,11,4,5,7,8,2,17,16413,117,305,0,0,0,0,13,0
2021-01-24T23:59:59+01:00,0,2,191,216,620,937,676,1297,947,2044,1010,1710,642,618,915,1469,736,2480,0,0,3,0,2,5,6,12,12,12,7,11,4,5,7,8,2,17,16237,113,260,0,0,0,0,13,0
2021-01-23T23:59:59+01:00,0,2,191,216,620,937,676,1297,947,2044,1010,1710,642,618,915,1469,736,2480,0,0,3,0,2,4,6,12,10,12,7,11,4,5,7,8,2,17,16237,110,260,0,0,0,0,13,0
2021-01-22T23:59:59+01:00,0,2,144,198,562,927,658,1282,913,2034,998,1700,637,617,914,1469,736,2480,0,0,3,0,1,4,6,11,10,12,6,11,4,5,7,8,2,17,15998,107,260,0,0,0,0,13,0
2021-01-21T23:59:59+01:00,0,2,139,189,547,906,638,1241,880,1980,977,1653,625,596,902,1437,729,2461,0,0,3,0,0,4,5,11,9,12,6,11,4,5,7,8,2,16,15629,103,260,0,0,0,0,13,0
2021-01-20T23:59:59+01:00,0,2,133,172,500,843,615,1163,817,1870,940,1581,605,578,885,1414,719,2431,0,0,3,0,0,4,5,11,9,12,6,11,3,5,7,8,2,16,14997,102,258,0,0,0,0,13,0
2021-01-19T23:59:59+01:00,0,2,123,154,429,757,553,1035,733,1681,840,1422,558,528,784,1252,637,2167,0,0,3,0,0,4,5,8,9,12,6,11,3,5,7,8,2,16,13451,99,191,0,0,0,0,13,0
2021-01-18T23:59:59+01:00,0,2,105,120,360,606,462,863,602,1420,714,1213,488,462,695,1088,559,1876,0,0,1,0,0,1,1,0,0,0,0,1,0,0,0,1,0,0,11540,5,82,0,0,0,0,13,0
2021-01-17T23:59:59+01:00,0,2,100,118,356,601,461,857,600,1402,707,1203,482,452,668,1057,539,1830,0,0,1,0,0,1,0,0,0,0,0,1,0,0,0,1,0,0,11341,4,81,0,0,0,0,13,0
2021-01-16T23:59:59+01:00,0,2,100,115,354,592,458,852,588,1389,696,1191,467,438,571,931,478,1731,0,0,0,0,0,1,0,0,0,0,0,0,0,0,0,0,0,0,10937,1,3,0,0,0,0,13,0
2021-01-15T23:59:59+01:00,0,2,98,113,349,590,452,847,582,1381,679,1175,451,420,562,919,467,1707,0,0,0,0,0,0,0,0,0,0,0,0,0,0,0,0,0,0,10780,0,1,0,0,0,0,13,0
2021-01-14T23:59:59+01:00,0,0,80,90,294,488,373,682,464,1127,560,995,370,338,442,753,383,1451,0,0,0,0,0,0,0,0,0,0,0,0,0,0,0,0,0,0,8877,0,0,0,0,0,0,13,0
2021-01-13T23:59:59+01:00,0,0,66,67,208,372,297,511,352,844,430,713,261,239,326,566,294,1114,0,0,0,0,0,0,0,0,0,0,0,0,0,0,0,0,0,0,6648,0,0,0,0,0,0,12,0
2021-01-12T23:59:59+01:00,0,0,44,45,130,220,184,316,213,536,287,445,168,155,213,372,202,749,0,0,0,0,0,0,0,0,0,0,0,0,0,0,0,0,0,0,4279,0,0,0,0,0,0,0,0
2021-01-11T23:59:59+01:00,0,0,14,14,45,62,43,97,61,123,100,132,70,61,94,115,58,256,0,0,0,0,0,0,0,0,0,0,0,0,0,0,0,0,0,0,1345,0,0,0,0,0,0,0,0
2021-01-10T23:59:59+01:00,0,0,13,14,32,50,36,79,52,114,85,122,63,57,86,105,55,241,0,0,0,0,0,0,0,0,0,0,0,0,0,0,0,0,0,0,1204,0,0,0,0,0,0,0,0
2021-01-09T23:59:59+01:00,0,0,13,13,28,49,35,78,51,113,83,119,62,56,85,104,53,240,0,0,0,0,0,0,0,0,0,0,0,0,0,0,0,0,0,0,1182,0,0,0,0,0,0,0,0
2021-01-08T23:59:59+01:00,0,0,9,5,28,43,33,75,49,110,82,118,59,52,79,99,49,240,0,0,0,0,0,0,0,0,0,0,0,0,0,0,0,0,0,0,1130,0,0,0,0,0,0,0,0
2021-01-07T23:59:59+01:00,0,0,6,1,10,22,16,41,28,77,36,77,33,27,52,82,33,183,0,0,0,0,0,0,0,0,0,0,0,0,0,0,0,0,0,0,724,0,0,0,0,0,0,0,0
2021-01-06T23:59:59+01:00,0,0,6,0,5,11,11,33,25,43,22,48,27,24,38,56,23,131,0,0,0,0,0,0,0,0,0,0,0,0,0,0,0,0,0,0,503,0,0,0,0,0,0,0,0
2021-01-05T23:59:59+01:00,0,0,5,0,5,10,11,33,25,43,22,48,27,24,38,55,23,131,0,0,0,0,0,0,0,0,0,0,0,0,0,0,0,0,0,0,500,0,0,0,0,0,0,0,0
2021-01-04T23:59:59+01:00,0,0,4,0,2,5,5,13,14,12,7,12,4,5,7,9,2,18,0,0,0,0,0,0,0,0,0,0,0,0,0,0,0,0,0,0,119,0,0,0,0,0,0,0,0
2021-01-03T23:59:59+01:00,0,0,3,0,2,5,5,12,13,12,7,12,4,5,7,9,2,17,0,0,0,0,0,0,0,0,0,0,0,0,0,0,0,0,0,0,115,0,0,0,0,0,0,0,0
2021-01-02T23:59:59+01:00,0,0,3,0,2,5,5,12,11,12,7,12,4,5,7,9,2,17,0,0,0,0,0,0,0,0,0,0,0,0,0,0,0,0,0,0,113,0,0,0,0,0,0,0,0
2021-01-01T23:59:59+01:00,0,0,3,0,1,4,5,11,11,12,6,12,4,5,7,8,2,17,0,0,0,0,0,0,0,0,0,0,0,0,0,0,0,0,0,0,108,0,0,0,0,0,0,0,0
2020-12-31T23:59:59+01:00,0,0,3,0,0,4,5,11,9,12,6,12,4,5,7,8,2,17,0,0,0,0,0,0,0,0,0,0,0,0,0,0,0,0,0,0,105,0,0,0,0,0,0,0,0
2020-12-30T23:59:59+01:00,0,0,3,0,0,4,5,11,9,12,6,12,3,5,7,8,2,17,0,0,0,0,0,0,0,0,0,0,0,0,0,0,0,0,0,0,104,0,0,0,0,0,0,0,0
2020-12-29T23:59:59+01:00,0,0,3,0,0,3,5,8,9,12,6,12,3,5,7,8,2,17,0,0,0,0,0,0,0,0,0,0,0,0,0,0,0,0,0,0,100,0,0,0,0,0,0,0,0
2020-12-28T23:59:59+01:00,0,0,3,0,0,3,5,8,9,12,5,12,3,5,7,8,2,17,0,0,0,0,0,0,0,0,0,0,0,0,0,0,0,0,0,0,99,0,0,0,0,0,0,0,0
2020-12-27T23:59:59+01:00,0,0,1,0,0,0,0,0,0,0,0,1,0,0,2,4,0,8,0,0,0,0,0,0,0,0,0,0,0,0,0,0,0,0,0,0,16,0,0,0,0,0,0,0,0
