Datum,<24_1_m,<24_1_w,25-34_1_m,25-34_1_w,35-44_1_m,35-44_1_w,45-54_1_m,45-54_1_w,55-64_1_m,55-64_1_w,65-74_1_m,65-74_1_w,75-84_1_m,75-84_1_w,>84_1_m,>84_1_w,<24_2_m,<24_2_w,25-34_2_m,25-34_2_w,35-44_2_m,35-44_2_w,45-54_2_m,45-54_2_w,55-64_2_m,55-64_2_w,65-74_2_m,65-74_2_w,75-84_2_m,75-84_2_w,>84_2_m,>84_2_w,bp_1,bp_2,mo_1,mo_2,az_1,az_2,ja
2021-05-22T23:59:59+02:00,7317,7512,13306,13541,16409,18407,27313,29113,33809,35016,24781,27964,17384,22027,4827,8361,3842,3833,6052,6183,6628,7940,8558,10421,9728,10778,10651,11901,12472,15985,4455,7681,202320,116936,26903,7745,74280,8843,3584
2021-05-21T23:59:59+02:00,7289,7474,13230,13488,16337,18343,27226,29044,33748,34978,24777,27953,17380,22024,4826,8360,3832,3823,6023,6166,6603,7912,8522,10379,9677,10728,10580,11831,12450,15957,4454,7679,201787,116529,26903,7744,74273,8829,3514
2021-05-20T23:59:59+02:00,6985,7242,12677,13103,15128,17422,26065,28059,33198,34548,24695,27832,17349,21975,4823,8352,3783,3771,5955,6079,6522,7792,8389,10253,9480,10460,10436,11653,12401,15890,4452,7675,197370,115326,26832,7714,71812,8512,3439
2021-05-19T23:59:59+02:00,6777,6991,12204,12694,14436,16769,25224,27284,32682,34092,24617,27759,17317,21932,4820,8344,3711,3692,5813,5929,6335,7570,8124,9990,9198,10108,10148,11272,12348,15770,4450,7668,192286,113493,26798,7519,71801,8057,3057
2021-05-18T23:59:59+02:00,6578,6860,11832,12390,13839,16277,24149,26348,32155,33604,24522,27654,17278,21891,4815,8336,3670,3660,5711,5831,6188,7415,7940,9796,9014,9883,9981,11019,12235,15603,4440,7661,187674,112425,26348,7450,71760,7426,2746
2021-05-17T23:59:59+02:00,6518,6810,11660,12280,13551,16044,23333,25689,31883,33353,24464,27606,17255,21863,4808,8330,3562,3572,5534,5670,6033,7229,7748,9588,8821,9670,9909,10921,12189,15547,4437,7659,185937,111770,25676,7445,71374,6414,2460
2021-05-16T23:59:59+02:00,6487,6787,11598,12226,13460,15955,22653,25087,31357,32896,24429,27570,17248,21848,4807,8330,3556,3545,5520,5611,6007,7165,7721,9497,8792,9588,9898,10909,12187,15546,4437,7659,185180,111667,24152,7440,70956,6081,2450
2021-05-15T23:59:59+02:00,6474,6778,11566,12215,13429,15945,22583,25017,30830,32524,24422,27568,17247,21845,4806,8329,3540,3528,5504,5567,5993,7090,7680,9373,8566,9352,9862,10867,12159,15509,4437,7658,185131,111666,24140,7306,70316,5722,1991
2021-05-14T23:59:59+02:00,6433,6747,11500,12177,13356,15872,22145,24688,30441,32217,24397,27527,17235,21831,4806,8327,3504,3484,5468,5472,5974,6956,7638,9153,8510,9187,9780,10744,12090,15409,4437,7657,184423,111508,23824,6981,69462,4984,1990
2021-05-13T23:59:59+02:00,6252,6562,11110,11874,12603,15280,19838,22831,29093,30899,24220,27345,17176,21772,4805,8324,3490,3450,5447,5431,5957,6899,7610,9087,8473,9133,9544,10476,11934,15165,4433,7650,180556,111179,20072,6204,67381,4821,1975
2021-05-12T23:59:59+02:00,6218,6533,11038,11813,12500,15185,19710,22704,28698,30498,24168,27294,17163,21747,4804,8319,3490,3446,5440,5425,5948,6884,7583,9067,8435,9081,9335,10214,11758,14911,4430,7645,179598,110906,19441,5396,67378,4815,1975
2021-05-11T23:59:59+02:00,6060,6418,10802,11560,12131,14809,19072,22042,27824,29593,24026,27148,17118,21680,4799,8304,3443,3394,5355,5269,5850,6701,7444,8828,8277,8875,9157,10014,11639,14751,4421,7631,175655,109913,18566,5290,67252,3933,1913
2021-05-10T23:59:59+02:00,5917,6322,10590,11358,11877,14559,18741,21684,27427,29221,23932,27060,17081,21638,4795,8301,3365,3336,5251,5173,5743,6610,7325,8703,8155,8782,9051,9883,11561,14639,4419,7624,173687,109405,17883,5279,67028,3031,1905
2021-05-09T23:59:59+02:00,5837,6259,10491,11251,11768,14438,18371,21364,27080,28889,23857,26980,17053,21612,4793,8298,3289,3303,5105,5131,5567,6570,7167,8673,8037,8750,9043,9871,11545,14624,4419,7624,173298,109331,16616,5270,66536,2226,1891
2021-05-08T23:59:59+02:00,5835,6257,10490,11249,11768,14438,18368,21363,27078,28887,23857,26980,17053,21612,4793,8298,3289,3302,5104,5131,5567,6570,7167,8673,8035,8750,9042,9870,11545,14624,4419,7624,173283,109328,16616,5270,66536,2223,1891
2021-05-07T23:59:59+02:00,5797,6230,10412,11188,11642,14319,17907,21041,26516,28377,23824,26943,17042,21581,4787,8274,3278,3294,5096,5125,5558,6558,7155,8661,8029,8744,9037,9860,11537,14603,4412,7603,172468,109314,16614,5269,65025,2194,1773
2021-05-06T23:59:59+02:00,5509,6036,9917,10832,11091,13816,16728,19961,24187,26094,23454,26571,16955,21495,4782,8264,3226,3250,5038,5046,5516,6475,7076,8542,7910,8612,8945,9759,11517,14564,4409,7601,167516,108822,14223,5215,62191,1687,1762
2021-05-05T23:59:59+02:00,5417,5938,9600,10605,10765,13473,16110,19315,23376,25166,23233,26286,16897,21409,4774,8250,3206,3212,4994,4962,5458,6353,6989,8386,7788,8418,8846,9621,11454,14496,4408,7593,163882,107901,12933,5209,62040,1315,1759
2021-05-04T23:59:59+02:00,5321,5836,9433,10409,10567,13226,15721,18896,22853,24629,23042,26048,16841,21353,4766,8241,3196,3169,4967,4893,5423,6232,6941,8249,7706,8271,8749,9517,11393,14452,4406,7591,161730,107443,11825,5202,61887,770,1740
2021-05-03T23:59:59+02:00,5234,5750,9245,10275,10399,13044,15420,18645,22463,24223,22924,25925,16817,21313,4766,8236,3112,3091,4879,4821,5356,6140,6840,8145,7520,8107,8681,9440,11356,14413,4403,7587,160258,107229,11824,5199,61794,660,803
2021-05-02T23:59:59+02:00,5217,5734,9162,10214,10268,12922,15054,18309,22214,23977,22878,25881,16804,21288,4765,8235,3102,3084,4811,4783,5262,6048,6696,8014,7424,8023,8636,9404,11337,14381,4401,7582,159382,107120,11821,5197,61691,643,28
2021-05-01T23:59:59+02:00,5217,5732,9159,10213,10267,12922,15051,18306,22212,23977,22877,25880,16804,21288,4765,8235,3102,3084,4811,4783,5262,6048,6696,8014,7424,8023,8636,9404,11337,14381,4401,7582,159365,107120,11821,5197,61691,643,28
2021-04-30T23:59:59+02:00,5137,5625,8901,9991,10016,12682,14525,17845,21401,23224,22810,25798,16788,21264,4763,8232,3099,3082,4803,4773,5254,6016,6685,7979,7393,7995,8635,9402,11337,14379,4399,7581,155816,107099,11821,5195,61364,517,1
2021-04-29T23:59:59+02:00,4961,5452,8387,9567,9339,12095,13440,16850,19626,21604,22200,25131,16690,21097,4758,8217,3072,3052,4765,4706,5210,5934,6625,7877,7317,7882,8524,9286,11278,14316,4393,7575,146784,106624,11807,4924,60822,263,1
2021-04-28T23:59:59+02:00,4922,5429,8310,9489,9263,12007,13321,16712,19418,21414,22123,25043,16668,21062,4756,8214,3067,3033,4738,4654,5182,5886,6596,7801,7267,7809,8510,9262,11265,14296,4392,7570,146406,106434,11719,4854,60025,39,1
2021-04-27T23:59:59+02:00,4868,5365,8173,9357,9157,11857,13157,16533,18977,20903,21921,24822,16619,21002,4753,8207,3064,3027,4736,4652,5175,5877,6582,7784,7235,7774,8439,9168,11203,14234,4388,7567,145690,106184,10658,4688,59322,32,1
2021-04-26T23:59:59+02:00,4816,5327,8065,9270,9019,11748,12953,16350,18582,20538,21803,24689,16598,20984,4753,8207,3064,3025,4732,4648,5170,5872,6569,7766,7208,7747,8389,9119,11159,14165,4385,7555,144929,106109,10523,4437,58250,27,0
2021-04-25T23:59:59+02:00,4801,5309,8025,9231,8953,11678,12795,16206,18236,20195,21625,24478,16564,20941,4749,8202,3064,3025,4731,4648,5167,5868,6566,7763,7204,7742,8334,9055,11138,14143,4385,7554,143563,106089,10513,4272,57912,26,0
2021-04-24T23:59:59+02:00,4794,5301,8010,9226,8939,11669,12742,16173,18181,20157,21612,24469,16562,20936,4749,8202,3063,3025,4731,4648,5167,5868,6566,7763,7204,7742,8334,9055,11138,14143,4385,7554,143468,106089,10513,4272,57741,25,0
2021-04-23T23:59:59+02:00,4774,5263,7952,9158,8848,11568,12351,15807,17788,19770,21427,24278,16505,20868,4748,8195,3061,3023,4727,4646,5158,5860,6554,7752,7179,7709,8315,9031,11132,14136,4383,7551,142223,106079,10168,4114,56909,24,0
2021-04-22T23:59:59+02:00,4714,5182,7826,8963,8641,11301,12012,15363,16833,18721,20926,23683,16406,20723,4740,8183,3051,3015,4722,4628,5133,5835,6511,7715,7117,7666,8182,8875,11010,14000,4380,7545,138534,105476,10050,3891,55633,18,0
2021-04-21T23:59:59+02:00,4668,5131,7720,8838,8480,11146,11691,15058,16061,17887,20630,23351,16358,20634,4735,8173,3039,3002,4707,4613,5114,5814,6501,7700,7094,7646,8130,8813,10979,13965,4378,7544,135660,105205,9921,3817,54980,17,0
2021-04-20T23:59:59+02:00,4643,5104,7683,8783,8397,11063,11520,14879,15584,17368,20224,22875,16280,20517,4728,8162,3033,2993,4700,4600,5086,5794,6475,7680,7052,7607,8023,8670,10924,13895,4374,7541,133549,104648,9659,3782,54602,17,0
2021-04-19T23:59:59+02:00,4610,5039,7623,8685,8296,10918,11360,14695,15303,17054,19765,22320,16142,20340,4717,8154,3028,2992,4695,4593,5074,5780,6458,7664,7027,7562,7963,8607,10906,13862,4372,7538,131501,104324,9304,3780,54216,17,0
2021-04-18T23:59:59+02:00,4589,5009,7561,8628,8181,10782,11063,14438,14827,16495,19361,21848,16044,20183,4715,8150,3028,2992,4695,4593,5074,5780,6457,7661,7024,7560,7961,8603,10903,13859,4372,7535,129117,104302,9235,3778,53522,17,0
2021-04-17T23:59:59+02:00,4584,5001,7542,8621,8171,10763,11019,14389,14715,16396,19245,21738,16026,20160,4714,8149,3028,2992,4693,4591,5069,5776,6441,7653,7001,7537,7913,8557,10887,13839,4371,7535,128683,104295,9228,3571,53322,17,0
2021-04-16T23:59:59+02:00,4569,4946,7466,8498,8076,10602,10783,14108,14033,15614,18742,21155,15929,20031,4708,8142,3025,2989,4687,4586,5066,5764,6421,7643,6951,7485,7618,8184,10808,13720,4364,7522,125862,103533,9179,3283,52361,17,0
2021-04-15T23:59:59+02:00,4519,4881,7348,8363,7902,10353,10437,13679,13237,14714,17991,20352,15746,19765,4694,8128,3024,2981,4677,4569,5053,5734,6389,7607,6867,7399,7064,7550,10738,13628,4360,7512,122237,101986,9024,3151,50848,15,0
2021-04-14T23:59:59+02:00,4489,4841,7282,8254,7797,10208,10247,13469,12799,14236,17488,19762,15627,19608,4690,8115,2986,2960,4660,4534,5027,5693,6354,7571,6812,7339,6338,6673,10602,13489,4356,7505,120869,99737,8793,3151,49250,11,0
2021-04-13T23:59:59+02:00,4485,4833,7238,8237,7743,10174,10132,13411,12374,13895,16815,18917,15456,19387,4686,8109,2962,2930,4642,4510,4998,5655,6296,7501,6718,7239,6123,6406,10150,12935,4349,7491,120198,97750,8575,3144,47119,11,0
2021-04-12T23:59:59+02:00,4468,4816,7189,8186,7688,10101,10014,13307,12096,13635,16385,18411,15313,19226,4681,8107,2931,2915,4567,4467,4897,5586,6185,7429,6574,7118,5338,5544,9770,12470,4322,7454,119870,94420,8541,3136,45212,11,0
2021-04-11T23:59:59+02:00,4451,4807,7145,8134,7633,10055,9916,13221,11838,13399,15795,17700,15107,18965,4677,8099,2846,2823,4429,4343,4757,5462,6010,7261,6433,7017,5019,5176,9672,12342,4322,7450,119297,92262,8119,3090,43526,10,0
2021-04-10T23:59:59+02:00,4429,4782,7107,8087,7585,10003,9851,13162,11750,13300,15575,17512,15071,18912,4676,8094,2203,2187,3601,3643,3894,4672,4967,6324,5662,6304,4762,4882,9569,12210,4316,7442,118836,83538,8119,3090,42941,10,0
2021-04-09T23:59:59+02:00,4406,4761,7067,8059,7516,9941,9687,13026,11343,12923,14414,15986,14725,18501,4666,8086,1232,1262,2233,2420,2368,3292,3116,4647,4215,4953,4112,4180,9357,11917,4297,7418,116968,67921,8117,3088,40022,10,0
2021-04-08T23:59:59+02:00,4377,4742,7006,8007,7419,9838,9480,12898,10880,12511,13288,14731,14408,18072,4649,8060,648,715,1314,1698,1450,2343,2000,3540,2830,3542,2917,2839,8624,11020,4196,7251,115750,53832,8038,3085,36578,10,0
2021-04-07T23:59:59+02:00,4326,4710,6924,7954,7329,9773,9342,12748,10546,12178,12575,13979,14246,17860,4644,8043,395,466,944,1350,1037,1957,1482,3072,1811,2437,1776,1576,7797,9960,4085,7064,114807,44116,7887,3085,34483,8,0
2021-04-06T23:59:59+02:00,4311,4695,6901,7918,7275,9705,9244,12668,10321,11939,12190,13476,14074,17631,4634,8032,387,450,937,1342,1021,1934,1456,3042,1750,2380,1697,1501,7359,9379,3984,6894,113579,42422,7789,3084,33646,7,0
2021-04-05T23:59:59+02:00,4305,4694,6890,7907,7264,9694,9221,12639,10257,11873,12069,13327,13993,17553,4632,8031,385,445,925,1338,1016,1925,1444,3022,1728,2343,1642,1447,7109,9048,3903,6762,113250,41392,7768,3083,33331,7,0
2021-04-04T23:59:59+02:00,4305,4694,6887,7900,7263,9693,9220,12639,10246,11868,12066,13324,13991,17553,4632,8031,385,444,925,1338,1015,1923,1443,3021,1727,2339,1639,1443,7101,9034,3899,6760,113245,41346,7768,3083,33299,7,0
2021-04-03T23:59:59+02:00,4305,4694,6887,7899,7263,9693,9220,12639,10246,11868,12066,13323,13989,17551,4632,8031,385,443,922,1334,1014,1922,1442,3016,1725,2337,1632,1430,7055,8949,3869,6733,113241,41118,7768,3083,33297,7,0
2021-04-02T23:59:59+02:00,4302,4692,6886,7896,7256,9686,9211,12632,10225,11847,11938,13204,13952,17504,4628,8024,383,440,920,1327,1007,1911,1426,2989,1682,2296,1521,1335,6233,7967,3516,6267,113119,38449,7764,2764,33000,7,0
2021-04-01T23:59:59+02:00,4260,4679,6847,7877,7219,9656,9160,12591,10152,11766,11547,12727,13644,17094,4624,8014,378,435,902,1310,997,1894,1391,2937,1616,2232,1401,1239,5209,6742,3074,5584,112731,34575,6389,2759,32737,7,0
2021-03-31T23:59:59+02:00,4252,4673,6833,7859,7203,9637,9122,12555,10057,11693,11182,12260,13369,16692,4618,7998,375,432,892,1302,990,1879,1368,2911,1566,2193,1323,1175,4599,6004,2782,5217,112162,32315,5434,2686,32407,7,0
2021-03-30T23:59:59+02:00,4229,4645,6797,7822,7150,9572,9024,12441,9892,11540,10906,11949,13182,16474,4611,7986,370,426,887,1291,979,1873,1347,2903,1539,2171,1297,1149,4469,5873,2735,5134,111342,31945,5188,2491,31690,7,0
2021-03-29T23:59:59+02:00,4219,4622,6769,7797,7107,9516,8925,12340,9681,11320,10442,11427,12880,16088,4597,7959,365,422,883,1282,973,1865,1336,2892,1521,2162,1274,1133,4326,5703,2650,5032,109676,31328,4880,2485,31133,6,0
2021-03-28T23:59:59+02:00,4166,4555,6657,7642,6993,9375,8797,12143,9528,11135,10222,11146,12728,15941,4594,7951,365,422,883,1282,971,1864,1335,2892,1520,2160,1267,1131,4292,5659,2628,5012,109307,31294,4617,2384,29649,5,0
2021-03-27T23:59:59+01:00,4164,4537,6646,7580,6963,9249,8746,11970,9476,10998,10095,11016,12654,15868,4594,7951,365,422,883,1282,971,1862,1334,2890,1517,2159,1264,1128,4265,5624,2617,4998,109300,31193,4617,2383,28590,5,0
2021-03-26T23:59:59+01:00,4159,4527,6615,7543,6932,9170,8696,11852,9386,10877,10044,10958,12620,15817,4587,7935,361,420,881,1279,967,1849,1328,2870,1499,2151,1236,1109,4078,5387,2523,4865,109244,30455,4397,2343,28077,5,0
2021-03-25T23:59:59+01:00,4133,4485,6523,7413,6831,9002,8495,11618,9080,10560,9651,10548,12361,15559,4583,7927,361,418,879,1272,963,1838,1314,2851,1475,2135,1207,1091,3829,5118,2334,4598,108870,29335,4188,2343,25711,5,0
2021-03-24T23:59:59+01:00,4067,4411,6439,7235,6708,8770,8322,11370,8840,10245,9205,10022,12014,15174,4574,7920,361,417,878,1270,957,1836,1308,2842,1458,2122,1200,1081,3754,5041,2168,4386,108364,28734,4056,2342,22896,3,0
2021-03-23T23:59:59+01:00,4048,4375,6391,7183,6626,8700,8203,11239,8579,10008,8756,9492,11624,14747,4566,7908,361,416,876,1259,952,1829,1303,2833,1457,2110,1174,1063,3664,4956,2014,4143,107561,28065,3963,2342,20921,3,0
2021-03-22T23:59:59+01:00,4034,4355,6355,7150,6592,8655,8130,11160,8425,9848,8444,9125,11364,14467,4540,7873,358,410,871,1247,944,1824,1294,2825,1449,2099,1162,1054,3632,4917,2000,4116,106893,27858,3961,2341,19663,3,0
2021-03-21T23:59:59+01:00,4033,4351,6350,7139,6576,8640,8107,11140,8360,9786,8333,8995,11299,14385,4538,7870,356,409,862,1243,935,1819,1288,2823,1445,2094,1158,1052,3623,4901,1986,4108,106806,27758,3960,2341,19136,3,0
2021-03-20T23:59:59+01:00,4025,4304,6340,7066,6562,8497,8080,10947,8315,9675,8252,8908,11268,14350,4538,7870,356,409,862,1243,935,1819,1287,2823,1445,2092,1158,1052,3623,4899,1986,4108,106775,27754,3747,2340,18475,3,0
2021-03-19T23:59:59+01:00,4012,4269,6313,6983,6536,8403,8030,10833,8179,9491,7718,8314,11115,14146,4530,7857,353,408,856,1235,919,1808,1262,2793,1391,2045,1070,976,2900,4029,1645,3636,105184,24983,3448,2340,18097,3,0
2021-03-18T23:59:59+01:00,4000,4249,6270,6942,6504,8336,7960,10748,8035,9330,6740,7197,10918,13933,4519,7839,352,408,852,1231,912,1802,1245,2783,1366,2025,1028,959,2676,3751,1514,3458,102222,24019,3290,2340,18008,3,0
2021-03-17T23:59:59+01:00,3957,4207,6202,6855,6443,8230,7864,10617,7908,9171,5953,6218,10768,13778,4503,7818,351,408,846,1225,909,1791,1232,2765,1341,2002,1001,935,2562,3628,1469,3376,99463,23498,3289,2340,17740,3,0
2021-03-16T23:59:59+01:00,3937,4171,6164,6801,6395,8163,7806,10545,7820,9078,5769,6010,10173,13100,4469,7766,343,398,834,1209,897,1782,1226,2748,1328,1994,987,914,2334,3359,1356,3213,97411,22581,3279,2338,17477,3,0
2021-03-15T23:59:59+01:00,3899,4139,6059,6722,6269,8063,7664,10427,7664,8936,4984,5133,9798,12615,4433,7710,342,397,831,1205,896,1774,1223,2736,1320,1985,971,900,2179,3173,1284,3137,93912,22014,3272,2337,17331,2,0
2021-03-14T23:59:59+01:00,3750,3954,5780,6390,6008,7719,7339,9980,7395,8649,4640,4738,9672,12452,4430,7699,342,397,831,1205,895,1774,1221,2735,1318,1982,970,898,2176,3169,1281,3137,91534,21995,3219,2334,15842,2,0
2021-03-13T23:59:59+01:00,3005,3213,4828,5535,5002,6778,6101,8842,6487,7804,4345,4380,9303,11948,4365,7617,342,397,830,1203,895,1769,1220,2733,1317,1982,970,897,2144,3128,1259,3107,80855,21857,3219,2334,15479,2,0
2021-03-12T23:59:59+01:00,2063,2295,3469,4356,3490,5433,4287,7154,5017,6418,3682,3694,8011,10333,3971,7080,338,393,826,1199,891,1763,1213,2715,1290,1964,923,871,1743,2612,1045,2811,62085,20261,3217,2334,15451,2,0
2021-03-11T23:59:59+01:00,1480,1753,2560,3600,2574,4486,3176,6033,3642,5007,2571,2474,6231,8112,3379,6136,333,385,810,1190,878,1739,1194,2685,1266,1923,885,847,1568,2356,943,2650,44844,19316,3215,2334,15155,2,0
2021-03-10T23:59:59+01:00,1231,1508,2188,3228,2190,4095,2710,5605,2662,3934,1479,1290,4872,6369,2938,5532,323,377,795,1174,858,1698,1162,2626,1234,1868,860,828,1378,2136,859,2508,33855,18420,3215,2262,14761,2,0
2021-03-09T23:59:59+01:00,1209,1464,2123,3091,2125,3982,2626,5462,2582,3824,1447,1263,4794,6290,2904,5483,316,368,784,1154,837,1667,1138,2588,1218,1843,845,813,1285,2005,806,2406,33449,17853,3212,2218,14008,2,0
2021-03-08T23:59:59+01:00,1181,1428,2071,2993,2080,3896,2566,5348,2529,3766,1408,1241,4640,6104,2816,5371,316,363,780,1148,834,1658,1131,2580,1207,1824,826,788,1096,1760,704,2267,32758,17066,3212,2215,13468,1,0
2021-03-07T23:59:59+01:00,1174,1408,2030,2949,2039,3854,2527,5279,2492,3739,1402,1238,4634,6096,2813,5371,316,363,780,1148,834,1658,1131,2580,1206,1824,822,788,1088,1749,696,2257,32728,17066,3207,2174,13110,0,0
2021-03-06T23:59:59+01:00,1172,1404,2022,2934,2026,3835,2512,5249,2473,3721,1389,1225,4601,6056,2802,5360,316,363,780,1148,834,1658,1131,2580,1206,1824,822,788,1088,1749,696,2256,32586,17066,3207,2173,12988,0,0
2021-03-05T23:59:59+01:00,1166,1400,2004,2914,1996,3807,2471,5195,2424,3693,1348,1194,4320,5707,2673,5169,314,360,772,1142,830,1651,1128,2572,1203,1816,810,784,1081,1740,695,2254,31848,16979,2877,2173,12756,0,0
2021-03-04T23:59:59+01:00,1063,1234,1918,2796,1930,3669,2395,5030,2337,3558,1317,1172,4059,5417,2469,4888,314,358,770,1138,828,1645,1127,2563,1198,1812,794,777,1071,1729,688,2243,30667,16905,2873,2150,11712,0,0
2021-03-03T23:59:59+01:00,1008,1117,1857,2700,1864,3571,2326,4916,2266,3483,1307,1157,3935,5304,2263,4626,313,353,769,1131,825,1623,1121,2521,1184,1792,781,773,1062,1707,681,2235,29998,16873,2758,1998,10944,0,0
2021-03-02T23:59:59+01:00,956,1030,1765,2576,1774,3451,2240,4792,2203,3412,1279,1138,3793,5153,2101,4349,313,351,768,1125,822,1621,1117,2516,1179,1782,779,770,1047,1684,672,2219,29355,16768,2569,1997,10088,0,0
2021-03-01T23:59:59+01:00,922,966,1670,2443,1702,3308,2138,4624,2134,3306,1260,1128,3738,5083,2063,4296,312,350,766,1123,822,1614,1112,2512,1175,1781,774,767,1039,1672,667,2214,29105,16703,2485,1997,9191,0,0
2021-02-28T23:59:59+01:00,913,937,1652,2379,1673,3229,2118,4533,2120,3240,1255,1124,3728,5068,2049,4287,312,350,766,1122,822,1613,1112,2512,1174,1780,772,766,1030,1657,664,2206,28999,16694,2483,1964,8823,0,0
2021-02-27T23:59:59+01:00,895,915,1631,2314,1658,3117,2095,4397,2101,3164,1252,1122,3728,5066,2048,4286,312,350,766,1122,822,1612,1112,2512,1174,1779,772,766,1030,1657,664,2206,28992,16692,2482,1964,8315,0,0
2021-02-26T23:59:59+01:00,747,826,1541,2195,1605,2962,2031,4140,1997,2949,1159,1048,3016,4189,1692,3801,312,350,764,1121,822,1611,1112,2508,1172,1778,769,761,1010,1640,657,2194,26195,16618,2482,1963,7221,0,0
2021-02-25T23:59:59+01:00,574,738,1440,2088,1538,2837,1964,4008,1903,2840,1108,1022,2765,3874,1554,3606,294,332,735,1097,780,1541,1064,2404,1103,1697,720,744,979,1598,646,2172,25126,16529,2452,1377,6281,0,0
2021-02-24T23:59:59+01:00,537,699,1367,1977,1477,2688,1886,3860,1832,2708,1077,994,2631,3739,1511,3517,264,312,709,1056,758,1478,1031,2343,1053,1653,693,721,941,1565,634,2147,24563,16349,2441,1009,5496,0,0
2021-02-23T23:59:59+01:00,477,649,1284,1833,1410,2534,1803,3654,1770,2597,1053,964,2409,3479,1407,3363,258,303,695,1032,746,1442,1008,2299,1031,1613,684,711,930,1551,633,2143,23644,16265,2431,814,4611,0,0
2021-02-22T23:59:59+01:00,462,610,1180,1722,1304,2442,1703,3543,1688,2536,1034,949,2255,3292,1334,3285,247,288,667,980,718,1375,981,2206,988,1538,647,683,859,1470,602,2093,23067,16079,2427,263,3845,0,0
2021-02-21T23:59:59+01:00,438,591,1071,1692,1153,2418,1550,3521,1595,2520,1030,947,2254,3291,1334,3285,216,281,640,973,707,1366,967,2201,985,1536,644,681,854,1466,596,2086,23038,15949,2427,250,3225,0,0
2021-02-20T23:59:59+01:00,438,590,1070,1692,1152,2418,1549,3520,1595,2518,1030,946,2253,3291,1333,3284,215,279,636,973,704,1365,960,2198,984,1536,644,681,854,1466,596,2086,23032,15927,2426,250,3221,0,0
2021-02-19T23:59:59+01:00,431,580,1061,1689,1141,2408,1537,3503,1563,2500,978,917,1826,2727,1090,2959,192,269,610,969,687,1356,946,2196,978,1535,641,680,852,1466,595,2084,21286,15806,2426,250,3198,0,0
2021-02-18T23:59:59+01:00,410,556,1016,1604,1106,2322,1487,3380,1525,2423,947,892,1626,2456,987,2781,171,257,572,958,662,1345,912,2178,959,1516,630,663,831,1434,587,2073,20300,15498,2426,250,2792,0,0
2021-02-17T23:59:59+01:00,379,490,931,1464,993,2099,1352,3137,1419,2218,914,868,1426,2211,899,2636,164,250,556,923,641,1290,874,2104,913,1442,597,633,825,1412,583,2054,19223,15011,2426,250,1787,0,0
2021-02-16T23:59:59+01:00,371,441,887,1323,941,1905,1283,2918,1358,2070,906,854,1351,2104,846,2549,155,234,544,880,622,1238,851,2041,882,1405,587,620,805,1381,570,1995,18848,14696,2425,114,834,0,0
2021-02-15T23:59:59+01:00,352,397,862,1292,921,1845,1238,2834,1324,2015,881,824,1151,1850,738,2398,146,224,522,850,603,1176,828,1966,858,1330,567,585,787,1342,562,1958,17932,14230,2424,74,566,0,0
2021-02-14T23:59:59+01:00,351,397,861,1292,920,1845,1236,2834,1324,2015,881,824,1151,1850,738,2398,146,223,521,844,598,1171,824,1962,855,1327,565,585,786,1341,562,1955,17931,14191,2424,74,562,0,0
2021-02-13T23:59:59+01:00,351,397,861,1291,920,1842,1236,2832,1324,2013,881,824,1151,1850,738,2398,146,223,521,844,598,1171,822,1958,853,1325,562,585,772,1320,550,1939,17923,14189,2424,0,562,0,0
2021-02-12T23:59:59+01:00,347,396,856,1283,916,1815,1230,2799,1297,1991,881,823,1150,1847,738,2398,146,222,519,841,596,1163,815,1948,849,1311,559,583,758,1308,544,1928,17915,14090,2424,0,428,0,0
2021-02-11T23:59:59+01:00,326,388,844,1255,910,1779,1214,2743,1278,1943,849,809,1140,1836,737,2388,142,203,504,798,573,1098,781,1842,824,1264,549,569,733,1269,531,1902,17803,13582,2423,0,213,0,0
2021-02-10T23:59:59+01:00,323,377,827,1224,899,1750,1205,2701,1268,1913,845,808,1124,1816,732,2372,136,188,446,728,538,1012,715,1732,787,1209,533,554,724,1247,521,1883,17774,12953,2352,0,58,0,0
2021-02-09T23:59:59+01:00,323,374,821,1210,889,1733,1190,2683,1254,1890,832,803,1109,1799,724,2356,117,164,392,641,493,873,636,1542,706,1045,473,465,610,1077,455,1656,17680,11345,2307,0,3,0,0
2021-02-08T23:59:59+01:00,322,373,819,1205,889,1728,1188,2678,1247,1882,827,800,1088,1772,711,2338,103,140,356,557,445,774,550,1324,603,914,401,386,533,880,361,1362,17562,9689,2304,0,1,0,0
2021-02-07T23:59:59+01:00,321,372,817,1204,888,1728,1188,2676,1247,1880,821,798,1086,1768,710,2337,101,139,354,552,443,770,547,1314,599,911,397,383,511,856,357,1348,17537,9582,2304,0,0,0,0
2021-02-06T23:59:59+01:00,321,371,817,1204,888,1727,1188,2676,1247,1879,820,795,1083,1764,710,2335,101,138,354,549,442,768,546,1311,596,911,394,379,460,782,329,1310,17522,9370,2303,0,0,0,0
2021-02-05T23:59:59+01:00,321,371,816,1202,888,1727,1188,2674,1246,1877,815,790,1060,1751,705,2322,93,134,347,542,426,750,522,1274,566,877,373,353,439,756,315,1275,17450,9042,2303,0,0,0,0
2021-02-04T23:59:59+01:00,318,363,811,1180,878,1704,1171,2646,1232,1857,792,774,1033,1721,699,2309,75,103,270,418,328,594,414,1036,459,704,298,287,334,598,255,1069,17208,7242,2280,0,0,0,0
2021-02-03T23:59:59+01:00,317,353,808,1163,876,1672,1164,2595,1214,1834,778,761,1014,1697,692,2296,59,71,183,293,253,445,296,754,339,507,199,204,235,441,181,798,17113,5258,2121,0,0,0,0
2021-02-02T23:59:59+01:00,316,348,804,1155,872,1649,1152,2571,1205,1818,775,755,1004,1685,691,2287,38,42,100,151,150,249,185,483,214,316,131,125,156,266,131,528,16967,3265,2120,0,0,0,0
2021-02-01T23:59:59+01:00,315,343,795,1140,867,1627,1146,2543,1202,1790,766,743,999,1676,686,2274,13,12,16,28,28,64,48,95,62,89,46,43,54,79,41,175,16792,893,2120,0,0,0,0
2021-01-31T23:59:59+01:00,308,341,780,1138,859,1616,1134,2531,1192,1782,761,737,989,1657,679,2263,12,12,14,26,26,61,41,89,58,82,42,43,50,71,38,164,16757,829,2010,0,0,0,0
2021-01-30T23:59:59+01:00,308,341,780,1138,858,1616,1134,2531,1192,1782,760,737,989,1656,679,2263,12,10,14,26,26,61,40,89,57,80,42,42,49,71,38,163,16754,820,2010,0,0,0,0
2021-01-29T23:59:59+01:00,308,341,780,1138,858,1616,1134,2531,1192,1781,759,735,988,1655,679,2261,11,6,13,26,26,59,38,88,56,80,41,41,49,71,38,163,16747,806,2009,0,0,0,0
2021-01-28T23:59:59+01:00,304,334,764,1113,823,1559,1095,2468,1121,1731,718,724,959,1628,669,2245,4,0,3,9,11,21,17,42,19,39,20,21,23,46,16,97,16570,388,1685,0,0,0,0
2021-01-27T23:59:59+01:00,298,327,735,1075,777,1500,1034,2392,1052,1655,686,696,948,1610,667,2238,3,0,3,6,8,17,12,27,13,28,5,7,10,9,5,25,16127,178,1563,0,0,0,0
2021-01-26T23:59:59+01:00,272,313,720,1051,767,1452,1013,2313,1028,1595,673,685,927,1592,657,2221,3,0,1,6,6,7,11,11,5,12,3,3,6,6,2,16,16077,98,1202,0,0,0,0
2021-01-25T23:59:59+01:00,238,293,663,969,713,1333,971,2160,968,1473,629,632,848,1489,620,2159,3,0,1,6,6,7,11,11,5,12,3,3,6,6,2,16,15853,98,305,0,0,0,0
2021-01-24T23:59:59+01:00,219,282,638,962,696,1318,951,2144,956,1463,621,626,839,1469,611,2147,3,0,1,6,5,7,11,11,4,12,3,3,6,6,2,16,15681,96,261,0,0,0,0
2021-01-23T23:59:59+01:00,219,282,638,962,696,1318,951,2144,956,1463,621,626,839,1469,611,2147,3,0,1,6,5,7,10,11,4,12,3,3,6,6,2,16,15681,95,261,0,0,0,0
2021-01-22T23:59:59+01:00,167,263,585,953,675,1304,921,2132,945,1455,616,625,839,1469,611,2147,3,0,0,6,5,7,10,11,4,12,3,3,6,6,2,16,15446,94,261,0,0,0,0
2021-01-21T23:59:59+01:00,161,252,570,929,653,1264,883,2074,926,1413,609,604,825,1437,606,2132,3,0,0,6,4,7,10,11,4,12,3,3,6,6,2,15,15077,92,261,0,0,0,0
2021-01-20T23:59:59+01:00,152,231,526,861,629,1185,817,1961,893,1350,588,587,808,1415,598,2105,3,0,0,6,4,7,10,11,4,12,3,3,6,6,2,15,14447,92,259,0,0,0,0
2021-01-19T23:59:59+01:00,135,203,447,774,562,1038,731,1765,795,1206,534,523,708,1240,528,1871,3,0,0,6,4,7,10,11,4,12,3,3,6,6,2,15,12868,92,192,0,0,0,0
2021-01-18T23:59:59+01:00,113,164,378,620,469,864,600,1481,672,1032,468,457,631,1067,463,1620,1,0,0,0,0,0,0,0,0,0,0,0,0,1,0,0,11017,2,82,0,0,0,0
2021-01-17T23:59:59+01:00,109,162,374,615,468,857,597,1463,663,1024,465,450,602,1036,449,1576,1,0,0,0,0,0,0,0,0,0,0,0,0,1,0,0,10828,2,82,0,0,0,0
2021-01-16T23:59:59+01:00,109,159,372,607,465,849,586,1449,650,1016,450,436,503,898,389,1491,0,0,0,0,0,0,0,0,0,0,0,0,0,0,0,0,10427,0,2,0,0,0,0
2021-01-15T23:59:59+01:00,107,157,368,605,459,844,580,1440,631,1001,436,420,493,883,382,1470,0,0,0,0,0,0,0,0,0,0,0,0,0,0,0,0,10276,0,0,0,0,0,0
2021-01-14T23:59:59+01:00,83,124,306,498,380,683,468,1181,525,842,358,339,393,725,315,1262,0,0,0,0,0,0,0,0,0,0,0,0,0,0,0,0,8482,0,0,0,0,0,0
2021-01-13T23:59:59+01:00,66,92,219,372,301,515,360,864,396,610,245,239,286,542,235,963,0,0,0,0,0,0,0,0,0,0,0,0,0,0,0,0,6305,0,0,0,0,0,0
2021-01-12T23:59:59+01:00,44,58,132,222,183,310,223,561,251,378,154,146,183,357,164,660,0,0,0,0,0,0,0,0,0,0,0,0,0,0,0,0,4026,0,0,0,0,0,0
2021-01-11T23:59:59+01:00,14,17,45,58,43,91,67,130,77,112,64,56,80,113,48,218,0,0,0,0,0,0,0,0,0,0,0,0,0,0,0,0,1233,0,0,0,0,0,0
2021-01-10T23:59:59+01:00,14,16,33,47,35,73,55,122,70,102,55,52,75,101,45,207,0,0,0,0,0,0,0,0,0,0,0,0,0,0,0,0,1102,0,0,0,0,0,0
2021-01-09T23:59:59+01:00,14,15,30,46,35,73,52,121,69,99,55,51,74,100,43,206,0,0,0,0,0,0,0,0,0,0,0,0,0,0,0,0,1083,0,0,0,0,0,0
2021-01-08T23:59:59+01:00,10,9,30,42,33,69,49,120,68,98,52,46,68,96,40,206,0,0,0,0,0,0,0,0,0,0,0,0,0,0,0,0,1036,0,0,0,0,0,0
2021-01-07T23:59:59+01:00,5,2,10,23,18,35,26,89,32,63,32,27,46,80,27,161,0,0,0,0,0,0,0,0,0,0,0,0,0,0,0,0,676,0,0,0,0,0,0
2021-01-06T23:59:59+01:00,5,0,4,11,13,28,22,50,19,39,26,24,32,55,20,117,0,0,0,0,0,0,0,0,0,0,0,0,0,0,0,0,465,0,0,0,0,0,0
2021-01-05T23:59:59+01:00,5,0,4,11,13,28,22,50,19,39,26,24,32,54,20,117,0,0,0,0,0,0,0,0,0,0,0,0,0,0,0,0,464,0,0,0,0,0,0
2021-01-04T23:59:59+01:00,4,0,1,6,4,7,12,11,4,12,3,3,6,7,2,17,0,0,0,0,0,0,0,0,0,0,0,0,0,0,0,0,99,0,0,0,0,0,0
2021-01-03T23:59:59+01:00,3,0,1,6,4,7,11,11,4,12,3,3,6,7,2,16,0,0,0,0,0,0,0,0,0,0,0,0,0,0,0,0,96,0,0,0,0,0,0
2021-01-02T23:59:59+01:00,3,0,1,6,4,7,10,11,4,12,3,3,6,7,2,16,0,0,0,0,0,0,0,0,0,0,0,0,0,0,0,0,95,0,0,0,0,0,0
2021-01-01T23:59:59+01:00,3,0,0,6,4,7,10,11,4,12,3,3,6,6,2,16,0,0,0,0,0,0,0,0,0,0,0,0,0,0,0,0,93,0,0,0,0,0,0
2020-12-31T23:59:59+01:00,3,0,0,6,4,7,10,11,4,12,3,3,6,6,2,16,0,0,0,0,0,0,0,0,0,0,0,0,0,0,0,0,93,0,0,0,0,0,0
2020-12-30T23:59:59+01:00,3,0,0,6,4,7,10,11,4,12,3,3,6,6,2,16,0,0,0,0,0,0,0,0,0,0,0,0,0,0,0,0,93,0,0,0,0,0,0
2020-12-29T23:59:59+01:00,3,0,0,6,4,7,10,11,4,12,3,3,6,6,2,16,0,0,0,0,0,0,0,0,0,0,0,0,0,0,0,0,93,0,0,0,0,0,0
2020-12-28T23:59:59+01:00,3,0,0,6,4,7,10,11,4,12,3,3,6,6,2,16,0,0,0,0,0,0,0,0,0,0,0,0,0,0,0,0,93,0,0,0,0,0,0
2020-12-27T23:59:59+01:00,1,0,0,0,0,0,0,0,0,0,0,0,1,3,0,7,0,0,0,0,0,0,0,0,0,0,0,0,0,0,0,0,12,0,0,0,0,0,0
