Datum,<15_m,<15_w,15-24_1_m,15-24_1_w,25-34_1_m,25-34_1_w,35-44_1_m,35-44_1_w,45-54_1_m,45-54_1_w,55-64_1_m,55-64_1_w,65-74_1_m,65-74_1_w,75-84_1_m,75-84_1_w,>84_1_m,>84_1_w,<24_2_m,<24_2_w,25-34_2_m,25-34_2_w,35-44_2_m,35-44_2_w,45-54_2_m,45-54_2_w,55-64_2_m,55-64_2_w,65-74_2_m,65-74_2_w,75-84_2_m,75-84_2_w,>84_2_m,>84_2_w,bp_1,bp_2,mo_1,mo_2,az_1,az_2,ja,unb_1,unb_2
2021-08-07T23:59:59+02:00,2069,1832,21571,20713,31422,28835,32206,32197,37958,38464,41798,42106,27639,30839,19665,24673,5979,10110,15708,15227,26485,24339,29314,29051,35096,35323,39025,39425,26317,29324,18842,23466,5708,9593,311774,275466,44470,42526,77407,69630,16354,71,26
2021-08-06T23:59:59+02:00,2060,1824,21525,20677,31388,28803,32174,32180,37933,38445,41790,42091,27634,30832,19661,24673,5979,10110,14869,14410,25820,23784,29079,28859,34958,35188,38924,39322,26291,29307,18833,23459,5707,9591,311569,271849,44467,42506,77407,69409,16265,71,26
2021-08-05T23:59:59+02:00,2036,1799,21456,20613,31346,28749,32139,32137,37895,38412,41755,42064,27618,30816,19654,24664,5977,10107,14196,13850,25269,23333,28417,28394,34473,34794,38638,39102,26229,29236,18804,23428,5704,9581,311170,268366,44446,42461,77406,67927,16144,71,26
2021-08-04T23:59:59+02:00,2022,1791,21404,20579,31316,28702,32119,32105,37868,38394,41730,42048,27610,30805,19650,24656,5976,10105,13981,13656,25129,23192,28307,28269,34392,34715,38572,39039,26201,29198,18784,23407,5702,9577,310880,267065,44440,42435,77406,67886,16083,71,26
2021-08-03T23:59:59+02:00,2013,1775,21378,20553,31299,28688,32106,32096,37859,38381,41715,42036,27603,30799,19646,24649,5975,10103,13897,13570,25052,23118,28240,28213,34348,34673,38526,39006,26187,29178,18775,23399,5700,9571,310682,266395,44437,42434,77405,67860,16079,71,26
2021-08-02T23:59:59+02:00,2003,1755,21338,20519,31258,28669,32081,32066,37834,38366,41703,42021,27594,30788,19646,24642,5974,10099,13695,13364,24358,22581,27967,27997,34202,34561,38446,38944,26161,29146,18767,23394,5700,9569,310418,264025,44434,42420,77405,67635,16028,71,26
2021-08-01T23:59:59+02:00,1986,1739,21287,20472,31209,28632,32057,32049,37817,38347,41681,42004,27588,30782,19643,24633,5974,10098,13527,13205,24064,22330,27729,27786,34114,34452,38377,38872,26145,29127,18761,23388,5700,9567,310129,262348,44428,42408,77404,67612,15966,71,26
2021-07-31T23:59:59+02:00,1961,1709,21204,20398,31144,28596,32002,32011,37781,38319,41658,41983,27584,30774,19638,24629,5974,10098,12590,12182,23546,21890,27386,27433,33808,34155,37949,38531,26075,29042,18735,23344,5695,9561,309719,257339,44417,42373,77402,67046,15854,71,26
2021-07-30T23:59:59+02:00,1936,1690,21183,20376,31114,28577,31987,31995,37775,38312,41650,41975,27579,30771,19637,24629,5973,10098,12503,12107,23218,21602,27103,27222,33594,33997,37788,38400,26052,29025,18733,23336,5695,9559,309540,255917,44416,42365,77402,66499,15828,71,26
2021-07-29T23:59:59+02:00,1867,1621,20951,20144,30974,28432,31886,31887,37683,38223,41561,41915,27551,30747,19624,24611,5967,10090,11878,11577,22094,20767,26067,26384,32617,33309,37406,38111,25970,28924,18704,23289,5690,9552,308348,250332,44389,42281,77395,64745,15531,71,26
2021-07-28T23:59:59+02:00,1847,1606,20911,20095,30956,28405,31871,31866,37663,38203,41540,41895,27540,30735,19619,24601,5967,10088,11602,11281,21685,20387,25636,25955,32456,33160,37296,38021,25934,28875,18688,23268,5689,9547,308042,247448,44388,42279,77383,64685,15525,70,26
2021-07-27T23:59:59+02:00,1837,1600,20871,20054,30933,28373,31838,31852,37642,38171,41516,41881,27533,30728,19618,24596,5967,10085,11354,11070,21488,20199,25498,25836,32350,33059,37214,37940,25909,28838,18680,23259,5686,9543,307810,245987,44388,42274,77382,64613,15445,70,26
2021-07-26T23:59:59+02:00,1811,1566,20747,19940,30829,28276,31783,31790,37591,38105,41473,41851,27509,30710,19608,24583,5961,10082,11067,10747,20986,19762,25254,25630,32191,32910,37085,37854,25875,28803,18667,23237,5685,9535,307077,243718,44359,42163,77377,64409,15332,70,26
2021-07-25T23:59:59+02:00,1804,1557,20725,19929,30821,28267,31773,31776,37585,38099,41463,41842,27505,30708,19607,24581,5961,10081,10963,10641,20836,19654,25020,25437,31953,32704,36943,37722,25858,28789,18661,23230,5684,9532,306969,242465,44349,42147,77370,64000,15326,70,26
2021-07-24T23:59:59+02:00,1784,1542,20645,19856,30779,28229,31738,31740,37559,38071,41440,41830,27498,30703,19604,24579,5961,10081,10901,10588,20760,19592,24948,25376,31900,32673,36914,37702,25852,28785,18659,23228,5684,9532,306628,242099,44338,42124,77366,63934,15237,70,26
2021-07-23T23:59:59+02:00,1729,1507,20456,19715,30617,28118,31650,31671,37492,38019,41400,41788,27487,30687,19599,24573,5960,10076,10646,10385,20398,19290,24149,24733,31422,32345,36354,37246,25809,28743,18643,23211,5683,9530,305811,239253,44329,42080,77349,62547,14985,70,25
2021-07-22T23:59:59+02:00,1666,1451,20147,19448,30379,27939,31519,31558,37364,37915,41302,41707,27461,30664,19588,24550,5956,10075,10188,10011,19657,18781,23198,24066,30716,31758,35325,36488,25698,28647,18610,23179,5681,9526,304351,235661,44296,41418,77345,60037,14627,70,25
2021-07-21T23:59:59+02:00,1651,1443,20111,19401,30352,27910,31497,31535,37344,37890,41281,41684,27452,30656,19583,24544,5951,10071,9878,9676,19199,18331,22332,23305,30382,31425,35096,36292,25615,28550,18579,23127,5673,9516,304033,232930,44290,39739,77343,59865,14620,70,22
2021-07-20T23:59:59+02:00,1645,1438,20079,19374,30325,27889,31473,31517,37328,37875,41271,41673,27437,30642,19583,24537,5951,10068,9612,9398,18869,18062,22064,23020,30207,31271,34932,36147,25569,28505,18564,23093,5672,9512,303797,230548,44288,39730,77342,59766,14608,70,22
2021-07-19T23:59:59+02:00,1634,1430,19966,19286,30245,27817,31415,31464,37309,37856,41256,41655,27432,30631,19577,24530,5950,10065,9413,9201,18556,17787,21602,22603,29954,31040,34812,36046,25535,28467,18546,23077,5672,9509,303225,228919,44282,38793,77341,59652,14600,70,22
2021-07-18T23:59:59+02:00,1623,1425,19899,19222,30120,27718,31352,31401,37247,37805,41215,41604,27412,30601,19568,24515,5946,10062,9304,9087,18392,17639,21413,22413,29786,30842,34699,35946,25505,28444,18535,23060,5672,9503,302453,227675,44282,38493,77339,59611,14591,70,22
2021-07-17T23:59:59+02:00,1622,1421,19892,19220,30120,27716,31352,31397,37242,37803,41211,41602,27411,30600,19567,24515,5946,10062,9283,9072,18360,17618,21395,22400,29776,30835,34680,35942,25502,28442,18535,23059,5672,9503,302421,227523,44282,38490,77339,59600,14587,70,22
2021-07-16T23:59:59+02:00,1569,1376,19618,18972,29995,27620,31269,31326,37187,37741,41171,41570,27392,30583,19560,24505,5944,10056,9170,8959,17991,17323,21093,22133,29391,30482,34549,35839,25479,28419,18528,23046,5670,9501,301429,226283,44260,37788,77337,59269,14358,70,20
2021-07-15T23:59:59+02:00,1511,1333,19357,18725,29816,27473,31162,31227,37106,37660,41104,41503,27350,30553,19544,24491,5940,10053,8808,8655,17077,16493,19550,20910,28474,29560,33931,35260,25313,28239,18473,22997,5664,9489,300164,220188,44218,36336,77329,58347,14127,70,20
2021-07-14T23:59:59+02:00,1498,1321,19328,18689,29793,27447,31139,31196,37095,37647,41085,41497,27342,30546,19535,24484,5939,10050,8521,8358,16525,15894,19058,20394,27912,29061,33539,34885,25201,28112,18434,22931,5659,9478,299894,216030,44216,35978,77326,57921,14125,70,20
2021-07-13T23:59:59+02:00,1486,1312,19291,18664,29776,27423,31118,31181,37080,37620,41061,41469,27333,30532,19533,24479,5938,10044,8219,8097,16128,15539,18784,20116,27649,28813,33269,34629,25103,27992,18401,22890,5657,9473,299613,213339,44215,35943,77325,57429,14117,70,20
2021-07-12T23:59:59+02:00,1471,1302,19247,18647,29743,27394,31101,31160,37068,37603,41044,41454,27330,30528,19531,24473,5937,10044,7959,7881,15848,15264,18085,19571,27336,28493,32857,34268,24936,27800,18342,22815,5651,9468,299360,212062,44214,34014,77325,56453,14108,70,20
2021-07-11T23:59:59+02:00,1463,1294,19217,18618,29713,27365,31086,31132,37060,37582,41030,41442,27321,30519,19529,24473,5936,10043,7915,7834,15783,15193,17997,19517,27252,28431,32745,34206,24882,27755,18322,22793,5651,9465,299118,211488,44212,34003,77323,56210,14100,70,20
2021-07-10T23:59:59+02:00,1334,1178,18717,18201,29271,27073,30804,30902,36816,37423,40830,41292,27249,30459,19503,24441,5933,10040,7785,7765,15502,15059,17781,19369,27012,28291,32581,34089,24817,27709,18306,22780,5650,9465,296929,211071,44079,33886,77294,55969,13094,70,20
2021-07-09T23:59:59+02:00,1324,1172,18690,18171,29251,27056,30792,30889,36806,37411,40819,41284,27245,30455,19501,24437,5933,10039,7743,7718,15432,14993,17718,19276,26793,28061,32332,33876,24754,27646,18284,22754,5650,9462,296789,210793,44060,33883,77293,54807,13063,70,20
2021-07-08T23:59:59+02:00,1248,1092,18424,17959,29106,26907,30656,30772,36704,37309,40721,41207,27211,30420,19482,24419,5928,10035,7577,7585,15136,14746,17289,18917,26103,27464,32062,33611,24587,27489,18226,22692,5647,9456,295532,209668,44006,32466,77285,53791,12707,70,20
2021-07-07T23:59:59+02:00,1150,1000,18114,17635,28909,26724,30529,30650,36591,37189,40615,41123,27177,30372,19468,24402,5925,10032,7381,7374,14695,14379,16825,18475,25349,26856,31655,33232,24324,27165,18131,22598,5638,9447,293965,206753,43958,31631,77274,52836,12338,70,20
2021-07-06T23:59:59+02:00,1127,984,18037,17571,28865,26675,30479,30604,36555,37154,40581,41091,27160,30347,19457,24389,5923,10029,7165,7142,14352,14023,16477,18126,24602,26210,31356,32968,24134,26951,18083,22527,5631,9440,293395,204701,43955,30227,77273,51945,12335,70,20
2021-07-05T23:59:59+02:00,1084,956,17964,17507,28822,26619,30441,30570,36531,37110,40553,41065,27154,30333,19451,24383,5923,10024,6936,6952,14049,13754,16125,17761,24055,25703,30791,32403,23855,26652,17975,22387,5623,9430,292913,203208,43953,28141,77269,50815,12285,70,20
2021-07-04T23:59:59+02:00,1062,941,17894,17458,28783,26598,30420,30541,36521,37100,40538,41053,27148,30322,19446,24380,5923,10023,6910,6935,13995,13708,16051,17703,23971,25648,30638,32312,23763,26563,17943,22346,5621,9426,292599,202819,43952,28132,77258,50308,12272,70,20
2021-07-03T23:59:59+02:00,646,569,16167,15740,27613,25676,29623,29826,35881,36490,40041,40623,26991,30155,19379,24294,5914,10006,6526,6694,13481,13405,15649,17401,23610,25371,30334,32118,23667,26469,17910,22308,5617,9422,285100,202528,43913,28056,77175,50020,9376,70,20
2021-07-02T23:59:59+02:00,607,531,16037,15595,27452,25530,29544,29766,35851,36463,40022,40610,26985,30145,19376,24291,5914,10006,6478,6623,13407,13304,15561,17271,23467,25189,30181,31953,23474,26259,17821,22230,5615,9419,284199,201847,43913,27898,77173,49135,9370,70,20
2021-07-01T23:59:59+02:00,549,486,15860,15441,27234,25376,29467,29689,35796,36412,39956,40566,26965,30128,19365,24279,5912,10002,6339,6494,13068,13033,15036,16836,22205,24206,29421,31275,23196,25972,17703,22096,5608,9404,283016,198326,43908,26236,77161,47999,9328,70,20
2021-06-30T23:59:59+02:00,520,466,15756,15335,27125,25293,29401,29620,35741,36362,39913,40530,26950,30097,19355,24262,5908,10002,6147,6317,12638,12652,14467,16289,21583,23614,28831,30747,22777,25508,17573,21912,5601,9392,282205,194092,43905,26212,77155,46437,9301,70,20
2021-06-29T23:59:59+02:00,463,416,14996,14668,26864,25071,29307,29521,35662,36281,39845,40483,26930,30074,19348,24249,5908,10000,6035,6193,12382,12389,14073,15893,20795,22995,28249,30198,22330,24985,17421,21737,5593,9382,279708,190954,43904,25704,77147,44727,9257,70,20
2021-06-28T23:59:59+02:00,427,385,14369,14030,26708,24967,29233,29455,35606,36216,39801,40450,26912,30054,19340,24238,5908,9996,5968,6098,12203,12250,13885,15717,20175,22449,27850,29828,21994,24628,17293,21574,5588,9378,277779,189273,43900,25051,77143,43342,9203,70,20
2021-06-27T23:59:59+02:00,350,318,14024,13654,26644,24908,29193,29420,35584,36194,39784,40437,26901,30047,19337,24235,5907,9995,5932,6055,12089,12136,13741,15588,19625,21976,27244,29331,21717,24293,17173,21451,5584,9377,276662,188441,43898,23536,77132,42156,9170,70,20
2021-06-26T23:59:59+02:00,349,318,14013,13643,26628,24897,29187,29414,35578,36193,39781,40436,26900,30046,19337,24235,5907,9995,5927,6052,12077,12133,13735,15584,19612,21965,27199,29296,21572,24163,17133,21395,5583,9375,276590,188415,43896,23532,77132,41676,9169,70,20
2021-06-25T23:59:59+02:00,225,205,12753,12424,25165,23755,28887,29180,35472,36111,39716,40374,26876,30019,19328,24224,5905,9993,5884,6005,11981,12054,13593,15462,19303,21727,26815,28937,21249,23771,16960,21198,5580,9366,270367,187193,43892,23249,77117,40268,9166,70,20
2021-06-24T23:59:59+02:00,161,151,11783,11595,24055,22876,28522,28831,35325,35946,39604,40271,26841,29969,19317,24200,5903,9989,5668,5774,11523,11638,13016,14872,17774,20332,25177,27346,20480,22921,16645,20792,5570,9356,265149,182222,43875,19641,77113,37878,9133,69,20
2021-06-23T23:59:59+02:00,125,125,11423,11273,23558,22507,28276,28589,35148,35820,39515,40184,26811,29943,19309,24163,5901,9978,5595,5661,11312,11423,12717,14521,17383,19923,24430,26581,19690,22173,16453,20540,5562,9340,262548,179873,43869,19029,77108,35338,9054,69,20
2021-06-22T23:59:59+02:00,104,112,11240,11061,23400,22364,28196,28517,35072,35758,39469,40139,26796,29919,19301,24155,5901,9977,5486,5541,11046,11167,12350,14151,16781,19328,23703,25815,19311,21749,16290,20362,5555,9324,261402,176848,43866,18169,77106,33891,9038,69,20
2021-06-21T23:59:59+02:00,91,100,10988,10876,22568,21693,27946,28292,35006,35696,39405,40098,26780,29901,19295,24146,5901,9976,5367,5437,10831,10947,12044,13831,16390,18983,23258,25349,19021,21436,16186,20243,5549,9322,258814,175392,43860,17156,77101,32718,8914,69,20
2021-06-20T23:59:59+02:00,85,99,10924,10786,22322,21477,27689,28095,34926,35618,39360,40054,26771,29887,19293,24142,5899,9973,5326,5382,10746,10847,11949,13731,16195,18800,22988,25111,18920,21330,16133,20185,5543,9318,257536,175087,43858,16097,77100,32468,8837,69,20
2021-06-19T23:59:59+02:00,84,95,10900,10762,22289,21453,27671,28082,34914,35614,39350,40050,26770,29886,19293,24140,5899,9973,5295,5350,10665,10757,11857,13610,16047,18648,22681,24752,18834,21243,16121,20172,5542,9318,257382,174983,43837,14602,77100,32455,8837,69,20
2021-06-18T23:59:59+02:00,81,93,10853,10711,21972,21131,27407,27867,34861,35577,39319,40028,26762,29877,19292,24137,5899,9971,5280,5341,10635,10727,11817,13562,15986,18586,22596,24656,18668,21062,16076,20106,5541,9313,255997,174589,43836,14601,77099,31910,8837,69,20
2021-06-17T23:59:59+02:00,72,85,10275,10282,20700,20175,26548,27136,34493,35252,39066,39840,26698,29795,19272,24101,5892,9967,5082,5202,10260,10474,11376,13163,15306,17977,21234,23350,18214,20577,15913,19935,5537,9298,250240,169314,43818,14029,77088,31106,8434,69,20
2021-06-16T23:59:59+02:00,64,73,9940,9970,20020,19546,25910,26534,34246,35052,38908,39692,26656,29742,19249,24078,5891,9963,4939,5056,9874,10139,10917,12714,14607,17288,20387,22424,17812,20133,15746,19724,5527,9286,246414,165556,43806,12755,77075,30077,8170,69,20
2021-06-15T23:59:59+02:00,49,68,9695,9729,19724,19298,25687,26336,34118,34947,38812,39612,26627,29706,19242,24063,5886,9959,4834,4946,9635,9922,10688,12456,14187,16862,19791,21850,17495,19748,15528,19497,5518,9275,244651,163497,43794,11669,77069,29077,7975,69,19
2021-06-14T23:59:59+02:00,45,63,9562,9604,19425,19038,25512,26193,33998,34868,38751,39573,26610,29686,19236,24052,5886,9956,4753,4884,9446,9783,10515,12320,13926,16648,19475,21557,17331,19592,15427,19365,5517,9271,243457,162045,43792,11667,77065,28408,7676,68,19
2021-06-13T23:59:59+02:00,43,59,9402,9474,19136,18853,25161,25939,33797,34701,38646,39506,26595,29674,19226,24045,5886,9953,4672,4818,9237,9618,10351,12150,13603,16312,19127,21228,17204,19444,15380,19300,5515,9269,241815,161200,43792,11667,77062,26987,7359,68,19
2021-06-12T23:59:59+02:00,43,59,9393,9460,19123,18840,25161,25934,33797,34698,38643,39505,26595,29674,19226,24045,5886,9953,4669,4804,9227,9558,10319,12048,13554,16158,19072,21092,17095,19319,15264,19198,5513,9267,241769,161173,43792,11665,77058,25956,7348,68,19
2021-06-11T23:59:59+02:00,38,55,9236,9278,18890,18629,24362,25261,33620,34545,38510,39393,26562,29641,19216,24022,5886,9948,4592,4689,9010,9303,10060,11755,13033,15611,18101,20201,16909,19123,15224,19154,5510,9264,238860,157171,43791,11664,77055,25371,7318,68,19
2021-06-10T23:59:59+02:00,36,51,8842,8944,18238,18140,23513,24583,33301,34265,38309,39229,26505,29586,19193,23994,5883,9941,4417,4512,8432,8812,9258,11037,11888,14513,16122,18298,16022,18166,14939,18789,5501,9242,235243,147542,43132,11631,77029,23679,7082,67,18
2021-06-09T23:59:59+02:00,19,33,8393,8440,17404,17414,22361,23541,32812,33799,38024,39011,26396,29482,19147,23937,5873,9928,4281,4399,8145,8548,9015,10784,11558,14147,15639,17753,15652,17737,14698,18505,5494,9232,231265,145724,41243,11589,76993,21776,6484,29,18
2021-06-08T23:59:59+02:00,11,21,8075,8125,16933,16997,21943,23176,32567,33606,37862,38881,26352,29442,19137,23914,5870,9923,4161,4317,7891,8294,8710,10439,11202,13800,14999,17052,15199,17215,14437,18228,5489,9214,228541,144027,41211,10470,76984,20066,6070,29,18
2021-06-07T23:59:59+02:00,8,17,7879,7893,16575,16673,21399,22721,32287,33336,37745,38765,26326,29394,19120,23888,5865,9922,4085,4237,7710,8153,8550,10297,11032,13628,14689,16727,15003,16962,14264,18037,5485,9209,226921,142950,40239,10378,76973,19074,5652,28,18
2021-06-06T23:59:59+02:00,6,14,7772,7784,16441,16528,21204,22514,32061,33112,37611,38659,26298,29369,19107,23872,5865,9916,4056,4202,7664,8035,8498,10169,10928,13483,14494,16511,14821,16784,14175,17917,5478,9203,225691,142472,39940,10368,76955,18045,5519,28,18
2021-06-05T23:59:59+02:00,6,14,7750,7770,16412,16501,21197,22511,32051,33106,37609,38658,26297,29369,19106,23871,5865,9916,4047,4163,7649,7970,8484,10036,10914,13312,14476,16406,14784,16729,14166,17907,5478,9202,225582,142391,39940,10368,76954,17445,5505,28,18
2021-06-04T23:59:59+02:00,6,12,7636,7668,16133,16265,20921,22265,31629,32733,37496,38537,26264,29330,19094,23858,5863,9914,4040,4154,7623,7947,8458,10006,10847,13239,14371,16276,14703,16636,14129,17863,5478,9200,223990,142058,39166,10039,76935,17354,5505,28,18
2021-06-03T23:59:59+02:00,4,12,7381,7440,15257,15483,19287,20873,30718,31804,36993,38078,26133,29197,19050,23807,5857,9896,3980,4116,7535,7876,8336,9908,10679,13058,13804,15707,14443,16324,14044,17758,5475,9187,217372,139850,37589,9930,76925,17080,5356,28,18
2021-06-02T23:59:59+02:00,4,12,7246,7296,14872,15055,18855,20472,30249,31350,36767,37814,26069,29133,19030,23778,5854,9894,3950,4086,7471,7790,8248,9817,10539,12927,13359,15277,14320,16141,14017,17721,5472,9182,214287,138065,37158,9837,76924,17048,5353,28,18
2021-06-01T23:59:59+02:00,4,9,6970,7051,14476,14743,18512,20154,29922,31039,36544,37580,26013,29054,19006,23749,5852,9883,3848,4000,7229,7614,8016,9624,10276,12653,12957,14855,13889,15691,13901,17569,5465,9174,211544,135951,37113,9583,76903,16240,4973,28,18
2021-05-31T23:59:59+02:00,4,9,6807,6861,14257,14510,17808,19552,29581,30701,36247,37317,25923,28957,18980,23695,5842,9870,3769,3889,7021,7368,7793,9339,9935,12271,12518,14337,13361,15078,13702,17340,5457,9159,210117,132778,35065,9260,76886,15460,4825,28,18
2021-05-30T23:59:59+02:00,4,9,6784,6846,14211,14472,17731,19493,29531,30663,36216,37294,25911,28945,18977,23689,5841,9868,3726,3815,6873,7162,7645,9109,9731,11961,12262,13991,13240,14909,13634,17258,5454,9152,209822,132061,35053,9159,76832,13938,4750,28,18
2021-05-29T23:59:59+02:00,4,9,6782,6845,14202,14466,17726,19487,29526,30659,36213,37293,25909,28942,18977,23688,5841,9868,3717,3802,6844,7129,7612,9058,9695,11915,12189,13893,13199,14841,13604,17234,5453,9147,209790,131922,35053,9158,76817,13489,4749,28,18
2021-05-28T23:59:59+02:00,4,9,6772,6833,14187,14449,17709,19466,29515,30646,36202,37275,25908,28938,18975,23684,5841,9868,3703,3779,6822,7089,7578,9004,9642,11811,11949,13624,13011,14650,13574,17194,5450,9144,209639,130634,35052,9157,76814,13470,4748,28,18
2021-05-27T23:59:59+02:00,4,9,6681,6752,13919,14232,17224,19119,28837,30104,36043,37144,25862,28904,18960,23670,5840,9862,3578,3619,6535,6837,7202,8698,9144,11253,11240,12730,12461,14083,13444,17002,5443,9132,208563,127125,33612,8828,76772,12242,4191,28,18
2021-05-26T23:59:59+02:00,4,9,6610,6644,13706,14030,16971,18812,28294,29593,35868,36969,25825,28859,18945,23646,5839,9857,3488,3476,6310,6548,6915,8272,8805,10775,10590,11933,11900,13468,13298,16787,5438,9110,206976,123521,32858,8646,76759,11071,3860,28,18
2021-05-25T23:59:59+02:00,4,9,6529,6549,13501,13809,16708,18602,27570,28947,35775,36872,25802,28831,18933,23630,5834,9856,3439,3385,6165,6380,6769,8082,8580,10484,10245,11568,11554,12994,13193,16626,5435,9102,206266,121686,31406,8507,76274,10005,3788,27,18
2021-05-24T23:59:59+02:00,4,9,6459,6452,13324,13609,16486,18319,27160,28522,35429,36474,25745,28763,18914,23606,5833,9854,3425,3363,6107,6298,6724,7999,8521,10389,10172,11471,11381,12762,13146,16535,5427,9082,205735,121063,29184,8462,76267,9513,3749,27,18
2021-05-23T23:59:59+02:00,4,9,6457,6451,13319,13600,16483,18309,27141,28512,35399,36440,25742,28757,18914,23600,5833,9854,3422,3359,6101,6288,6714,7992,8493,10359,10132,11414,11298,12661,13126,16504,5427,9081,205620,121057,29168,8050,76266,9506,3743,27,18
2021-05-22T23:59:59+02:00,4,9,6450,6447,13312,13589,16477,18305,27138,28511,35396,36434,25742,28757,18914,23600,5833,9854,3421,3359,6098,6285,6713,7988,8489,10357,10127,11411,11287,12647,13121,16500,5426,9081,205570,121017,29168,8050,76264,9485,3743,27,18
2021-05-21T23:59:59+02:00,4,9,6390,6387,13160,13483,16304,18154,26868,28335,34968,36167,25717,28721,18906,23594,5832,9850,3412,3349,6065,6264,6682,7954,8450,10308,10074,11361,10772,11934,12982,16340,5423,9076,204882,119262,29043,8047,75225,9450,3672,27,18
2021-05-20T23:59:59+02:00,3,8,6097,6186,12550,13066,15110,17231,24955,26840,34015,35399,25612,28576,18852,23513,5826,9835,3352,3304,5972,6147,6570,7800,8303,10149,9838,11056,10437,11485,12870,16159,5413,9063,200121,117281,27302,7971,72682,9108,3543,26,18
2021-05-19T23:59:59+02:00,3,8,5891,5945,12036,12608,14402,16527,24008,26027,33391,34802,25502,28486,18817,23457,5818,9823,3275,3231,5810,5977,6380,7560,8028,9869,9536,10677,10125,11071,12791,16014,5411,9055,194438,115375,27264,7776,72667,8488,3156,26,18
2021-05-18T23:59:59+02:00,3,7,5721,5836,11635,12286,13779,16028,22852,25077,32726,34196,25386,28351,18771,23407,5813,9814,3232,3203,5700,5871,6219,7402,7823,9659,9343,10439,9958,10823,12646,15794,5402,9046,189486,114247,26759,7708,72623,7796,2794,26,18
2021-05-17T23:59:59+02:00,3,6,5668,5791,11472,12179,13508,15806,22038,24443,32418,33882,25307,28292,18749,23377,5804,9805,3138,3133,5522,5692,6053,7196,7616,9441,9125,10202,9870,10700,12588,15731,5399,9041,187723,113538,26060,7702,72231,6684,2508,26,18
2021-05-16T23:59:59+02:00,3,6,5641,5771,11411,12124,13423,15726,21429,23896,31804,33352,25266,28249,18739,23362,5803,9805,3134,3111,5508,5623,6026,7137,7588,9339,9093,10118,9854,10681,12585,15728,5399,9041,186957,113428,24517,7695,71812,6330,2498,26,17
2021-05-15T23:59:59+02:00,3,6,5632,5762,11378,12115,13394,15716,21356,23825,31268,32978,25255,28244,18738,23359,5802,9804,3120,3096,5489,5581,6012,7062,7548,9224,8858,9864,9821,10650,12551,15677,5399,9040,186908,113423,24505,7557,71166,5968,2030,26,17
2021-05-14T23:59:59+02:00,3,6,5592,5737,11315,12077,13322,15651,20945,23513,30838,32633,25219,28198,18727,23342,5802,9802,3088,3056,5453,5492,5991,6928,7508,9022,8798,9670,9750,10540,12465,15552,5399,9037,186184,113255,24186,7228,70297,5223,2029,26,17
2021-05-13T23:59:59+02:00,3,6,5434,5579,10935,11782,12608,15063,18762,21765,29294,31167,24989,27955,18660,23270,5800,9799,3076,3021,5429,5453,5974,6871,7484,8951,8754,9611,9535,10297,12268,15253,5394,9027,182233,112899,20390,6416,68208,5055,2014,26,17
2021-05-12T23:59:59+02:00,2,6,5405,5552,10863,11724,12507,14975,18640,21641,28931,30803,24898,27860,18643,23241,5799,9794,3076,3017,5423,5447,5964,6857,7460,8936,8715,9557,9351,10068,12038,14933,5391,9020,181285,112619,19754,5557,68205,5049,2014,26,17
2021-05-11T23:59:59+02:00,2,6,5269,5448,10617,11478,12141,14602,18031,21006,28001,29835,24705,27671,18585,23167,5794,9779,3034,2976,5334,5292,5864,6674,7330,8696,8555,9335,9171,9875,11892,14746,5382,9002,177219,111589,18865,5448,68073,4153,1954,26,17
2021-05-10T23:59:59+02:00,2,5,5145,5370,10404,11283,11882,14348,17706,20674,27581,29428,24596,27564,18547,23120,5786,9775,2965,2923,5217,5175,5750,6571,7206,8555,8428,9228,9067,9751,11802,14618,5379,8994,175219,111060,18177,5436,67848,3173,1946,26,17
2021-05-09T23:59:59+02:00,2,5,5072,5322,10305,11169,11783,14230,17366,20393,27191,29055,24510,27478,18518,23084,5783,9772,2897,2892,5071,5132,5575,6528,7038,8526,8300,9193,9055,9741,11784,14598,5379,8994,174825,110984,16901,5426,67355,2348,1931,26,17
2021-05-08T23:59:59+02:00,2,5,5071,5321,10303,11165,11783,14230,17362,20391,27188,29052,24510,27478,18518,23084,5783,9772,2897,2891,5070,5132,5575,6528,7038,8526,8298,9193,9054,9740,11784,14598,5379,8994,174808,110981,16901,5426,67352,2345,1931,26,17
2021-05-07T23:59:59+02:00,2,5,5037,5295,10235,11112,11655,14106,16962,20116,26552,28494,24462,27427,18501,23050,5776,9743,2887,2883,5053,5122,5564,6509,7026,8515,8290,9182,9048,9732,11773,14576,5371,8967,173976,110966,16897,5414,65829,2302,1802,26,17
2021-05-06T23:59:59+02:00,1,5,4767,5134,9773,10768,11095,13590,15877,19096,24146,26207,23964,26902,18395,22947,5771,9729,2845,2839,4986,5047,5524,6418,6943,8396,8159,9032,8948,9622,11749,14526,5368,8964,168954,110427,14448,5358,62950,1776,1791,24,17
2021-05-05T23:59:59+02:00,1,5,4689,5057,9480,10538,10754,13264,15297,18491,23304,25246,23703,26578,18326,22841,5761,9711,2825,2803,4936,4961,5465,6297,6859,8231,8035,8817,8842,9491,11672,14442,5367,8956,165294,109490,13140,5353,62800,1353,1788,24,17
2021-05-04T23:59:59+02:00,1,5,4605,4966,9306,10332,10547,13022,14910,18092,22761,24682,23489,26305,18254,22762,5753,9698,2816,2769,4908,4886,5432,6179,6805,8091,7942,8663,8739,9381,11598,14384,5365,8953,163039,108994,12018,5343,62641,791,1768,24,17
2021-05-03T23:59:59+02:00,1,5,4533,4892,9114,10195,10370,12847,14627,17846,22352,24267,23350,26156,18227,22715,5753,9692,2740,2699,4821,4812,5356,6094,6709,7985,7761,8498,8653,9295,11559,14335,5362,8948,161535,108774,12017,5340,62549,681,817,24,17
2021-05-02T23:59:59+02:00,1,5,4520,4878,9037,10137,10245,12735,14301,17539,22050,23981,23300,26097,18208,22690,5752,9691,2734,2692,4761,4779,5266,6010,6572,7856,7644,8398,8607,9253,11535,14301,5360,8943,160649,108659,12014,5338,62445,664,35,24,17
2021-05-01T23:59:59+02:00,1,5,4520,4876,9035,10136,10244,12735,14298,17536,22048,23981,23299,26096,18208,22690,5752,9691,2734,2692,4761,4779,5266,6010,6571,7856,7644,8398,8607,9253,11535,14301,5360,8943,160633,108659,12014,5337,62445,664,35,24,17
2021-04-30T23:59:59+02:00,0,5,4448,4785,8793,9922,9982,12492,13816,17111,21207,23213,23173,25960,18192,22662,5749,9688,2731,2690,4750,4772,5257,5976,6559,7826,7610,8361,8603,9250,11534,14298,5358,8942,157043,108632,12013,5335,62116,533,2,24,17
2021-04-29T23:59:59+02:00,0,5,4299,4641,8312,9514,9284,11889,12816,16215,19366,21536,22469,25204,18054,22453,5743,9671,2708,2669,4709,4700,5214,5902,6497,7720,7531,8243,8493,9136,11469,14222,5352,8933,147882,108144,11999,5063,61565,274,2,23,17
2021-04-28T23:59:59+02:00,0,5,4266,4622,8241,9440,9208,11803,12698,16096,19149,21322,22381,25112,18026,22412,5741,9666,2705,2658,4683,4640,5187,5858,6467,7647,7483,8161,8476,9112,11453,14200,5351,8927,147503,107954,11909,4991,60752,48,1,23,16
2021-04-27T23:59:59+02:00,0,5,4226,4576,8103,9300,9095,11652,12553,15927,18701,20825,22153,24854,17961,22334,5738,9657,2702,2654,4681,4636,5177,5850,6454,7628,7451,8124,8418,9033,11372,14120,5347,8924,146778,107699,10828,4819,60031,40,1,22,14
2021-04-26T23:59:59+02:00,0,5,4184,4548,7997,9205,8948,11547,12379,15754,18289,20461,22019,24708,17926,22306,5738,9656,2702,2652,4677,4633,5173,5840,6440,7608,7419,8096,8370,8985,11317,14042,5344,8907,146010,107595,10693,4563,58945,35,0,22,14
2021-04-25T23:59:59+02:00,0,5,4170,4533,7961,9175,8884,11485,12245,15624,17944,20131,21819,24471,17886,22251,5734,9651,2702,2652,4676,4632,5171,5836,6435,7605,7417,8092,8314,8926,11294,14014,5344,8906,144631,107574,10682,4396,58634,34,0,22,14
2021-04-24T23:59:59+02:00,0,5,4164,4525,7946,9171,8869,11475,12197,15594,17886,20093,21803,24458,17884,22246,5734,9651,2701,2652,4676,4632,5171,5836,6435,7605,7417,8092,8314,8926,11294,14014,5344,8906,144535,107574,10682,4396,58462,33,0,22,14
2021-04-23T23:59:59+02:00,0,5,4144,4492,7889,9108,8786,11374,11857,15269,17453,19696,21589,24225,17821,22169,5732,9643,2698,2650,4673,4629,5164,5829,6421,7596,7394,8061,8293,8899,11286,14006,5342,8903,143274,107562,10335,4238,57621,32,0,22,14
2021-04-22T23:59:59+02:00,0,5,4095,4427,7757,8916,8601,11115,11530,14849,16539,18712,21019,23518,17686,21989,5723,9624,2689,2644,4668,4609,5141,5803,6379,7560,7325,8015,8160,8744,11144,13854,5338,8894,139541,106945,10209,3985,56335,25,0,20,14
2021-04-21T23:59:59+02:00,0,5,4053,4384,7655,8797,8445,10957,11237,14570,15806,17955,20641,23070,17614,21884,5718,9611,2681,2633,4650,4590,5125,5782,6367,7543,7298,7994,8111,8683,11107,13815,5336,8892,136633,106666,10080,3907,55673,23,0,16,13
2021-04-20T23:59:59+02:00,0,5,4028,4358,7620,8745,8368,10877,11075,14395,15371,17478,20180,22556,17514,21732,5710,9600,2673,2624,4640,4577,5100,5762,6339,7519,7258,7954,8017,8551,11033,13728,5332,8888,134488,106095,9816,3867,55292,22,0,16,13
2021-04-19T23:59:59+02:00,0,5,3997,4308,7558,8641,8276,10738,10918,14213,15118,17184,19702,21992,17348,21518,5699,9588,2668,2623,4634,4573,5087,5747,6320,7502,7232,7910,7964,8497,11007,13682,5329,8883,132426,105761,9462,3864,54899,22,0,16,13
2021-04-18T23:59:59+02:00,0,5,3979,4279,7498,8590,8170,10611,10659,13971,14627,16645,19272,21482,17226,21332,5695,9582,2667,2623,4634,4573,5087,5747,6319,7499,7229,7909,7960,8494,11005,13678,5328,8880,130012,105738,9392,3862,54203,21,0,16,13
2021-04-17T23:59:59+02:00,0,5,3976,4271,7478,8584,8160,10593,10617,13925,14517,16557,19151,21358,17204,21304,5693,9580,2667,2623,4633,4571,5082,5742,6305,7494,7204,7886,7914,8448,10986,13655,5327,8880,129574,105729,9383,3656,54000,21,0,16,13
2021-04-16T23:59:59+02:00,0,5,3965,4228,7406,8462,8057,10435,10423,13664,13848,15797,18583,20715,17079,21129,5682,9563,2664,2620,4628,4566,5078,5730,6288,7483,7166,7851,7608,8061,10895,13516,5319,8864,126731,104938,9323,3367,52971,21,0,16,13
2021-04-15T23:59:59+02:00,0,4,3921,4174,7293,8331,7887,10197,10088,13274,13119,14939,17775,19849,16837,20806,5669,9542,2663,2612,4616,4550,5065,5700,6258,7447,7096,7782,7052,7418,10777,13364,5315,8853,123080,103309,9165,3229,51444,19,0,16,13
2021-04-14T23:59:59+02:00,0,3,3894,4145,7227,8225,7781,10047,9914,13075,12701,14493,17250,19238,16686,20596,5664,9529,2630,2593,4598,4518,5036,5653,6223,7414,7039,7721,6422,6665,10515,13077,5311,8845,121693,101006,8932,3229,49827,14,0,16,13
2021-04-13T23:59:59+02:00,0,3,3891,4139,7190,8209,7724,10014,9806,13023,12328,14200,16561,18392,16450,20295,5660,9523,2606,2566,4578,4492,5011,5619,6164,7346,6950,7620,6210,6416,9944,12427,5303,8826,121003,98833,8714,3221,47675,14,0,16,12
2021-04-12T23:59:59+02:00,0,3,3877,4121,7137,8163,7668,9945,9698,12921,12081,13987,16118,17875,16263,20081,5655,9520,2577,2555,4512,4450,4904,5550,6049,7270,6832,7521,5467,5597,9496,11891,5263,8784,120668,95481,8678,3213,45751,14,0,16,12
2021-04-11T23:59:59+02:00,0,3,3864,4113,7096,8111,7609,9901,9605,12843,11843,13779,15554,17187,15988,19740,5650,9510,2501,2472,4383,4328,4749,5417,5886,7118,6680,7415,5165,5236,9365,11732,5263,8780,120081,93303,8250,3164,44049,13,0,16,12
2021-04-10T23:59:59+02:00,0,3,3846,4094,7057,8064,7565,9845,9545,12784,11751,13694,15337,16995,15939,19672,5649,9503,1942,1904,3564,3607,3875,4652,4881,6198,5825,6630,4892,4930,9237,11580,5257,8771,119617,84558,8250,3164,43460,13,0,16,12
2021-04-09T23:59:59+02:00,0,3,3826,4074,7019,8035,7501,9789,9392,12656,11424,13409,14155,15465,15498,19141,5637,9493,1083,1077,2208,2415,2368,3281,3096,4557,4207,5168,4210,4198,8990,11227,5233,8742,117723,68876,8248,3161,40530,13,0,16,12
2021-04-08T23:59:59+02:00,0,3,3800,4058,6958,7982,7398,9695,9206,12537,11020,13055,13022,14211,15089,18620,5618,9463,582,588,1290,1710,1462,2349,1996,3472,2824,3782,2968,2800,8191,10252,5093,8522,116482,54702,8167,3158,37070,11,0,16,12
2021-04-07T23:59:59+02:00,0,3,3753,4033,6880,7928,7306,9625,9078,12408,10710,12747,12295,13440,14872,18355,5612,9444,351,371,939,1365,1056,1963,1486,3009,1880,2775,1786,1514,7287,9114,4938,8263,115521,44921,8016,3158,34937,8,0,15,12
2021-04-06T23:59:59+02:00,0,3,3737,4021,6858,7890,7251,9558,8985,12328,10499,12529,11910,12945,14651,18057,5601,9430,344,357,931,1355,1041,1942,1459,2981,1821,2716,1707,1448,6878,8562,4788,8026,114241,43182,7917,3157,34082,7,0,13,12
2021-04-05T23:59:59+02:00,0,3,3732,4020,6847,7878,7239,9548,8966,12300,10435,12470,11799,12800,14553,17965,5599,9427,342,351,920,1351,1035,1934,1449,2961,1800,2682,1654,1395,6651,8260,4666,7844,113906,42122,7896,3156,33766,7,0,13,12
2021-04-04T23:59:59+02:00,0,3,3732,4020,6845,7872,7238,9547,8963,12300,10425,12465,11796,12796,14550,17964,5599,9427,342,350,918,1351,1034,1932,1448,2960,1798,2679,1651,1390,6644,8247,4661,7841,113901,42074,7895,3155,33733,7,0,13,12
2021-04-03T23:59:59+02:00,0,3,3732,4020,6845,7871,7237,9547,8963,12300,10424,12465,11796,12795,14548,17962,5599,9427,342,349,916,1347,1032,1931,1447,2955,1796,2679,1646,1378,6601,8166,4626,7806,113897,41845,7895,3155,33729,7,0,13,12
2021-04-02T23:59:59+02:00,0,3,3730,4018,6843,7868,7231,9541,8951,12293,10408,12449,11669,12681,14505,17905,5595,9419,340,347,914,1340,1026,1920,1432,2930,1756,2640,1551,1292,5839,7268,4194,7244,113774,39183,7890,2833,33432,7,0,13,12
2021-04-01T23:59:59+02:00,0,2,3691,4006,6809,7846,7189,9510,8899,12254,10337,12379,11329,12274,14132,17396,5591,9406,335,344,898,1325,1014,1901,1400,2884,1697,2576,1428,1199,4909,6165,3644,6423,113391,35297,6488,2828,33158,7,0,13,12
2021-03-31T23:59:59+02:00,0,2,3685,4002,6794,7827,7172,9492,8864,12222,10249,12307,10999,11869,13788,16903,5585,9385,332,341,890,1317,1004,1886,1380,2856,1647,2541,1363,1147,4336,5500,3297,5965,112818,33030,5491,2755,32823,7,0,13,12
2021-03-30T23:59:59+02:00,0,2,3667,3978,6758,7788,7115,9425,8775,12118,10087,12152,10741,11592,13565,16637,5579,9371,328,334,884,1307,997,1880,1357,2850,1619,2515,1336,1121,4218,5378,3237,5873,111997,32658,5241,2559,32099,7,0,13,12
2021-03-29T23:59:59+02:00,0,2,3658,3956,6732,7766,7075,9372,8679,12023,9905,11945,10309,11124,13192,16170,5562,9338,323,330,880,1297,991,1872,1349,2839,1603,2506,1311,1107,4085,5235,3140,5742,110324,32041,4933,2553,31538,6,0,13,12
2021-03-28T23:59:59+02:00,0,2,3616,3901,6617,7609,6958,9231,8552,11830,9753,11755,10098,10864,13016,15984,5557,9328,323,330,880,1297,989,1871,1348,2839,1602,2504,1302,1104,4052,5193,3114,5717,109951,31999,4669,2451,30038,5,0,13,12
2021-03-27T23:59:59+01:00,0,2,3615,3890,6605,7544,6929,9117,8502,11659,9701,11601,9984,10741,12922,15896,5556,9328,323,329,880,1297,989,1868,1348,2837,1598,2503,1300,1102,4026,5158,3101,5702,109942,31896,4669,2450,28968,5,0,13,12
2021-03-26T23:59:59+01:00,0,2,3609,3882,6577,7507,6900,9044,8454,11547,9610,11473,9935,10678,12876,15842,5549,9308,318,327,879,1294,985,1856,1345,2816,1577,2489,1275,1086,3846,4936,2995,5549,109886,31149,4449,2409,28445,5,0,13,12
2021-03-25T23:59:59+01:00,0,2,3586,3851,6486,7380,6808,8880,8263,11315,9301,11157,9557,10296,12573,15527,5544,9299,318,326,877,1286,982,1845,1332,2803,1553,2470,1249,1067,3613,4694,2745,5215,109513,29952,4242,2409,26057,4,0,13,12
2021-03-24T23:59:59+01:00,0,2,3531,3800,6398,7194,6688,8654,8096,11080,9076,10832,9142,9809,12156,15068,5533,9289,318,325,876,1283,977,1843,1324,2799,1537,2454,1241,1057,3547,4621,2564,4994,109002,29340,4105,2409,23228,1,0,13,12
2021-03-23T23:59:59+01:00,0,2,3513,3767,6349,7138,6612,8595,7978,10951,8828,10599,8722,9340,11705,14549,5524,9274,318,325,875,1273,972,1834,1319,2790,1533,2446,1217,1032,3455,4545,2372,4677,108189,28563,4012,2409,21232,1,0,13,12
2021-03-22T23:59:59+01:00,0,2,3505,3747,6306,7109,6578,8548,7912,10875,8679,10463,8442,8987,11402,14224,5488,9235,316,320,869,1263,964,1827,1312,2779,1524,2436,1205,1023,3427,4510,2353,4644,107518,28353,4009,2408,19962,1,0,13,12
2021-03-21T23:59:59+01:00,0,2,3503,3745,6302,7098,6561,8532,7893,10856,8623,10406,8322,8870,11332,14122,5486,9232,314,319,860,1260,957,1820,1303,2777,1520,2432,1201,1020,3418,4495,2339,4635,107433,28251,4008,2408,19431,1,0,13,12
2021-03-20T23:59:59+01:00,0,2,3495,3707,6294,7026,6546,8395,7868,10672,8579,10270,8244,8784,11294,14083,5486,9232,314,319,860,1260,957,1820,1302,2777,1520,2430,1201,1020,3418,4494,2339,4634,107400,28247,3796,2407,18768,1,0,13,12
2021-03-19T23:59:59+01:00,0,2,3482,3677,6268,6943,6522,8302,7822,10555,8465,10109,7707,8178,11110,13842,5476,9214,311,318,855,1253,940,1810,1279,2746,1470,2385,1117,953,2754,3706,1928,4065,105788,25472,3496,2407,18377,1,0,13,12
2021-03-18T23:59:59+01:00,0,2,3471,3659,6227,6902,6489,8240,7759,10470,8350,9980,6752,7084,10831,13542,5466,9189,310,318,852,1248,934,1801,1260,2738,1445,2366,1080,936,2547,3467,1772,3844,102775,24500,3339,2407,18286,1,0,13,12
2021-03-17T23:59:59+01:00,0,2,3434,3621,6156,6818,6436,8137,7669,10342,8220,9822,6072,6244,10545,13239,5449,9163,309,318,845,1243,930,1789,1246,2716,1427,2341,1044,914,2428,3342,1693,3735,100010,23902,3338,2407,18008,1,0,13,12
2021-03-16T23:59:59+01:00,0,2,3416,3592,6117,6765,6391,8064,7616,10278,8130,9721,5895,6069,9848,12455,5410,9100,302,308,831,1227,918,1780,1240,2696,1414,2333,1030,895,2215,3104,1560,3540,97785,22977,3328,2405,17743,1,0,13,12
2021-03-15T23:59:59+01:00,0,2,3379,3560,6021,6686,6262,7972,7474,10159,8001,9596,5143,5236,9405,11907,5367,9030,301,307,828,1223,917,1773,1238,2683,1405,2324,1017,883,2073,2931,1474,3447,94277,22409,3321,2404,17589,1,0,13,12
2021-03-14T23:59:59+01:00,0,2,3254,3413,5743,6340,5986,7611,7160,9745,7716,9281,4810,4845,9248,11710,5363,9020,301,306,828,1223,916,1773,1236,2682,1403,2321,1015,881,2070,2928,1471,3446,91883,22388,3266,2401,16085,1,0,13,12
2021-03-13T23:59:59+01:00,0,2,2600,2751,4802,5472,4968,6682,5965,8627,6701,8338,4497,4462,8865,11192,5273,8912,301,306,827,1221,916,1768,1233,2680,1402,2321,1015,880,2046,2892,1441,3411,81197,22248,3266,2401,15633,1,0,13,12
2021-03-12T23:59:59+01:00,0,2,1774,1930,3465,4322,3462,5348,4218,6988,5067,6832,3831,3759,7617,9645,4773,8233,297,303,825,1217,910,1761,1225,2661,1376,2304,969,855,1698,2430,1173,3060,62386,20652,3263,2401,15604,1,0,13,12
2021-03-11T23:59:59+01:00,0,2,1274,1453,2561,3583,2558,4409,3125,5899,3705,5448,2656,2482,5922,7535,4010,7059,292,294,809,1208,897,1738,1207,2632,1351,2258,932,835,1541,2201,1050,2872,45107,19706,3261,2401,15300,1,0,13,11
2021-03-10T23:59:59+01:00,0,2,1050,1235,2194,3222,2183,4018,2674,5458,2802,4481,1528,1285,4573,5818,3455,6291,282,284,791,1189,875,1702,1173,2559,1312,2192,907,815,1362,2011,954,2699,34097,18803,3261,2294,14898,1,0,13,11
2021-03-09T23:59:59+01:00,0,2,1034,1208,2128,3081,2118,3903,2589,5324,2718,4355,1494,1255,4498,5745,3416,6234,278,277,777,1168,858,1675,1148,2519,1294,2164,892,803,1285,1887,883,2589,33692,18237,3258,2250,14139,1,0,13,11
2021-03-08T23:59:59+01:00,0,2,1012,1177,2071,2982,2078,3821,2530,5211,2662,4283,1456,1235,4352,5587,3315,6093,278,273,772,1160,856,1666,1140,2511,1287,2148,868,782,1119,1662,760,2425,33003,17451,3258,2246,13593,1,0,13,11
2021-03-07T23:59:59+01:00,0,2,1007,1158,2031,2939,2036,3780,2490,5146,2621,4246,1451,1232,4345,5579,3313,6093,278,273,772,1160,856,1666,1140,2511,1286,2148,865,782,1110,1652,752,2414,32973,17451,3252,2205,13231,0,0,13,11
2021-03-06T23:59:59+01:00,0,2,1007,1154,2020,2925,2024,3761,2474,5119,2603,4225,1438,1222,4311,5535,3299,6081,278,273,772,1160,856,1665,1140,2511,1286,2148,865,782,1110,1652,752,2413,32829,17450,3251,2204,13107,0,0,13,11
2021-03-05T23:59:59+01:00,0,2,1003,1150,2005,2905,1994,3738,2431,5067,2550,4188,1402,1194,4045,5210,3149,5860,277,270,765,1153,850,1657,1137,2502,1283,2138,851,778,1102,1643,751,2411,32090,17355,2920,2204,12870,0,0,13,11
2021-03-04T23:59:59+01:00,0,2,909,1003,1917,2777,1926,3601,2355,4913,2460,4030,1372,1173,3805,4951,2885,5511,277,268,763,1148,848,1649,1136,2491,1279,2130,820,764,1090,1632,744,2399,30844,17248,2916,2181,11817,0,0,13,11
2021-03-03T23:59:59+01:00,0,2,863,896,1852,2681,1855,3496,2286,4797,2386,3946,1360,1160,3695,4846,2663,5239,276,266,762,1139,845,1631,1130,2449,1269,2104,803,760,1082,1614,737,2392,30172,17222,2799,2028,11039,0,0,13,11
2021-03-02T23:59:59+01:00,0,2,818,821,1755,2557,1770,3372,2194,4673,2326,3868,1325,1138,3566,4711,2460,4893,276,265,761,1133,842,1628,1125,2444,1265,2094,801,758,1068,1593,726,2373,29448,17116,2610,2027,10178,0,0,13,11
2021-03-01T23:59:59+01:00,0,2,795,782,1655,2413,1699,3228,2094,4501,2246,3747,1307,1126,3515,4648,2416,4831,276,264,757,1129,841,1616,1121,2432,1260,2084,795,756,1063,1582,719,2366,29195,17025,2526,2027,9271,0,0,13,11
2021-02-28T23:59:59+01:00,0,2,789,759,1636,2347,1672,3156,2071,4401,2232,3680,1301,1120,3505,4634,2402,4821,275,263,757,1128,841,1611,1121,2430,1260,2079,792,754,1055,1569,715,2356,29089,17003,2524,1994,8902,0,0,13,11
2021-02-27T23:59:59+01:00,0,2,774,742,1614,2287,1655,3045,2052,4275,2211,3584,1298,1117,3505,4632,2401,4820,275,263,757,1128,841,1610,1121,2430,1260,2078,792,754,1054,1569,714,2354,29085,17001,2523,1990,8393,0,0,13,11
2021-02-26T23:59:59+01:00,0,2,646,661,1509,2174,1603,2886,1989,4038,2110,3348,1208,1046,2854,3839,1975,4238,275,263,756,1126,840,1609,1121,2428,1258,2075,790,749,1036,1556,704,2338,26295,16927,2523,1988,7295,0,0,13,11
2021-02-25T23:59:59+01:00,0,2,496,581,1390,2072,1536,2758,1928,3910,2010,3237,1159,1014,2624,3569,1811,3995,258,248,731,1102,798,1540,1074,2330,1184,1983,733,728,1004,1519,692,2310,25230,16834,2496,1391,6353,0,0,13,11
2021-02-24T23:59:59+01:00,0,2,466,550,1321,1959,1463,2614,1858,3757,1933,3088,1121,984,2485,3432,1732,3876,229,235,704,1057,772,1478,1045,2270,1130,1933,706,705,958,1490,681,2280,24579,16648,2485,1016,5564,0,0,13,11
2021-02-23T23:59:59+01:00,0,2,410,510,1239,1819,1388,2468,1781,3546,1862,2966,1096,950,2282,3204,1607,3690,224,229,689,1034,761,1439,1023,2227,1105,1892,697,693,949,1476,678,2276,23658,16563,2475,820,4674,0,0,13,11
2021-02-22T23:59:59+01:00,0,2,397,477,1140,1708,1286,2371,1672,3440,1781,2895,1075,937,2141,3032,1522,3595,213,220,667,983,730,1376,998,2133,1061,1811,654,661,880,1400,642,2220,23086,16375,2471,265,3901,0,0,13,11
2021-02-21T23:59:59+01:00,0,2,378,461,1039,1676,1134,2347,1517,3417,1678,2877,1067,935,2140,3031,1522,3595,186,214,636,975,719,1368,984,2128,1056,1809,651,658,877,1396,634,2213,23057,16244,2471,251,3275,0,0,13,11
2021-02-20T23:59:59+01:00,0,2,378,459,1038,1676,1133,2347,1515,3415,1678,2875,1067,934,2139,3031,1521,3594,185,212,633,975,716,1367,978,2125,1054,1809,651,658,877,1396,634,2213,23050,16223,2470,251,3269,0,0,13,11
2021-02-19T23:59:59+01:00,0,2,373,450,1026,1672,1123,2337,1502,3397,1646,2860,1017,906,1768,2524,1224,3212,164,202,607,971,698,1359,961,2123,1048,1807,648,657,875,1396,633,2212,21311,16101,2470,251,3245,0,0,13,11
2021-02-18T23:59:59+01:00,0,2,353,430,986,1590,1085,2250,1449,3279,1605,2770,987,883,1595,2281,1095,3008,144,191,568,960,678,1347,927,2107,1024,1787,637,638,854,1368,619,2191,20331,15780,2470,251,2834,0,0,13,11
2021-02-17T23:59:59+01:00,0,2,330,377,902,1447,978,2050,1315,3025,1493,2550,950,853,1406,2069,994,2831,138,184,556,929,652,1296,894,2029,974,1711,603,606,847,1342,614,2172,19258,15287,2470,251,1831,0,0,13,11
2021-02-16T23:59:59+01:00,0,2,324,338,858,1309,926,1862,1254,2800,1427,2389,938,836,1343,1973,927,2735,132,171,542,886,637,1242,866,1966,944,1669,593,596,825,1311,601,2112,18887,14969,2469,115,872,0,0,13,11
2021-02-15T23:59:59+01:00,0,2,308,298,830,1278,909,1806,1214,2716,1389,2333,910,804,1166,1741,798,2559,123,163,521,858,619,1180,842,1893,921,1592,572,559,807,1274,592,2070,17976,14502,2468,75,604,0,0,13,11
2021-02-14T23:59:59+01:00,0,2,308,298,829,1278,908,1806,1212,2716,1389,2333,910,804,1166,1741,798,2559,123,163,520,851,615,1175,836,1887,917,1589,571,559,805,1273,591,2067,17975,14458,2468,75,601,0,0,13,11
2021-02-13T23:59:59+01:00,0,2,308,298,829,1278,908,1803,1212,2714,1389,2331,910,804,1166,1741,798,2559,123,163,520,851,615,1175,834,1884,915,1585,569,559,790,1253,579,2051,17968,14456,2468,1,601,0,0,13,11
2021-02-12T23:59:59+01:00,0,2,304,297,819,1273,904,1773,1206,2686,1361,2302,908,802,1165,1738,798,2559,123,163,518,848,614,1168,828,1872,909,1572,566,557,776,1242,573,2038,17959,14357,2468,1,457,0,0,13,11
2021-02-11T23:59:59+01:00,0,2,285,288,804,1238,898,1739,1190,2620,1339,2247,873,789,1154,1726,797,2549,121,149,500,807,592,1103,794,1772,886,1512,552,543,752,1207,559,2006,17846,13846,2467,0,212,0,0,13,11
2021-02-10T23:59:59+01:00,0,2,282,282,785,1200,885,1709,1178,2574,1324,2205,868,787,1139,1710,792,2533,117,140,433,723,547,1010,716,1646,828,1428,537,527,738,1187,549,1978,17822,13106,2362,0,58,0,0,13,0
2021-02-09T23:59:59+01:00,0,2,282,279,781,1186,874,1692,1163,2555,1310,2181,853,782,1125,1693,781,2517,100,121,378,636,495,881,637,1447,740,1240,485,449,619,1025,481,1740,17724,11476,2316,0,3,0,0,13,0
2021-02-08T23:59:59+01:00,0,2,282,278,779,1181,874,1685,1161,2551,1304,2173,847,779,1109,1671,764,2496,90,99,334,543,443,781,548,1240,633,1075,409,375,535,836,388,1432,17609,9763,2313,0,1,0,0,13,0
2021-02-07T23:59:59+01:00,0,2,281,277,777,1180,873,1685,1161,2550,1304,2170,841,777,1107,1668,763,2494,88,98,332,538,441,777,546,1231,629,1069,404,370,514,813,382,1418,17584,9652,2313,0,0,0,0,13,0
2021-02-06T23:59:59+01:00,0,2,281,276,777,1179,873,1684,1161,2550,1304,2169,840,776,1105,1662,762,2492,88,97,332,535,440,776,545,1227,627,1068,400,365,466,744,354,1373,17568,9439,2312,0,0,0,0,13,0
2021-02-05T23:59:59+01:00,0,2,281,276,777,1178,872,1683,1160,2549,1303,2166,833,770,1082,1652,755,2476,82,95,324,529,424,758,519,1193,598,1026,377,338,446,721,340,1333,17490,9104,2312,0,0,0,0,13,0
2021-02-04T23:59:59+01:00,0,2,278,269,774,1157,860,1661,1147,2521,1289,2142,811,757,1054,1622,748,2460,68,77,254,408,329,592,402,965,485,824,304,274,335,576,277,1114,17250,7284,2289,0,0,0,0,13,0
2021-02-03T23:59:59+01:00,0,2,277,264,770,1136,858,1635,1140,2471,1276,2112,792,743,1037,1599,739,2446,54,54,168,279,255,441,282,715,361,585,208,194,237,423,194,837,17154,5287,2130,0,0,0,0,13,0
2021-02-02T23:59:59+01:00,0,2,276,259,766,1128,852,1613,1131,2447,1264,2095,788,736,1028,1588,737,2438,35,35,91,138,147,252,171,448,233,367,134,124,161,254,136,538,17005,3264,2130,0,0,0,0,13,0
2021-02-01T23:59:59+01:00,0,2,274,256,761,1109,844,1592,1126,2418,1260,2062,780,723,1021,1578,733,2425,11,12,14,26,25,63,44,88,70,101,49,45,57,74,39,178,16822,896,2130,0,0,0,0,12,0
2021-01-31T23:59:59+01:00,0,2,268,254,745,1107,836,1581,1116,2407,1249,2053,774,717,1011,1561,726,2412,10,12,13,25,23,60,38,83,63,93,46,45,53,67,36,165,16787,832,2020,0,0,0,0,12,0
2021-01-30T23:59:59+01:00,0,2,268,254,745,1106,835,1581,1116,2407,1249,2053,773,717,1010,1560,725,2410,10,10,13,25,23,60,38,83,62,91,45,44,52,67,36,164,16783,823,2016,0,0,0,0,12,0
2021-01-29T23:59:59+01:00,0,2,268,254,745,1105,835,1581,1116,2407,1249,2052,772,716,1009,1558,725,2408,9,5,12,24,23,59,36,81,61,91,44,43,52,67,36,164,16776,807,2014,0,0,0,0,12,0
2021-01-28T23:59:59+01:00,0,2,264,249,733,1080,800,1526,1079,2347,1172,1994,731,702,980,1538,709,2386,4,0,3,6,9,24,18,36,20,45,21,22,23,45,15,97,16597,388,1683,0,0,0,0,12,0
2021-01-27T23:59:59+01:00,0,2,258,242,710,1048,752,1471,1022,2266,1099,1913,696,675,966,1517,706,2379,3,0,3,4,6,20,14,22,13,32,6,9,10,10,4,27,16149,183,1561,0,0,0,0,12,0
2021-01-26T23:59:59+01:00,0,2,234,233,693,1024,744,1421,1002,2192,1072,1848,684,661,943,1501,696,2360,3,0,1,4,5,10,12,12,6,11,3,5,6,7,1,16,16098,102,1200,0,0,0,0,12,0
2021-01-25T23:59:59+01:00,0,2,202,218,641,950,692,1298,960,2046,1014,1713,636,606,866,1406,653,2287,3,0,1,4,5,10,12,12,6,11,3,5,6,7,1,16,15872,102,306,0,0,0,0,12,0
2021-01-24T23:59:59+01:00,0,2,185,212,615,938,673,1284,942,2030,999,1703,629,600,856,1386,644,2274,3,0,1,4,5,10,11,12,5,11,3,5,6,7,1,16,15699,100,261,0,0,0,0,12,0
2021-01-23T23:59:59+01:00,0,2,185,212,615,938,673,1284,942,2030,999,1703,629,600,856,1386,644,2274,3,0,1,4,5,10,9,12,5,11,3,5,6,7,1,16,15699,98,261,0,0,0,0,12,0
2021-01-22T23:59:59+01:00,0,2,138,194,557,928,655,1270,908,2020,988,1692,624,599,855,1386,644,2274,3,0,0,4,5,10,9,12,5,11,3,5,6,7,1,16,15461,97,261,0,0,0,0,12,0
2021-01-21T23:59:59+01:00,0,2,133,186,542,905,634,1229,875,1966,966,1644,613,578,843,1355,637,2255,3,0,0,4,4,10,9,12,5,11,3,5,6,7,1,15,15090,95,261,0,0,0,0,12,0
2021-01-20T23:59:59+01:00,0,2,128,170,495,839,611,1153,812,1856,929,1573,592,561,826,1332,627,2227,3,0,0,4,4,10,9,12,5,11,3,5,6,7,1,15,14462,95,259,0,0,0,0,12,0
2021-01-19T23:59:59+01:00,0,2,115,151,422,752,545,1023,727,1657,825,1408,546,507,725,1173,554,1979,3,0,0,4,4,8,9,12,5,11,3,5,6,7,1,15,12907,93,192,0,0,0,0,12,0
2021-01-18T23:59:59+01:00,0,2,97,119,353,599,454,851,597,1396,699,1202,478,441,641,1016,487,1712,1,0,0,1,0,0,0,0,0,0,0,0,0,1,0,0,11050,3,82,0,0,0,0,12,0
2021-01-17T23:59:59+01:00,0,2,93,117,349,594,453,846,595,1377,691,1192,473,432,614,987,471,1671,1,0,0,1,0,0,0,0,0,0,0,0,0,1,0,0,10863,3,82,0,0,0,0,12,0
2021-01-16T23:59:59+01:00,0,2,93,114,347,586,450,841,584,1364,680,1180,458,418,519,861,410,1574,0,0,0,1,0,0,0,0,0,0,0,0,0,0,0,0,10466,1,3,0,0,0,0,12,0
2021-01-15T23:59:59+01:00,0,2,92,112,342,584,444,836,578,1357,663,1164,442,400,511,849,402,1551,0,0,0,0,0,0,0,0,0,0,0,0,0,0,0,0,10316,0,1,0,0,0,0,12,0
2021-01-14T23:59:59+01:00,0,0,75,90,285,482,366,673,461,1103,543,982,363,320,401,695,332,1321,0,0,0,0,0,0,0,0,0,0,0,0,0,0,0,0,8480,0,0,0,0,0,0,12,0
2021-01-13T23:59:59+01:00,0,0,61,67,201,364,290,500,347,821,417,701,253,224,293,520,250,1015,0,0,0,0,0,0,0,0,0,0,0,0,0,0,0,0,6313,0,0,0,0,0,0,11,0
2021-01-12T23:59:59+01:00,0,0,40,44,121,215,177,310,206,528,278,434,159,142,188,337,171,682,0,0,0,0,0,0,0,0,0,0,0,0,0,0,0,0,4032,0,0,0,0,0,0,0,0
2021-01-11T23:59:59+01:00,0,0,11,14,41,57,41,91,59,119,92,128,65,58,83,103,49,223,0,0,0,0,0,0,0,0,0,0,0,0,0,0,0,0,1234,0,0,0,0,0,0,0,0
2021-01-10T23:59:59+01:00,0,0,11,14,29,47,34,73,50,110,79,118,57,54,77,93,46,209,0,0,0,0,0,0,0,0,0,0,0,0,0,0,0,0,1101,0,0,0,0,0,0,0,0
2021-01-09T23:59:59+01:00,0,0,11,13,26,46,34,73,49,109,77,115,56,53,76,92,45,208,0,0,0,0,0,0,0,0,0,0,0,0,0,0,0,0,1083,0,0,0,0,0,0,0,0
2021-01-08T23:59:59+01:00,0,0,7,6,26,41,32,70,46,107,76,114,53,49,71,87,41,208,0,0,0,0,0,0,0,0,0,0,0,0,0,0,0,0,1034,0,0,0,0,0,0,0,0
2021-01-07T23:59:59+01:00,0,0,5,1,9,20,15,37,28,77,33,77,32,27,47,74,28,162,0,0,0,0,0,0,0,0,0,0,0,0,0,0,0,0,672,0,0,0,0,0,0,0,0
2021-01-06T23:59:59+01:00,0,0,5,0,4,8,10,29,25,43,19,47,26,24,34,51,19,120,0,0,0,0,0,0,0,0,0,0,0,0,0,0,0,0,464,0,0,0,0,0,0,0,0
2021-01-05T23:59:59+01:00,0,0,5,0,4,8,10,29,25,43,19,47,26,24,34,50,19,120,0,0,0,0,0,0,0,0,0,0,0,0,0,0,0,0,463,0,0,0,0,0,0,0,0
2021-01-04T23:59:59+01:00,0,0,4,0,1,3,4,10,13,12,5,11,3,5,6,8,1,17,0,0,0,0,0,0,0,0,0,0,0,0,0,0,0,0,103,0,0,0,0,0,0,0,0
2021-01-03T23:59:59+01:00,0,0,3,0,1,3,4,10,12,12,5,11,3,5,6,8,1,16,0,0,0,0,0,0,0,0,0,0,0,0,0,0,0,0,100,0,0,0,0,0,0,0,0
2021-01-02T23:59:59+01:00,0,0,3,0,1,3,4,10,10,12,5,11,3,5,6,8,1,16,0,0,0,0,0,0,0,0,0,0,0,0,0,0,0,0,98,0,0,0,0,0,0,0,0
2021-01-01T23:59:59+01:00,0,0,3,0,0,3,4,10,10,12,5,11,3,5,6,7,1,16,0,0,0,0,0,0,0,0,0,0,0,0,0,0,0,0,96,0,0,0,0,0,0,0,0
2020-12-31T23:59:59+01:00,0,0,3,0,0,3,4,10,9,12,5,11,3,5,6,7,1,16,0,0,0,0,0,0,0,0,0,0,0,0,0,0,0,0,95,0,0,0,0,0,0,0,0
2020-12-30T23:59:59+01:00,0,0,3,0,0,3,4,10,9,12,5,11,3,5,6,7,1,16,0,0,0,0,0,0,0,0,0,0,0,0,0,0,0,0,95,0,0,0,0,0,0,0,0
2020-12-29T23:59:59+01:00,0,0,3,0,0,3,4,8,9,12,5,11,3,5,6,7,1,16,0,0,0,0,0,0,0,0,0,0,0,0,0,0,0,0,93,0,0,0,0,0,0,0,0
2020-12-28T23:59:59+01:00,0,0,3,0,0,3,4,8,9,12,5,11,3,5,6,7,1,16,0,0,0,0,0,0,0,0,0,0,0,0,0,0,0,0,93,0,0,0,0,0,0,0,0
2020-12-27T23:59:59+01:00,0,0,1,0,0,0,0,0,0,0,0,0,0,0,1,3,0,7,0,0,0,0,0,0,0,0,0,0,0,0,0,0,0,0,12,0,0,0,0,0,0,0,0
