Datum,<15_m,<15_w,15-24_1_m,15-24_1_w,25-34_1_m,25-34_1_w,35-44_1_m,35-44_1_w,45-54_1_m,45-54_1_w,55-64_1_m,55-64_1_w,65-74_1_m,65-74_1_w,75-84_1_m,75-84_1_w,>84_1_m,>84_1_w,<24_2_m,<24_2_w,25-34_2_m,25-34_2_w,35-44_2_m,35-44_2_w,45-54_2_m,45-54_2_w,55-64_2_m,55-64_2_w,65-74_2_m,65-74_2_w,75-84_2_m,75-84_2_w,>84_2_m,>84_2_w,bp_1,bp_2,mo_1,mo_2,az_1,az_2,ja,unb_1,unb_2
2021-07-27T23:59:59+02:00,1814,1565,20734,19906,30776,28237,31750,31755,37566,38085,41459,41823,27499,30693,19594,24580,5963,10082,11181,10880,21171,19943,25306,25689,32215,32950,37099,37846,25862,28791,18649,23226,5684,9535,306858,244618,44309,42046,77323,64405,15321,70,26
2021-07-26T23:59:59+02:00,1808,1557,20710,19891,30761,28221,31740,31744,37549,38070,41436,41816,27490,30688,19590,24572,5959,10080,11028,10714,20932,19715,25182,25568,32120,32853,37031,37798,25841,28764,18638,23209,5683,9529,306679,243275,44309,42044,77320,64312,15304,70,26
2021-07-25T23:59:59+02:00,1801,1548,20688,19880,30754,28212,31730,31730,37543,38064,41426,41807,27486,30686,19589,24570,5959,10079,10924,10608,20783,19608,24948,25376,31882,32649,36890,37666,25824,28750,18632,23202,5682,9526,306571,242024,44299,42028,77313,63906,15299,70,26
2021-07-24T23:59:59+02:00,1781,1533,20608,19807,30712,28174,31695,31694,37518,38036,41403,41795,27479,30681,19586,24568,5959,10079,10862,10556,20708,19546,24878,25315,31830,32618,36861,37646,25818,28746,18630,23200,5682,9526,306230,241663,44288,42005,77309,63840,15211,70,26
2021-07-23T23:59:59+02:00,1726,1498,20419,19666,30550,28064,31607,31625,37451,37985,41364,41753,27468,30665,19581,24562,5958,10074,10610,10354,20346,19245,24085,24677,31352,32290,36301,37190,25775,28704,18614,23183,5681,9524,305416,238833,44279,41961,77292,62453,14959,70,25
2021-07-22T23:59:59+02:00,1663,1442,20110,19399,30312,27888,31476,31514,37323,37881,41267,41671,27442,30642,19570,24539,5954,10073,10160,9981,19609,18737,23139,24012,30649,31705,35273,36432,25664,28608,18581,23151,5679,9520,303959,235252,44246,41301,77288,59956,14603,70,25
2021-07-21T23:59:59+02:00,1648,1434,20074,19352,30286,27859,31454,31491,37303,37856,41246,41649,27433,30634,19565,24533,5949,10069,9850,9652,19154,18288,22274,23253,30316,31372,35044,36238,25581,28511,18551,23099,5671,9510,303643,232534,44240,39626,77286,59784,14596,70,22
2021-07-20T23:59:59+02:00,1642,1429,20043,19325,30259,27838,31430,31473,37287,37841,41236,41638,27418,30620,19565,24526,5949,10066,9585,9375,18826,18020,22007,22970,30141,31218,34880,36093,25535,28466,18536,23065,5670,9506,303407,230160,44239,39617,77285,59685,14584,70,22
2021-07-19T23:59:59+02:00,1631,1421,19930,19237,30179,27768,31372,31423,37268,37822,41221,41620,27413,30609,19559,24519,5948,10063,9392,9182,18515,17752,21547,22559,29888,30988,34761,35993,25501,28428,18518,23049,5670,9503,302840,228556,44233,38684,77284,59572,14576,70,22
2021-07-18T23:59:59+02:00,1620,1416,19863,19173,30054,27669,31309,31360,37206,37771,41180,41569,27393,30579,19551,24504,5944,10060,9283,9068,18351,17604,21359,22369,29721,30790,34649,35894,25471,28406,18507,23032,5670,9497,302069,227315,44233,38385,77282,59532,14567,70,22
2021-07-17T23:59:59+02:00,1619,1412,19856,19171,30054,27667,31309,31356,37201,37769,41176,41567,27392,30578,19550,24504,5944,10060,9262,9053,18319,17583,21341,22356,29711,30783,34630,35890,25468,28404,18507,23031,5670,9497,302037,227163,44233,38382,77282,59521,14563,70,22
2021-07-16T23:59:59+02:00,1566,1367,19583,18923,29929,27570,31226,31285,37146,37707,41136,41535,27373,30561,19543,24494,5942,10054,9149,8940,17951,17289,21042,22090,29327,30431,34499,35787,25445,28381,18500,23018,5668,9495,301046,225926,44210,37686,77280,59190,14334,70,19
2021-07-15T23:59:59+02:00,1508,1324,19322,18678,29750,27423,31119,31186,37065,37626,41070,41468,27331,30532,19527,24480,5938,10051,8790,8638,17048,16465,19513,20877,28416,29516,33884,35212,25279,28203,18447,22969,5662,9483,299785,219880,44168,36251,77272,58272,14103,70,19
2021-07-14T23:59:59+02:00,1495,1312,19293,18642,29727,27397,31097,31155,37054,37614,41051,41462,27323,30525,19518,24473,5937,10048,8504,8342,16498,15866,19023,20364,27854,29018,33492,34837,25167,28077,18408,22904,5657,9473,299517,215735,44166,35893,77269,57846,14101,70,19
2021-07-13T23:59:59+02:00,1483,1303,19256,18617,29710,27373,31076,31140,37039,37587,41028,41434,27314,30511,19516,24468,5936,10042,8202,8083,16100,15511,18749,20087,27593,28770,33221,34581,25069,27957,18375,22863,5655,9468,299237,213045,44165,35858,77268,57356,14093,70,19
2021-07-12T23:59:59+02:00,1468,1294,19215,18600,29677,27345,31059,31119,37027,37570,41011,41419,27311,30507,19514,24462,5935,10042,7942,7867,15822,15237,18050,19542,27280,28451,32810,34220,24902,27765,18316,22788,5649,9463,298989,211770,44164,33932,77268,56380,14084,70,19
2021-07-11T23:59:59+02:00,1460,1286,19185,18571,29647,27316,31044,31091,37019,37549,40997,41407,27302,30498,19512,24462,5934,10041,7899,7821,15757,15166,17962,19488,27197,28390,32698,34158,24849,27721,18296,22766,5649,9460,298747,211199,44162,33922,77266,56139,14076,70,19
2021-07-10T23:59:59+02:00,1331,1171,18685,18154,29207,27025,30762,30862,36776,37390,40798,41257,27230,30438,19486,24430,5931,10038,7771,7752,15479,15033,17747,19342,26957,28252,32534,34041,24784,27675,18280,22753,5648,9460,296563,210785,44029,33806,77237,55903,13072,70,19
2021-07-09T23:59:59+02:00,1321,1165,18658,18124,29187,27008,30750,30849,36766,37378,40787,41249,27226,30434,19484,24426,5931,10037,7729,7705,15410,14968,17685,19249,26738,28022,32285,33828,24722,27612,18258,22727,5648,9457,296423,210510,44010,33803,77236,54742,13041,70,19
2021-07-08T23:59:59+02:00,1245,1085,18392,17914,29042,26859,30616,30733,36664,37276,40689,41172,27193,30399,19465,24408,5926,10033,7563,7573,15114,14722,17258,18891,26049,27425,32015,33563,24555,27455,18200,22665,5645,9451,295170,209387,43957,32390,77228,53725,12686,70,19
2021-07-07T23:59:59+02:00,1148,993,18082,17595,28847,26677,30491,30612,36552,37157,40583,41088,27160,30352,19451,24391,5923,10030,7368,7362,14676,14357,16795,18449,25297,26820,31608,33185,24292,27133,18106,22571,5636,9442,293617,206482,43909,31556,77217,52773,12319,70,19
2021-07-06T23:59:59+02:00,1125,977,18005,17534,28804,26628,30442,30566,36516,37122,40549,41056,27143,30327,19440,24378,5921,10027,7152,7131,14333,14002,16448,18100,24554,26174,31310,32921,24102,26919,18058,22500,5629,9435,293052,204434,43906,30155,77216,51884,12316,70,19
2021-07-05T23:59:59+02:00,1083,949,17932,17471,28761,26572,30404,30532,36492,37078,40523,41031,27138,30313,19434,24373,5921,10022,6923,6941,14030,13734,16096,17736,24009,25669,30747,32357,23824,26621,17950,22361,5621,9425,292576,202942,43904,28079,77212,50754,12267,70,19
2021-07-04T23:59:59+02:00,1061,934,17863,17422,28723,26551,30383,30503,36482,37068,40508,41019,27132,30303,19429,24370,5921,10021,6897,6924,13977,13688,16023,17678,23925,25614,30594,32266,23732,26533,17918,22320,5619,9421,292264,202554,43903,28070,77201,50248,12255,70,19
2021-07-03T23:59:59+02:00,646,565,16140,15707,27556,25631,29589,29788,35843,36461,40012,40593,26975,30137,19362,24284,5912,10004,6514,6683,13463,13385,15623,17376,23565,25337,30290,32072,23636,26440,17885,22283,5615,9417,284789,202264,43864,27994,77119,49961,9363,70,19
2021-07-02T23:59:59+02:00,607,527,16010,15562,27395,25485,29510,29728,35813,36434,39993,40580,26969,30127,19359,24281,5912,10004,6466,6612,13389,13284,15535,17246,23422,25154,30137,31907,23443,26230,17796,22205,5613,9414,283888,201582,43864,27836,77117,49076,9357,70,19
2021-07-01T23:59:59+02:00,549,482,15834,15410,27177,25331,29433,29651,35758,36383,39928,40536,26949,30110,19348,24269,5910,10000,6327,6483,13051,13013,15011,16813,22164,24171,29379,31230,23165,25943,17678,22071,5606,9399,282709,198063,43859,26182,77105,47941,9315,70,19
2021-06-30T23:59:59+02:00,519,462,15731,15307,27069,25249,29367,29582,35705,36333,39886,40500,26934,30079,19338,24252,5906,10000,6135,6306,12622,12632,14444,16267,21542,23579,28789,30702,22746,25479,17548,21887,5599,9387,281905,193831,43856,26158,77099,46380,9289,70,19
2021-06-29T23:59:59+02:00,462,413,14971,14641,26809,25030,29273,29483,35626,36252,39818,40453,26913,30056,19331,24239,5906,9998,6023,6182,12366,12369,14050,15872,20755,22960,28207,30153,22299,24956,17396,21714,5591,9377,279413,190695,43855,25651,77091,44671,9245,70,19
2021-06-28T23:59:59+02:00,426,382,14344,14005,26653,24926,29199,29417,35570,36187,39774,40420,26895,30036,19323,24228,5906,9994,5957,6087,12189,12230,13862,15696,20138,22414,27808,29783,21963,24599,17268,21551,5586,9373,277485,189015,43851,25001,77087,43287,9192,70,19
2021-06-27T23:59:59+02:00,349,315,14000,13630,26589,24868,29159,29382,35548,36165,39757,40407,26884,30029,19321,24225,5905,9993,5921,6045,12075,12116,13719,15569,19589,21943,27202,29286,21686,24264,17148,21428,5582,9372,276372,188186,43849,23487,77076,42104,9159,70,19
2021-06-26T23:59:59+02:00,349,315,13989,13619,26573,24857,29153,29376,35543,36164,39754,40406,26883,30028,19321,24225,5905,9993,5916,6042,12063,12113,13713,15565,19576,21932,27157,29251,21541,24136,17108,21372,5581,9370,276302,188160,43847,23483,77076,41626,9158,70,19
2021-06-25T23:59:59+02:00,226,202,12732,12402,25116,23718,28855,29142,35437,36082,39689,40345,26859,30001,19312,24214,5903,9991,5873,5995,11967,12034,13572,15443,19267,21694,26773,28892,21219,23744,16935,21175,5578,9361,270096,186939,43843,23200,77062,40219,9155,70,19
2021-06-24T23:59:59+02:00,162,148,11763,11576,24008,22844,28492,28795,35290,35919,39577,40242,26825,29951,19301,24190,5901,9987,5657,5766,11509,11619,12996,14853,17742,20305,25137,27305,20453,22893,16620,20769,5568,9351,264895,181979,43826,19600,77058,37831,9123,69,19
2021-06-23T23:59:59+02:00,126,123,11406,11255,23514,22480,28247,28554,35113,35794,39489,40156,26795,29925,19293,24153,5899,9976,5584,5653,11298,11404,12699,14503,17352,19897,24391,26541,19664,22145,16428,20517,5560,9335,262312,179634,43820,18988,77053,35295,9044,69,19
2021-06-22T23:59:59+02:00,104,110,11225,11043,23358,22338,28168,28482,35037,35732,39443,40112,26780,29901,19285,24145,5899,9975,5475,5533,11033,11150,12332,14133,16750,19303,23664,25776,19285,21722,16265,20339,5553,9319,261172,176612,43817,18132,77051,33848,9028,69,19
2021-06-21T23:59:59+02:00,91,98,10974,10859,22530,21667,27918,28258,34972,35671,39380,40071,26764,29883,19279,24136,5899,9974,5356,5429,10818,10930,12026,13813,16359,18958,23219,25311,18995,21411,16161,20220,5547,9317,258594,175157,43812,17120,77045,32676,8904,69,19
2021-06-20T23:59:59+02:00,85,97,10910,10770,22285,21452,27661,28061,34892,35593,39335,40027,26755,29870,19277,24132,5897,9971,5315,5375,10734,10831,11931,13713,16166,18775,22949,25073,18894,21305,16108,20162,5541,9313,257320,174854,43810,16064,77044,32426,8827,69,19
2021-06-19T23:59:59+02:00,84,93,10886,10746,22253,21428,27643,28047,34880,35589,39325,40023,26754,29869,19277,24130,5897,9971,5284,5343,10653,10741,11839,13592,16018,18623,22642,24714,18809,21218,16096,20150,5540,9313,257168,174750,43787,14571,77044,32413,8827,69,19
2021-06-18T23:59:59+02:00,81,91,10841,10696,21944,21112,27379,27836,34828,35553,39295,40001,26746,29860,19276,24127,5897,9969,5269,5334,10623,10711,11798,13544,15957,18561,22557,24618,18643,21037,16051,20084,5539,9308,255807,174355,43786,14570,77043,31868,8827,69,19
2021-06-17T23:59:59+02:00,72,83,10263,10270,20677,20157,26520,27107,34460,35229,39042,39813,26682,29781,19256,24091,5890,9965,5071,5197,10250,10459,11361,13147,15282,17953,21198,23314,18190,20552,15888,19913,5535,9293,250065,169088,43768,13998,77032,31079,8424,69,19
2021-06-16T23:59:59+02:00,64,71,9929,9960,19999,19529,25883,26507,34214,35030,38884,39665,26640,29730,19233,24068,5889,9961,4928,5051,9864,10126,10903,12698,14582,17265,20351,22389,17788,20108,15721,19702,5525,9281,246252,165333,43756,12724,77019,30051,8160,69,19
2021-06-15T23:59:59+02:00,49,66,9685,9718,19706,19282,25661,26309,34086,34925,38788,39586,26612,29694,19226,24053,5884,9957,4823,4942,9625,9909,10674,12440,14162,16839,19755,21815,17474,19724,15503,19475,5516,9270,244495,163277,43745,11639,77013,29052,7965,69,18
2021-06-14T23:59:59+02:00,45,62,9552,9593,19409,19022,25486,26166,33966,34846,38727,39547,26595,29674,19220,24042,5884,9954,4742,4880,9437,9771,10501,12304,13901,16625,19439,21522,17310,19569,15402,19343,5515,9266,243304,161827,43743,11637,77009,28384,7666,68,18
2021-06-13T23:59:59+02:00,43,58,9393,9463,19120,18838,25135,25913,33765,34679,38622,39480,26580,29662,19210,24035,5884,9951,4661,4814,9228,9606,10337,12135,13578,16289,19092,21194,17185,19421,15355,19278,5513,9264,241664,160984,43743,11637,77006,26965,7350,68,18
2021-06-12T23:59:59+02:00,43,58,9384,9449,19107,18825,25135,25908,33765,34676,38619,39479,26580,29662,19210,24035,5884,9951,4658,4800,9218,9546,10305,12033,13530,16135,19037,21058,17076,19296,15239,19176,5511,9262,241618,160957,43743,11635,77002,25935,7339,68,18
2021-06-11T23:59:59+02:00,38,54,9227,9268,18874,18614,24339,25237,33588,34523,38487,39367,26547,29629,19200,24012,5884,9946,4581,4685,9001,9292,10046,11740,13012,15588,18068,20169,16890,19100,15199,19132,5508,9259,238715,156959,43742,11634,76999,25353,7310,68,18
2021-06-10T23:59:59+02:00,36,50,8833,8934,18224,18125,23492,24560,33269,34243,38288,39204,26490,29574,19177,23984,5881,9939,4406,4508,8424,8801,9245,11022,11867,14493,16095,18268,16004,18143,14914,18767,5499,9237,235104,147342,43084,11601,76973,23661,7075,67,18
2021-06-09T23:59:59+02:00,19,32,8386,8430,17394,17400,22341,23518,32782,33777,38004,38987,26381,29471,19131,23927,5871,9926,4271,4395,8137,8537,9003,10770,11538,14129,15612,17724,15635,17714,14673,18483,5492,9227,231135,145529,41197,11559,76937,21758,6480,28,18
2021-06-08T23:59:59+02:00,11,20,8068,8115,16923,16983,21924,23153,32537,33585,37842,38857,26337,29431,19121,23904,5868,9921,4151,4313,7883,8284,8699,10425,11185,13782,14972,17026,15183,17193,14412,18206,5487,9209,228413,143837,41165,10445,76928,20048,6066,28,18
2021-06-07T23:59:59+02:00,8,16,7873,7883,16565,16660,21380,22700,32257,33316,37725,38741,26311,29383,19104,23878,5863,9920,4076,4232,7702,8143,8539,10283,11015,13610,14663,16702,14987,16940,14239,18015,5483,9204,226796,142762,40195,10353,76917,19056,5648,27,18
2021-06-06T23:59:59+02:00,6,13,7766,7774,16431,16515,21186,22494,32031,33092,37591,38635,26283,29359,19091,23862,5863,9914,4047,4197,7656,8025,8488,10155,10911,13466,14468,16487,14805,16762,14150,17895,5476,9198,225569,142285,39896,10343,76899,18029,5515,27,18
2021-06-05T23:59:59+02:00,6,13,7744,7760,16402,16488,21179,22491,32021,33086,37589,38634,26282,29359,19090,23861,5863,9914,4038,4158,7641,7960,8474,10022,10897,13295,14450,16382,14768,16707,14141,17885,5476,9197,225460,142204,39896,10343,76898,17429,5501,27,18
2021-06-04T23:59:59+02:00,6,11,7630,7658,16123,16252,20903,22245,31601,32713,37476,38513,26249,29320,19079,23848,5861,9912,4031,4149,7615,7937,8448,9992,10830,13222,14345,16252,14687,16614,14105,17841,5476,9195,223871,141872,39122,10014,76879,17338,5501,27,18
2021-06-03T23:59:59+02:00,4,11,7377,7431,15247,15471,19269,20858,30692,31785,36973,38054,26118,29187,19035,23797,5855,9894,3972,4111,7527,7866,8326,9894,10662,13041,13779,15683,14427,16304,14021,17737,5473,9182,217260,139668,37549,9907,76870,17064,5352,27,18
2021-06-02T23:59:59+02:00,4,11,7242,7288,14863,15043,18838,20458,30223,31331,36747,37790,26054,29123,19015,23769,5852,9893,3942,4081,7463,7780,8238,9804,10522,12910,13334,15253,14304,16121,13994,17700,5470,9177,214181,137884,37118,9814,76869,17032,5349,27,18
2021-06-01T23:59:59+02:00,4,9,6966,7045,14468,14731,18497,20140,29897,31020,36524,37556,25998,29044,18991,23740,5850,9882,3841,3995,7221,7604,8007,9611,10259,12636,12932,14831,13873,15673,13878,17548,5463,9169,211445,135774,37073,9560,76848,16224,4969,27,18
2021-05-31T23:59:59+02:00,4,9,6803,6855,14249,14498,17794,19538,29556,30682,36227,37293,25908,28947,18965,23686,5840,9869,3762,3884,7013,7358,7784,9326,9918,12255,12493,14314,13345,15060,13679,17319,5455,9154,210019,132603,35025,9237,76831,15444,4821,27,18
2021-05-30T23:59:59+02:00,4,9,6780,6840,14203,14460,17717,19479,29506,30644,36196,37270,25896,28935,18962,23680,5839,9867,3719,3810,6865,7152,7636,9098,9716,11945,12237,13970,13224,14891,13611,17237,5452,9147,209724,131886,35013,9136,76777,13928,4746,27,18
2021-05-29T23:59:59+02:00,4,9,6778,6839,14194,14454,17712,19473,29501,30640,36193,37269,25894,28932,18962,23679,5839,9867,3710,3797,6836,7119,7603,9047,9680,11899,12164,13872,13183,14823,13581,17213,5451,9142,209692,131747,35013,9135,76762,13479,4745,27,18
2021-05-28T23:59:59+02:00,4,9,6768,6827,14179,14437,17695,19452,29490,30627,36182,37251,25893,28928,18960,23675,5839,9867,3696,3774,6814,7079,7569,8995,9627,11795,11924,13603,12995,14632,13551,17173,5448,9139,209541,130461,35012,9134,76759,13460,4744,27,18
2021-05-27T23:59:59+02:00,4,9,6677,6746,13911,14220,17211,19105,28812,30086,36023,37120,25847,28894,18945,23661,5838,9861,3571,3614,6527,6829,7193,8689,9129,11237,11216,12708,12446,14064,13421,16982,5441,9127,208465,126955,33574,8805,76717,12232,4187,27,18
2021-05-26T23:59:59+02:00,4,9,6606,6638,13698,14018,16959,18798,28270,29575,35848,36945,25810,28849,18930,23637,5837,9856,3481,3471,6302,6540,6906,8263,8791,10760,10567,11912,11886,13449,13276,16767,5436,9105,206879,123357,32821,8623,76704,11061,3856,27,18
2021-05-25T23:59:59+02:00,4,9,6525,6543,13493,13797,16696,18588,27546,28929,35755,36848,25787,28821,18918,23621,5832,9855,3432,3380,6157,6372,6760,8074,8566,10469,10222,11547,11539,12974,13171,16605,5433,9097,206169,121520,31369,8484,76219,9995,3784,26,18
2021-05-24T23:59:59+02:00,4,9,6454,6446,13316,13597,16474,18305,27137,28504,35409,36450,25730,28753,18899,23598,5831,9853,3419,3358,6099,6290,6715,7991,8507,10374,10149,11450,11366,12743,13124,16514,5425,9077,205638,120898,29149,8439,76211,9504,3745,26,18
2021-05-23T23:59:59+02:00,4,9,6452,6445,13311,13588,16471,18295,27118,28494,35379,36416,25727,28747,18899,23592,5831,9853,3416,3354,6093,6280,6705,7984,8479,10344,10109,11394,11283,12642,13104,16483,5425,9076,205523,120893,29133,8027,76210,9497,3739,26,18
2021-05-22T23:59:59+02:00,4,9,6445,6441,13304,13577,16465,18291,27115,28493,35376,36410,25727,28747,18899,23592,5831,9853,3415,3354,6090,6277,6704,7980,8475,10342,10104,11391,11272,12628,13099,16479,5424,9076,205473,120853,29133,8027,76208,9476,3739,26,18
2021-05-21T23:59:59+02:00,4,9,6385,6381,13152,13471,16293,18140,26846,28317,34948,36143,25702,28711,18891,23586,5830,9849,3406,3344,6057,6256,6674,7946,8436,10293,10050,11341,10758,11917,12960,16320,5421,9071,204786,119100,29008,8024,75170,9443,3668,26,18
2021-05-20T23:59:59+02:00,3,8,6093,6180,12543,13054,15100,17217,24937,26823,33998,35376,25597,28566,18837,23505,5824,9834,3346,3299,5964,6139,6562,7792,8289,10134,9813,11036,10423,11469,12849,16139,5411,9058,200026,117120,27271,7948,72634,9101,3539,25,18
2021-05-19T23:59:59+02:00,3,8,5888,5939,12029,12596,14392,16514,23991,26012,33374,34780,25488,28476,18802,23449,5817,9822,3270,3226,5802,5969,6372,7552,8014,9854,9511,10657,10111,11055,12771,15994,5409,9050,194351,115216,27233,7753,72619,8481,3152,25,18
2021-05-18T23:59:59+02:00,3,7,5718,5830,11628,12274,13769,16015,22836,25063,32709,34174,25372,28341,18756,23399,5812,9813,3227,3198,5692,5863,6212,7394,7809,9644,9318,10420,9944,10807,12627,15775,5400,9041,189401,114091,26728,7685,72575,7790,2790,25,18
2021-05-17T23:59:59+02:00,3,6,5665,5785,11465,12167,13498,15793,22023,24429,32401,33860,25292,28282,18734,23369,5803,9804,3133,3128,5515,5684,6046,7188,7602,9426,9100,10183,9857,10685,12569,15712,5397,9036,187638,113382,26030,7679,72182,6681,2504,25,18
2021-05-16T23:59:59+02:00,3,6,5638,5765,11404,12112,13413,15713,21415,23882,31787,33331,25251,28239,18724,23354,5802,9804,3129,3106,5501,5615,6019,7129,7574,9324,9068,10099,9842,10666,12566,15709,5397,9036,186872,113273,24487,7673,71765,6326,2494,25,17
2021-05-15T23:59:59+02:00,3,6,5629,5756,11371,12103,13384,15703,21342,23811,31254,32957,25240,28234,18723,23351,5801,9803,3115,3091,5482,5573,6005,7054,7534,9209,8836,9845,9809,10635,12532,15658,5397,9035,186823,113268,24475,7535,71119,5964,2029,25,17
2021-05-14T23:59:59+02:00,3,6,5589,5731,11308,12065,13312,15638,20931,23500,30824,32612,25204,28189,18712,23334,5801,9801,3083,3051,5446,5484,5984,6920,7494,9007,8776,9651,9739,10526,12446,15533,5397,9031,186100,113100,24156,7207,70251,5219,2028,25,17
2021-05-13T23:59:59+02:00,3,6,5432,5574,10929,11770,12598,15051,18750,21759,29281,31151,24974,27945,18645,23262,5799,9798,3072,3018,5422,5445,5967,6863,7470,8937,8733,9592,9526,10285,12249,15236,5392,9022,182155,112750,20364,6401,68170,5051,2013,25,17
2021-05-12T23:59:59+02:00,2,6,5403,5547,10857,11712,12497,14963,18628,21635,28918,30787,24883,27850,18628,23233,5798,9793,3072,3014,5416,5439,5957,6849,7446,8922,8694,9538,9343,10056,12020,14916,5389,9015,181207,112470,19728,5544,68167,5045,2013,25,17
2021-05-11T23:59:59+02:00,2,6,5267,5444,10611,11467,12132,14590,18021,21000,27988,29820,24690,27662,18570,23159,5793,9778,3030,2973,5327,5284,5858,6666,7316,8683,8534,9316,9164,9865,11874,14729,5380,8997,177146,111443,18841,5437,68035,4149,1953,25,17
2021-05-10T23:59:59+02:00,2,5,5143,5366,10398,11272,11874,14336,17696,20668,27568,29413,24581,27555,18532,23112,5785,9774,2961,2920,5210,5167,5745,6564,7193,8542,8407,9209,9060,9741,11784,14601,5377,8989,175146,110914,18153,5426,67811,3171,1945,25,17
2021-05-09T23:59:59+02:00,2,5,5070,5318,10299,11159,11775,14219,17356,20387,27178,29040,24495,27469,18503,23076,5782,9771,2894,2889,5064,5124,5570,6521,7026,8513,8280,9174,9048,9731,11766,14581,5377,8989,174752,110838,16878,5416,67319,2349,1930,25,17
2021-05-08T23:59:59+02:00,2,5,5069,5317,10297,11155,11775,14219,17352,20385,27175,29037,24495,27469,18503,23076,5782,9771,2894,2888,5063,5124,5570,6521,7026,8513,8278,9174,9047,9730,11766,14581,5377,8989,174735,110835,16878,5416,67316,2346,1930,25,17
2021-05-07T23:59:59+02:00,2,5,5035,5291,10229,11102,11647,14095,16952,20110,26539,28479,24447,27418,18486,23042,5775,9742,2884,2880,5046,5114,5559,6502,7014,8502,8270,9163,9041,9722,11755,14559,5369,8962,173903,110820,16874,5404,65793,2303,1801,25,17
2021-05-06T23:59:59+02:00,1,5,4765,5130,9767,10758,11088,13580,15868,19091,24134,26193,23949,26894,18380,22939,5770,9728,2842,2836,4979,5039,5519,6411,6931,8383,8140,9015,8941,9612,11731,14509,5366,8959,168885,110284,14426,5348,62916,1777,1790,23,17
2021-05-05T23:59:59+02:00,1,5,4687,5053,9474,10529,10749,13254,15288,18486,23292,25233,23688,26570,18311,22833,5760,9710,2822,2800,4929,4952,5460,6290,6847,8217,8016,8800,8835,9481,11654,14425,5365,8951,165225,109347,13122,5343,62766,1352,1787,23,17
2021-05-04T23:59:59+02:00,1,5,4603,4962,9300,10325,10542,13013,14901,18088,22751,24669,23475,26297,18239,22754,5752,9697,2813,2766,4901,4877,5427,6172,6793,8077,7923,8646,8732,9371,11580,14367,5363,8948,162972,108851,12003,5333,62609,790,1767,23,17
2021-05-03T23:59:59+02:00,1,5,4531,4888,9108,10188,10365,12838,14618,17842,22342,24254,23336,26148,18212,22707,5752,9691,2737,2696,4814,4803,5351,6087,6697,7971,7742,8481,8646,9285,11541,14318,5360,8943,161468,108631,12002,5330,62517,680,816,23,17
2021-05-02T23:59:59+02:00,1,5,4518,4874,9031,10130,10240,12725,14292,17534,22040,23968,23286,26090,18193,22682,5751,9690,2731,2689,4754,4770,5261,6003,6560,7842,7625,8381,8600,9244,11517,14284,5358,8938,160580,108516,11999,5328,62413,663,35,23,17
2021-05-01T23:59:59+02:00,1,5,4518,4872,9029,10129,10239,12725,14289,17531,22038,23968,23285,26089,18193,22682,5751,9690,2731,2689,4754,4770,5261,6003,6559,7842,7625,8381,8600,9244,11517,14284,5358,8938,160564,108516,11999,5327,62413,663,35,23,17
2021-04-30T23:59:59+02:00,0,5,4446,4781,8787,9916,9977,12482,13807,17106,21197,23200,23159,25953,18177,22654,5748,9687,2728,2687,4744,4763,5252,5969,6547,7812,7591,8344,8596,9242,11516,14281,5356,8937,156975,108491,11998,5325,62084,532,2,23,17
2021-04-29T23:59:59+02:00,0,5,4297,4638,8306,9508,9280,11879,12807,16210,19359,21524,22456,25197,18039,22445,5742,9670,2705,2666,4703,4691,5209,5895,6488,7706,7515,8227,8487,9128,11451,14205,5350,8928,147821,108011,11984,5053,61533,273,2,22,17
2021-04-28T23:59:59+02:00,0,5,4264,4619,8235,9434,9204,11793,12689,16091,19142,21310,22368,25105,18011,22404,5740,9665,2702,2655,4677,4632,5182,5851,6458,7632,7466,8145,8470,9104,11435,14183,5349,8922,147442,107819,11894,4981,60720,48,1,22,16
2021-04-27T23:59:59+02:00,0,5,4224,4573,8097,9295,9091,11642,12545,15922,18694,20813,22140,24847,17946,22327,5737,9656,2699,2651,4675,4628,5172,5843,6445,7613,7434,8108,8412,9025,11354,14103,5345,8919,146717,107564,10815,4809,60000,40,1,21,14
2021-04-26T23:59:59+02:00,0,5,4182,4545,7991,9200,8944,11537,12371,15749,18283,20449,22006,24701,17911,22299,5737,9655,2699,2649,4671,4625,5168,5833,6431,7593,7402,8080,8364,8977,11299,14025,5342,8902,145949,107460,10680,4553,58915,35,0,21,14
2021-04-25T23:59:59+02:00,0,5,4168,4530,7955,9170,8880,11475,12237,15619,17938,20119,21807,24464,17871,22244,5733,9650,2699,2649,4670,4624,5166,5829,6426,7590,7400,8076,8308,8918,11276,13997,5342,8901,144571,107439,10669,4386,58604,34,0,21,14
2021-04-24T23:59:59+02:00,0,5,4162,4522,7940,9166,8865,11465,12189,15589,17880,20081,21791,24451,17869,22239,5733,9650,2698,2649,4670,4624,5166,5829,6426,7590,7400,8076,8308,8918,11276,13997,5342,8901,144475,107439,10669,4386,58432,33,0,21,14
2021-04-23T23:59:59+02:00,0,5,4142,4489,7883,9103,8782,11364,11849,15264,17447,19684,21577,24218,17807,22162,5731,9642,2695,2647,4667,4621,5159,5822,6412,7581,7377,8045,8287,8891,11268,13989,5340,8898,143215,107427,10322,4228,57591,32,0,21,14
2021-04-22T23:59:59+02:00,0,5,4093,4424,7751,8911,8597,11105,11523,14845,16534,18700,21007,23513,17673,21982,5722,9623,2686,2641,4662,4601,5136,5796,6370,7545,7308,7999,8153,8736,11126,13837,5336,8889,139484,106809,10198,3975,56306,25,0,20,14
2021-04-21T23:59:59+02:00,0,5,4051,4381,7649,8792,8441,10947,11230,14566,15801,17944,20629,23065,17601,21877,5717,9610,2678,2630,4644,4582,5120,5775,6358,7528,7283,7978,8104,8675,11089,13798,5334,8887,136577,106532,10069,3897,55644,23,0,16,13
2021-04-20T23:59:59+02:00,0,5,4026,4355,7614,8740,8364,10867,11068,14392,15367,17467,20168,22551,17501,21725,5709,9599,2670,2621,4634,4569,5095,5755,6330,7504,7243,7939,8010,8543,11015,13711,5330,8883,134433,105962,9805,3857,55264,22,0,16,13
2021-04-19T23:59:59+02:00,0,5,3995,4305,7552,8636,8272,10728,10911,14211,15114,17173,19690,21987,17336,21511,5698,9587,2665,2620,4628,4565,5082,5740,6311,7487,7218,7895,7957,8489,10989,13665,5327,8878,132373,105629,9451,3854,54871,22,0,16,13
2021-04-18T23:59:59+02:00,0,5,3977,4276,7492,8585,8166,10601,10652,13969,14623,16634,19261,21479,17214,21325,5694,9581,2665,2620,4628,4565,5082,5740,6310,7484,7216,7894,7953,8486,10987,13661,5326,8875,129962,105608,9381,3852,54175,21,0,16,13
2021-04-17T23:59:59+02:00,0,5,3973,4268,7472,8579,8156,10583,10610,13923,14513,16546,19140,21355,17192,21297,5692,9579,2665,2620,4627,4563,5077,5735,6296,7479,7191,7871,7907,8440,10968,13638,5325,8875,129523,105599,9372,3646,53972,21,0,16,13
2021-04-16T23:59:59+02:00,0,5,3962,4225,7400,8457,8053,10426,10416,13662,13844,15787,18573,20712,17067,21122,5681,9562,2662,2617,4622,4558,5073,5723,6279,7468,7153,7836,7601,8053,10878,13500,5317,8859,126682,104809,9312,3358,52944,21,0,16,13
2021-04-15T23:59:59+02:00,0,4,3918,4171,7287,8326,7883,10188,10081,13272,13115,14929,17765,19846,16825,20799,5668,9541,2661,2609,4610,4542,5060,5693,6249,7433,7084,7767,7046,7415,10762,13348,5313,8848,123031,103188,9154,3222,51417,19,0,16,13
2021-04-14T23:59:59+02:00,0,3,3891,4142,7221,8220,7777,10038,9907,13073,12697,14483,17240,19235,16674,20590,5663,9528,2628,2590,4592,4510,5031,5646,6214,7400,7027,7706,6417,6664,10500,13063,5309,8840,121644,100890,8921,3222,49801,14,0,16,13
2021-04-13T23:59:59+02:00,0,3,3888,4136,7184,8204,7720,10005,9799,13021,12324,14191,16551,18389,16438,20289,5659,9522,2604,2563,4572,4485,5006,5613,6155,7332,6938,7605,6206,6415,9935,12415,5301,8821,120954,98728,8703,3214,47650,14,0,16,12
2021-04-12T23:59:59+02:00,0,3,3874,4118,7132,8158,7664,9938,9691,12919,12077,13978,16108,17872,16251,20075,5654,9519,2575,2552,4506,4443,4899,5544,6041,7256,6820,7506,5463,5596,9487,11879,5261,8779,120621,95377,8668,3206,45726,14,0,16,12
2021-04-11T23:59:59+02:00,0,3,3861,4111,7091,8106,7606,9894,9598,12841,11839,13771,15544,17184,15976,19734,5649,9509,2499,2469,4377,4321,4744,5411,5878,7104,6668,7400,5161,5235,9356,11720,5261,8775,120035,93199,8240,3157,44026,13,0,16,12
2021-04-10T23:59:59+02:00,0,3,3843,4092,7052,8059,7562,9838,9538,12782,11747,13686,15327,16993,15927,19666,5648,9502,1942,1902,3558,3601,3870,4646,4873,6184,5813,6615,4888,4929,9228,11567,5255,8766,119571,84457,8240,3157,43438,13,0,16,12
2021-04-09T23:59:59+02:00,0,3,3823,4072,7014,8030,7498,9782,9385,12654,11420,13401,14145,15463,15486,19135,5636,9492,1083,1075,2203,2410,2363,3275,3089,4543,4195,5154,4206,4197,8982,11215,5231,8737,117677,68781,8238,3154,40508,13,0,16,12
2021-04-08T23:59:59+02:00,0,3,3797,4056,6953,7977,7395,9688,9199,12535,11016,13047,13014,14209,15077,18614,5617,9462,582,586,1286,1705,1457,2345,1989,3460,2812,3768,2964,2799,8183,10242,5091,8517,116436,54613,8157,3151,37050,12,0,16,12
2021-04-07T23:59:59+02:00,0,3,3750,4031,6875,7923,7302,9618,9072,12406,10706,12740,12287,13438,14860,18349,5611,9443,351,369,935,1360,1052,1960,1479,2998,1868,2761,1781,1514,7280,9104,4937,8258,115475,44838,8006,3151,34918,8,0,15,12
2021-04-06T23:59:59+02:00,0,3,3734,4019,6853,7885,7247,9551,8979,12326,10495,12522,11902,12943,14639,18052,5600,9429,344,355,927,1350,1037,1939,1452,2970,1809,2702,1702,1448,6872,8552,4787,8021,114196,43100,7907,3150,34063,7,0,13,12
2021-04-05T23:59:59+02:00,0,3,3730,4018,6842,7873,7235,9541,8960,12297,10430,12463,11791,12798,14541,17960,5598,9426,342,349,916,1346,1031,1931,1442,2950,1788,2668,1649,1395,6646,8252,4665,7839,113860,42043,7886,3149,33747,7,0,13,12
2021-04-04T23:59:59+02:00,0,3,3730,4018,6840,7867,7234,9540,8957,12297,10420,12458,11788,12794,14538,17959,5598,9426,342,348,916,1346,1030,1929,1441,2949,1786,2665,1646,1390,6639,8239,4660,7836,113855,41997,7885,3148,33714,7,0,13,12
2021-04-03T23:59:59+02:00,0,3,3730,4018,6840,7866,7233,9540,8957,12297,10419,12458,11788,12793,14536,17957,5598,9426,342,347,914,1342,1028,1928,1440,2944,1784,2665,1641,1378,6596,8158,4625,7801,113851,41768,7885,3148,33710,7,0,13,12
2021-04-02T23:59:59+02:00,0,3,3728,4016,6838,7863,7227,9534,8945,12290,10403,12442,11661,12679,14493,17900,5594,9418,340,345,912,1335,1022,1917,1425,2919,1744,2626,1546,1292,5834,7260,4193,7239,113728,39106,7880,2826,33413,7,0,13,12
2021-04-01T23:59:59+02:00,0,2,3689,4004,6804,7841,7185,9503,8893,12251,10332,12372,11323,12273,14120,17391,5590,9405,335,342,896,1320,1010,1898,1393,2873,1685,2562,1423,1199,4904,6158,3643,6418,113345,35221,6481,2821,33139,7,0,13,12
2021-03-31T23:59:59+02:00,0,2,3683,4000,6789,7822,7169,9485,8858,12219,10244,12301,10993,11868,13777,16898,5584,9384,332,339,888,1312,1000,1883,1373,2845,1635,2527,1358,1147,4332,5494,3297,5960,112773,32957,5485,2748,32805,7,0,13,12
2021-03-30T23:59:59+02:00,0,2,3665,3976,6753,7783,7112,9419,8770,12115,10082,12146,10735,11591,13554,16632,5578,9370,328,333,882,1302,993,1877,1350,2839,1609,2501,1332,1121,4214,5372,3237,5868,111952,32588,5235,2553,32083,7,0,13,12
2021-03-29T23:59:59+02:00,0,2,3656,3954,6727,7761,7072,9366,8674,12020,9901,11939,10303,11123,13181,16166,5561,9337,323,329,878,1292,987,1869,1342,2828,1593,2492,1307,1107,4081,5229,3140,5738,110281,31972,4927,2547,31522,6,0,13,12
2021-03-28T23:59:59+02:00,0,2,3615,3899,6612,7604,6955,9226,8547,11827,9749,11749,10092,10863,13005,15980,5556,9327,323,329,878,1292,985,1868,1341,2828,1592,2490,1298,1104,4048,5187,3114,5713,109909,31930,4663,2445,30023,5,0,13,12
2021-03-27T23:59:59+01:00,0,2,3614,3888,6600,7539,6926,9112,8498,11656,9697,11595,9978,10740,12911,15892,5555,9327,323,328,878,1292,985,1865,1341,2826,1588,2489,1296,1102,4022,5152,3101,5698,109900,31827,4663,2444,28954,5,0,13,12
2021-03-26T23:59:59+01:00,0,2,3608,3880,6572,7502,6897,9039,8450,11544,9606,11467,9929,10677,12865,15838,5548,9307,318,326,877,1289,981,1853,1338,2805,1567,2476,1271,1086,3842,4931,2995,5545,109844,31082,4443,2403,28431,5,0,13,12
2021-03-25T23:59:59+01:00,0,2,3585,3849,6481,7375,6805,8875,8259,11312,9297,11151,9551,10295,12562,15523,5543,9298,318,325,875,1281,978,1842,1325,2792,1543,2457,1245,1067,3609,4689,2745,5211,109471,29885,4236,2403,26043,4,0,13,12
2021-03-24T23:59:59+01:00,0,2,3530,3798,6393,7190,6685,8649,8092,11077,9072,10827,9136,9808,12145,15064,5532,9288,318,324,874,1278,973,1840,1317,2788,1527,2441,1237,1057,3543,4616,2564,4990,108960,29273,4099,2403,23216,1,0,13,12
2021-03-23T23:59:59+01:00,0,2,3512,3765,6344,7134,6610,8591,7974,10948,8824,10594,8716,9339,11694,14545,5523,9273,318,324,873,1268,968,1831,1312,2779,1523,2434,1213,1032,3451,4540,2372,4673,108148,28497,4006,2403,21221,1,0,13,12
2021-03-22T23:59:59+01:00,0,2,3504,3745,6301,7105,6576,8544,7908,10872,8675,10458,8437,8986,11391,14220,5487,9234,316,319,867,1258,960,1824,1305,2768,1514,2424,1201,1023,3423,4505,2353,4640,107478,28287,4003,2402,19951,1,0,13,12
2021-03-21T23:59:59+01:00,0,2,3502,3743,6297,7094,6559,8528,7889,10853,8619,10401,8318,8869,11321,14118,5485,9231,314,318,858,1255,953,1817,1296,2766,1510,2420,1197,1020,3414,4490,2339,4631,107393,28185,4002,2402,19421,1,0,13,12
2021-03-20T23:59:59+01:00,0,2,3494,3705,6289,7023,6544,8391,7864,10669,8575,10265,8240,8783,11283,14079,5485,9231,314,318,858,1255,953,1817,1295,2766,1510,2418,1197,1020,3414,4489,2339,4630,107361,28181,3790,2401,18758,1,0,13,12
2021-03-19T23:59:59+01:00,0,2,3481,3676,6263,6941,6520,8298,7819,10552,8461,10105,7703,8177,11100,13838,5475,9213,311,317,853,1248,936,1807,1272,2735,1460,2373,1113,953,2751,3701,1928,4062,105749,25408,3491,2401,18371,1,0,13,12
2021-03-18T23:59:59+01:00,0,2,3470,3658,6222,6900,6487,8237,7756,10467,8346,9976,6748,7085,10821,13538,5465,9188,310,317,850,1243,930,1798,1253,2727,1435,2354,1076,936,2544,3462,1772,3841,102738,24436,3334,2401,18281,1,0,13,12
2021-03-17T23:59:59+01:00,0,2,3433,3620,6151,6816,6434,8134,7666,10339,8216,9818,6069,6245,10535,13235,5448,9162,309,317,843,1239,926,1786,1239,2705,1417,2330,1040,914,2425,3338,1693,3732,99974,23841,3333,2401,18003,1,0,13,12
2021-03-16T23:59:59+01:00,0,2,3415,3591,6112,6763,6389,8061,7613,10275,8126,9717,5893,6069,9842,12452,5409,9099,302,307,829,1223,914,1777,1233,2686,1404,2322,1026,895,2213,3100,1560,3538,97754,22919,3323,2399,17738,1,0,13,12
2021-03-15T23:59:59+01:00,0,2,3378,3559,6016,6684,6260,7969,7471,10156,7997,9592,5141,5236,9400,11905,5366,9029,301,306,826,1219,913,1770,1231,2673,1395,2313,1013,883,2071,2927,1474,3445,94248,22351,3316,2398,17584,1,0,13,12
2021-03-14T23:59:59+01:00,0,2,3253,3412,5740,6338,5984,7608,7158,9742,7712,9278,4808,4845,9243,11708,5362,9019,301,306,826,1219,912,1770,1229,2672,1393,2310,1011,881,2068,2924,1471,3444,91856,22331,3261,2395,16082,1,0,13,12
2021-03-13T23:59:59+01:00,0,2,2599,2750,4800,5470,4966,6679,5963,8624,6697,8335,4495,4462,8860,11189,5272,8911,301,306,825,1217,912,1765,1226,2670,1392,2310,1011,880,2044,2888,1441,3409,81170,22191,3261,2395,15630,1,0,13,12
2021-03-12T23:59:59+01:00,0,2,1773,1929,3463,4320,3460,5346,4216,6985,5063,6829,3829,3759,7613,9642,4772,8232,297,303,823,1213,906,1758,1218,2651,1366,2293,965,855,1696,2427,1173,3058,62361,20596,3258,2395,15601,1,0,13,12
2021-03-11T23:59:59+01:00,0,2,1273,1452,2560,3581,2556,4407,3123,5896,3701,5445,2654,2482,5919,7533,4009,7058,292,294,807,1204,893,1735,1200,2622,1341,2247,928,835,1539,2198,1050,2870,45085,19650,3256,2395,15297,1,0,13,11
2021-03-10T23:59:59+01:00,0,2,1049,1234,2193,3221,2182,4016,2672,5456,2798,4478,1526,1285,4571,5817,3454,6290,282,284,789,1185,871,1699,1167,2549,1303,2181,903,815,1360,2008,954,2697,34080,18749,3256,2288,14895,1,0,13,11
2021-03-09T23:59:59+01:00,0,2,1033,1207,2127,3080,2117,3901,2587,5322,2715,4352,1492,1255,4496,5744,3415,6233,278,277,775,1164,854,1672,1142,2509,1285,2153,889,803,1283,1884,883,2587,33676,18184,3253,2244,14136,1,0,13,11
2021-03-08T23:59:59+01:00,0,2,1012,1176,2070,2981,2077,3819,2528,5209,2659,4280,1454,1235,4350,5586,3314,6092,278,273,770,1156,852,1663,1134,2501,1278,2137,865,782,1117,1659,760,2423,32987,17398,3253,2240,13591,1,0,13,11
2021-03-07T23:59:59+01:00,0,2,1007,1157,2030,2938,2035,3778,2488,5144,2618,4243,1449,1232,4343,5578,3312,6092,278,273,770,1156,852,1663,1134,2501,1277,2137,862,782,1108,1649,752,2412,32957,17398,3247,2199,13229,0,0,13,11
2021-03-06T23:59:59+01:00,0,2,1007,1153,2019,2924,2023,3759,2472,5117,2600,4222,1436,1222,4309,5534,3298,6080,278,273,770,1156,852,1662,1134,2501,1277,2137,862,782,1108,1649,752,2411,32813,17397,3246,2198,13105,0,0,13,11
2021-03-05T23:59:59+01:00,0,2,1003,1149,2004,2904,1993,3736,2429,5065,2547,4185,1400,1194,4043,5209,3148,5859,277,270,763,1149,846,1654,1131,2492,1274,2127,848,778,1100,1640,751,2409,32074,17302,2915,2198,12868,0,0,13,11
2021-03-04T23:59:59+01:00,0,2,909,1002,1917,2776,1925,3599,2353,4911,2457,4027,1370,1173,3803,4950,2884,5510,277,268,761,1144,844,1646,1130,2481,1270,2120,819,764,1089,1629,744,2397,30828,17199,2911,2175,11816,0,0,13,11
2021-03-03T23:59:59+01:00,0,2,863,895,1852,2680,1854,3494,2284,4795,2383,3943,1358,1160,3693,4845,2662,5238,276,266,760,1135,841,1628,1124,2439,1260,2094,802,760,1081,1611,737,2390,30156,17173,2794,2022,11038,0,0,13,11
2021-03-02T23:59:59+01:00,0,2,818,820,1755,2556,1769,3370,2192,4671,2322,3865,1323,1138,3564,4710,2459,4892,276,265,759,1129,838,1625,1120,2434,1256,2084,800,758,1067,1590,726,2371,29432,17068,2605,2021,10176,0,0,13,11
2021-03-01T23:59:59+01:00,0,2,795,781,1655,2412,1698,3226,2092,4499,2242,3744,1305,1126,3513,4647,2415,4830,276,264,755,1125,837,1613,1116,2422,1251,2074,794,756,1062,1579,719,2364,29179,16977,2521,2021,9269,0,0,13,11
2021-02-28T23:59:59+01:00,0,2,789,758,1636,2346,1671,3154,2069,4399,2228,3677,1299,1120,3503,4633,2401,4820,275,263,755,1124,837,1608,1116,2420,1251,2069,791,754,1054,1566,715,2354,29073,16955,2519,1988,8900,0,0,13,11
2021-02-27T23:59:59+01:00,0,2,774,741,1614,2286,1654,3043,2050,4273,2207,3581,1296,1117,3503,4631,2400,4819,275,263,755,1124,837,1607,1116,2420,1251,2068,791,754,1054,1566,715,2353,29069,16953,2518,1987,8391,0,0,13,11
2021-02-26T23:59:59+01:00,0,2,646,660,1509,2173,1602,2884,1987,4036,2106,3345,1206,1046,2853,3838,1974,4237,275,263,754,1122,836,1606,1116,2418,1249,2065,789,749,1036,1553,705,2337,26280,16879,2518,1985,7293,0,0,13,11
2021-02-25T23:59:59+01:00,0,2,496,580,1390,2071,1535,2756,1926,3907,2006,3234,1157,1014,2623,3568,1810,3994,258,248,729,1098,794,1538,1069,2320,1176,1973,732,728,1004,1516,693,2309,25215,16786,2491,1390,6350,0,0,13,11
2021-02-24T23:59:59+01:00,0,2,466,549,1321,1958,1462,2612,1856,3754,1929,3085,1119,984,2484,3431,1731,3875,229,235,702,1053,768,1476,1040,2260,1122,1923,705,705,958,1487,682,2279,24564,16600,2480,1015,5561,0,0,13,11
2021-02-23T23:59:59+01:00,0,2,410,509,1239,1818,1388,2466,1779,3543,1858,2963,1094,950,2281,3203,1606,3689,224,229,687,1030,757,1437,1018,2217,1097,1882,696,693,949,1473,679,2275,23643,16515,2470,819,4672,0,0,13,11
2021-02-22T23:59:59+01:00,0,2,397,476,1140,1707,1286,2369,1670,3437,1777,2892,1073,937,2140,3031,1521,3594,213,220,665,979,726,1374,993,2123,1053,1801,653,661,880,1397,643,2219,23071,16327,2466,264,3899,0,0,13,11
2021-02-21T23:59:59+01:00,0,2,378,460,1039,1675,1134,2345,1515,3414,1675,2874,1065,935,2139,3030,1521,3594,186,214,634,971,715,1366,979,2118,1048,1799,650,658,877,1393,635,2212,23042,16196,2466,250,3274,0,0,13,11
2021-02-20T23:59:59+01:00,0,2,378,458,1038,1675,1133,2345,1513,3412,1675,2872,1065,934,2138,3030,1520,3593,185,212,631,971,712,1365,973,2115,1046,1799,650,658,877,1393,635,2212,23035,16175,2465,250,3268,0,0,13,11
2021-02-19T23:59:59+01:00,0,2,373,449,1026,1671,1123,2335,1500,3394,1643,2857,1015,906,1767,2524,1223,3211,164,202,605,967,694,1357,956,2113,1040,1797,647,657,875,1393,634,2211,21297,16053,2465,250,3244,0,0,13,11
2021-02-18T23:59:59+01:00,0,2,353,429,986,1589,1085,2248,1447,3276,1602,2767,985,883,1594,2281,1094,3007,144,191,566,956,674,1345,922,2097,1016,1777,636,638,854,1365,620,2190,20317,15732,2465,250,2833,0,0,13,11
2021-02-17T23:59:59+01:00,0,2,330,376,902,1447,978,2048,1313,3022,1490,2547,948,853,1405,2069,993,2830,138,184,554,925,648,1294,889,2019,966,1701,602,606,847,1339,615,2171,19244,15239,2465,250,1831,0,0,13,11
2021-02-16T23:59:59+01:00,0,2,324,338,858,1309,926,1860,1252,2797,1424,2386,937,836,1342,1973,926,2734,132,171,540,882,633,1240,863,1956,936,1659,592,596,825,1308,602,2111,18875,14923,2464,114,872,0,0,13,11
2021-02-15T23:59:59+01:00,0,2,308,298,830,1278,909,1804,1212,2713,1386,2330,909,804,1165,1741,797,2558,123,163,519,854,615,1178,839,1883,913,1582,571,559,807,1271,593,2069,17964,14456,2463,74,604,0,0,13,11
2021-02-14T23:59:59+01:00,0,2,308,298,829,1278,908,1804,1210,2713,1386,2330,909,804,1165,1741,797,2558,123,163,518,847,611,1173,833,1877,909,1579,570,559,805,1270,592,2066,17963,14412,2463,74,601,0,0,13,11
2021-02-13T23:59:59+01:00,0,2,308,298,829,1278,908,1801,1210,2711,1386,2328,909,804,1165,1741,797,2558,123,163,518,847,611,1173,831,1874,907,1575,568,559,790,1250,580,2050,17956,14410,2463,0,601,0,0,13,11
2021-02-12T23:59:59+01:00,0,2,304,297,819,1273,904,1771,1204,2683,1358,2299,907,802,1164,1738,797,2558,123,163,516,844,610,1166,825,1862,901,1562,565,557,776,1239,574,2037,17947,14311,2463,0,457,0,0,13,11
2021-02-11T23:59:59+01:00,0,2,285,288,804,1238,898,1737,1188,2617,1336,2244,872,789,1153,1726,796,2548,121,149,498,803,588,1101,791,1762,878,1502,552,543,752,1204,560,2006,17834,13801,2462,0,212,0,0,13,11
2021-02-10T23:59:59+01:00,0,2,282,282,785,1200,885,1707,1176,2571,1321,2202,867,787,1138,1710,791,2532,117,140,433,721,547,1008,715,1642,826,1422,537,527,738,1184,550,1978,17810,13087,2357,0,58,0,0,13,0
2021-02-09T23:59:59+01:00,0,2,282,279,781,1186,874,1690,1162,2552,1307,2178,852,782,1124,1693,780,2516,100,121,378,634,495,878,636,1444,737,1234,485,449,617,1023,482,1738,17713,11453,2311,0,3,0,0,13,0
2021-02-08T23:59:59+01:00,0,2,282,278,779,1181,874,1683,1160,2548,1301,2170,846,779,1108,1671,763,2495,90,99,334,543,443,779,547,1237,632,1070,410,375,535,836,389,1432,17598,9753,2308,0,1,0,0,13,0
2021-02-07T23:59:59+01:00,0,2,281,277,777,1180,873,1683,1160,2547,1301,2167,840,777,1106,1668,762,2493,88,98,332,538,441,775,545,1228,628,1064,405,370,514,813,383,1418,17573,9642,2308,0,0,0,0,13,0
2021-02-06T23:59:59+01:00,0,2,281,276,777,1179,873,1682,1160,2547,1301,2166,839,776,1104,1662,761,2491,88,97,332,535,440,774,544,1224,626,1063,401,365,466,744,355,1373,17557,9429,2307,0,0,0,0,13,0
2021-02-05T23:59:59+01:00,0,2,281,276,777,1178,872,1681,1159,2546,1300,2163,832,770,1081,1652,754,2475,82,95,324,529,424,756,518,1191,597,1022,378,338,446,721,341,1333,17479,9096,2307,0,0,0,0,13,0
2021-02-04T23:59:59+01:00,0,2,278,269,774,1157,860,1659,1146,2518,1286,2139,810,757,1053,1622,747,2459,68,77,254,408,329,591,402,963,484,820,305,274,335,577,277,1114,17239,7278,2284,0,0,0,0,13,0
2021-02-03T23:59:59+01:00,0,2,277,264,770,1136,858,1633,1139,2468,1273,2109,791,743,1036,1599,738,2445,54,54,168,279,255,440,282,714,360,581,209,194,237,424,194,837,17143,5282,2125,0,0,0,0,13,0
2021-02-02T23:59:59+01:00,0,2,276,259,766,1128,852,1611,1130,2444,1261,2092,787,736,1027,1588,736,2437,35,34,91,138,147,251,171,446,232,364,135,124,160,255,136,539,16994,3258,2125,0,0,0,0,13,0
2021-02-01T23:59:59+01:00,0,2,274,256,761,1109,844,1590,1125,2414,1257,2059,779,723,1020,1578,732,2424,11,12,14,26,25,62,44,88,69,100,49,45,57,73,39,178,16810,892,2125,0,0,0,0,12,0
2021-01-31T23:59:59+01:00,0,2,268,254,745,1107,836,1579,1115,2403,1246,2050,773,717,1010,1561,725,2411,10,12,13,25,23,59,38,83,62,92,46,45,53,66,36,165,16775,828,2015,0,0,0,0,12,0
2021-01-30T23:59:59+01:00,0,2,268,254,745,1106,835,1579,1115,2403,1246,2050,772,717,1010,1560,725,2410,10,10,13,25,23,59,38,83,61,90,45,44,52,66,36,164,16771,819,2014,0,0,0,0,12,0
2021-01-29T23:59:59+01:00,0,2,268,254,745,1105,835,1579,1115,2403,1246,2049,771,716,1009,1558,725,2408,9,5,12,24,23,58,36,81,60,90,44,43,52,66,36,164,16764,803,2012,0,0,0,0,12,0
2021-01-28T23:59:59+01:00,0,2,264,249,733,1080,800,1524,1078,2343,1170,1991,730,702,980,1538,709,2386,4,0,3,6,9,23,18,36,20,45,21,22,23,44,15,97,16585,386,1682,0,0,0,0,12,0
2021-01-27T23:59:59+01:00,0,2,258,242,710,1048,752,1468,1021,2262,1097,1910,695,675,966,1517,706,2379,3,0,3,4,6,19,14,22,13,32,6,9,10,9,4,27,16136,181,1560,0,0,0,0,12,0
2021-01-26T23:59:59+01:00,0,2,234,233,693,1024,744,1418,1001,2188,1070,1845,683,661,943,1501,696,2360,3,0,1,4,5,9,12,12,6,11,3,5,6,7,1,16,16085,101,1199,0,0,0,0,12,0
2021-01-25T23:59:59+01:00,0,2,202,218,641,950,692,1295,959,2042,1012,1710,635,606,866,1406,653,2287,3,0,1,4,5,9,12,12,6,11,3,5,6,7,1,16,15859,101,305,0,0,0,0,12,0
2021-01-24T23:59:59+01:00,0,2,185,212,615,938,673,1281,941,2026,997,1700,628,600,856,1386,644,2274,3,0,1,4,5,9,11,12,5,11,3,5,6,7,1,16,15686,99,260,0,0,0,0,12,0
2021-01-23T23:59:59+01:00,0,2,185,212,615,938,673,1281,941,2026,997,1700,628,600,856,1386,644,2274,3,0,1,4,5,9,9,12,5,11,3,5,6,7,1,16,15686,97,260,0,0,0,0,12,0
2021-01-22T23:59:59+01:00,0,2,138,194,557,928,655,1267,907,2016,986,1689,623,599,855,1386,644,2274,3,0,0,4,5,9,9,12,5,11,3,5,6,7,1,16,15448,96,260,0,0,0,0,12,0
2021-01-21T23:59:59+01:00,0,2,133,186,542,905,634,1226,874,1962,964,1641,612,578,843,1355,637,2255,3,0,0,4,4,9,9,12,5,11,3,5,6,7,1,15,15077,94,260,0,0,0,0,12,0
2021-01-20T23:59:59+01:00,0,2,128,170,495,839,611,1150,811,1852,928,1570,591,561,825,1332,627,2227,3,0,0,4,4,9,9,12,5,11,3,5,6,7,1,15,14449,94,258,0,0,0,0,12,0
2021-01-19T23:59:59+01:00,0,2,115,150,422,752,545,1020,726,1653,823,1405,545,507,723,1172,554,1978,3,0,0,4,4,8,9,12,5,11,3,5,6,7,1,15,12889,93,191,0,0,0,0,12,0
2021-01-18T23:59:59+01:00,0,2,97,118,353,599,454,848,596,1392,697,1199,477,441,639,1015,487,1711,1,0,0,1,0,0,0,0,0,0,0,0,0,1,0,0,11032,3,81,0,0,0,0,12,0
2021-01-17T23:59:59+01:00,0,2,93,116,349,594,453,843,594,1373,689,1189,472,432,612,986,471,1670,1,0,0,1,0,0,0,0,0,0,0,0,0,1,0,0,10845,3,81,0,0,0,0,12,0
2021-01-16T23:59:59+01:00,0,2,93,113,347,586,450,838,583,1360,678,1177,457,418,517,860,410,1573,0,0,0,1,0,0,0,0,0,0,0,0,0,0,0,0,10448,1,2,0,0,0,0,12,0
2021-01-15T23:59:59+01:00,0,2,92,111,342,584,444,833,577,1353,661,1161,441,400,509,848,402,1550,0,0,0,0,0,0,0,0,0,0,0,0,0,0,0,0,10298,0,0,0,0,0,0,12,0
2021-01-14T23:59:59+01:00,0,0,75,89,285,482,366,671,460,1100,541,979,363,320,399,694,332,1320,0,0,0,0,0,0,0,0,0,0,0,0,0,0,0,0,8464,0,0,0,0,0,0,12,0
2021-01-13T23:59:59+01:00,0,0,61,66,201,364,290,499,347,818,415,698,253,224,291,519,250,1014,0,0,0,0,0,0,0,0,0,0,0,0,0,0,0,0,6299,0,0,0,0,0,0,11,0
2021-01-12T23:59:59+01:00,0,0,40,43,121,215,177,309,206,526,276,431,159,142,186,336,171,682,0,0,0,0,0,0,0,0,0,0,0,0,0,0,0,0,4020,0,0,0,0,0,0,0,0
2021-01-11T23:59:59+01:00,0,0,11,14,41,57,41,90,59,119,91,127,65,58,83,103,49,223,0,0,0,0,0,0,0,0,0,0,0,0,0,0,0,0,1231,0,0,0,0,0,0,0,0
2021-01-10T23:59:59+01:00,0,0,11,14,29,47,34,72,50,110,78,117,57,54,77,93,46,209,0,0,0,0,0,0,0,0,0,0,0,0,0,0,0,0,1098,0,0,0,0,0,0,0,0
2021-01-09T23:59:59+01:00,0,0,11,13,26,46,34,72,49,109,76,114,56,53,76,92,45,208,0,0,0,0,0,0,0,0,0,0,0,0,0,0,0,0,1080,0,0,0,0,0,0,0,0
2021-01-08T23:59:59+01:00,0,0,7,6,26,41,32,69,46,107,75,113,53,49,71,87,41,208,0,0,0,0,0,0,0,0,0,0,0,0,0,0,0,0,1031,0,0,0,0,0,0,0,0
2021-01-07T23:59:59+01:00,0,0,5,1,9,20,15,36,28,77,33,77,32,27,47,74,28,162,0,0,0,0,0,0,0,0,0,0,0,0,0,0,0,0,671,0,0,0,0,0,0,0,0
2021-01-06T23:59:59+01:00,0,0,5,0,4,8,10,28,25,43,19,47,26,24,34,51,19,120,0,0,0,0,0,0,0,0,0,0,0,0,0,0,0,0,463,0,0,0,0,0,0,0,0
2021-01-05T23:59:59+01:00,0,0,5,0,4,8,10,28,25,43,19,47,26,24,34,50,19,120,0,0,0,0,0,0,0,0,0,0,0,0,0,0,0,0,462,0,0,0,0,0,0,0,0
2021-01-04T23:59:59+01:00,0,0,4,0,1,3,4,9,13,12,5,11,3,5,6,8,1,17,0,0,0,0,0,0,0,0,0,0,0,0,0,0,0,0,102,0,0,0,0,0,0,0,0
2021-01-03T23:59:59+01:00,0,0,3,0,1,3,4,9,12,12,5,11,3,5,6,8,1,16,0,0,0,0,0,0,0,0,0,0,0,0,0,0,0,0,99,0,0,0,0,0,0,0,0
2021-01-02T23:59:59+01:00,0,0,3,0,1,3,4,9,10,12,5,11,3,5,6,8,1,16,0,0,0,0,0,0,0,0,0,0,0,0,0,0,0,0,97,0,0,0,0,0,0,0,0
2021-01-01T23:59:59+01:00,0,0,3,0,0,3,4,9,10,12,5,11,3,5,6,7,1,16,0,0,0,0,0,0,0,0,0,0,0,0,0,0,0,0,95,0,0,0,0,0,0,0,0
2020-12-31T23:59:59+01:00,0,0,3,0,0,3,4,9,9,12,5,11,3,5,6,7,1,16,0,0,0,0,0,0,0,0,0,0,0,0,0,0,0,0,94,0,0,0,0,0,0,0,0
2020-12-30T23:59:59+01:00,0,0,3,0,0,3,4,9,9,12,5,11,3,5,6,7,1,16,0,0,0,0,0,0,0,0,0,0,0,0,0,0,0,0,94,0,0,0,0,0,0,0,0
2020-12-29T23:59:59+01:00,0,0,3,0,0,3,4,8,9,12,5,11,3,5,6,7,1,16,0,0,0,0,0,0,0,0,0,0,0,0,0,0,0,0,93,0,0,0,0,0,0,0,0
2020-12-28T23:59:59+01:00,0,0,3,0,0,3,4,8,9,12,5,11,3,5,6,7,1,16,0,0,0,0,0,0,0,0,0,0,0,0,0,0,0,0,93,0,0,0,0,0,0,0,0
2020-12-27T23:59:59+01:00,0,0,1,0,0,0,0,0,0,0,0,0,0,0,1,3,0,7,0,0,0,0,0,0,0,0,0,0,0,0,0,0,0,0,12,0,0,0,0,0,0,0,0
