Datum,<15_m,<15_w,15-24_1_m,15-24_1_w,25-34_1_m,25-34_1_w,35-44_1_m,35-44_1_w,45-54_1_m,45-54_1_w,55-64_1_m,55-64_1_w,65-74_1_m,65-74_1_w,75-84_1_m,75-84_1_w,>84_1_m,>84_1_w,<24_2_m,<24_2_w,25-34_2_m,25-34_2_w,35-44_2_m,35-44_2_w,45-54_2_m,45-54_2_w,55-64_2_m,55-64_2_w,65-74_2_m,65-74_2_w,75-84_2_m,75-84_2_w,>84_2_m,>84_2_w,bp_1,bp_2,mo_1,mo_2,az_1,az_2,ja,unb_1,unb_2
2021-09-24T23:59:59+02:00,3511,3202,24819,23866,34001,31458,34092,34118,39606,39946,43056,43220,28169,31395,19930,25028,6065,10247,22064,21088,31592,28689,32148,31726,37449,37485,40976,41138,27094,30184,19225,24025,5816,9744,332441,309997,45302,43545,77498,71186,20432,61,30
2021-09-23T23:59:59+02:00,3345,3051,24683,23719,33912,31367,34016,34061,39547,39894,42999,43176,28152,31381,19922,25017,6063,10245,21952,20987,31527,28612,32099,31670,37413,37451,40941,41104,27080,30166,19218,24009,5815,9741,331413,309389,45273,43525,77498,71184,20310,61,30
2021-09-22T23:59:59+02:00,3323,3028,24647,23666,33882,31334,33993,34022,39519,39879,42977,43152,28143,31372,19917,25005,6063,10240,21923,20958,31493,28573,32080,31643,37391,37436,40918,41093,27070,30160,19215,24005,5815,9740,331070,309129,45264,43521,77496,71183,20276,61,30
2021-09-21T23:59:59+02:00,3199,2895,24458,23516,33753,31238,33932,33939,39452,39832,42955,43110,28124,31352,19908,24999,6055,10235,21790,20820,31389,28469,32003,31566,37337,37387,40885,41059,27059,30148,19207,23990,5812,9735,330054,308361,45225,43494,77496,71182,20121,61,30
2021-09-20T23:59:59+02:00,3174,2874,24412,23470,33708,31197,33903,33906,39422,39801,42931,43085,28119,31343,19904,24993,6055,10231,21755,20783,31346,28423,31983,31531,37307,37368,40871,41050,27049,30141,19197,23984,5810,9728,329695,308068,45208,43487,77496,71182,20073,61,29
2021-09-19T23:59:59+02:00,3169,2872,24402,23464,33700,31190,33896,33898,39417,39786,42921,43084,28118,31342,19904,24991,6055,10231,21748,20778,31342,28415,31980,31530,37299,37360,40863,41049,27049,30141,19196,23983,5810,9728,329616,308014,45208,43486,77495,71182,20065,61,29
2021-09-18T23:59:59+02:00,3169,2872,24402,23464,33700,31190,33896,33898,39417,39786,42921,43084,28118,31342,19904,24991,6055,10231,21748,20778,31342,28413,31977,31530,37299,37360,40863,41049,27049,30141,19196,23982,5810,9728,329616,308009,45208,43485,77495,71182,20065,61,29
2021-09-17T23:59:59+02:00,3143,2834,24299,23355,33600,31092,33822,33831,39348,39733,42886,43057,28104,31334,19902,24985,6053,10229,21670,20705,31277,28351,31917,31485,37260,37327,40844,41035,27041,30126,19194,23975,5810,9727,328975,307568,45167,43465,77494,71182,19915,60,29
2021-09-16T23:59:59+02:00,3092,2786,24189,23225,33506,30989,33758,33730,39302,39673,42835,43008,28079,31314,19886,24974,6050,10222,21569,20610,31201,28284,31852,31424,37237,37273,40814,40998,27030,30106,19187,23967,5808,9726,328172,306992,45129,43457,77494,71176,19767,60,29
2021-09-15T23:59:59+02:00,3068,2773,24148,23176,33475,30945,33744,33699,39272,39645,42817,42990,28069,31303,19880,24968,6049,10220,21532,20567,31171,28240,31828,31401,37205,37239,40790,40972,27016,30097,19180,23959,5807,9722,327841,306638,45115,43456,77493,71174,19736,60,29
2021-09-14T23:59:59+02:00,3030,2741,24047,23035,33338,30806,33663,33615,39215,39595,42766,42940,28051,31286,19871,24960,6045,10215,21447,20484,31081,28153,31764,31341,37157,37196,40746,40946,27006,30077,19171,23951,5805,9719,327052,306121,45081,43448,77492,71170,19538,60,29
2021-09-13T23:59:59+02:00,3012,2721,23996,22984,33295,30749,33632,33564,39189,39565,42735,42916,28045,31273,19866,24959,6044,10212,21396,20440,31041,28104,31736,31309,37133,37176,40732,40924,27000,30071,19167,23947,5804,9718,326678,305829,45064,43435,77492,71169,19467,60,29
2021-09-12T23:59:59+02:00,3008,2714,23991,22976,33291,30746,33622,33558,39184,39562,42732,42914,28043,31271,19865,24958,6044,10211,21381,20432,31032,28087,31717,31301,37127,37169,40726,40918,26995,30070,19165,23944,5804,9716,326613,305711,45064,43435,77491,71168,19466,60,29
2021-09-11T23:59:59+02:00,3006,2713,23989,22974,33289,30744,33620,33557,39184,39560,42731,42914,28040,31269,19865,24958,6044,10211,21376,20431,31031,28084,31717,31301,37127,37168,40725,40917,26993,30070,19165,23944,5804,9716,326592,305694,45064,43435,77491,71168,19465,60,29
2021-09-10T23:59:59+02:00,2964,2669,23856,22847,33167,30631,33519,33481,39110,39477,42684,42874,28024,31252,19860,24950,6043,10209,21260,20331,30924,27994,31627,31246,37063,37127,40679,40884,26985,30060,19159,23934,5802,9715,325859,305160,45045,43417,77491,71167,19166,60,29
2021-09-09T23:59:59+02:00,2916,2630,23682,22698,33064,30505,33425,33381,39040,39409,42644,42827,27997,31234,19851,24944,6041,10207,21141,20199,30828,27898,31550,31153,36999,37072,40630,40836,26961,30044,19150,23925,5798,9712,325001,304412,45021,43397,77488,71164,18936,53,28
2021-09-08T23:59:59+02:00,2895,2600,23644,22649,33033,30465,33409,33354,39020,39389,42629,42812,27991,31225,19848,24939,6040,10207,21108,20167,30797,27880,31534,31129,36982,37049,40620,40823,26954,30037,19144,23920,5797,9711,324692,304181,45015,43393,77488,71163,18905,53,28
2021-09-07T23:59:59+02:00,2842,2546,23493,22507,32916,30359,33333,33268,38965,39327,42586,42778,27974,31208,19845,24934,6039,10204,20972,20032,30683,27796,31456,31064,36935,36998,40581,40795,26937,30011,19138,23909,5796,9709,323950,303532,44992,43372,77487,71157,18645,53,28
2021-09-06T23:59:59+02:00,2819,2532,23462,22463,32885,30326,33312,33248,38945,39314,42570,42763,27971,31204,19843,24932,6038,10201,20931,19989,30653,27769,31435,31038,36916,36980,40567,40783,26929,30003,19136,23900,5793,9707,323687,303233,44976,43364,77486,71156,18629,53,28
2021-09-05T23:59:59+02:00,2808,2529,23454,22457,32884,30321,33311,33243,38942,39311,42566,42757,27969,31200,19841,24931,6037,10200,20918,19981,30644,27763,31432,31034,36913,36978,40562,40780,26924,30001,19134,23896,5792,9707,323622,303158,44975,43364,77486,71155,18628,53,28
2021-09-04T23:59:59+02:00,2808,2529,23451,22457,32883,30321,33311,33241,38941,39310,42565,42756,27969,31200,19841,24931,6037,10200,20916,19981,30644,27762,31431,31032,36912,36978,40561,40780,26924,30001,19134,23896,5792,9707,323617,303150,44975,43364,77486,71155,18623,53,28
2021-09-03T23:59:59+02:00,2785,2495,23377,22383,32815,30253,33272,33198,38897,39282,42535,42744,27961,31187,19840,24929,6035,10199,20867,19923,30597,27723,31398,30997,36884,36953,40532,40768,26916,29993,19132,23894,5791,9707,323137,302808,44947,43356,77482,71147,18571,53,28
2021-09-02T23:59:59+02:00,2755,2463,23271,22287,32759,30165,33217,33143,38859,39248,42497,42712,27941,31176,19836,24915,6033,10196,20792,19863,30543,27663,31361,30968,36845,36916,40502,40739,26906,29981,19129,23883,5791,9707,322547,302392,44916,43340,77480,71142,18480,53,28
2021-09-01T23:59:59+02:00,2734,2449,23249,22251,32731,30134,33197,33115,38833,39227,42484,42697,27932,31168,19831,24913,6033,10196,20751,19822,30515,27637,31340,30946,36826,36900,40485,40723,26897,29972,19128,23877,5791,9707,322297,302132,44905,43336,77479,71141,18443,53,28
2021-08-31T23:59:59+02:00,2689,2407,23130,22146,32652,30035,33144,33056,38787,39186,42458,42672,27921,31162,19825,24909,6032,10192,20664,19729,30443,27579,31293,30903,36786,36868,40457,40699,26888,29961,19122,23872,5791,9705,321725,301719,44874,43321,77478,71135,18276,53,28
2021-08-30T23:59:59+02:00,2667,2383,23078,22102,32611,29994,33121,33019,38758,39168,42438,42654,27916,31156,19818,24901,6031,10188,20539,19630,30349,27486,31236,30853,36753,36840,40437,40665,26873,29948,19121,23863,5791,9703,321390,301023,44859,43313,77478,71130,18226,53,28
2021-08-29T23:59:59+02:00,2636,2353,22995,22039,32551,29939,33077,32990,38712,39132,42408,42633,27907,31149,19815,24896,6031,10187,20434,19563,30282,27438,31199,30820,36712,36810,40412,40646,26860,29937,19120,23858,5791,9703,320945,300593,44843,43290,77476,71120,18136,53,28
2021-08-28T23:59:59+02:00,2630,2351,22995,22039,32549,29939,33075,32990,38709,39131,42407,42633,27906,31149,19815,24896,6031,10187,20433,19562,30278,27437,31199,30817,36709,36808,40412,40646,26860,29937,19120,23858,5791,9703,320932,300581,44842,43289,77476,71120,18132,53,28
2021-08-27T23:59:59+02:00,2630,2351,22990,22035,32545,29939,33074,32988,38707,39129,42403,42633,27905,31149,19815,24896,6030,10187,20428,19560,30266,27435,31198,30815,36707,36807,40410,40646,26860,29937,19120,23857,5791,9703,320918,300564,44842,43289,77476,71117,18120,53,28
2021-08-26T23:59:59+02:00,2548,2267,22808,21830,32420,29800,32958,32884,38620,39040,42338,42565,27880,31116,19802,24878,6029,10181,20156,19292,30124,27269,31058,30692,36599,36712,40328,40572,26818,29896,19101,23833,5785,9702,319719,299054,44822,43266,77475,71101,17898,53,28
2021-08-25T23:59:59+02:00,2542,2259,22788,21804,32410,29781,32944,32869,38608,39026,42328,42560,27875,31114,19795,24872,6026,10179,20108,19251,30085,27239,31037,30656,36573,36680,40309,40556,26805,29883,19098,23825,5784,9701,319537,298691,44822,43265,77475,71100,17896,53,28
2021-08-24T23:59:59+02:00,2524,2248,22750,21762,32383,29738,32925,32836,38599,39006,42309,42546,27869,31103,19790,24864,6025,10178,20070,19209,30052,27199,31016,30620,36559,36659,40289,40539,26799,29873,19094,23822,5784,9697,319251,298403,44812,43259,77475,71095,17867,53,28
2021-08-23T23:59:59+02:00,2504,2216,22679,21691,32319,29681,32889,32805,38558,38975,42278,42533,27853,31094,19787,24853,6025,10176,19948,19086,29935,27121,30952,30572,36510,36616,40248,40510,26787,29860,19088,23812,5784,9691,318814,297675,44801,43234,77472,71090,17779,53,28
2021-08-22T23:59:59+02:00,2495,2207,22643,21658,32300,29663,32872,32797,38542,38959,42273,42524,27849,31089,19782,24853,6025,10175,19909,19049,29900,27088,30921,30536,36489,36600,40229,40488,26779,29856,19085,23809,5784,9689,318645,297388,44794,43231,77471,71081,17746,53,28
2021-08-21T23:59:59+02:00,2476,2194,22589,21609,32261,29626,32848,32773,38528,38937,42256,42514,27842,31081,19780,24850,6025,10174,19807,18952,29829,27032,30887,30493,36455,36558,40205,40467,26768,29847,19080,23805,5782,9689,318403,296886,44781,43216,77469,71075,17660,53,28
2021-08-20T23:59:59+02:00,2438,2154,22501,21506,32186,29544,32786,32727,38480,38897,42213,42486,27835,31067,19776,24835,6024,10170,19636,18827,29703,26928,30811,30434,36396,36514,40159,40430,26753,29828,19071,23796,5781,9685,317828,296075,44757,43194,77466,71057,17524,53,28
2021-08-19T23:59:59+02:00,2350,2086,22340,21371,32055,29424,32697,32644,38379,38819,42142,42432,27809,31034,19769,24823,6019,10161,19377,18621,29498,26779,30695,30325,36277,36419,40057,40344,26726,29798,19060,23780,5777,9680,316899,294808,44737,43164,77466,71031,17202,53,28
2021-08-18T23:59:59+02:00,2341,2077,22314,21349,32034,29404,32676,32622,38351,38801,42129,42416,27794,31024,19763,24818,6019,10159,19323,18562,29459,26745,30671,30294,36249,36398,40033,40312,26709,29787,19056,23768,5772,9676,316643,294377,44737,43164,77466,71029,17195,53,28
2021-08-17T23:59:59+02:00,2324,2061,22287,21321,32016,29375,32651,32598,38339,38789,42105,42397,27789,31012,19758,24813,6019,10159,19280,18509,29426,26704,30627,30267,36221,36363,40005,40288,26687,29772,19049,23751,5768,9672,316402,293972,44737,43161,77466,71025,17158,53,28
2021-08-16T23:59:59+02:00,2288,2044,22221,21277,31977,29329,32627,32576,38315,38769,42073,42380,27780,31005,19756,24803,6019,10158,19073,18365,29284,26589,30549,30179,36174,36310,39967,40246,26667,29756,19042,23732,5762,9670,316056,292975,44737,43155,77464,71024,17090,53,28
2021-08-15T23:59:59+02:00,2261,2021,22166,21220,31933,29289,32603,32543,38287,38750,42054,42367,27773,31000,19750,24796,6018,10158,18956,18248,29127,26459,30468,30096,36106,36259,39910,40190,26648,29732,19032,23723,5759,9669,315725,292047,44729,43138,77463,71016,17022,53,28
2021-08-14T23:59:59+02:00,2255,2018,22140,21204,31921,29272,32599,32537,38279,38745,42048,42364,27772,30999,19749,24795,6018,10157,18843,18155,29066,26394,30433,30049,36082,36228,39889,40175,26640,29726,19029,23722,5758,9666,315635,291509,44726,43119,77463,71012,16998,53,28
2021-08-13T23:59:59+02:00,2238,2007,22095,21168,31884,29248,32563,32510,38263,38731,42038,42354,27770,30995,19746,24792,6017,10157,18587,17896,28886,26236,30317,29955,36029,36159,39844,40139,26624,29714,19024,23713,5755,9662,315405,290140,44721,43103,77461,71002,16939,53,28
2021-08-12T23:59:59+02:00,2200,1970,22009,21075,31813,29173,32510,32460,38215,38689,42001,42320,27753,30976,19739,24782,6015,10157,18281,17581,28630,26011,30172,29828,35933,36066,39768,40071,26588,29668,19004,23691,5753,9659,314838,288389,44709,43049,77458,70955,16802,53,28
2021-08-11T23:59:59+02:00,2198,1965,21989,21058,31796,29151,32495,32444,38207,38680,41990,42304,27745,30973,19736,24778,6014,10153,18226,17524,28593,25965,30123,29791,35912,36029,39731,40038,26576,29642,18997,23681,5753,9657,314659,287910,44709,43046,77458,70952,16800,53,28
2021-08-10T23:59:59+02:00,2189,1944,21961,21021,31761,29129,32480,32424,38180,38653,41972,42297,27739,30965,19735,24775,6013,10149,17704,17071,28420,25808,30027,29700,35743,35906,39681,39996,26552,29619,18990,23665,5749,9656,314412,286204,44704,43017,77456,70702,16765,53,28
2021-08-09T23:59:59+02:00,2165,1930,21909,20971,31705,29084,32447,32395,38155,38632,41959,42273,27728,30956,19734,24766,6012,10147,17231,16611,28284,25703,29972,29646,35697,35860,39647,39961,26543,29605,18985,23659,5749,9654,314042,284717,44699,42998,77455,70689,16722,53,28
2021-08-08T23:59:59+02:00,2150,1913,21855,20927,31660,29049,32413,32370,38131,38624,41939,42253,27721,30952,19728,24762,6012,10144,16887,16265,28171,25621,29916,29573,35650,35822,39626,39935,26531,29592,18976,23650,5747,9649,313732,283475,44698,42977,77454,70682,16669,53,28
2021-08-07T23:59:59+02:00,2106,1870,21722,20845,31577,28982,32339,32309,38075,38572,41906,42225,27712,30925,19723,24753,6010,10142,16377,15811,27870,25338,29686,29388,35472,35665,39486,39825,26475,29529,18957,23621,5744,9645,313107,280839,44666,42855,77448,70593,16522,53,28
2021-08-06T23:59:59+02:00,2096,1860,21672,20808,31536,28949,32304,32290,38049,38552,41894,42209,27707,30916,19719,24753,6010,10142,15349,14830,26722,24445,29394,29156,35223,35467,39171,39584,26432,29483,18947,23611,5743,9642,312876,275842,44662,42833,77448,69789,16430,53,27
2021-08-05T23:59:59+02:00,2057,1831,21564,20722,31478,28872,32245,32234,37991,38501,41849,42172,27690,30897,19710,24740,6008,10139,14459,14083,25701,23667,28681,28642,34693,35033,38854,39338,26365,29403,18915,23577,5740,9632,312325,270965,44639,42781,77447,68288,16239,53,27
2021-08-04T23:59:59+02:00,2036,1812,21491,20669,31431,28801,32213,32192,37955,38477,41814,42144,27678,30881,19705,24727,6006,10135,14087,13742,25296,23360,28468,28419,34550,34907,38757,39245,26326,29358,18893,23554,5735,9627,311867,268521,44633,42753,77447,68246,16170,53,27
2021-08-03T23:59:59+02:00,2027,1796,21464,20643,31414,28786,32200,32182,37945,38463,41798,42132,27668,30875,19701,24720,6005,10133,14003,13651,25218,23284,28400,28362,34502,34860,38706,39205,26300,29331,18881,23542,5732,9621,311661,267792,44629,42752,77446,68220,16166,53,27
2021-08-02T23:59:59+02:00,2017,1775,21419,20607,31371,28765,32172,32151,37919,38448,41785,42117,27659,30863,19701,24712,6004,10129,13799,13442,24510,22734,28119,28141,34352,34748,38626,39142,26273,29299,18873,23538,5732,9619,311377,265372,44626,42738,77446,67994,16115,53,27
2021-08-01T23:59:59+02:00,1997,1759,21368,20559,31319,28725,32146,32131,37900,38429,41763,42100,27653,30856,19698,24704,6004,10129,13628,13283,24209,22480,27879,27923,34260,34639,38556,39070,26257,29280,18867,23532,5732,9617,311075,263670,44620,42726,77445,67971,16050,53,27
2021-07-31T23:59:59+02:00,1972,1729,21287,20482,31252,28689,32091,32093,37863,38401,41740,42079,27649,30848,19693,24700,6004,10129,12682,12256,23688,22037,27533,27569,33950,34343,38124,38727,26186,29195,18841,23488,5727,9611,310662,258632,44608,42691,77443,67398,15937,53,27
2021-07-30T23:59:59+02:00,1947,1710,21266,20460,31221,28670,32076,32075,37857,38394,41732,42071,27644,30845,19692,24700,6003,10129,12595,12180,23357,21748,27250,27356,33731,34180,37963,38593,26162,29177,18839,23480,5727,9609,310481,257199,44607,42683,77443,66841,15910,53,27
2021-07-29T23:59:59+02:00,1878,1641,21033,20223,31082,28524,31974,31965,37764,38305,41639,42011,27616,30820,19679,24681,5996,10121,11965,11646,22225,20906,26209,26519,32747,33488,37579,38303,26080,29076,18810,23433,5721,9600,309277,251583,44580,42592,77435,65083,15609,53,27
2021-07-28T23:59:59+02:00,1858,1626,20993,20174,31062,28495,31959,31943,37743,38286,41616,41990,27605,30808,19674,24671,5996,10119,11687,11344,21814,20522,25773,26089,32583,33334,37468,38212,26043,29025,18791,23410,5720,9595,308963,248656,44579,42592,77423,65023,15603,52,27
2021-07-27T23:59:59+02:00,1848,1620,20952,20132,31038,28462,31925,31927,37722,38252,41592,41976,27598,30801,19673,24666,5996,10116,11438,11130,21613,20332,25632,25968,32471,33228,37379,38128,26012,28986,18781,23398,5717,9591,308724,247180,44579,42557,77422,64948,15521,52,26
2021-07-26T23:59:59+02:00,1822,1585,20826,20008,30932,28363,31866,31863,37667,38184,41550,41944,27573,30783,19662,24652,5990,10113,11144,10803,21106,19889,25385,25759,32309,33076,37247,38040,25977,28952,18768,23375,5716,9583,307967,244883,44548,42443,77418,64743,15400,52,26
2021-07-25T23:59:59+02:00,1815,1576,20804,19996,30921,28353,31855,31848,37660,38176,41540,41934,27569,30781,19661,24650,5990,10112,11039,10696,20955,19781,25151,25566,32071,32867,37104,37907,25959,28938,18762,23367,5715,9580,307851,243624,44538,42428,77410,64330,15392,52,26
2021-07-24T23:59:59+02:00,1795,1561,20723,19922,30878,28315,31820,31812,37634,38148,41517,41922,27562,30775,19658,24648,5990,10112,10976,10641,20878,19719,25079,25505,32018,32836,37075,37886,25953,28933,18760,23365,5715,9580,307507,243254,44527,42405,77406,64263,15302,52,26
2021-07-23T23:59:59+02:00,1740,1526,20531,19778,30714,28201,31733,31740,37566,38096,41477,41879,27551,30758,19653,24642,5989,10107,10719,10437,20514,19412,24273,24859,31534,32504,36508,37429,25910,28891,18744,23348,5714,9578,306676,240377,44518,42359,77388,62872,15048,52,26
2021-07-22T23:59:59+02:00,1675,1469,20220,19505,30471,28016,31602,31625,37435,37989,41379,41796,27525,30734,19642,24618,5985,10106,10258,10060,19768,18902,23314,24190,30825,31917,35474,36667,25799,28792,18711,23315,5712,9574,305191,236771,44482,41691,77382,60348,14686,52,26
2021-07-21T23:59:59+02:00,1660,1461,20182,19455,30441,27986,31578,31602,37415,37964,41359,41773,27516,30726,19637,24612,5980,10102,9947,9725,19307,18449,22440,23424,30489,31582,35240,36469,25716,28695,18680,23262,5704,9564,304865,234018,44474,40000,77380,60176,14679,52,25
2021-07-20T23:59:59+02:00,1654,1455,20148,19428,30413,27961,31553,31582,37398,37947,41347,41759,27501,30711,19637,24605,5980,10099,9677,9445,18976,18180,22171,23140,30313,31426,35075,36325,25670,28649,18664,23227,5703,9560,304609,231625,44472,39991,77379,60075,14667,52,25
2021-07-19T23:59:59+02:00,1643,1447,20036,19340,30331,27889,31495,31529,37379,37928,41332,41740,27496,30700,19631,24598,5979,10096,9477,9248,18661,17904,21706,22721,30059,31194,34955,36223,25636,28610,18646,23211,5703,9557,304035,229992,44466,39047,77378,59959,14659,52,25
2021-07-18T23:59:59+02:00,1632,1441,19968,19273,30204,27790,31429,31464,37317,37876,41290,41688,27475,30669,19622,24583,5975,10093,9367,9133,18493,17751,21516,22531,29891,30996,34841,36122,25604,28587,18635,23194,5703,9551,303246,228732,44466,38747,77376,59918,14650,52,25
2021-07-17T23:59:59+02:00,1631,1437,19961,19271,30204,27787,31429,31460,37312,37874,41286,41686,27474,30668,19621,24583,5975,10093,9346,9118,18460,17729,21497,22518,29881,30989,34822,36118,25601,28585,18635,23193,5703,9551,303213,228577,44466,38744,77376,59907,14646,52,25
2021-07-16T23:59:59+02:00,1578,1392,19686,19023,30079,27690,31345,31387,37255,37811,41245,41654,27455,30651,19614,24573,5973,10087,9228,9003,18083,17426,21192,22244,29490,30633,34687,36012,25577,28561,18628,23180,5701,9549,302212,227308,44444,38021,77374,59574,14417,52,24
2021-07-15T23:59:59+02:00,1520,1349,19424,18774,29897,27544,31237,31288,37171,37728,41175,41587,27412,30621,19598,24559,5969,10084,8865,8699,17166,16593,19644,21017,28572,29709,34066,35432,25409,28380,18573,23131,5695,9537,300931,221192,44402,36565,77366,58649,14187,52,24
2021-07-14T23:59:59+02:00,1506,1336,19395,18738,29874,27518,31212,31256,37159,37715,41155,41580,27404,30614,19589,24552,5968,10080,8578,8401,16613,15993,19149,20497,28005,29210,33675,35054,25297,28251,18534,23065,5690,9526,300653,217018,44399,36207,77363,58220,14185,52,24
2021-07-13T23:59:59+02:00,1494,1326,19358,18713,29857,27494,31189,31241,37144,37688,41131,41552,27395,30600,19587,24547,5967,10074,8271,8140,16214,15638,18875,20219,27742,28961,33403,34797,25198,28131,18501,23024,5688,9521,300369,214315,44398,36172,77362,57727,14177,52,24
2021-07-12T23:59:59+02:00,1478,1316,19310,18696,29823,27465,31172,31220,37132,37671,41114,41538,27392,30596,19585,24541,5966,10074,8011,7923,15934,15361,18173,19671,27429,28641,32988,34435,25030,27934,18442,22949,5682,9516,300111,213033,44397,34231,77362,56749,14168,52,24
2021-07-11T23:59:59+02:00,1468,1308,19278,18665,29793,27434,31156,31189,37124,37650,41100,41526,27383,30587,19583,24541,5965,10073,7967,7876,15869,15290,18085,19616,27345,28579,32876,34373,24976,27889,18422,22927,5682,9513,299858,212458,44394,34220,77360,56506,14160,52,24
2021-07-10T23:59:59+02:00,1339,1191,18773,18247,29350,27140,30869,30955,36877,37491,40899,41375,27309,30527,19557,24509,5962,10070,7837,7806,15586,15154,17865,19464,27103,28439,32710,34256,24910,27843,18406,22914,5681,9513,297657,212037,44255,34098,77332,56265,13145,52,24
2021-07-09T23:59:59+02:00,1328,1185,18745,18216,29329,27123,30857,30942,36866,37479,40888,41367,27305,30523,19555,24505,5962,10069,7795,7758,15516,15088,17800,19370,26882,28209,32461,34043,24846,27780,18384,22888,5681,9510,297512,211755,44236,34095,77331,55100,13114,52,24
2021-07-08T23:59:59+02:00,1250,1104,18477,18000,29182,26972,30719,30824,36764,37377,40789,41289,27271,30488,19536,24486,5957,10063,7627,7621,15218,14841,17369,19010,26188,27607,32190,33776,24677,27623,18325,22826,5678,9502,296242,210619,44182,32672,77323,54081,12750,52,24
2021-07-07T23:59:59+02:00,1151,1012,18167,17675,28981,26789,30587,30700,36652,37257,40683,41203,27237,30440,19522,24470,5954,10060,7430,7410,14778,14473,16904,18568,25433,26998,31782,33395,24411,27299,18230,22732,5669,9493,294667,207703,44131,31834,77312,53122,12379,52,24
2021-07-06T23:59:59+02:00,1128,996,18090,17609,28936,26739,30537,30653,36616,37222,40647,41171,27220,30414,19511,24456,5952,10057,7214,7178,14434,14115,16553,18218,24682,26350,31483,33131,24221,27084,18182,22661,5662,9486,294090,205643,44128,30428,77309,52227,12376,52,24
2021-07-05T23:59:59+02:00,1085,968,18016,17545,28893,26683,30498,30619,36590,37177,40619,41145,27214,30400,19505,24450,5952,10052,6985,6988,14131,13843,16201,17852,24127,25839,30914,32564,23941,26786,18074,22522,5654,9476,293604,204148,44126,28325,77305,51096,12325,52,24
2021-07-04T23:59:59+02:00,1063,952,17945,17496,28854,26662,30476,30590,36580,37167,40604,41133,27208,30389,19500,24447,5952,10051,6959,6971,14077,13797,16126,17794,24043,25783,30761,32473,23848,26697,18042,22481,5652,9472,293287,203757,44125,28316,77294,50588,12312,52,24
2021-07-03T23:59:59+02:00,647,579,16211,15777,27680,25737,29676,29872,35937,36557,40104,40704,27050,30221,19432,24359,5943,10034,6574,6731,13561,13494,15724,17491,23681,25506,30456,32278,23751,26602,18008,22441,5648,9468,285764,203465,44086,28240,77210,50297,9409,52,24
2021-07-02T23:59:59+02:00,608,540,16079,15632,27520,25590,29596,29812,35906,36529,40085,40691,27044,30212,19429,24356,5943,10034,6526,6660,13487,13393,15636,17360,23538,25323,30302,32113,23558,26390,17919,22363,5646,9465,284858,202782,44086,28081,77208,49410,9403,52,24
2021-07-01T23:59:59+02:00,550,492,15901,15477,27303,25437,29518,29734,35851,36478,40020,40645,27023,30193,19418,24344,5941,10030,6386,6531,13145,13121,15107,16918,22272,24333,29540,31430,23278,26102,17800,22229,5639,9449,283667,199247,44081,26406,77195,48264,9361,52,22
2021-06-30T23:59:59+02:00,520,472,15797,15370,27192,25352,29450,29662,35795,36426,39977,40609,27008,30162,19407,24327,5937,10030,6191,6352,12714,12737,14538,16370,21649,23737,28947,30899,22859,25638,17669,22046,5632,9437,282841,194994,44078,26382,77189,46700,9334,52,22
2021-06-29T23:59:59+02:00,463,422,15034,14701,26929,25129,29355,29562,35716,36345,39909,40562,26989,30137,19399,24314,5937,10028,6079,6225,12453,12474,14143,15973,20858,23115,28362,30345,22411,25114,17516,21872,5624,9427,280333,191839,44077,25871,77180,44984,9290,52,22
2021-06-28T23:59:59+02:00,427,391,14404,14058,26771,25023,29280,29496,35657,36280,39866,40528,26971,30117,19391,24303,5937,10024,6012,6130,12274,12335,13955,15796,20237,22563,27962,29971,22075,24757,17387,21709,5619,9422,278390,190155,44073,25210,77174,43595,9236,52,22
2021-06-27T23:59:59+02:00,350,324,14057,13680,26706,24964,29240,29460,35635,36257,39847,40514,26960,30110,19388,24299,5936,10023,5976,6087,12160,12220,13809,15667,19684,22086,27352,29471,21798,24419,17266,21586,5615,9421,277266,189321,44068,23684,77162,42401,9203,52,22
2021-06-26T23:59:59+02:00,349,323,14046,13669,26690,24953,29234,29454,35629,36256,39844,40513,26959,30109,19388,24299,5936,10023,5971,6084,12149,12217,13803,15664,19671,22075,27307,29436,21653,24289,17226,21530,5614,9419,277193,189296,44066,23680,77162,41922,9202,52,22
2021-06-25T23:59:59+02:00,225,210,12780,12449,25225,23808,28932,29220,35523,36173,39777,40451,26935,30082,19377,24287,5933,10021,5928,6037,12053,12137,13661,15542,19361,21836,26922,29077,21330,23895,17052,21333,5611,9410,270957,188072,44062,23397,77141,40511,9197,52,22
2021-06-24T23:59:59+02:00,160,156,11808,11619,24113,22926,28566,28868,35373,36006,39659,40345,26896,30032,19366,24263,5931,10017,5711,5805,11594,11721,13081,14951,17825,20438,25273,27479,20560,23036,16735,20926,5601,9400,265712,183086,44042,19775,77136,38103,9163,52,22
2021-06-23T23:59:59+02:00,124,130,11446,11294,23611,22554,28319,28626,35194,35878,39569,40256,26866,30005,19358,24226,5929,10005,5637,5692,11381,11506,12782,14600,17435,20027,24524,26710,19764,22286,16541,20673,5593,9384,263089,180734,44035,19158,77131,35550,9084,52,22
2021-06-22T23:59:59+02:00,103,117,11263,11082,23451,22413,28239,28554,35118,35816,39523,40211,26851,29980,19350,24217,5929,10004,5528,5571,11114,11245,12415,14229,16833,19429,23791,25943,19384,21862,16378,20494,5586,9368,261942,177702,44032,18289,77129,34100,9067,52,22
2021-06-21T23:59:59+02:00,90,105,11011,10896,22617,21740,27985,28326,35052,35752,39459,40168,26834,29961,19344,24207,5929,10003,5409,5467,10899,11025,12108,13907,16441,19083,23342,25475,19093,21548,16273,20374,5580,9366,259342,176240,44022,17271,77121,32923,8943,52,22
2021-06-20T23:59:59+02:00,84,104,10947,10803,22367,21524,27726,28125,34972,35674,39414,40124,26824,29946,19342,24202,5927,10000,5368,5413,10811,10924,12012,13804,16244,18899,23071,25234,18992,21441,16220,20316,5574,9362,258054,175931,44020,16203,77115,32673,8864,52,22
2021-06-19T23:59:59+02:00,83,100,10923,10778,22334,21501,27708,28112,34960,35670,39404,40120,26823,29945,19342,24200,5927,10000,5337,5381,10730,10834,11920,13683,16096,18747,22763,24872,18905,21354,16208,20303,5573,9362,257901,175827,43998,14703,77115,32660,8864,52,22
2021-06-18T23:59:59+02:00,80,98,10875,10728,22014,21179,27444,27897,34906,35633,39373,40098,26814,29936,19341,24197,5927,9998,5322,5372,10699,10803,11880,13634,16034,18684,22678,24776,18739,21173,16163,20237,5572,9357,256512,175428,43996,14702,77114,32115,8864,52,22
2021-06-17T23:59:59+02:00,71,90,10295,10296,20739,20219,26581,27162,34536,35309,39114,39907,26750,29854,19320,24160,5920,9993,5124,5232,10324,10549,11435,13232,15353,18073,21310,23459,18283,20686,16000,20065,5568,9343,250727,170128,43976,14129,77102,31306,8459,52,22
2021-06-16T23:59:59+02:00,63,78,9957,9983,20057,19586,25943,26559,34287,35107,38953,39755,26704,29801,19296,24135,5919,9989,4980,5087,9935,10214,10976,12780,14649,17382,20460,22525,17880,20239,15830,19852,5558,9331,246880,166343,43960,12859,77088,30270,8192,52,22
2021-06-15T23:59:59+02:00,48,72,9712,9741,19760,19337,25720,26362,34157,35001,38856,39675,26672,29764,19289,24120,5914,9985,4874,4975,9695,9997,10742,12520,14226,16954,19861,21947,17557,19849,15608,19622,5549,9320,245107,164260,43948,11766,77082,29261,7996,52,21
2021-06-14T23:59:59+02:00,44,67,9579,9616,19460,19076,25544,26219,34037,34922,38794,39636,26654,29744,19283,24109,5914,9982,4793,4912,9504,9858,10568,12384,13963,16737,19546,21652,17391,19692,15506,19489,5548,9316,243909,162799,43946,11764,77078,28588,7695,52,21
2021-06-13T23:59:59+02:00,43,63,9419,9487,19170,18890,25192,25965,33838,34755,38688,39569,26638,29732,19273,24101,5914,9979,4709,4844,9293,9683,10401,12208,13637,16391,19198,21321,17264,19543,15459,19424,5546,9314,242267,161939,43946,11764,77074,27141,7377,52,21
2021-06-12T23:59:59+02:00,43,63,9410,9473,19157,18876,25192,25960,33838,34750,38685,39568,26638,29732,19273,24101,5914,9979,4706,4830,9283,9622,10369,12106,13588,16238,19143,21185,17155,19418,15342,19322,5544,9312,242221,161911,43946,11762,77067,26110,7366,52,21
2021-06-11T23:59:59+02:00,38,59,9251,9290,18923,18663,24393,25284,33658,34595,38550,39455,26605,29698,19262,24077,5914,9974,4626,4715,9062,9366,10108,11807,13067,15687,18169,20291,16969,19221,15302,19278,5541,9309,239294,157884,43944,11761,77063,25523,7336,52,21
2021-06-10T23:59:59+02:00,36,55,8856,8956,18271,18169,23540,24605,33337,34314,38346,39290,26546,29642,19238,24049,5911,9967,4451,4538,8479,8871,9299,11086,11919,14581,16178,18376,16080,18258,15017,18911,5532,9287,235659,148199,43283,11728,77037,23824,7099,50,20
2021-06-09T23:59:59+02:00,19,37,8407,8450,17435,17441,22391,23561,32847,33845,38059,39070,26435,29537,19190,23991,5901,9954,4315,4421,8190,8605,9055,10831,11587,14213,15693,17827,15708,17828,14776,18626,5525,9277,231657,146370,41389,11687,76996,21908,6499,29,20
2021-06-08T23:59:59+02:00,11,25,8088,8133,16964,17023,21971,23195,32602,33652,37896,38939,26390,29497,19180,23968,5898,9949,4195,4338,7936,8350,8750,10485,11227,13867,15051,17121,15249,17304,14514,18348,5520,9259,228927,144661,41356,10560,76984,20195,6085,29,20
2021-06-07T23:59:59+02:00,8,21,7890,7901,16606,16698,21428,22738,32321,33381,37778,38822,26361,29449,19160,23938,5893,9948,4119,4258,7755,8206,8590,10341,11056,13695,14737,16793,15050,17048,14340,18157,5516,9254,227302,143577,40382,10467,76962,19191,5667,28,20
2021-06-06T23:59:59+02:00,6,18,7783,7792,16471,16551,21232,22529,32094,33157,37642,38716,26334,29424,19147,23922,5893,9942,4090,4223,7707,8088,8536,10210,10948,13548,14541,16574,14865,16869,14251,18036,5509,9248,226066,143088,40082,10457,76944,18152,5533,28,20
2021-06-05T23:59:59+02:00,6,18,7761,7778,16442,16524,21224,22526,32084,33151,37639,38715,26333,29424,19146,23921,5893,9942,4081,4184,7692,8023,8522,10077,10934,13377,14522,16469,14829,16814,14242,18026,5509,9247,225956,143008,40082,10457,76943,17552,5518,28,20
2021-06-04T23:59:59+02:00,6,16,7647,7675,16164,16286,20947,22278,31660,32777,37524,38594,26300,29384,19134,23908,5891,9940,4074,4175,7666,8000,8496,10046,10867,13304,14417,16338,14747,16721,14205,17982,5509,9245,224355,142672,39306,10128,76924,17461,5518,28,20
2021-06-03T23:59:59+02:00,4,16,7392,7447,15287,15499,19316,20884,30747,31848,37021,38133,26167,29247,19090,23857,5885,9921,4013,4136,7577,7929,8373,9949,10697,13122,13846,15767,14482,16405,14119,17874,5506,9233,217727,140450,37724,10009,76913,17187,5369,28,20
2021-06-02T23:59:59+02:00,4,16,7257,7303,14901,15070,18884,20481,30278,31393,36795,37868,26103,29183,19070,23828,5882,9919,3983,4105,7512,7841,8285,9855,10556,12991,13398,15334,14358,16222,14091,17836,5503,9228,214637,138650,37293,9915,76912,17155,5365,28,20
2021-06-01T23:59:59+02:00,4,13,6982,7058,14502,14759,18540,20163,29950,31082,36571,37634,26047,29103,19046,23799,5880,9908,3881,4020,7270,7664,8052,9662,10291,12715,12992,14910,13925,15769,13975,17682,5496,9220,211887,136518,37249,9661,76891,16346,4986,28,20
2021-05-31T23:59:59+02:00,4,13,6818,6868,14283,14525,17838,19561,29609,30740,36275,37369,25955,29005,19019,23745,5870,9896,3802,3908,7061,7415,7829,9377,9947,12332,12552,14390,13396,15155,13775,17452,5488,9205,210453,133330,35201,9338,76874,15566,4837,28,20
2021-05-30T23:59:59+02:00,4,13,6795,6853,14237,14486,17761,19502,29559,30702,36243,37343,25943,28993,19016,23739,5869,9894,3759,3834,6904,7201,7681,9141,9740,12011,12295,14036,13275,14985,13707,17370,5485,9198,210157,132593,35189,9237,76816,14017,4762,28,20
2021-05-29T23:59:59+02:00,4,13,6793,6852,14228,14480,17756,19496,29554,30698,36240,37342,25941,28990,19016,23738,5869,9894,3750,3821,6875,7168,7648,9090,9704,11964,12221,13938,13234,14916,13677,17346,5484,9193,210125,132453,35189,9236,76801,13566,4761,28,20
2021-05-28T23:59:59+02:00,4,13,6783,6840,14212,14463,17739,19474,29541,30685,36229,37323,25938,28985,19013,23734,5869,9894,3736,3798,6854,7128,7614,9036,9651,11860,11979,13668,13044,14725,13647,17305,5481,9190,209965,131160,35188,9235,76798,13547,4760,28,20
2021-05-27T23:59:59+02:00,4,13,6692,6758,13944,14245,17253,19126,28861,30142,36069,37189,25888,28947,18998,23718,5868,9888,3611,3638,6567,6876,7238,8729,9153,11302,11271,12773,12492,14157,13517,17112,5473,9178,208870,127642,33746,8908,76756,12320,4203,28,20
2021-05-26T23:59:59+02:00,4,13,6621,6651,13729,14043,17000,18817,28314,29629,35892,37012,25847,28897,18981,23689,5867,9881,3520,3494,6342,6587,6949,8303,8812,10824,10618,11974,11930,13541,13370,16896,5468,9156,207254,124022,32992,8725,76741,11151,3872,28,20
2021-05-25T23:59:59+02:00,4,13,6540,6556,13524,13822,16737,18605,27589,28982,35799,36915,25823,28866,18969,23673,5862,9880,3471,3403,6197,6419,6803,8113,8586,10533,10271,11608,11584,13064,13265,16735,5465,9148,206538,122178,31537,8588,76257,10085,3800,27,20
2021-05-24T23:59:59+02:00,4,13,6470,6459,13347,13621,16515,18322,27176,28553,35453,36513,25766,28798,18950,23649,5861,9878,3457,3381,6139,6337,6757,8029,8527,10438,10198,11511,11409,12831,13217,16642,5457,9128,206005,121550,29305,8541,76250,9592,3761,27,20
2021-05-23T23:59:59+02:00,4,13,6468,6458,13342,13612,16512,18312,27157,28543,35423,36479,25763,28791,18950,23643,5861,9878,3452,3377,6133,6327,6747,8022,8499,10407,10158,11454,11326,12730,13197,16611,5457,9127,205890,121538,29288,8129,76249,9585,3755,27,20
2021-05-22T23:59:59+02:00,4,13,6461,6454,13335,13601,16505,18308,27154,28542,35420,36473,25763,28791,18950,23643,5861,9878,3451,3377,6130,6324,6746,8018,8495,10405,10153,11451,11315,12716,13192,16607,5456,9127,205840,121498,29288,8129,76246,9564,3755,27,20
2021-05-21T23:59:59+02:00,4,13,6399,6394,13182,13495,16330,18159,26883,28364,34990,36205,25737,28753,18942,23637,5860,9874,3442,3367,6097,6303,6716,7984,8456,10356,10099,11402,10797,12003,13051,16447,5453,9122,205150,119740,29163,8126,75198,9529,3683,27,20
2021-05-20T23:59:59+02:00,3,12,6107,6193,12571,13078,15135,17236,24969,26863,34036,35435,25632,28609,18888,23555,5854,9859,3382,3322,6003,6186,6603,7828,8310,10195,9860,11094,10457,11547,12938,16264,5443,9109,200380,117738,27419,8045,72656,9187,3554,26,20
2021-05-19T23:59:59+02:00,3,12,5900,5953,12059,12620,14427,16529,24023,26048,33409,34833,25519,28518,18853,23495,5846,9847,3305,3248,5841,6016,6411,7587,8035,9914,9556,10713,10145,11131,12859,16119,5441,9101,194680,115823,27380,7849,72641,8566,3167,26,20
2021-05-18T23:59:59+02:00,3,11,5730,5843,11659,12297,13803,16029,22866,25099,32741,34225,25403,28382,18805,23441,5841,9838,3262,3216,5728,5905,6246,7427,7829,9696,9358,10472,9975,10880,12713,15897,5432,9092,189717,114667,26872,7781,72596,7858,2805,26,20
2021-05-17T23:59:59+02:00,3,10,5677,5798,11496,12190,13529,15807,22051,24463,32430,33909,25323,28322,18783,23411,5832,9829,3145,3140,5537,5720,6071,7211,7620,9468,9133,10227,9883,10756,12655,15834,5429,9087,187947,113908,26170,7773,72202,6700,2518,26,20
2021-05-16T23:59:59+02:00,3,10,5649,5778,11435,12132,13444,15727,21441,23915,31816,33380,25282,28278,18773,23396,5831,9829,3140,3117,5523,5650,6043,7151,7592,9368,9102,10143,9867,10737,12652,15831,5429,9087,187179,113796,24626,7767,71782,6347,2506,26,19
2021-05-15T23:59:59+02:00,3,10,5640,5769,11402,12123,13415,15717,21366,23844,31275,33006,25271,28273,18772,23393,5830,9828,3126,3102,5504,5608,6029,7075,7552,9253,8864,9889,9834,10706,12618,15780,5429,9086,187129,113791,24613,7629,71133,5983,2036,26,19
2021-05-14T23:59:59+02:00,3,10,5600,5744,11340,12086,13343,15653,20955,23533,30844,32659,25235,28227,18761,23376,5830,9826,3094,3062,5468,5519,6008,6940,7512,9051,8804,9694,9761,10596,12532,15652,5429,9083,186407,113622,24294,7295,70263,5237,2035,26,19
2021-05-13T23:59:59+02:00,3,10,5445,5585,10958,11790,12629,15065,18770,21785,29301,31190,25008,27984,18693,23304,5828,9823,3082,3028,5443,5480,5991,6882,7488,8980,8760,9634,9545,10352,12332,15348,5424,9072,182454,113264,20495,6474,68176,5067,2020,26,19
2021-05-12T23:59:59+02:00,2,10,5416,5558,10887,11732,12528,14977,18648,21661,28938,30826,24915,27890,18676,23274,5827,9818,3082,3024,5437,5474,5981,6869,7463,8965,8721,9581,9357,10120,12100,15025,5421,9065,181506,112981,19858,5606,68173,5062,2020,26,19
2021-05-11T23:59:59+02:00,2,10,5280,5454,10639,11483,12162,14607,18036,21025,28006,29855,24723,27701,18616,23198,5822,9804,3040,2983,5348,5318,5881,6684,7333,8722,8559,9359,9176,9923,11951,14836,5412,9047,177432,111935,18964,5497,68041,4164,1960,26,19
2021-05-10T23:59:59+02:00,2,9,5157,5376,10426,11288,11903,14351,17710,20691,27586,29447,24614,27593,18577,23151,5814,9800,2972,2930,5232,5202,5766,6581,7209,8581,8431,9252,9072,9799,11861,14708,5409,9039,175429,111406,18271,5485,67816,3184,1953,26,19
2021-05-09T23:59:59+02:00,2,9,5083,5328,10325,11174,11803,14232,17370,20407,27195,29070,24528,27506,18548,23115,5811,9797,2903,2898,5085,5158,5590,6538,7042,8552,8303,9216,9060,9789,11843,14688,5409,9039,175034,111330,16985,5475,67320,2354,1938,26,19
2021-05-08T23:59:59+02:00,2,9,5082,5327,10323,11170,11803,14232,17366,20405,27192,29067,24528,27506,18548,23115,5811,9797,2903,2897,5084,5158,5590,6538,7042,8552,8300,9216,9059,9788,11843,14688,5409,9039,175017,111327,16985,5475,67317,2350,1938,26,19
2021-05-07T23:59:59+02:00,2,9,5048,5301,10253,11117,11673,14108,16967,20130,26555,28509,24479,27455,18531,23081,5804,9768,2893,2890,5068,5149,5579,6522,7030,8541,8292,9205,9053,9780,11832,14666,5401,9012,174180,111312,16982,5469,65793,2307,1809,26,19
2021-05-06T23:59:59+02:00,1,9,4778,5140,9792,10773,11111,13591,15878,19108,24152,26216,23982,26929,18426,22979,5799,9754,2851,2845,5002,5073,5539,6431,6947,8423,8162,9055,8953,9667,11808,14615,5398,9009,169154,110773,14535,5413,62907,1778,1798,24,19
2021-05-05T23:59:59+02:00,1,9,4700,5062,9498,10543,10770,13265,15298,18503,23308,25250,23722,26604,18358,22874,5789,9736,2831,2808,4952,4989,5480,6311,6863,8258,8038,8839,8847,9536,11730,14529,5397,9001,165492,109833,13222,5407,62757,1357,1795,24,19
2021-05-04T23:59:59+02:00,1,9,4615,4971,9325,10337,10558,13023,14910,18103,22762,24685,23511,26329,18286,22792,5781,9722,2822,2774,4924,4912,5447,6191,6809,8117,7945,8684,8743,9424,11655,14470,5395,8998,163233,109333,12095,5396,62593,789,1775,24,19
2021-05-03T23:59:59+02:00,1,9,4542,4897,9132,10200,10381,12847,14627,17856,22354,24270,23372,26180,18259,22744,5781,9716,2745,2704,4836,4837,5371,6105,6712,8011,7763,8518,8656,9337,11616,14421,5392,8993,161729,109109,12094,5393,62501,679,820,24,18
2021-05-02T23:59:59+02:00,1,9,4529,4883,9055,10142,10255,12735,14302,17549,22052,23983,23322,26120,18240,22719,5780,9715,2739,2697,4776,4803,5280,6021,6576,7882,7645,8417,8610,9296,11592,14387,5390,8988,160842,108993,12091,5391,62397,662,37,24,18
2021-05-01T23:59:59+02:00,1,9,4529,4881,9053,10141,10254,12735,14298,17546,22050,23983,23321,26119,18240,22719,5780,9715,2739,2697,4776,4803,5280,6021,6575,7882,7645,8417,8610,9296,11592,14387,5390,8988,160825,108993,12091,5390,62397,662,37,24,18
2021-04-30T23:59:59+02:00,0,9,4455,4790,8812,9927,9993,12495,13816,17121,21210,23215,23195,25983,18224,22689,5777,9712,2735,2695,4765,4795,5271,5987,6563,7851,7612,8380,8606,9293,11591,14384,5388,8987,157236,108966,12090,5388,62070,530,3,24,18
2021-04-29T23:59:59+02:00,0,9,4306,4646,8327,9517,9291,11891,12813,16220,19369,21535,22490,25225,18086,22478,5771,9695,2712,2674,4725,4724,5229,5913,6502,7745,7531,8264,8497,9177,11525,14308,5382,8978,148047,108470,12076,5126,61520,271,3,23,18
2021-04-28T23:59:59+02:00,0,9,4273,4627,8256,9443,9217,11804,12694,16100,19152,21321,22401,25133,18058,22437,5769,9690,2709,2663,4699,4664,5201,5869,6472,7671,7483,8182,8480,9153,11509,14286,5380,8972,147664,108276,11986,5055,60709,45,2,23,17
2021-04-27T23:59:59+02:00,0,9,4233,4581,8118,9303,9104,11653,12548,15931,18701,20824,22170,24875,17992,22359,5766,9681,2706,2659,4697,4660,5191,5861,6459,7652,7449,8145,8422,9075,11428,14204,5376,8968,146936,108018,10901,4883,59986,37,2,23,14
2021-04-26T23:59:59+02:00,0,9,4191,4553,8012,9208,8957,11548,12375,15757,18289,20460,22036,24728,17956,22327,5765,9679,2706,2657,4693,4655,5186,5853,6446,7632,7415,8117,8374,9027,11372,14125,5372,8951,146159,107911,10766,4625,58901,32,1,23,14
2021-04-25T23:59:59+02:00,0,9,4177,4537,7976,9178,8893,11485,12240,15627,17945,20129,21837,24492,17916,22272,5761,9674,2706,2657,4692,4654,5184,5849,6441,7629,7413,8113,8318,8968,11348,14097,5372,8949,144778,107889,10755,4457,58591,31,1,23,14
2021-04-24T23:59:59+02:00,0,9,4171,4529,7960,9174,8878,11475,12192,15597,17886,20091,21821,24479,17914,22267,5761,9674,2705,2657,4692,4654,5184,5849,6441,7629,7413,8113,8318,8967,11348,14097,5372,8949,144682,107889,10754,4457,58418,30,1,23,13
2021-04-23T23:59:59+02:00,0,9,4151,4497,7903,9111,8794,11373,11853,15271,17452,19693,21607,24246,17850,22190,5759,9666,2702,2655,4689,4651,5178,5841,6427,7620,7390,8082,8297,8940,11340,14089,5370,8946,143418,107877,10406,4299,57577,29,1,23,13
2021-04-22T23:59:59+02:00,0,9,4102,4432,7772,8920,8609,11114,11526,14852,16538,18711,21037,23539,17714,22011,5749,9648,2693,2649,4683,4629,5156,5815,6384,7586,7322,8036,8169,8783,11199,13939,5365,8937,139697,107259,10275,4053,56289,21,1,21,13
2021-04-21T23:59:59+02:00,0,9,4060,4388,7669,8799,8453,10954,11230,14572,15802,17952,20659,23093,17642,21906,5744,9635,2685,2638,4665,4609,5140,5794,6372,7568,7294,8014,8119,8722,11161,13899,5363,8935,136775,106976,10145,3972,55627,19,1,19,12
2021-04-20T23:59:59+02:00,0,9,4035,4362,7634,8747,8377,10874,11067,14397,15368,17477,20195,22577,17541,21755,5736,9624,2677,2629,4655,4596,5115,5774,6344,7544,7254,7974,8025,8590,11085,13812,5359,8931,134629,106403,9880,3932,55246,18,1,19,12
2021-04-19T23:59:59+02:00,0,9,4004,4311,7572,8642,8285,10734,10909,14214,15115,17183,19717,22012,17376,21540,5725,9612,2672,2628,4649,4592,5102,5759,6325,7527,7228,7930,7972,8536,11059,13766,5356,8926,132562,106069,9526,3929,54852,18,1,19,12
2021-04-18T23:59:59+02:00,0,6,3984,4282,7513,8591,8179,10607,10650,13971,14623,16646,19287,21500,17254,21355,5721,9606,2671,2628,4649,4592,5102,5759,6323,7524,7225,7929,7968,8533,11057,13762,5355,8923,130143,106045,9455,3927,54157,17,1,19,12
2021-04-17T23:59:59+02:00,0,6,3981,4274,7493,8585,8169,10590,10609,13925,14512,16559,19167,21378,17232,21327,5720,9604,2671,2628,4648,4590,5096,5754,6309,7519,7200,7906,7922,8487,11038,13739,5353,8923,129710,106034,9446,3721,53955,17,1,19,12
2021-04-16T23:59:59+02:00,0,6,3970,4231,7421,8462,8066,10433,10415,13663,13844,15797,18600,20736,17107,21153,5709,9587,2668,2625,4643,4584,5091,5741,6292,7508,7162,7871,7612,8097,10947,13600,5345,8907,126872,105236,9386,3430,52923,17,0,19,12
2021-04-15T23:59:59+02:00,0,5,3926,4178,7309,8331,7894,10199,10080,13274,13119,14941,17795,19876,16864,20832,5695,9568,2667,2617,4631,4567,5078,5709,6261,7472,7091,7798,7053,7438,10822,13440,5341,8897,123245,103570,9227,3287,51395,15,0,19,12
2021-04-14T23:59:59+02:00,0,4,3899,4147,7243,8225,7787,10048,9905,13075,12701,14495,17267,19264,16713,20623,5690,9555,2633,2598,4613,4535,5050,5662,6226,7439,7033,7738,6415,6677,10559,13146,5337,8889,121853,101241,8993,3286,49776,13,0,19,12
2021-04-13T23:59:59+02:00,0,4,3896,4141,7205,8209,7730,10014,9797,13021,12328,14202,16577,18413,16477,20321,5686,9549,2609,2571,4593,4509,5025,5628,6167,7371,6945,7635,6204,6425,9975,12478,5329,8870,121150,99034,8775,3278,47626,13,0,19,11
2021-04-12T23:59:59+02:00,0,4,3882,4123,7152,8163,7673,9945,9689,12919,12081,13990,16134,17896,16289,20107,5681,9546,2580,2560,4526,4467,4918,5559,6052,7295,6828,7536,5460,5603,9527,11942,5289,8828,120817,95678,8739,3270,45699,13,0,19,11
2021-04-11T23:59:59+02:00,0,4,3867,4115,7110,8112,7613,9901,9597,12842,11844,13782,15566,17208,16013,19766,5676,9536,2504,2478,4397,4345,4764,5426,5889,7143,6677,7430,5157,5242,9396,11782,5289,8824,120226,93502,8311,3220,43996,12,0,19,11
2021-04-10T23:59:59+02:00,0,4,3849,4095,7071,8065,7569,9844,9536,12783,11753,13698,15349,17016,15964,19698,5675,9529,1943,1909,3580,3625,3889,4660,4884,6222,5821,6644,4885,4937,9268,11630,5283,8815,119761,84754,8311,3220,43407,12,0,19,11
2021-04-09T23:59:59+02:00,0,4,3829,4075,7031,8036,7505,9787,9384,12654,11426,13413,14163,15484,15521,19168,5662,9518,1083,1081,2220,2432,2381,3288,3097,4578,4199,5178,4200,4203,9020,11274,5259,8786,117854,69041,8309,3217,40478,12,0,19,11
2021-04-08T23:59:59+02:00,0,4,3803,4059,6971,7983,7404,9694,9196,12537,11024,13063,13030,14220,15100,18626,5633,9472,581,592,1301,1724,1475,2357,1996,3490,2819,3790,2955,2805,8215,10291,5114,8563,116555,54835,8229,3214,37016,10,0,19,11
2021-04-07T23:59:59+02:00,0,4,3755,4033,6893,7929,7311,9624,9068,12408,10715,12755,12304,13452,14882,18362,5627,9452,350,375,950,1378,1068,1971,1485,3027,1875,2785,1775,1520,7311,9149,4959,8304,115593,45052,8077,3214,34886,7,0,18,11
2021-04-06T23:59:59+02:00,0,4,3739,4022,6871,7891,7257,9557,8976,12329,10504,12538,11919,12957,14661,18070,5616,9438,343,361,940,1368,1053,1950,1458,2999,1816,2726,1696,1453,6898,8592,4808,8065,114325,43298,7978,3213,34030,6,0,16,11
2021-04-05T23:59:59+02:00,0,4,3734,4021,6860,7878,7244,9546,8957,12301,10440,12479,11808,12810,14563,17978,5614,9435,341,355,929,1364,1047,1942,1448,2978,1795,2692,1643,1400,6671,8287,4685,7881,113986,42231,7957,3212,33713,6,0,16,11
2021-04-04T23:59:59+02:00,0,4,3734,4021,6858,7872,7243,9545,8954,12301,10430,12474,11805,12806,14560,17977,5614,9435,341,354,927,1364,1046,1940,1447,2977,1793,2689,1640,1395,6664,8274,4680,7878,113981,42183,7956,3211,33680,6,0,16,11
2021-04-03T23:59:59+02:00,0,4,3734,4021,6858,7871,7242,9545,8954,12301,10429,12474,11805,12805,14558,17975,5614,9435,341,353,925,1360,1044,1939,1446,2972,1791,2689,1635,1383,6621,8193,4645,7843,113977,41954,7956,3211,33676,6,0,16,11
2021-04-02T23:59:59+02:00,0,4,3732,4019,6856,7868,7236,9539,8942,12294,10414,12458,11678,12691,14515,17914,5610,9426,339,351,923,1354,1038,1928,1431,2947,1751,2651,1541,1297,5862,7298,4212,7282,113850,39298,7951,2892,33379,6,0,16,11
2021-04-01T23:59:59+02:00,0,3,3692,4007,6822,7846,7195,9509,8890,12255,10342,12387,11332,12281,14129,17385,5597,9398,334,348,907,1339,1026,1907,1399,2902,1692,2586,1419,1204,4927,6192,3664,6458,113413,35402,6539,2887,33102,6,0,16,11
2021-03-31T23:59:59+02:00,0,3,3686,4003,6807,7826,7177,9490,8856,12223,10255,12315,11000,11875,13778,16887,5589,9370,331,345,899,1330,1016,1892,1379,2874,1643,2550,1354,1152,4346,5517,3312,5989,112822,33100,5535,2814,32767,6,0,16,11
2021-03-30T23:59:59+02:00,0,3,3668,3979,6771,7788,7119,9423,8767,12120,10093,12161,10743,11599,13558,16623,5582,9356,327,338,893,1319,1009,1886,1356,2867,1615,2524,1327,1126,4229,5396,3253,5897,112010,32730,5285,2617,32042,6,0,16,11
2021-03-29T23:59:59+02:00,0,3,3659,3957,6745,7766,7079,9370,8672,12024,9910,11953,10310,11132,13188,16156,5565,9322,322,334,889,1308,1003,1878,1348,2857,1601,2515,1305,1112,4096,5252,3156,5766,110337,32117,4977,2611,31481,5,0,16,11
2021-03-28T23:59:59+02:00,0,3,3617,3901,6630,7607,6962,9227,8545,11830,9756,11763,10102,10872,13012,15974,5561,9313,322,334,889,1306,1001,1877,1347,2857,1600,2513,1296,1109,4063,5210,3130,5740,109968,32072,4713,2509,29978,4,0,16,11
2021-03-27T23:59:59+01:00,0,3,3616,3890,6618,7543,6932,9115,8495,11661,9704,11609,9988,10749,12917,15886,5560,9313,322,333,889,1306,1001,1874,1347,2855,1596,2512,1294,1107,4037,5175,3117,5725,109959,31969,4713,2508,28911,4,0,16,11
2021-03-26T23:59:59+01:00,0,3,3610,3882,6590,7506,6904,9040,8448,11548,9613,11481,9939,10685,12871,15831,5551,9292,317,331,888,1303,997,1862,1344,2834,1575,2498,1269,1091,3855,4948,3011,5572,109899,31215,4492,2467,28387,4,0,16,11
2021-03-25T23:59:59+01:00,0,3,3587,3851,6499,7380,6812,8875,8259,11317,9304,11164,9558,10303,12569,15517,5546,9282,317,330,886,1295,994,1852,1331,2821,1552,2479,1244,1072,3622,4706,2760,5237,109526,30019,4285,2467,25999,3,0,16,11
2021-03-24T23:59:59+01:00,0,3,3530,3799,6410,7194,6690,8649,8093,11081,9077,10839,9146,9814,12151,15059,5535,9272,317,329,885,1292,989,1850,1324,2817,1536,2463,1235,1062,3555,4633,2579,5014,109012,29404,4148,2467,23166,0,0,16,11
2021-03-23T23:59:59+01:00,0,3,3512,3766,6361,7140,6612,8589,7975,10953,8829,10606,8728,9347,11701,14542,5526,9257,317,329,884,1282,984,1841,1319,2808,1532,2456,1211,1037,3463,4556,2386,4697,108196,28626,4056,2467,21179,0,0,16,11
2021-03-22T23:59:59+01:00,0,3,3504,3746,6318,7111,6578,8542,7909,10878,8681,10470,8448,8996,11399,14219,5491,9218,315,324,878,1272,976,1834,1312,2797,1522,2446,1199,1027,3434,4520,2367,4664,107528,28412,4053,2466,19914,0,0,16,11
2021-03-21T23:59:59+01:00,0,3,3502,3744,6314,7100,6561,8526,7890,10859,8625,10412,8328,8880,11330,14117,5489,9215,313,323,869,1269,969,1827,1303,2795,1518,2442,1195,1024,3425,4505,2353,4655,107443,28310,4052,2466,19384,0,0,16,11
2021-03-20T23:59:59+01:00,0,3,3494,3706,6306,7028,6546,8389,7865,10675,8581,10277,8251,8794,11292,14078,5489,9215,313,323,869,1269,969,1826,1302,2795,1518,2440,1195,1024,3425,4504,2353,4654,107410,28305,3841,2465,18722,0,0,16,11
2021-03-19T23:59:59+01:00,0,3,3481,3676,6280,6944,6522,8296,7819,10558,8468,10117,7710,8187,11107,13836,5479,9196,310,322,864,1262,952,1817,1280,2764,1469,2396,1114,956,2761,3715,1942,4085,105792,25535,3541,2465,18330,0,0,16,11
2021-03-18T23:59:59+01:00,0,3,3470,3658,6239,6903,6489,8234,7756,10471,8353,9989,6754,7090,10828,13535,5469,9171,309,322,860,1257,946,1808,1265,2756,1445,2378,1076,938,2556,3476,1787,3864,102774,24569,3383,2465,18239,0,0,16,11
2021-03-17T23:59:59+01:00,0,3,3433,3620,6168,6818,6434,8128,7665,10340,8222,9832,6069,6246,10537,13221,5451,9139,308,322,853,1251,941,1796,1251,2734,1426,2351,1039,913,2437,3351,1708,3754,99967,23961,3382,2465,17961,0,0,16,11
2021-03-16T23:59:59+01:00,0,3,3415,3591,6129,6765,6389,8055,7612,10275,8132,9730,5894,6071,9830,12421,5411,9075,301,311,838,1235,928,1787,1245,2714,1414,2343,1025,894,2223,3109,1575,3558,97715,23028,3372,2463,17695,0,0,16,11
2021-03-15T23:59:59+01:00,0,3,3378,3559,6031,6686,6259,7963,7470,10156,8003,9605,5142,5238,9386,11873,5368,9005,300,310,834,1231,926,1780,1243,2701,1405,2334,1013,882,2081,2936,1489,3464,94203,22458,3365,2462,17541,0,0,16,11
2021-03-14T23:59:59+01:00,0,3,3253,3412,5750,6341,5983,7602,7155,9741,7718,9287,4810,4847,9229,11677,5364,8995,300,309,834,1231,925,1780,1241,2700,1403,2331,1011,880,2078,2933,1486,3463,91809,22437,3310,2459,16032,0,0,16,11
2021-03-13T23:59:59+01:00,0,3,2598,2751,4809,5472,4966,6673,5961,8622,6703,8342,4497,4464,8845,11155,5274,8887,300,309,833,1229,925,1775,1238,2698,1402,2331,1011,879,2054,2897,1456,3428,81117,22297,3310,2459,15579,0,0,16,11
2021-03-12T23:59:59+01:00,0,2,1772,1930,3473,4322,3459,5338,4214,6983,5065,6832,3830,3759,7596,9611,4771,8208,296,306,831,1225,919,1768,1231,2678,1377,2314,966,854,1706,2434,1188,3077,62293,20702,3307,2459,15549,0,0,16,11
2021-03-11T23:59:59+01:00,0,2,1271,1452,2569,3581,2555,4398,3121,5893,3703,5447,2657,2486,5922,7533,4024,7063,291,297,815,1216,906,1745,1213,2649,1352,2269,930,834,1548,2204,1064,2889,45111,19755,3305,2459,15245,0,0,16,10
2021-03-10T23:59:59+01:00,0,2,1047,1234,2200,3221,2181,4009,2669,5451,2798,4482,1527,1286,4576,5821,3468,6300,281,287,797,1197,884,1709,1179,2576,1313,2203,905,815,1368,2014,968,2716,34107,18853,3305,2351,14845,0,0,15,10
2021-03-09T23:59:59+01:00,0,2,1031,1206,2134,3081,2116,3894,2585,5318,2714,4357,1493,1255,4501,5746,3430,6244,277,280,783,1176,867,1683,1154,2536,1295,2175,890,803,1291,1890,897,2605,33701,18287,3302,2307,14089,0,0,15,10
2021-03-08T23:59:59+01:00,0,2,1009,1175,2077,2981,2076,3813,2526,5206,2659,4284,1455,1234,4353,5584,3328,6100,277,276,778,1168,865,1674,1146,2528,1287,2159,865,782,1125,1666,774,2440,33002,17499,3302,2303,13543,0,0,15,10
2021-03-07T23:59:59+01:00,0,2,1004,1156,2037,2935,2034,3772,2487,5141,2619,4247,1450,1231,4346,5576,3326,6100,277,276,778,1168,865,1674,1146,2528,1286,2159,862,782,1116,1656,766,2429,32968,17499,3296,2261,13184,0,0,15,10
2021-03-06T23:59:59+01:00,0,2,1004,1152,2026,2921,2022,3753,2471,5114,2601,4226,1437,1221,4312,5531,3312,6088,277,276,778,1168,865,1673,1146,2528,1286,2159,862,782,1116,1656,766,2428,32823,17498,3295,2260,13060,0,0,15,10
2021-03-05T23:59:59+01:00,0,2,1000,1148,2011,2901,1993,3730,2428,5063,2549,4188,1401,1194,4046,5206,3163,5868,276,273,771,1161,859,1665,1143,2519,1283,2149,848,778,1108,1647,765,2426,32087,17403,2963,2260,12826,0,0,15,10
2021-03-04T23:59:59+01:00,0,2,906,1001,1923,2774,1926,3593,2352,4908,2459,4030,1371,1173,3806,4946,2899,5520,276,271,769,1156,856,1657,1142,2505,1279,2140,815,763,1095,1636,758,2414,30841,17287,2959,2237,11774,0,0,15,10
2021-03-03T23:59:59+01:00,0,2,860,894,1858,2678,1855,3488,2283,4793,2385,3946,1358,1160,3696,4840,2677,5248,275,269,768,1146,853,1639,1136,2463,1269,2114,798,759,1087,1618,751,2407,30166,17261,2842,2083,10998,0,0,15,10
2021-03-02T23:59:59+01:00,0,2,815,819,1762,2554,1770,3364,2193,4669,2325,3868,1323,1138,3565,4705,2474,4902,275,268,767,1140,849,1636,1131,2458,1265,2104,796,757,1073,1597,740,2388,29439,17154,2653,2082,10141,0,0,15,10
2021-03-01T23:59:59+01:00,0,2,792,781,1662,2412,1699,3220,2093,4497,2245,3747,1305,1126,3514,4641,2430,4841,275,266,763,1136,847,1624,1127,2446,1260,2094,789,754,1068,1586,733,2381,29186,17059,2569,2082,9237,0,0,15,10
2021-02-28T23:59:59+01:00,0,2,786,758,1643,2346,1671,3148,2070,4397,2231,3680,1299,1120,3504,4626,2416,4831,274,265,763,1135,847,1619,1127,2444,1260,2089,785,752,1060,1573,729,2371,29079,17036,2567,2049,8867,0,0,15,10
2021-02-27T23:59:59+01:00,0,2,771,741,1621,2286,1654,3036,2051,4271,2210,3585,1296,1117,3504,4624,2415,4830,274,265,763,1135,847,1618,1127,2444,1260,2088,785,752,1050,1567,712,2357,29074,17034,2566,2002,8359,0,0,15,10
2021-02-26T23:59:59+01:00,0,2,646,662,1517,2172,1603,2878,1988,4034,2109,3349,1206,1047,2854,3831,1989,4247,274,265,762,1133,846,1617,1127,2442,1258,2085,784,748,1032,1554,702,2341,26283,16962,2566,2000,7270,0,0,15,10
2021-02-25T23:59:59+01:00,0,2,496,583,1398,2069,1535,2751,1928,3906,2009,3237,1156,1015,2624,3561,1825,4004,257,250,737,1109,804,1547,1079,2342,1185,1993,728,727,1000,1517,691,2313,25219,16869,2535,1402,6330,0,0,15,10
2021-02-24T23:59:59+01:00,0,2,466,552,1329,1958,1465,2609,1858,3755,1933,3087,1119,986,2491,3432,1748,3891,228,237,710,1064,777,1484,1049,2281,1130,1942,701,704,953,1488,680,2283,24600,16681,2523,1022,5543,0,0,15,10
2021-02-23T23:59:59+01:00,0,2,410,511,1247,1819,1389,2464,1781,3544,1864,2965,1094,952,2287,3204,1623,3702,223,231,695,1040,765,1445,1027,2234,1104,1901,692,693,944,1474,677,2279,23676,16590,2513,826,4654,0,0,15,10
2021-02-22T23:59:59+01:00,0,2,397,478,1147,1709,1286,2367,1673,3437,1783,2894,1073,939,2146,3031,1538,3606,212,222,673,989,734,1382,1001,2140,1062,1819,649,661,875,1396,641,2221,23100,16402,2509,267,3882,0,0,15,10
2021-02-21T23:59:59+01:00,0,2,378,461,1045,1676,1135,2343,1518,3415,1679,2876,1065,937,2145,3030,1538,3606,185,216,642,981,723,1374,987,2135,1056,1817,646,658,872,1391,633,2213,23071,16268,2509,253,3254,0,0,15,10
2021-02-20T23:59:59+01:00,0,2,378,459,1044,1676,1134,2343,1516,3413,1679,2874,1065,936,2144,3030,1537,3605,184,214,639,981,720,1373,981,2132,1054,1817,646,658,872,1391,633,2213,23064,16247,2508,253,3248,0,0,15,10
2021-02-19T23:59:59+01:00,0,2,373,450,1032,1672,1124,2333,1504,3394,1646,2859,1016,908,1774,2524,1240,3223,163,204,613,977,702,1365,964,2130,1048,1815,643,657,870,1391,632,2212,21327,16125,2508,253,3224,0,0,15,10
2021-02-18T23:59:59+01:00,0,2,353,430,992,1590,1087,2247,1451,3277,1605,2769,987,885,1601,2283,1110,3016,143,193,574,966,682,1352,930,2113,1023,1796,632,638,849,1363,618,2191,20346,15802,2508,253,2816,0,0,15,10
2021-02-17T23:59:59+01:00,0,2,330,378,907,1447,979,2048,1316,3023,1494,2548,950,856,1412,2072,1009,2839,137,186,562,935,656,1301,898,2035,977,1720,597,606,842,1337,613,2172,19271,15313,2508,253,1816,0,0,15,10
2021-02-16T23:59:59+01:00,0,2,324,339,863,1309,928,1864,1255,2802,1428,2388,938,839,1349,1978,942,2743,131,173,548,892,641,1247,870,1971,947,1678,587,596,820,1306,600,2112,18903,14994,2507,117,866,0,0,15,10
2021-02-15T23:59:59+01:00,0,2,308,299,835,1278,911,1808,1216,2719,1391,2332,909,806,1175,1750,814,2571,123,165,526,865,624,1185,844,1898,924,1601,566,559,802,1269,591,2070,18004,14527,2506,77,601,0,0,13,10
2021-02-14T23:59:59+01:00,0,2,308,299,834,1278,910,1808,1215,2719,1391,2332,909,806,1175,1750,814,2570,123,165,525,857,620,1180,838,1892,920,1598,565,558,800,1268,590,2066,18002,14481,2506,76,599,0,0,13,10
2021-02-13T23:59:59+01:00,0,2,308,299,834,1278,910,1805,1215,2717,1391,2330,909,806,1175,1749,812,2570,123,165,525,857,620,1180,836,1889,918,1594,562,558,785,1248,578,2050,17995,14479,2503,1,599,0,0,13,10
2021-02-12T23:59:59+01:00,0,2,304,298,824,1273,906,1775,1209,2690,1363,2301,907,804,1174,1747,812,2570,123,165,523,855,619,1173,830,1877,912,1581,559,556,771,1237,572,2037,17988,14381,2503,1,455,0,0,13,10
2021-02-11T23:59:59+01:00,0,2,285,289,809,1238,900,1740,1193,2624,1341,2246,872,790,1163,1736,811,2560,121,151,505,814,597,1108,796,1777,889,1521,547,542,747,1203,558,2005,17874,13873,2502,0,210,0,0,13,10
2021-02-10T23:59:59+01:00,0,2,282,283,790,1201,887,1712,1181,2578,1326,2204,867,788,1148,1720,806,2543,117,142,438,727,551,1015,718,1651,830,1435,532,526,732,1182,548,1978,17851,13124,2397,0,58,0,0,12,0
2021-02-09T23:59:59+01:00,0,2,282,280,785,1187,875,1694,1166,2559,1312,2180,852,782,1134,1701,795,2523,100,123,382,639,498,886,639,1449,741,1243,482,447,614,1021,480,1736,17743,11482,2351,0,3,0,0,12,0
2021-02-08T23:59:59+01:00,0,2,281,279,783,1182,873,1687,1164,2555,1305,2172,846,779,1118,1679,779,2497,90,101,336,544,445,786,549,1239,633,1079,406,374,530,830,387,1427,17620,9758,2348,0,1,0,0,12,0
2021-02-07T23:59:59+01:00,0,2,280,278,781,1181,872,1687,1164,2554,1305,2169,840,777,1115,1676,778,2495,88,100,334,539,443,782,547,1230,629,1073,401,369,510,808,381,1413,17594,9649,2348,0,0,0,0,12,0
2021-02-06T23:59:59+01:00,0,2,280,277,780,1180,872,1686,1164,2554,1305,2168,839,777,1113,1670,776,2493,88,99,334,536,442,781,546,1226,627,1072,398,364,462,739,353,1368,17578,9437,2346,0,0,0,0,12,0
2021-02-05T23:59:59+01:00,0,2,280,277,780,1179,871,1685,1163,2553,1304,2163,832,771,1090,1659,769,2477,82,96,326,530,426,762,521,1192,598,1029,375,337,441,712,336,1322,17497,9086,2346,0,0,0,0,12,0
2021-02-04T23:59:59+01:00,0,2,277,269,777,1157,859,1662,1150,2525,1288,2140,809,757,1062,1629,762,2459,68,78,255,409,331,594,404,965,487,826,304,274,337,576,276,1113,17249,7297,2323,0,0,0,0,12,0
2021-02-03T23:59:59+01:00,0,2,276,264,773,1135,856,1634,1143,2474,1275,2108,789,743,1046,1607,752,2443,54,55,169,280,257,443,284,715,363,587,208,194,239,422,193,837,17145,5300,2163,0,0,0,0,12,0
2021-02-02T23:59:59+01:00,0,2,275,258,769,1126,849,1613,1135,2448,1263,2090,783,736,1038,1595,749,2435,35,35,92,139,148,254,171,447,235,369,134,124,162,254,136,538,16989,3273,2163,0,0,0,0,12,0
2021-02-01T23:59:59+01:00,0,2,273,255,764,1107,841,1593,1128,2417,1259,2055,774,722,1031,1584,746,2419,11,12,15,27,26,64,46,88,72,101,49,45,56,74,39,178,16796,903,2163,0,0,0,0,11,0
2021-01-31T23:59:59+01:00,0,2,267,253,748,1105,833,1582,1118,2406,1248,2047,768,716,1021,1566,739,2405,10,12,14,26,24,61,40,83,65,93,46,45,53,67,36,165,16759,840,2054,0,0,0,0,11,0
2021-01-30T23:59:59+01:00,0,2,267,253,748,1104,833,1582,1118,2406,1248,2047,767,716,1011,1559,722,2391,10,10,14,26,24,61,40,83,64,91,45,44,52,67,36,164,16756,831,2007,0,0,0,0,11,0
2021-01-29T23:59:59+01:00,0,2,267,253,748,1103,833,1582,1118,2406,1248,2046,766,715,1010,1557,722,2389,9,5,12,24,24,60,38,82,63,91,44,43,52,67,36,164,16749,814,2005,0,0,0,0,11,0
2021-01-28T23:59:59+01:00,0,2,263,248,737,1078,798,1527,1081,2345,1172,1989,725,701,982,1537,706,2369,4,0,3,6,9,24,19,37,20,44,21,22,23,45,15,97,16573,389,1676,0,0,0,0,11,0
2021-01-27T23:59:59+01:00,0,2,257,241,714,1046,751,1472,1022,2264,1099,1909,690,674,967,1516,703,2361,3,0,3,4,6,20,15,23,13,31,6,9,10,10,4,27,16124,184,1553,0,0,0,0,11,0
2021-01-26T23:59:59+01:00,0,2,233,232,697,1021,743,1423,1002,2190,1072,1844,678,660,944,1500,693,2342,3,0,1,4,5,10,13,12,6,10,3,5,6,7,1,16,16072,102,1193,0,0,0,0,11,0
2021-01-25T23:59:59+01:00,0,2,201,217,644,949,692,1300,959,2045,1014,1709,631,605,866,1405,650,2269,3,0,1,4,5,10,13,12,6,10,3,5,6,7,1,16,15844,102,303,0,0,0,0,11,0
2021-01-24T23:59:59+01:00,0,2,184,211,618,937,673,1286,941,2029,999,1699,623,599,856,1385,641,2256,3,0,1,4,5,10,12,12,5,10,3,5,6,7,1,16,15670,100,258,0,0,0,0,11,0
2021-01-23T23:59:59+01:00,0,2,184,211,618,937,673,1286,941,2029,999,1699,623,599,856,1385,641,2256,3,0,1,4,5,10,10,12,5,10,3,5,6,7,1,16,15670,98,258,0,0,0,0,11,0
2021-01-22T23:59:59+01:00,0,2,137,193,560,927,655,1271,907,2019,987,1688,618,598,855,1385,641,2256,3,0,0,4,5,10,10,12,5,10,3,5,6,7,1,16,15430,97,258,0,0,0,0,11,0
2021-01-21T23:59:59+01:00,0,2,133,185,545,904,635,1230,874,1965,965,1640,606,577,843,1354,634,2237,3,0,0,4,4,10,9,12,5,10,3,5,6,7,1,15,15060,94,258,0,0,0,0,11,0
2021-01-20T23:59:59+01:00,0,2,128,169,498,838,612,1152,811,1855,928,1569,585,560,826,1331,624,2209,3,0,0,4,4,10,9,12,5,10,3,5,6,7,1,15,14430,94,256,0,0,0,0,11,0
2021-01-19T23:59:59+01:00,0,2,117,151,427,752,549,1025,727,1668,828,1411,542,510,729,1180,552,1968,3,0,0,4,4,8,9,12,5,10,3,5,6,7,1,15,12938,92,189,0,0,0,0,11,0
2021-01-18T23:59:59+01:00,0,2,99,119,358,600,459,856,597,1407,702,1204,474,444,646,1023,485,1704,1,0,0,1,0,0,0,0,0,0,0,0,0,1,0,0,11089,3,79,0,0,0,0,11,0
2021-01-17T23:59:59+01:00,0,2,95,117,354,594,458,851,595,1388,694,1194,469,434,620,994,469,1663,1,0,0,1,0,0,0,0,0,0,0,0,0,1,0,0,10902,3,78,0,0,0,0,11,0
2021-01-16T23:59:59+01:00,0,2,95,114,352,586,455,846,584,1375,683,1182,454,421,525,869,411,1566,0,0,0,1,0,0,0,0,0,0,0,0,0,0,0,0,10506,1,3,0,0,0,0,11,0
2021-01-15T23:59:59+01:00,0,2,94,112,347,584,449,841,578,1368,666,1166,438,403,517,858,403,1543,0,0,0,0,0,0,0,0,0,0,0,0,0,0,0,0,10357,0,1,0,0,0,0,11,0
2021-01-14T23:59:59+01:00,0,0,77,90,291,484,371,677,461,1115,548,985,359,323,406,701,330,1308,0,0,0,0,0,0,0,0,0,0,0,0,0,0,0,0,8515,0,0,0,0,0,0,11,0
2021-01-13T23:59:59+01:00,0,0,63,67,207,366,295,505,348,834,422,705,251,227,298,525,249,1006,0,0,0,0,0,0,0,0,0,0,0,0,0,0,0,0,6358,0,0,0,0,0,0,10,0
2021-01-12T23:59:59+01:00,0,0,41,45,125,216,181,313,207,530,282,438,158,145,192,343,172,678,0,0,0,0,0,0,0,0,0,0,0,0,0,0,0,0,4066,0,0,0,0,0,0,0,0
2021-01-11T23:59:59+01:00,0,0,11,14,42,58,42,93,59,119,94,128,64,58,83,103,49,221,0,0,0,0,0,0,0,0,0,0,0,0,0,0,0,0,1238,0,0,0,0,0,0,0,0
2021-01-10T23:59:59+01:00,0,0,11,14,29,47,35,75,50,110,81,118,57,54,77,93,46,208,0,0,0,0,0,0,0,0,0,0,0,0,0,0,0,0,1105,0,0,0,0,0,0,0,0
2021-01-09T23:59:59+01:00,0,0,11,13,26,46,35,75,49,109,79,115,56,53,76,92,45,207,0,0,0,0,0,0,0,0,0,0,0,0,0,0,0,0,1087,0,0,0,0,0,0,0,0
2021-01-08T23:59:59+01:00,0,0,7,6,26,40,33,72,46,107,78,114,53,49,70,87,41,207,0,0,0,0,0,0,0,0,0,0,0,0,0,0,0,0,1036,0,0,0,0,0,0,0,0
2021-01-07T23:59:59+01:00,0,0,5,1,9,20,15,38,27,77,33,76,32,27,46,74,28,161,0,0,0,0,0,0,0,0,0,0,0,0,0,0,0,0,669,0,0,0,0,0,0,0,0
2021-01-06T23:59:59+01:00,0,0,5,0,4,8,10,30,24,43,19,47,26,24,33,51,19,119,0,0,0,0,0,0,0,0,0,0,0,0,0,0,0,0,462,0,0,0,0,0,0,0,0
2021-01-05T23:59:59+01:00,0,0,5,0,4,8,10,30,24,43,19,47,26,24,33,50,19,119,0,0,0,0,0,0,0,0,0,0,0,0,0,0,0,0,461,0,0,0,0,0,0,0,0
2021-01-04T23:59:59+01:00,0,0,4,0,1,3,4,11,13,12,5,11,3,5,6,8,1,17,0,0,0,0,0,0,0,0,0,0,0,0,0,0,0,0,104,0,0,0,0,0,0,0,0
2021-01-03T23:59:59+01:00,0,0,3,0,1,3,4,10,12,12,5,11,3,5,6,8,1,16,0,0,0,0,0,0,0,0,0,0,0,0,0,0,0,0,100,0,0,0,0,0,0,0,0
2021-01-02T23:59:59+01:00,0,0,3,0,1,3,4,10,10,12,5,11,3,5,6,8,1,16,0,0,0,0,0,0,0,0,0,0,0,0,0,0,0,0,98,0,0,0,0,0,0,0,0
2021-01-01T23:59:59+01:00,0,0,3,0,0,3,4,10,10,12,5,11,3,5,6,7,1,16,0,0,0,0,0,0,0,0,0,0,0,0,0,0,0,0,96,0,0,0,0,0,0,0,0
2020-12-31T23:59:59+01:00,0,0,3,0,0,3,4,10,9,12,5,11,3,5,6,7,1,16,0,0,0,0,0,0,0,0,0,0,0,0,0,0,0,0,95,0,0,0,0,0,0,0,0
2020-12-30T23:59:59+01:00,0,0,3,0,0,3,4,10,9,12,5,11,3,5,6,7,1,16,0,0,0,0,0,0,0,0,0,0,0,0,0,0,0,0,95,0,0,0,0,0,0,0,0
2020-12-29T23:59:59+01:00,0,0,3,0,0,3,4,8,9,12,5,11,3,5,6,7,1,16,0,0,0,0,0,0,0,0,0,0,0,0,0,0,0,0,93,0,0,0,0,0,0,0,0
2020-12-28T23:59:59+01:00,0,0,3,0,0,3,4,8,9,12,5,11,3,5,6,7,1,16,0,0,0,0,0,0,0,0,0,0,0,0,0,0,0,0,93,0,0,0,0,0,0,0,0
2020-12-27T23:59:59+01:00,0,0,1,0,0,0,0,0,0,0,0,0,0,0,1,3,0,7,0,0,0,0,0,0,0,0,0,0,0,0,0,0,0,0,12,0,0,0,0,0,0,0,0
