Datum,<15_m,<15_w,15-24_1_m,15-24_1_w,25-34_1_m,25-34_1_w,35-44_1_m,35-44_1_w,45-54_1_m,45-54_1_w,55-64_1_m,55-64_1_w,65-74_1_m,65-74_1_w,75-84_1_m,75-84_1_w,>84_1_m,>84_1_w,<24_2_m,<24_2_w,25-34_2_m,25-34_2_w,35-44_2_m,35-44_2_w,45-54_2_m,45-54_2_w,55-64_2_m,55-64_2_w,65-74_2_m,65-74_2_w,75-84_2_m,75-84_2_w,>84_2_m,>84_2_w,bp_1,bp_2,mo_1,mo_2,az_1,az_2,ja,unb_1,unb_2
2021-07-31T23:59:59+02:00,1930,1684,21162,20341,31079,28552,31961,31982,37746,38289,41637,41956,27570,30757,19620,24624,5971,10097,12502,12097,23302,21724,27271,27349,33712,34084,37792,38391,26039,29002,18708,23321,5693,9558,309311,256380,44382,42282,77377,66735,15818,70,25
2021-07-30T23:59:59+02:00,1929,1682,21156,20337,31077,28548,31958,31978,37744,38289,41634,41953,27570,30756,19620,24624,5970,10097,12449,12046,23023,21454,27014,27162,33525,33943,37741,38350,26030,28992,18707,23317,5693,9556,309280,255128,44382,42278,77377,66443,15813,70,25
2021-07-29T23:59:59+02:00,1860,1613,20926,20106,30940,28404,31857,31870,37654,38203,41545,41893,27542,30733,19607,24606,5965,10089,11846,11548,22050,20729,26018,26355,32567,33263,37374,38072,25950,28897,18679,23271,5688,9549,308101,249991,44356,42194,77370,64697,15516,70,25
2021-07-28T23:59:59+02:00,1841,1598,20886,20057,30922,28377,31843,31849,37635,38183,41524,41873,27531,30721,19602,24596,5965,10087,11574,11256,21649,20353,25589,25929,32409,33117,37264,37985,25914,28848,18663,23251,5687,9544,307798,247140,44355,42194,77358,64638,15510,69,25
2021-07-27T23:59:59+02:00,1833,1593,20850,20021,30899,28346,31811,31836,37615,38151,41500,41859,27524,30714,19601,24591,5965,10084,11328,11048,21452,20166,25451,25811,32303,33017,37184,37904,25890,28811,18655,23242,5684,9540,307582,245695,44355,42189,77357,64566,15430,69,25
2021-07-26T23:59:59+02:00,1807,1559,20728,19908,30797,28250,31757,31774,37565,38085,41457,41829,27500,30696,19591,24578,5959,10081,11045,10730,20956,19732,25208,25610,32145,32868,37055,37820,25856,28776,18642,23220,5683,9532,306855,243445,44326,42085,77352,64362,15319,69,25
2021-07-25T23:59:59+02:00,1800,1550,20706,19897,30789,28241,31747,31760,37559,38079,41447,41820,27496,30694,19590,24576,5959,10080,10941,10624,20806,19624,24974,25417,31907,32663,36913,37688,25839,28762,18636,23213,5682,9529,306747,242193,44316,42069,77345,63953,15313,69,25
2021-07-24T23:59:59+02:00,1780,1535,20626,19824,30747,28203,31712,31724,37533,38051,41424,41808,27489,30689,19587,24574,5959,10080,10879,10571,20730,19562,24903,25356,31854,32632,36884,37668,25833,28758,18634,23211,5682,9529,306406,241828,44305,42046,77341,63887,15224,69,25
2021-07-23T23:59:59+02:00,1725,1500,20437,19683,30585,28092,31624,31655,37466,38000,41385,41766,27478,30673,19582,24568,5958,10075,10624,10368,20367,19260,24107,24714,31376,32304,36324,37212,25790,28716,18618,23194,5681,9527,305591,238985,44296,42002,77324,62500,14972,69,24
2021-07-22T23:59:59+02:00,1662,1444,20128,19416,30347,27915,31493,31542,37338,37896,41287,41684,27452,30650,19571,24545,5954,10074,10174,9994,19628,18752,23161,24047,30673,31719,35295,36454,25679,28620,18585,23162,5679,9523,304131,235401,44263,41341,77320,60002,14615,69,24
2021-07-21T23:59:59+02:00,1647,1436,20092,19369,30320,27886,31471,31519,37318,37871,41266,41662,27443,30642,19566,24539,5949,10070,9864,9663,19171,18302,22295,23286,30339,31386,35066,36259,25596,28523,18555,23110,5671,9513,303814,232676,44257,39663,77318,59830,14608,69,21
2021-07-20T23:59:59+02:00,1641,1431,20060,19342,30293,27865,31447,31501,37302,37856,41256,41651,27428,30628,19566,24532,5949,10067,9598,9385,18841,18033,22027,23001,30164,31232,34902,36114,25550,28478,18540,23076,5670,9509,303578,230294,44255,39654,77317,59731,14596,69,21
2021-07-19T23:59:59+02:00,1630,1423,19947,19254,30213,27793,31389,31448,37283,37837,41241,41633,27423,30617,19560,24525,5948,10064,9399,9189,18528,17759,21566,22583,29911,31001,34782,36013,25516,28440,18522,23060,5670,9506,303006,228667,44249,38717,77316,59617,14588,69,21
2021-07-18T23:59:59+02:00,1619,1418,19880,19190,30088,27694,31326,31385,37221,37786,41200,41582,27403,30587,19552,24510,5944,10061,9290,9075,18364,17611,21377,22393,29744,30803,34669,35913,25486,28418,18511,23043,5670,9500,302235,227424,44249,38418,77314,59576,14579,69,21
2021-07-17T23:59:59+02:00,1618,1414,19873,19188,30088,27692,31326,31381,37216,37784,41196,41580,27402,30586,19551,24510,5944,10061,9269,9060,18332,17590,21359,22380,29734,30796,34650,35909,25483,28416,18511,23042,5670,9500,302203,227272,44249,38415,77314,59565,14575,69,21
2021-07-16T23:59:59+02:00,1565,1369,19600,18940,29963,27596,31243,31310,37161,37722,41156,41548,27383,30569,19544,24500,5942,10055,9156,8947,17963,17295,21058,22114,29350,30444,34519,35806,25460,28393,18504,23029,5668,9498,301212,226034,44227,37715,77312,59234,14346,69,19
2021-07-15T23:59:59+02:00,1507,1326,19339,18695,29784,27449,31136,31211,37080,37641,41090,41481,27341,30540,19528,24486,5938,10052,8797,8645,17058,16471,19527,20898,28438,29528,33903,35231,25294,28215,18451,22980,5662,9486,299951,219983,44185,36277,77304,58314,14115,69,19
2021-07-14T23:59:59+02:00,1494,1314,19310,18659,29761,27423,31113,31180,37069,37628,41071,41475,27333,30533,19519,24479,5937,10049,8511,8348,16507,15872,19036,20384,27876,29030,33511,34856,25182,28088,18412,22914,5657,9475,299681,215831,44183,35919,77301,57888,14113,69,19
2021-07-13T23:59:59+02:00,1482,1305,19273,18634,29744,27399,31092,31165,37054,37601,41048,41447,27324,30519,19517,24474,5936,10043,8209,8089,16110,15517,18762,20107,27614,28782,33241,34600,25084,27968,18379,22873,5655,9470,299401,213143,44182,35884,77300,57397,14105,69,19
2021-07-12T23:59:59+02:00,1467,1296,19232,18617,29711,27371,31075,31144,37042,37584,41031,41432,27321,30515,19515,24468,5935,10043,7949,7873,15832,15243,18064,19562,27301,28463,32830,34239,24917,27776,18320,22798,5649,9465,299153,211868,44181,33958,77300,56422,14096,69,19
2021-07-11T23:59:59+02:00,1459,1288,19202,18588,29681,27342,31060,31116,37034,37563,41017,41420,27312,30506,19513,24468,5934,10042,7906,7826,15767,15172,17976,19508,27218,28401,32718,34177,24864,27731,18300,22776,5649,9462,298911,211296,44179,33947,77298,56180,14088,69,19
2021-07-10T23:59:59+02:00,1330,1173,18702,18171,29240,27051,30778,30887,36791,37404,40818,41270,27240,30446,19487,24436,5931,10039,7777,7757,15487,15038,17761,19362,26978,28262,32554,34060,24799,27685,18284,22763,5648,9462,296727,210882,44046,33831,77269,55940,13083,69,19
2021-07-09T23:59:59+02:00,1320,1167,18675,18141,29220,27034,30766,30874,36781,37392,40807,41262,27236,30442,19485,24432,5931,10038,7735,7710,15418,14973,17699,19269,26759,28032,32305,33847,24737,27622,18262,22737,5648,9459,296587,210607,44027,33828,77268,54779,13052,69,19
2021-07-08T23:59:59+02:00,1244,1087,18409,17931,29075,26885,30632,30758,36679,37290,40709,41185,27203,30407,19466,24414,5926,10034,7569,7578,15122,14727,17271,18911,26070,27435,32035,33582,24570,27465,18204,22675,5645,9453,295334,209484,43974,32413,77260,53763,12697,69,19
2021-07-07T23:59:59+02:00,1147,995,18099,17610,28880,26703,30506,30637,36567,37170,40603,41101,27170,30360,19452,24397,5923,10031,7374,7367,14684,14361,16807,18469,25318,26830,31628,33203,24307,27142,18110,22581,5636,9444,293777,206577,43926,31579,77249,52809,12330,69,19
2021-07-06T23:59:59+02:00,1124,979,18022,17547,28836,26654,30456,30591,36531,37135,40569,41069,27153,30335,19441,24384,5921,10028,7158,7135,14341,14005,16459,18120,24574,26184,31330,32939,24117,26928,18062,22510,5629,9437,293208,204526,43923,30177,77248,51920,12327,69,19
2021-07-05T23:59:59+02:00,1082,951,17949,17484,28793,26598,30418,30557,36507,37091,40541,41044,27148,30321,19435,24379,5921,10023,6929,6945,14038,13736,16107,17755,24029,25679,30766,32375,23839,26629,17954,22371,5621,9427,292731,203033,43921,28099,77244,50790,12277,69,19
2021-07-04T23:59:59+02:00,1060,936,17880,17435,28755,26577,30397,30528,36497,37081,40526,41032,27142,30310,19430,24376,5921,10022,6903,6928,13985,13690,16033,17697,23945,25624,30613,32284,23747,26541,17922,22330,5619,9423,292418,202644,43920,28090,77233,50284,12265,69,19
2021-07-03T23:59:59+02:00,645,566,16155,15720,27587,25657,29603,29813,35857,36473,40030,40606,26985,30144,19363,24290,5912,10005,6519,6687,13471,13387,15633,17395,23584,25347,30309,32090,23651,26448,17889,22293,5615,9419,284940,202354,43881,28014,77150,49997,9371,69,19
2021-07-02T23:59:59+02:00,606,528,16025,15575,27426,25511,29524,29753,35827,36446,40011,40593,26979,30134,19360,24287,5912,10005,6471,6616,13397,13286,15545,17265,23441,25164,30156,31925,23458,26238,17800,22215,5613,9416,284039,201672,43881,27856,77148,49112,9365,69,19
2021-07-01T23:59:59+02:00,548,483,15848,15421,27208,25357,29447,29676,35772,36395,39946,40549,26959,30117,19349,24275,5910,10001,6332,6487,13058,13015,15020,16830,22182,24181,29396,31248,23180,25951,17682,22081,5606,9401,282857,198151,43876,26198,77136,47976,9323,69,19
2021-06-30T23:59:59+02:00,518,463,15744,15318,27100,25274,29381,29607,35718,36345,39903,40513,26944,30086,19339,24258,5906,10001,6140,6310,12629,12634,14453,16284,21560,23589,28806,30720,22761,25487,17552,21897,5599,9389,282049,193919,43873,26174,77130,46415,9297,69,19
2021-06-29T23:59:59+02:00,461,413,14984,14652,26839,25054,29287,29508,35639,36264,39835,40466,26923,30063,19332,24245,5906,9999,6028,6186,12373,12371,14059,15888,20773,22970,28224,30171,22314,24964,17400,21722,5591,9379,279554,190781,43872,25667,77122,44705,9253,69,19
2021-06-28T23:59:59+02:00,425,382,14357,14016,26683,24950,29213,29442,35583,36199,39791,40433,26905,30043,19324,24234,5906,9995,5962,6091,12194,12232,13871,15712,20156,22424,27825,29801,21978,24607,17272,21559,5586,9375,277627,189101,43868,25017,77118,43320,9199,69,19
2021-06-27T23:59:59+02:00,348,315,14012,13641,26619,24892,29173,29407,35561,36177,39774,40420,26894,30036,19322,24231,5905,9994,5926,6049,12080,12118,13728,15584,19606,21953,27219,29304,21701,24272,17152,21436,5582,9374,276513,188270,43866,23503,77107,42137,9166,69,19
2021-06-26T23:59:59+02:00,348,315,14001,13630,26603,24881,29167,29401,35556,36176,39771,40419,26893,30035,19322,24231,5905,9994,5921,6046,12068,12115,13722,15580,19593,21942,27174,29269,21556,24143,17112,21380,5581,9372,276443,188244,43864,23499,77107,41658,9165,69,19
2021-06-25T23:59:59+02:00,225,202,12744,12413,25144,23740,28869,29167,35450,36094,39706,40357,26869,30008,19313,24220,5903,9992,5878,5999,11972,12036,13580,15458,19284,21704,26790,28910,21234,23751,16939,21183,5578,9363,270233,187022,43860,23216,77092,40251,9162,69,19
2021-06-24T23:59:59+02:00,161,148,11776,11586,24034,22863,28506,28820,35303,35931,39594,40254,26834,29958,19302,24196,5901,9988,5662,5769,11514,11621,13004,14868,17757,20315,25153,27320,20467,22900,16624,20777,5568,9353,265026,182059,43843,19613,77088,37861,9130,68,19
2021-06-23T23:59:59+02:00,125,123,11416,11264,23537,22494,28261,28578,35126,35805,39505,40167,26804,29932,19294,24159,5899,9977,5589,5656,11303,11406,12706,14517,17367,19907,24406,26556,19678,22152,16432,20525,5560,9337,262427,179711,43837,19001,77083,35325,9051,68,19
2021-06-22T23:59:59+02:00,104,110,11235,11052,23381,22351,28182,28506,35050,35743,39459,40123,26789,29908,19286,24151,5899,9976,5480,5536,11038,11151,12339,14147,16765,19313,23679,25791,19299,21729,16269,20347,5553,9321,261287,176688,43834,18144,77081,33878,9035,68,19
2021-06-21T23:59:59+02:00,91,98,10984,10868,22552,21680,27932,28282,34985,35682,39395,40082,26773,29890,19280,24142,5899,9975,5361,5432,10823,10931,12033,13827,16374,18968,23234,25325,19009,21418,16165,20228,5547,9319,258708,175232,43828,17132,77075,32706,8911,68,19
2021-06-20T23:59:59+02:00,85,97,10920,10779,22306,21465,27675,28085,34905,35604,39350,40038,26764,29876,19278,24138,5897,9972,5320,5378,10738,10832,11938,13727,16180,18785,22964,25087,18908,21312,16112,20170,5541,9315,257432,174929,43826,16074,77074,32456,8834,68,19
2021-06-19T23:59:59+02:00,84,93,10896,10755,22273,21441,27657,28072,34893,35600,39340,40034,26763,29875,19278,24136,5897,9972,5289,5346,10657,10742,11846,13606,16032,18633,22657,24728,18823,21225,16100,20158,5540,9315,257278,174825,43805,14581,77074,32443,8834,68,19
2021-06-18T23:59:59+02:00,81,91,10850,10704,21957,21120,27393,27857,34840,35564,39309,40012,26755,29866,19277,24133,5897,9970,5274,5337,10627,10712,11806,13558,15971,18571,22572,24632,18657,21044,16055,20092,5539,9310,255897,174431,43804,14580,77073,31898,8834,68,19
2021-06-17T23:59:59+02:00,72,83,10272,10277,20686,20165,26534,27126,34472,35239,39056,39824,26691,29785,19257,24097,5890,9966,5076,5198,10251,10459,11365,13159,15291,17962,21213,23327,18204,20559,15892,19921,5535,9295,250145,169161,43786,14008,77062,31093,8431,68,19
2021-06-16T23:59:59+02:00,64,71,9938,9965,20007,19536,25896,26525,34226,35040,38898,39676,26649,29732,19234,24074,5889,9962,4933,5052,9865,10126,10908,12710,14592,17272,20366,22401,17802,20115,15725,19710,5525,9283,246324,165405,43774,12734,77049,30065,8167,68,19
2021-06-15T23:59:59+02:00,49,66,9693,9724,19711,19288,25673,26327,34099,34935,38802,39596,26620,29696,19227,24059,5884,9958,4828,4943,9626,9910,10679,12452,14172,16846,19770,21827,17487,19731,15507,19483,5516,9272,244562,163348,43762,11650,77043,29066,7972,68,18
2021-06-14T23:59:59+02:00,45,62,9560,9599,19413,19028,25498,26184,33979,34856,38741,39557,26603,29676,19221,24048,5884,9955,4747,4881,9438,9772,10506,12316,13911,16632,19454,21534,17323,19576,15406,19351,5515,9268,243370,161898,43760,11648,77039,28398,7673,67,18
2021-06-13T23:59:59+02:00,43,58,9400,9469,19124,18843,25147,25930,33778,34689,38636,39490,26588,29664,19211,24041,5884,9952,4666,4815,9229,9607,10342,12146,13588,16296,19106,21205,17198,19428,15359,19286,5513,9266,241728,161053,43760,11648,77036,26979,7356,67,18
2021-06-12T23:59:59+02:00,43,58,9391,9455,19111,18830,25147,25925,33778,34686,38633,39489,26588,29664,19211,24041,5884,9952,4663,4801,9219,9547,10310,12044,13539,16142,19051,21069,17089,19303,15243,19184,5511,9264,241682,161026,43760,11646,77032,25948,7345,67,18
2021-06-11T23:59:59+02:00,38,54,9234,9273,18878,18619,24349,25253,33601,34533,38500,39377,26555,29631,19201,24018,5884,9947,4586,4686,9002,9292,10051,11751,13021,15595,18081,20180,16903,19107,15203,19140,5508,9261,238775,157028,43759,11645,77029,25365,7315,67,18
2021-06-10T23:59:59+02:00,36,50,8840,8939,18228,18130,23501,24575,33282,34253,38299,39213,26498,29576,19178,23990,5881,9940,4411,4509,8425,8801,9250,11033,11876,14500,16104,18277,16017,18150,14918,18775,5499,9239,235160,147405,43100,11612,77003,23673,7080,66,18
2021-06-09T23:59:59+02:00,19,32,8391,8435,17396,17404,22349,23533,32794,33787,38014,38996,26389,29472,19132,23933,5871,9927,4275,4396,8138,8537,9007,10780,11546,14134,15621,17732,15647,17721,14677,18491,5492,9229,231185,145587,41212,11570,76967,21770,6482,28,18
2021-06-08T23:59:59+02:00,11,20,8073,8120,16925,16987,21931,23168,32549,33595,37852,38866,26345,29432,19122,23910,5868,9922,4155,4314,7884,8284,8703,10435,11193,13787,14981,17034,15194,17200,14416,18214,5487,9211,228462,143895,41180,10455,76958,20060,6068,28,18
2021-06-07T23:59:59+02:00,8,16,7878,7887,16567,16663,21387,22714,32269,33325,37735,38750,26319,29384,19105,23884,5863,9921,4080,4233,7703,8143,8543,10293,11023,13615,14672,16710,14998,16947,14243,18023,5483,9206,226843,142820,40208,10363,76947,19068,5650,27,18
2021-06-06T23:59:59+02:00,6,13,7771,7778,16433,16518,21193,22508,32043,33101,37601,38644,26291,29360,19092,23868,5863,9915,4051,4198,7657,8025,8492,10165,10919,13470,14477,16495,14816,16769,14154,17903,5476,9200,225616,142343,39909,10353,76929,18040,5517,27,18
2021-06-05T23:59:59+02:00,6,13,7749,7764,16404,16491,21186,22505,32033,33095,37599,38643,26290,29360,19091,23867,5863,9915,4042,4159,7642,7960,8478,10032,10905,13299,14459,16390,14779,16714,14145,17893,5476,9199,225507,142262,39909,10353,76928,17440,5503,27,18
2021-06-04T23:59:59+02:00,6,11,7635,7662,16125,16255,20910,22259,31613,32722,37486,38522,26257,29321,19080,23854,5861,9913,4035,4150,7616,7937,8452,10002,10838,13226,14354,16260,14698,16621,14109,17849,5476,9197,223918,141930,39135,10024,76909,17349,5503,27,18
2021-06-03T23:59:59+02:00,4,11,7380,7435,15249,15473,19276,20868,30702,31794,36983,38063,26126,29188,19036,23803,5855,9895,3976,4112,7528,7866,8330,9904,10670,13045,13788,15691,14438,16311,14025,17744,5473,9184,217303,139725,37558,9917,76899,17075,5354,27,18
2021-06-02T23:59:59+02:00,4,11,7245,7291,14864,15045,18844,20467,30233,31340,36757,37799,26062,29124,19016,23774,5852,9893,3946,4082,7464,7780,8242,9813,10530,12914,13343,15261,14315,16128,13998,17707,5470,9179,214218,137940,37127,9824,76898,17043,5351,27,18
2021-06-01T23:59:59+02:00,4,9,6969,7048,14469,14733,18502,20149,29907,31029,36534,37565,26006,29045,18992,23745,5850,9882,3844,3996,7222,7604,8011,9620,10267,12640,12941,14839,13884,15680,13882,17555,5463,9171,211481,135829,37082,9570,76877,16235,4971,27,18
2021-05-31T23:59:59+02:00,4,9,6806,6858,14250,14500,17799,19547,29566,30691,36237,37302,25916,28948,18966,23691,5840,9869,3765,3885,7014,7358,7788,9335,9926,12259,12502,14322,13356,15067,13683,17326,5455,9156,210055,132658,35034,9247,76860,15455,4823,27,18
2021-05-30T23:59:59+02:00,4,9,6783,6843,14204,14462,17722,19488,29516,30653,36206,37279,25904,28936,18963,23685,5839,9867,3722,3811,6866,7152,7640,9105,9722,11949,12246,13977,13235,14898,13615,17244,5452,9149,209760,131941,35022,9146,76806,13934,4748,27,18
2021-05-29T23:59:59+02:00,4,9,6781,6842,14195,14456,17717,19482,29511,30649,36203,37278,25902,28933,18963,23684,5839,9867,3713,3798,6837,7119,7607,9054,9686,11903,12173,13879,13194,14830,13585,17220,5451,9144,209728,131802,35022,9145,76791,13485,4747,27,18
2021-05-28T23:59:59+02:00,4,9,6771,6830,14180,14439,17700,19461,29500,30636,36192,37260,25901,28929,18961,23680,5839,9867,3699,3775,6815,7079,7573,9000,9633,11799,11933,13610,13006,14639,13555,17180,5448,9141,209577,130514,35021,9144,76788,13466,4746,27,18
2021-05-27T23:59:59+02:00,4,9,6680,6749,13912,14222,17215,19114,28822,30095,36033,37129,25855,28895,18946,23666,5838,9861,3574,3615,6528,6829,7197,8694,9135,11241,11225,12715,12456,14071,13425,16988,5441,9129,208501,127006,33582,8815,76746,12238,4189,27,18
2021-05-26T23:59:59+02:00,4,9,6609,6641,13699,14020,16962,18807,28280,29584,35858,36954,25818,28850,18931,23642,5837,9856,3484,3472,6303,6540,6910,8268,8796,10764,10576,11918,11895,13456,13280,16773,5436,9107,206914,123405,32829,8633,76733,11067,3858,27,18
2021-05-25T23:59:59+02:00,4,9,6528,6546,13494,13799,16699,18597,27556,28938,35765,36857,25795,28822,18919,23626,5832,9855,3435,3381,6158,6372,6764,8078,8571,10473,10231,11553,11548,12981,13175,16611,5433,9099,206204,121567,31377,8494,76248,10001,3786,26,18
2021-05-24T23:59:59+02:00,4,9,6458,6449,13317,13599,16477,18314,27147,28513,35419,36459,25738,28754,18900,23603,5831,9853,3421,3359,6100,6290,6719,7995,8512,10378,10158,11456,11375,12749,13128,16520,5425,9079,205673,120944,29157,8449,76241,9509,3747,26,18
2021-05-23T23:59:59+02:00,4,9,6456,6448,13312,13590,16474,18304,27128,28503,35389,36425,25735,28748,18900,23597,5831,9853,3418,3355,6094,6280,6709,7988,8484,10348,10118,11400,11292,12648,13108,16489,5425,9078,205558,120939,29141,8037,76240,9502,3741,26,18
2021-05-22T23:59:59+02:00,4,9,6449,6444,13305,13579,16468,18300,27125,28502,35386,36419,25735,28748,18900,23597,5831,9853,3417,3355,6091,6277,6708,7984,8480,10346,10113,11397,11281,12634,13103,16485,5424,9078,205508,120899,29141,8037,76238,9481,3741,26,18
2021-05-21T23:59:59+02:00,4,9,6389,6384,13153,13473,16295,18149,26856,28326,34958,36152,25710,28712,18892,23591,5830,9849,3408,3345,6058,6256,6678,7950,8441,10297,10059,11347,10767,11922,12964,16326,5421,9073,204820,119146,29016,8034,75200,9447,3670,26,18
2021-05-20T23:59:59+02:00,3,8,6097,6183,12544,13056,15102,17226,24946,26832,34007,35385,25605,28567,18838,23510,5824,9834,3348,3300,5965,6139,6566,7796,8294,10138,9823,11042,10432,11474,12853,16145,5411,9060,200060,117167,27277,7958,72664,9105,3541,25,18
2021-05-19T23:59:59+02:00,3,8,5891,5942,12030,12598,14394,16522,23999,26019,33383,34789,25496,28477,18803,23454,5817,9822,3271,3227,5803,5969,6376,7556,8019,9858,9521,10663,10120,11060,12775,16000,5409,9052,194380,115262,27239,7763,72649,8485,3154,25,18
2021-05-18T23:59:59+02:00,3,7,5721,5833,11629,12276,13771,16023,22843,25070,32718,34183,25380,28342,18757,23404,5812,9813,3228,3199,5693,5863,6215,7398,7814,9648,9328,10426,9953,10812,12631,15780,5400,9043,189429,114135,26734,7695,72605,7794,2792,25,18
2021-05-17T23:59:59+02:00,3,6,5668,5788,11466,12169,13500,15801,22030,24436,32410,33869,25301,28283,18735,23374,5803,9804,3134,3129,5516,5684,6049,7192,7607,9430,9110,10189,9865,10689,12573,15717,5397,9038,187666,113426,26036,7689,72213,6683,2506,25,18
2021-05-16T23:59:59+02:00,3,6,5641,5768,11405,12114,13415,15721,21422,23889,31796,33340,25260,28240,18725,23359,5802,9804,3130,3107,5502,5615,6022,7133,7579,9327,9078,10105,9849,10670,12570,15714,5397,9038,186900,113316,24493,7682,71796,6328,2496,25,17
2021-05-15T23:59:59+02:00,3,6,5632,5759,11372,12105,13386,15711,21349,23818,31261,32966,25249,28235,18724,23356,5801,9803,3116,3092,5483,5573,6008,7058,7539,9212,8844,9851,9816,10639,12536,15663,5397,9037,186851,113311,24481,7544,71150,5966,2029,25,17
2021-05-14T23:59:59+02:00,3,6,5592,5734,11309,12067,13314,15646,20938,23507,30831,32621,25213,28189,18713,23339,5801,9801,3084,3052,5447,5484,5987,6924,7499,9010,8784,9657,9746,10530,12450,15538,5397,9033,186128,113143,24162,7216,70281,5221,2028,25,17
2021-05-13T23:59:59+02:00,3,6,5435,5577,10930,11772,12600,15058,18756,21761,29287,31158,24983,27945,18646,23267,5799,9798,3073,3019,5423,5445,5970,6867,7475,8940,8740,9598,9532,10288,12253,15240,5392,9024,182183,112792,20368,6407,68192,5053,2013,25,17
2021-05-12T23:59:59+02:00,2,6,5406,5550,10858,11714,12499,14970,18634,21637,28924,30794,24892,27850,18629,23238,5798,9793,3073,3015,5417,5439,5960,6853,7451,8925,8701,9544,9348,10059,12024,14920,5389,9017,181235,112512,19732,5549,68189,5047,2013,25,17
2021-05-11T23:59:59+02:00,2,6,5270,5446,10612,11469,12134,14597,18027,21002,27994,29827,24699,27662,18571,23164,5793,9778,3031,2974,5328,5284,5860,6670,7321,8685,8541,9322,9169,9867,11878,14733,5380,8999,177173,111484,18845,5440,68057,4151,1953,25,17
2021-05-10T23:59:59+02:00,2,5,5146,5368,10399,11274,11876,14343,17702,20670,27574,29420,24590,27555,18533,23117,5785,9774,2962,2921,5211,5167,5747,6568,7197,8544,8414,9215,9065,9743,11788,14605,5377,8991,175173,110955,18157,5429,67833,3172,1945,25,17
2021-05-09T23:59:59+02:00,2,5,5073,5320,10300,11161,11777,14225,17362,20389,27184,29047,24504,27469,18504,23081,5782,9771,2895,2890,5065,5124,5572,6525,7030,8515,8286,9180,9053,9733,11770,14585,5377,8991,174779,110879,16882,5419,67340,2349,1930,25,17
2021-05-08T23:59:59+02:00,2,5,5072,5319,10298,11157,11777,14225,17358,20387,27181,29044,24504,27469,18504,23081,5782,9771,2895,2889,5064,5124,5572,6525,7030,8515,8284,9180,9052,9732,11770,14585,5377,8991,174762,110876,16882,5419,67337,2346,1930,25,17
2021-05-07T23:59:59+02:00,2,5,5038,5293,10230,11104,11649,14101,16958,20112,26545,28486,24456,27418,18487,23047,5775,9742,2885,2881,5047,5114,5561,6506,7018,8504,8276,9169,9046,9724,11759,14563,5369,8964,173930,110861,16878,5407,65814,2303,1801,25,17
2021-05-06T23:59:59+02:00,1,5,4768,5132,9768,10760,11089,13586,15873,19092,24140,26200,23958,26894,18381,22944,5770,9728,2843,2837,4980,5039,5521,6415,6935,8385,8146,9021,8946,9614,11735,14513,5366,8961,168910,110325,14430,5351,62936,1777,1790,23,17
2021-05-05T23:59:59+02:00,1,5,4690,5055,9475,10531,10750,13260,15293,18487,23298,25239,23697,26570,18312,22838,5760,9710,2823,2801,4930,4953,5462,6294,6851,8219,8022,8806,8840,9483,11658,14429,5365,8953,165251,109388,13124,5346,62786,1353,1787,23,17
2021-05-04T23:59:59+02:00,1,5,4606,4964,9301,10327,10543,13019,14906,18088,22756,24675,23484,26297,18240,22759,5752,9697,2814,2767,4902,4878,5429,6176,6797,8079,7929,8652,8737,9373,11584,14371,5363,8950,162997,108892,12005,5336,62628,791,1767,23,17
2021-05-03T23:59:59+02:00,1,5,4534,4890,9109,10190,10366,12844,14623,17842,22347,24260,23345,26148,18213,22712,5752,9691,2738,2697,4815,4804,5353,6091,6701,7973,7748,8487,8651,9287,11545,14322,5360,8945,161493,108672,12004,5333,62536,681,816,23,17
2021-05-02T23:59:59+02:00,1,5,4521,4876,9032,10132,10241,12731,14297,17534,22045,23974,23295,26090,18194,22687,5751,9690,2732,2690,4755,4771,5263,6007,6564,7844,7631,8387,8605,9246,11521,14288,5358,8940,160605,108557,12001,5331,62432,664,35,23,17
2021-05-01T23:59:59+02:00,1,5,4521,4874,9030,10131,10240,12731,14294,17531,22043,23974,23294,26089,18194,22687,5751,9690,2732,2690,4755,4771,5263,6007,6563,7844,7631,8387,8605,9246,11521,14288,5358,8940,160589,108557,12001,5330,62432,664,35,23,17
2021-04-30T23:59:59+02:00,0,5,4449,4783,8788,9918,9978,12488,13812,17106,21202,23206,23168,25953,18178,22659,5748,9687,2729,2688,4745,4764,5254,5973,6551,7814,7597,8350,8601,9243,11520,14285,5356,8939,157000,108531,12000,5328,62103,533,2,23,17
2021-04-29T23:59:59+02:00,0,5,4300,4640,8307,9510,9281,11885,12812,16210,19363,21529,22465,25197,18040,22450,5742,9670,2706,2667,4704,4692,5211,5899,6492,7708,7521,8232,8491,9129,11455,14209,5350,8930,147844,108049,11986,5056,61552,274,2,22,17
2021-04-28T23:59:59+02:00,0,5,4267,4621,8236,9436,9205,11799,12694,16091,19146,21315,22377,25105,18012,22409,5740,9665,2703,2656,4678,4632,5184,5855,6462,7635,7473,8150,8474,9105,11439,14187,5349,8924,147465,107859,11896,4984,60739,48,1,22,16
2021-04-27T23:59:59+02:00,0,5,4227,4575,8098,9297,9092,11648,12550,15922,18698,20818,22149,24847,17947,22331,5737,9656,2700,2652,4676,4628,5174,5847,6449,7616,7441,8113,8416,9026,11358,14107,5345,8921,146740,107604,10817,4812,60018,40,1,21,14
2021-04-26T23:59:59+02:00,0,5,4185,4547,7992,9202,8945,11543,12376,15749,18286,20454,22015,24701,17912,22303,5737,9655,2700,2650,4672,4625,5170,5837,6435,7596,7409,8085,8368,8978,11303,14029,5342,8904,145972,107500,10682,4556,58932,35,0,21,14
2021-04-25T23:59:59+02:00,0,5,4171,4532,7956,9172,8881,11481,12242,15619,17941,20124,21815,24464,17872,22248,5733,9650,2700,2650,4671,4624,5168,5833,6430,7593,7407,8081,8312,8919,11280,14001,5342,8903,144593,107479,10671,4389,58621,34,0,21,14
2021-04-24T23:59:59+02:00,0,5,4165,4524,7941,9168,8866,11471,12194,15589,17883,20086,21799,24451,17870,22243,5733,9650,2699,2650,4671,4624,5168,5833,6430,7593,7407,8081,8312,8919,11280,14001,5342,8903,144497,107479,10671,4389,58449,33,0,21,14
2021-04-23T23:59:59+02:00,0,5,4145,4491,7884,9105,8783,11370,11854,15264,17450,19689,21585,24218,17808,22166,5731,9642,2696,2648,4668,4621,5161,5826,6416,7584,7384,8050,8291,8892,11272,13993,5340,8900,143237,107467,10324,4231,57608,32,0,21,14
2021-04-22T23:59:59+02:00,0,5,4096,4426,7752,8913,8598,11111,11527,14845,16537,18705,21015,23513,17674,21986,5722,9623,2687,2642,4663,4601,5138,5800,6374,7548,7315,8004,8158,8737,11130,13841,5336,8891,139506,106850,10200,3978,56322,25,0,20,14
2021-04-21T23:59:59+02:00,0,5,4054,4383,7650,8794,8442,10953,11234,14566,15804,17949,20637,23065,17602,21881,5717,9610,2679,2631,4645,4582,5122,5779,6362,7531,7289,7983,8109,8676,11093,13802,5334,8889,136599,106572,10071,3900,55660,23,0,16,13
2021-04-20T23:59:59+02:00,0,5,4029,4357,7615,8742,8365,10873,11072,14391,15369,17472,20176,22551,17502,21729,5709,9599,2671,2622,4635,4569,5097,5759,6334,7507,7249,7944,8015,8544,11019,13715,5330,8885,134454,106002,9807,3860,55279,22,0,16,13
2021-04-19T23:59:59+02:00,0,5,3998,4307,7553,8638,8273,10734,10915,14210,15116,17178,19698,21987,17337,21515,5698,9587,2666,2621,4629,4565,5084,5744,6315,7490,7224,7900,7962,8490,10993,13669,5327,8880,132394,105669,9453,3857,54886,22,0,16,13
2021-04-18T23:59:59+02:00,0,5,3980,4278,7493,8587,8167,10607,10656,13968,14625,16639,19268,21479,17215,21329,5694,9581,2665,2621,4629,4565,5084,5744,6314,7487,7222,7899,7958,8487,10991,13665,5326,8877,129982,105647,9383,3855,54190,21,0,16,13
2021-04-17T23:59:59+02:00,0,5,3976,4270,7473,8581,8157,10589,10614,13922,14515,16551,19147,21355,17193,21301,5692,9579,2665,2621,4628,4563,5079,5739,6300,7482,7197,7876,7912,8441,10972,13642,5325,8877,129543,105638,9374,3649,53987,21,0,16,13
2021-04-16T23:59:59+02:00,0,5,3965,4227,7401,8459,8054,10431,10420,13661,13846,15791,18579,20712,17068,21126,5681,9562,2662,2618,4623,4558,5075,5727,6283,7471,7159,7841,7606,8054,10882,13504,5317,8861,126700,104848,9314,3361,52958,21,0,16,13
2021-04-15T23:59:59+02:00,0,4,3921,4173,7288,8328,7884,10193,10085,13271,13117,14933,17771,19846,16826,20803,5668,9541,2661,2610,4611,4542,5062,5697,6253,7436,7089,7772,7050,7416,10765,13352,5313,8850,123049,103225,9156,3224,51431,19,0,16,13
2021-04-14T23:59:59+02:00,0,3,3894,4144,7222,8222,7778,10043,9911,13072,12699,14487,17246,19235,16675,20593,5663,9528,2628,2591,4593,4510,5033,5650,6218,7403,7032,7711,6421,6664,10503,13066,5309,8842,121662,100925,8923,3224,49814,14,0,16,13
2021-04-13T23:59:59+02:00,0,3,3891,4138,7185,8206,7721,10010,9803,13020,12326,14195,16557,18389,16439,20292,5659,9522,2604,2564,4573,4485,5008,5616,6159,7335,6943,7610,6209,6415,9937,12418,5301,8823,120972,98760,8705,3216,47663,14,0,16,12
2021-04-12T23:59:59+02:00,0,3,3877,4120,7133,8160,7665,9942,9695,12918,12079,13982,16114,17872,16252,20078,5654,9519,2575,2553,4507,4443,4901,5547,6045,7259,6825,7511,5466,5596,9489,11882,5261,8781,120638,95409,8670,3208,45739,14,0,16,12
2021-04-11T23:59:59+02:00,0,3,3864,4113,7092,8108,7606,9898,9602,12840,11841,13775,15550,17184,15977,19737,5649,9509,2499,2470,4378,4321,4746,5414,5882,7107,6673,7405,5164,5235,9358,11723,5261,8777,120052,93231,8242,3159,44038,13,0,16,12
2021-04-10T23:59:59+02:00,0,3,3846,4094,7053,8061,7562,9842,9542,12781,11749,13690,15333,16993,15928,19669,5648,9502,1942,1903,3559,3601,3872,4649,4877,6187,5818,6620,4891,4929,9230,11570,5255,8768,119588,84489,8242,3159,43450,13,0,16,12
2021-04-09T23:59:59+02:00,0,3,3826,4074,7015,8032,7498,9786,9389,12653,11422,13405,14151,15463,15487,19138,5636,9492,1083,1076,2203,2410,2365,3278,3092,4546,4200,5159,4209,4197,8983,11217,5231,8739,117694,68809,8240,3156,40520,13,0,16,12
2021-04-08T23:59:59+02:00,0,3,3800,4058,6954,7979,7395,9692,9203,12534,11018,13051,13019,14209,15078,18617,5617,9462,582,587,1286,1705,1459,2347,1992,3463,2817,3773,2967,2799,8184,10244,5091,8519,116453,54641,8159,3153,37061,11,0,16,12
2021-04-07T23:59:59+02:00,0,3,3753,4033,6876,7925,7302,9622,9076,12405,10708,12744,12292,13438,14861,18352,5611,9443,351,370,935,1360,1054,1961,1482,3000,1873,2766,1785,1514,7281,9106,4937,8260,115493,44864,8008,3153,34928,8,0,15,12
2021-04-06T23:59:59+02:00,0,3,3737,4021,6854,7887,7247,9555,8983,12325,10497,12526,11907,12943,14640,18054,5600,9429,344,356,927,1350,1039,1940,1455,2972,1814,2707,1706,1448,6873,8554,4787,8023,114213,43126,7909,3152,34073,7,0,13,12
2021-04-05T23:59:59+02:00,0,3,3732,4020,6843,7875,7235,9545,8964,12297,10433,12467,11796,12798,14542,17962,5598,9426,342,350,916,1346,1033,1932,1445,2952,1793,2673,1653,1395,6647,8254,4665,7841,113878,42069,7888,3151,33757,7,0,13,12
2021-04-04T23:59:59+02:00,0,3,3732,4020,6841,7869,7234,9544,8961,12297,10423,12462,11793,12794,14539,17961,5598,9426,342,349,916,1346,1032,1930,1444,2951,1791,2670,1650,1390,6640,8241,4660,7838,113873,42023,7887,3150,33724,7,0,13,12
2021-04-03T23:59:59+02:00,0,3,3732,4020,6841,7868,7233,9544,8961,12297,10422,12462,11793,12793,14537,17959,5598,9426,342,348,914,1342,1030,1929,1443,2946,1789,2670,1645,1378,6597,8160,4625,7803,113869,41794,7887,3150,33720,7,0,13,12
2021-04-02T23:59:59+02:00,0,3,3730,4018,6839,7865,7227,9538,8949,12290,10406,12446,11666,12679,14494,17902,5594,9418,340,346,912,1335,1024,1918,1428,2921,1749,2631,1550,1292,5835,7262,4193,7241,113746,39132,7882,2828,33423,7,0,13,12
2021-04-01T23:59:59+02:00,0,2,3691,4006,6805,7843,7185,9507,8897,12251,10335,12376,11327,12273,14121,17393,5590,9405,335,343,896,1320,1012,1899,1396,2875,1690,2567,1427,1199,4905,6160,3643,6420,113363,35247,6482,2823,33149,7,0,13,12
2021-03-31T23:59:59+02:00,0,2,3685,4002,6790,7824,7169,9489,8862,12219,10247,12305,10997,11868,13778,16900,5584,9384,332,340,888,1312,1002,1884,1376,2847,1640,2532,1362,1147,4333,5496,3296,5962,112791,32982,5486,2750,32815,7,0,13,12
2021-03-30T23:59:59+02:00,0,2,3667,3978,6754,7785,7112,9422,8773,12115,10085,12150,10739,11591,13555,16634,5578,9370,328,334,882,1302,995,1878,1353,2841,1612,2506,1335,1121,4215,5374,3236,5870,111970,32610,5236,2555,32091,7,0,13,12
2021-03-29T23:59:59+02:00,0,2,3658,3956,6728,7763,7072,9369,8677,12020,9903,11943,10307,11123,13182,16168,5561,9337,323,330,878,1292,989,1870,1345,2830,1596,2497,1310,1107,4082,5231,3139,5739,110298,31993,4928,2549,31530,6,0,13,12
2021-03-28T23:59:59+02:00,0,2,3616,3901,6613,7606,6955,9229,8550,11827,9751,11753,10096,10863,13006,15982,5556,9327,323,330,878,1292,987,1869,1344,2830,1595,2495,1301,1104,4049,5189,3113,5714,109925,31951,4664,2447,30031,5,0,13,12
2021-03-27T23:59:59+01:00,0,2,3615,3890,6601,7541,6926,9115,8500,11656,9699,11599,9982,10740,12912,15894,5555,9327,323,329,878,1292,987,1866,1344,2828,1591,2494,1299,1102,4023,5154,3100,5699,109916,31848,4664,2446,28961,5,0,13,12
2021-03-26T23:59:59+01:00,0,2,3609,3882,6573,7504,6897,9042,8452,11544,9608,11471,9933,10677,12866,15840,5548,9307,318,327,877,1289,983,1854,1341,2807,1570,2481,1274,1086,3843,4933,2994,5546,109860,31103,4444,2405,28438,5,0,13,12
2021-03-25T23:59:59+01:00,0,2,3586,3851,6482,7377,6805,8878,8261,11312,9299,11155,9555,10295,12563,15525,5543,9298,318,326,875,1281,980,1843,1328,2794,1546,2462,1248,1067,3610,4691,2744,5212,109487,29906,4237,2405,26050,4,0,13,12
2021-03-24T23:59:59+01:00,0,2,3531,3800,6394,7192,6685,8652,8094,11077,9074,10830,9140,9808,12146,15066,5532,9288,318,325,874,1278,975,1841,1320,2790,1530,2446,1240,1057,3544,4618,2563,4991,108976,29294,4100,2405,23222,1,0,13,12
2021-03-23T23:59:59+01:00,0,2,3513,3767,6345,7136,6610,8593,7976,10948,8826,10597,8720,9339,11695,14547,5523,9273,318,325,873,1268,970,1832,1315,2781,1526,2439,1216,1032,3452,4542,2371,4674,108163,28518,4007,2405,21227,1,0,13,12
2021-03-22T23:59:59+01:00,0,2,3505,3747,6302,7107,6576,8546,7910,10872,8677,10461,8440,8986,11392,14222,5487,9234,316,320,867,1258,962,1825,1308,2770,1517,2429,1204,1023,3424,4507,2352,4641,107492,28308,4004,2404,19957,1,0,13,12
2021-03-21T23:59:59+01:00,0,2,3503,3745,6298,7096,6559,8530,7891,10853,8621,10404,8321,8869,11322,14120,5485,9231,314,319,858,1255,955,1818,1299,2768,1513,2425,1200,1020,3415,4492,2338,4632,107407,28206,4003,2404,19427,1,0,13,12
2021-03-20T23:59:59+01:00,0,2,3495,3707,6290,7025,6544,8393,7866,10669,8577,10268,8243,8783,11284,14081,5485,9231,314,319,858,1255,955,1818,1298,2768,1513,2423,1200,1020,3415,4491,2338,4631,107375,28202,3791,2403,18764,1,0,13,12
2021-03-19T23:59:59+01:00,0,2,3482,3677,6264,6942,6520,8300,7821,10552,8463,10108,7706,8177,11101,13840,5475,9213,311,318,853,1248,938,1808,1275,2737,1463,2378,1116,953,2752,3703,1927,4063,105763,25429,3492,2403,18375,1,0,13,12
2021-03-18T23:59:59+01:00,0,2,3471,3659,6223,6901,6487,8238,7758,10467,8348,9979,6751,7084,10822,13540,5465,9188,310,318,850,1243,932,1799,1256,2729,1438,2359,1079,936,2545,3464,1771,3842,102751,24457,3335,2403,18284,1,0,13,12
2021-03-17T23:59:59+01:00,0,2,3434,3621,6152,6817,6434,8135,7668,10339,8218,9821,6072,6244,10536,13237,5448,9162,309,318,843,1239,928,1787,1242,2707,1420,2334,1043,914,2426,3340,1692,3733,99987,23861,3334,2403,18006,1,0,13,12
2021-03-16T23:59:59+01:00,0,2,3416,3592,6113,6764,6389,8062,7615,10275,8128,9720,5895,6069,9843,12454,5409,9099,302,308,829,1223,916,1778,1236,2688,1407,2326,1029,895,2213,3102,1559,3539,97767,22938,3324,2401,17741,1,0,13,12
2021-03-15T23:59:59+01:00,0,2,3379,3560,6017,6685,6260,7970,7473,10156,7999,9595,5143,5236,9400,11906,5366,9029,301,307,826,1219,915,1771,1234,2675,1398,2317,1016,883,2071,2929,1473,3446,94259,22370,3317,2400,17587,1,0,13,12
2021-03-14T23:59:59+01:00,0,2,3254,3413,5741,6339,5984,7609,7159,9742,7714,9280,4810,4845,9243,11709,5362,9019,301,306,826,1219,914,1771,1232,2674,1396,2314,1014,881,2068,2926,1470,3445,91867,22349,3262,2397,16083,1,0,13,12
2021-03-13T23:59:59+01:00,0,2,2600,2751,4800,5471,4966,6680,5964,8624,6699,8337,4497,4462,8860,11190,5272,8911,301,306,825,1217,914,1766,1229,2672,1395,2314,1014,880,2044,2890,1440,3410,81180,22209,3262,2397,15631,1,0,13,12
2021-03-12T23:59:59+01:00,0,2,1774,1930,3463,4321,3460,5346,4217,6985,5065,6831,3831,3759,7613,9643,4772,8232,297,303,823,1213,908,1759,1221,2653,1369,2297,968,855,1696,2428,1172,3059,62370,20613,3259,2397,15602,1,0,13,12
2021-03-11T23:59:59+01:00,0,2,1274,1453,2560,3582,2556,4407,3124,5896,3703,5447,2656,2482,5919,7534,4009,7058,292,294,807,1204,895,1736,1203,2624,1344,2251,931,835,1539,2199,1049,2871,45094,19667,3257,2397,15298,1,0,13,11
2021-03-10T23:59:59+01:00,0,2,1050,1235,2193,3222,2182,4016,2673,5455,2800,4480,1528,1285,4571,5818,3454,6290,282,284,789,1185,873,1700,1170,2551,1306,2185,906,815,1360,2009,953,2698,34088,18766,3257,2290,14896,1,0,13,11
2021-03-09T23:59:59+01:00,0,2,1034,1208,2127,3081,2117,3901,2588,5321,2716,4354,1494,1255,4496,5745,3415,6233,278,277,775,1164,856,1673,1145,2511,1288,2157,891,803,1283,1885,882,2588,33683,18200,3254,2246,14137,1,0,13,11
2021-03-08T23:59:59+01:00,0,2,1012,1177,2070,2982,2077,3819,2529,5208,2660,4282,1456,1235,4350,5587,3314,6092,278,273,770,1156,854,1664,1137,2503,1281,2141,867,782,1117,1660,759,2424,32994,17414,3254,2242,13591,1,0,13,11
2021-03-07T23:59:59+01:00,0,2,1007,1158,2030,2939,2035,3778,2489,5143,2619,4245,1451,1232,4343,5579,3312,6092,278,273,770,1156,854,1664,1137,2503,1280,2141,864,782,1108,1650,751,2413,32964,17414,3248,2201,13229,0,0,13,11
2021-03-06T23:59:59+01:00,0,2,1007,1154,2019,2925,2023,3759,2473,5116,2601,4224,1438,1222,4309,5535,3298,6080,278,273,770,1156,854,1663,1137,2503,1280,2141,864,782,1108,1650,751,2412,32820,17413,3247,2200,13105,0,0,13,11
2021-03-05T23:59:59+01:00,0,2,1003,1150,2004,2905,1993,3736,2430,5064,2548,4187,1402,1194,4043,5210,3148,5859,277,270,763,1149,848,1655,1134,2494,1277,2131,850,778,1100,1641,750,2410,32081,17318,2916,2200,12868,0,0,13,11
2021-03-04T23:59:59+01:00,0,2,909,1003,1917,2777,1925,3599,2354,4910,2458,4029,1372,1173,3803,4951,2884,5510,277,268,761,1144,846,1647,1133,2483,1273,2124,820,764,1089,1630,743,2398,30835,17214,2912,2177,11816,0,0,13,11
2021-03-03T23:59:59+01:00,0,2,863,896,1852,2681,1854,3494,2285,4794,2384,3945,1360,1160,3693,4846,2662,5238,276,266,760,1135,843,1629,1127,2441,1263,2098,803,760,1081,1612,736,2391,30163,17188,2795,2024,11038,0,0,13,11
2021-03-02T23:59:59+01:00,0,2,818,821,1755,2557,1769,3370,2193,4670,2323,3867,1325,1138,3564,4711,2459,4892,276,265,759,1129,840,1626,1123,2436,1259,2088,801,758,1067,1591,725,2372,29439,17083,2606,2023,10176,0,0,13,11
2021-03-01T23:59:59+01:00,0,2,795,782,1655,2413,1698,3226,2093,4498,2243,3746,1307,1126,3513,4648,2415,4830,276,264,755,1125,839,1614,1119,2424,1254,2078,795,756,1062,1580,718,2365,29186,16992,2522,2023,9269,0,0,13,11
2021-02-28T23:59:59+01:00,0,2,789,759,1636,2347,1671,3154,2070,4398,2229,3679,1301,1120,3503,4634,2401,4820,275,263,755,1124,839,1609,1119,2422,1254,2073,792,754,1054,1567,714,2355,29080,16970,2520,1990,8900,0,0,13,11
2021-02-27T23:59:59+01:00,0,2,774,742,1614,2287,1654,3043,2051,4272,2208,3583,1298,1117,3503,4632,2400,4819,275,263,755,1124,839,1608,1119,2422,1254,2072,792,754,1054,1567,714,2354,29076,16968,2519,1989,8391,0,0,13,11
2021-02-26T23:59:59+01:00,0,2,646,661,1509,2174,1602,2884,1988,4035,2107,3347,1208,1046,2853,3839,1974,4237,275,263,754,1122,838,1607,1119,2420,1252,2069,790,749,1036,1554,704,2338,26287,16894,2519,1987,7293,0,0,13,11
2021-02-25T23:59:59+01:00,0,2,496,581,1390,2072,1535,2756,1927,3907,2007,3236,1159,1014,2623,3569,1810,3994,258,248,729,1098,796,1538,1072,2322,1179,1977,733,728,1004,1517,692,2310,25222,16801,2492,1391,6351,0,0,13,11
2021-02-24T23:59:59+01:00,0,2,466,550,1321,1959,1462,2612,1857,3754,1930,3087,1121,984,2484,3432,1731,3875,229,235,702,1053,770,1476,1043,2262,1125,1927,706,705,958,1488,681,2280,24571,16615,2481,1016,5562,0,0,13,11
2021-02-23T23:59:59+01:00,0,2,410,510,1239,1819,1388,2466,1780,3543,1859,2965,1096,950,2281,3204,1606,3689,224,229,687,1030,759,1437,1021,2219,1100,1886,697,693,949,1474,678,2276,23650,16530,2471,820,4673,0,0,13,11
2021-02-22T23:59:59+01:00,0,2,397,477,1140,1708,1286,2369,1671,3437,1778,2894,1075,937,2140,3032,1521,3594,213,220,665,979,728,1374,996,2125,1056,1805,654,661,880,1398,642,2220,23078,16342,2467,265,3900,0,0,13,11
2021-02-21T23:59:59+01:00,0,2,378,461,1039,1676,1134,2345,1516,3414,1676,2876,1067,935,2139,3031,1521,3594,186,214,634,971,717,1366,982,2120,1051,1803,651,658,877,1394,634,2213,23049,16211,2467,251,3275,0,0,13,11
2021-02-20T23:59:59+01:00,0,2,378,459,1038,1676,1133,2345,1514,3412,1676,2874,1067,934,2138,3031,1520,3593,185,212,631,971,714,1365,976,2117,1049,1803,651,658,877,1394,634,2213,23042,16190,2466,251,3269,0,0,13,11
2021-02-19T23:59:59+01:00,0,2,373,450,1026,1672,1123,2335,1501,3394,1644,2859,1017,906,1767,2524,1223,3211,164,202,605,967,696,1357,959,2115,1043,1801,648,657,875,1394,633,2212,21303,16068,2466,251,3245,0,0,13,11
2021-02-18T23:59:59+01:00,0,2,353,430,986,1590,1085,2248,1448,3276,1603,2769,987,883,1594,2281,1094,3007,144,191,566,956,676,1345,925,2099,1019,1781,637,638,854,1366,619,2191,20323,15747,2466,251,2834,0,0,13,11
2021-02-17T23:59:59+01:00,0,2,330,377,902,1447,978,2048,1314,3022,1491,2549,950,853,1405,2069,993,2830,138,184,554,925,650,1294,892,2021,969,1705,603,606,847,1340,614,2172,19250,15254,2466,251,1831,0,0,13,11
2021-02-16T23:59:59+01:00,0,2,324,338,858,1309,926,1860,1253,2797,1425,2388,938,836,1342,1973,926,2734,132,171,540,882,635,1240,864,1958,939,1663,593,596,825,1309,601,2112,18879,14936,2465,115,872,0,0,13,11
2021-02-15T23:59:59+01:00,0,2,308,298,830,1278,909,1804,1213,2713,1387,2332,910,804,1165,1741,797,2558,123,163,519,854,617,1178,840,1885,916,1586,572,559,807,1272,592,2070,17968,14469,2464,75,604,0,0,13,11
2021-02-14T23:59:59+01:00,0,2,308,298,829,1278,908,1804,1211,2713,1387,2332,910,804,1165,1741,797,2558,123,163,518,847,613,1173,834,1879,912,1583,571,559,805,1271,591,2067,17967,14425,2464,75,601,0,0,13,11
2021-02-13T23:59:59+01:00,0,2,308,298,829,1278,908,1801,1211,2711,1387,2330,910,804,1165,1741,797,2558,123,163,518,847,613,1173,832,1876,910,1579,569,559,790,1251,579,2051,17960,14423,2464,1,601,0,0,13,11
2021-02-12T23:59:59+01:00,0,2,304,297,819,1273,904,1771,1205,2683,1359,2301,908,802,1164,1738,797,2558,123,163,516,844,612,1166,826,1864,904,1566,566,557,776,1240,573,2038,17951,14324,2464,1,457,0,0,13,11
2021-02-11T23:59:59+01:00,0,2,285,288,804,1238,898,1737,1189,2617,1337,2246,873,789,1153,1726,796,2548,121,149,498,803,590,1101,792,1764,881,1506,552,543,752,1205,559,2006,17838,13813,2463,0,212,0,0,13,11
2021-02-10T23:59:59+01:00,0,2,282,282,785,1200,885,1707,1177,2571,1322,2204,868,787,1138,1710,791,2532,117,140,433,721,547,1008,716,1642,827,1425,537,527,738,1185,549,1978,17814,13092,2358,0,58,0,0,13,0
2021-02-09T23:59:59+01:00,0,2,282,279,781,1186,874,1690,1163,2552,1308,2180,853,782,1124,1693,780,2516,100,121,378,634,495,878,637,1444,738,1237,485,449,617,1024,481,1738,17717,11458,2312,0,3,0,0,13,0
2021-02-08T23:59:59+01:00,0,2,282,278,779,1181,874,1683,1161,2548,1302,2172,847,779,1108,1671,763,2495,90,99,334,543,443,779,548,1237,632,1073,410,375,535,837,388,1432,17602,9757,2309,0,1,0,0,13,0
2021-02-07T23:59:59+01:00,0,2,281,277,777,1180,873,1683,1161,2547,1302,2169,841,777,1106,1668,762,2493,88,98,332,538,441,775,546,1228,628,1067,405,370,514,814,382,1418,17577,9646,2309,0,0,0,0,13,0
2021-02-06T23:59:59+01:00,0,2,281,276,777,1179,873,1682,1161,2547,1302,2168,840,776,1104,1662,761,2491,88,97,332,535,440,774,545,1224,626,1066,401,365,466,745,354,1373,17561,9433,2308,0,0,0,0,13,0
2021-02-05T23:59:59+01:00,0,2,281,276,777,1178,872,1681,1160,2546,1301,2165,833,770,1081,1652,754,2475,82,95,324,529,424,756,519,1191,597,1024,378,338,446,722,340,1333,17483,9099,2308,0,0,0,0,13,0
2021-02-04T23:59:59+01:00,0,2,278,269,774,1157,860,1659,1147,2518,1287,2141,811,757,1053,1622,747,2459,68,77,254,408,329,591,402,963,484,822,305,274,335,578,277,1114,17243,7281,2285,0,0,0,0,13,0
2021-02-03T23:59:59+01:00,0,2,277,264,770,1136,858,1633,1140,2468,1274,2111,792,743,1036,1599,738,2445,54,54,168,279,255,440,282,713,360,583,209,194,237,425,194,837,17147,5284,2126,0,0,0,0,13,0
2021-02-02T23:59:59+01:00,0,2,276,259,766,1128,852,1611,1131,2444,1262,2094,788,736,1027,1588,736,2437,35,34,91,138,147,251,171,446,232,366,135,124,160,256,136,539,16998,3261,2126,0,0,0,0,13,0
2021-02-01T23:59:59+01:00,0,2,274,256,761,1109,844,1590,1126,2414,1258,2061,780,723,1020,1578,732,2424,11,12,14,26,25,62,44,88,69,101,49,45,57,74,39,178,16814,894,2126,0,0,0,0,12,0
2021-01-31T23:59:59+01:00,0,2,268,254,745,1107,836,1579,1116,2403,1247,2052,774,717,1010,1561,725,2411,10,12,13,25,23,59,38,83,62,93,46,45,53,67,36,165,16779,830,2016,0,0,0,0,12,0
2021-01-30T23:59:59+01:00,0,2,268,254,745,1106,835,1579,1116,2403,1247,2052,773,717,1010,1560,725,2410,10,10,13,25,23,59,38,83,61,91,45,44,52,67,36,164,16775,821,2015,0,0,0,0,12,0
2021-01-29T23:59:59+01:00,0,2,268,254,745,1105,835,1579,1116,2403,1247,2051,772,716,1009,1558,725,2408,9,5,12,24,23,58,36,81,60,91,44,43,52,67,36,164,16768,805,2013,0,0,0,0,12,0
2021-01-28T23:59:59+01:00,0,2,264,249,733,1080,800,1524,1079,2343,1171,1993,731,702,980,1538,709,2386,4,0,3,6,9,23,18,36,20,45,21,22,23,45,15,97,16589,387,1683,0,0,0,0,12,0
2021-01-27T23:59:59+01:00,0,2,258,242,710,1048,752,1469,1022,2262,1098,1912,696,675,966,1517,706,2379,3,0,3,4,6,19,14,22,13,32,6,9,10,10,4,27,16141,182,1561,0,0,0,0,12,0
2021-01-26T23:59:59+01:00,0,2,234,233,693,1024,744,1419,1002,2188,1071,1847,684,661,943,1501,696,2360,3,0,1,4,5,9,12,12,6,11,3,5,6,7,1,16,16090,101,1200,0,0,0,0,12,0
2021-01-25T23:59:59+01:00,0,2,202,218,641,950,692,1296,960,2042,1013,1712,636,606,866,1406,653,2287,3,0,1,4,5,9,12,12,6,11,3,5,6,7,1,16,15864,101,306,0,0,0,0,12,0
2021-01-24T23:59:59+01:00,0,2,185,212,615,938,673,1282,942,2026,998,1702,629,600,856,1386,644,2274,3,0,1,4,5,9,11,12,5,11,3,5,6,7,1,16,15691,99,261,0,0,0,0,12,0
2021-01-23T23:59:59+01:00,0,2,185,212,615,938,673,1282,942,2026,998,1702,629,600,856,1386,644,2274,3,0,1,4,5,9,9,12,5,11,3,5,6,7,1,16,15691,97,261,0,0,0,0,12,0
2021-01-22T23:59:59+01:00,0,2,138,194,557,928,655,1268,908,2016,987,1691,624,599,855,1386,644,2274,3,0,0,4,5,9,9,12,5,11,3,5,6,7,1,16,15453,96,261,0,0,0,0,12,0
2021-01-21T23:59:59+01:00,0,2,133,186,542,905,634,1227,875,1962,965,1643,613,578,843,1355,637,2255,3,0,0,4,4,9,9,12,5,11,3,5,6,7,1,15,15082,94,261,0,0,0,0,12,0
2021-01-20T23:59:59+01:00,0,2,128,170,495,839,611,1151,812,1852,928,1572,592,561,825,1332,627,2227,3,0,0,4,4,9,9,12,5,11,3,5,6,7,1,15,14453,94,259,0,0,0,0,12,0
2021-01-19T23:59:59+01:00,0,2,115,150,422,752,545,1021,727,1653,823,1407,546,507,723,1173,554,1978,3,0,0,4,4,8,9,12,5,11,3,5,6,7,1,15,12894,93,192,0,0,0,0,12,0
2021-01-18T23:59:59+01:00,0,2,97,118,353,599,454,849,597,1392,697,1201,478,441,639,1016,487,1711,1,0,0,1,0,0,0,0,0,0,0,0,0,1,0,0,11037,3,82,0,0,0,0,12,0
2021-01-17T23:59:59+01:00,0,2,93,116,349,594,453,844,595,1373,689,1191,473,432,612,987,471,1670,1,0,0,1,0,0,0,0,0,0,0,0,0,1,0,0,10850,3,82,0,0,0,0,12,0
2021-01-16T23:59:59+01:00,0,2,93,113,347,586,450,839,584,1360,678,1179,458,418,517,861,410,1573,0,0,0,1,0,0,0,0,0,0,0,0,0,0,0,0,10453,1,3,0,0,0,0,12,0
2021-01-15T23:59:59+01:00,0,2,92,111,342,584,444,834,578,1353,661,1163,442,400,509,849,402,1550,0,0,0,0,0,0,0,0,0,0,0,0,0,0,0,0,10303,0,1,0,0,0,0,12,0
2021-01-14T23:59:59+01:00,0,0,75,89,285,482,366,671,461,1100,541,981,363,320,399,695,332,1320,0,0,0,0,0,0,0,0,0,0,0,0,0,0,0,0,8468,0,0,0,0,0,0,12,0
2021-01-13T23:59:59+01:00,0,0,61,66,201,364,290,499,347,818,415,700,253,224,291,520,250,1014,0,0,0,0,0,0,0,0,0,0,0,0,0,0,0,0,6302,0,0,0,0,0,0,11,0
2021-01-12T23:59:59+01:00,0,0,40,43,121,215,177,309,206,526,276,433,159,142,186,337,171,682,0,0,0,0,0,0,0,0,0,0,0,0,0,0,0,0,4023,0,0,0,0,0,0,0,0
2021-01-11T23:59:59+01:00,0,0,11,14,41,57,41,90,59,119,91,128,65,58,83,103,49,223,0,0,0,0,0,0,0,0,0,0,0,0,0,0,0,0,1232,0,0,0,0,0,0,0,0
2021-01-10T23:59:59+01:00,0,0,11,14,29,47,34,72,50,110,78,118,57,54,77,93,46,209,0,0,0,0,0,0,0,0,0,0,0,0,0,0,0,0,1099,0,0,0,0,0,0,0,0
2021-01-09T23:59:59+01:00,0,0,11,13,26,46,34,72,49,109,76,115,56,53,76,92,45,208,0,0,0,0,0,0,0,0,0,0,0,0,0,0,0,0,1081,0,0,0,0,0,0,0,0
2021-01-08T23:59:59+01:00,0,0,7,6,26,41,32,69,46,107,75,114,53,49,71,87,41,208,0,0,0,0,0,0,0,0,0,0,0,0,0,0,0,0,1032,0,0,0,0,0,0,0,0
2021-01-07T23:59:59+01:00,0,0,5,1,9,20,15,36,28,77,33,77,32,27,47,74,28,162,0,0,0,0,0,0,0,0,0,0,0,0,0,0,0,0,671,0,0,0,0,0,0,0,0
2021-01-06T23:59:59+01:00,0,0,5,0,4,8,10,28,25,43,19,47,26,24,34,51,19,120,0,0,0,0,0,0,0,0,0,0,0,0,0,0,0,0,463,0,0,0,0,0,0,0,0
2021-01-05T23:59:59+01:00,0,0,5,0,4,8,10,28,25,43,19,47,26,24,34,50,19,120,0,0,0,0,0,0,0,0,0,0,0,0,0,0,0,0,462,0,0,0,0,0,0,0,0
2021-01-04T23:59:59+01:00,0,0,4,0,1,3,4,9,13,12,5,11,3,5,6,8,1,17,0,0,0,0,0,0,0,0,0,0,0,0,0,0,0,0,102,0,0,0,0,0,0,0,0
2021-01-03T23:59:59+01:00,0,0,3,0,1,3,4,9,12,12,5,11,3,5,6,8,1,16,0,0,0,0,0,0,0,0,0,0,0,0,0,0,0,0,99,0,0,0,0,0,0,0,0
2021-01-02T23:59:59+01:00,0,0,3,0,1,3,4,9,10,12,5,11,3,5,6,8,1,16,0,0,0,0,0,0,0,0,0,0,0,0,0,0,0,0,97,0,0,0,0,0,0,0,0
2021-01-01T23:59:59+01:00,0,0,3,0,0,3,4,9,10,12,5,11,3,5,6,7,1,16,0,0,0,0,0,0,0,0,0,0,0,0,0,0,0,0,95,0,0,0,0,0,0,0,0
2020-12-31T23:59:59+01:00,0,0,3,0,0,3,4,9,9,12,5,11,3,5,6,7,1,16,0,0,0,0,0,0,0,0,0,0,0,0,0,0,0,0,94,0,0,0,0,0,0,0,0
2020-12-30T23:59:59+01:00,0,0,3,0,0,3,4,9,9,12,5,11,3,5,6,7,1,16,0,0,0,0,0,0,0,0,0,0,0,0,0,0,0,0,94,0,0,0,0,0,0,0,0
2020-12-29T23:59:59+01:00,0,0,3,0,0,3,4,8,9,12,5,11,3,5,6,7,1,16,0,0,0,0,0,0,0,0,0,0,0,0,0,0,0,0,93,0,0,0,0,0,0,0,0
2020-12-28T23:59:59+01:00,0,0,3,0,0,3,4,8,9,12,5,11,3,5,6,7,1,16,0,0,0,0,0,0,0,0,0,0,0,0,0,0,0,0,93,0,0,0,0,0,0,0,0
2020-12-27T23:59:59+01:00,0,0,1,0,0,0,0,0,0,0,0,0,0,0,1,3,0,7,0,0,0,0,0,0,0,0,0,0,0,0,0,0,0,0,12,0,0,0,0,0,0,0,0
