Datum,<15_1_m,<15_1_w,15-24_1_m,15-24_1_w,25-34_1_m,25-34_1_w,35-44_1_m,35-44_1_w,45-54_1_m,45-54_1_w,55-64_1_m,55-64_1_w,65-74_1_m,65-74_1_w,75-84_1_m,75-84_1_w,>84_1_m,>84_1_w,<15_2_m,<15_2_w,15-24_2_m,15-24_2_w,25-34_2_m,25-34_2_w,35-44_2_m,35-44_2_w,45-54_2_m,45-54_2_w,55-64_2_m,55-64_2_w,65-74_2_m,65-74_2_w,75-84_2_m,75-84_2_w,>84_2_m,>84_2_w,bp_1,bp_2,mo_1,mo_2,az_1,az_2,ja,unb_1,unb_2
2021-12-08T23:59:59+01:00,9483,8832,31035,29072,40441,37566,38924,38483,43449,43580,46097,45875,29317,32736,20691,25998,6488,11022,4661,4373,27206,25715,36636,33540,35857,35263,40658,40579,43673,43509,28321,31473,20040,25074,6207,10388,391731,353894,47080,45269,77740,71477,22480,70,53
2021-12-07T23:59:59+01:00,9379,8723,31010,29051,40395,37539,38894,38463,43434,43564,46075,45859,29307,32722,20687,25990,6486,11016,4631,4345,27130,25664,36569,33478,35808,35211,40608,40531,43634,43469,28313,31460,20036,25068,6206,10382,391254,353295,47064,45240,77740,71477,22478,70,53
2021-12-06T23:59:59+01:00,9201,8563,30973,29012,40353,37490,38856,38430,43404,43536,46051,45829,29288,32691,20676,25968,6482,11006,4567,4298,27008,25546,36452,33341,35717,35116,40527,40450,43559,43406,28288,31433,20025,25044,6202,10375,390477,352142,47060,45208,77740,71477,22474,70,53
2021-12-05T23:59:59+01:00,9090,8476,30954,28999,40324,37457,38838,38418,43390,43525,46033,45813,29275,32672,20671,25965,6480,11002,4545,4279,26932,25480,36350,33266,35665,35065,40482,40402,43514,43369,28271,31412,20021,25032,6201,10370,390053,351455,47059,45199,77740,71477,22472,70,53
2021-12-04T23:59:59+01:00,8940,8366,30926,28982,40293,37431,38820,38400,43372,43512,46024,45806,29270,32664,20671,25963,6479,11001,4518,4259,26859,25432,36270,33192,35613,35019,40434,40360,43492,43344,28265,31404,20017,25028,6200,10369,389602,350894,47053,45184,77740,71477,22467,70,53
2021-12-03T23:59:59+01:00,8466,7939,30868,28928,40252,37363,38783,38331,43334,43474,45983,45770,29243,32637,20662,25947,6471,10995,4448,4190,26631,25235,36064,33009,35467,34881,40323,40249,43397,43253,28246,31381,20010,25014,6200,10365,388155,349260,47035,45116,77740,71476,22458,70,53
2021-12-02T23:59:59+01:00,8099,7639,30809,28866,40190,37283,38720,38265,43289,43406,45937,45713,29216,32603,20653,25930,6465,10984,4355,4090,26397,25016,35862,32782,35295,34716,40184,40128,43285,43148,28212,31343,19992,24980,6196,10354,386818,347302,47009,45062,77740,71476,22442,70,53
2021-12-01T23:59:59+01:00,7926,7460,30780,28829,40158,37231,38688,38210,43254,43371,45902,45677,29194,32578,20642,25916,6462,10969,4293,4023,26308,24931,35783,32654,35221,34639,40130,40069,43226,43093,28186,31308,19970,24957,6192,10348,386016,346314,46993,45048,77740,71476,22440,70,53
2021-11-30T23:59:59+01:00,7651,7191,30732,28782,40106,37163,38640,38164,43229,43339,45868,45631,29174,32561,20632,25903,6456,10958,4254,3986,26183,24815,35619,32531,35120,34539,40020,39963,43144,43022,28150,31282,19956,24943,6187,10343,384965,345075,46981,45017,77740,71476,22436,70,53
2021-11-29T23:59:59+01:00,7479,7027,30707,28758,40077,37121,38615,38122,43194,43294,45837,45599,29160,32549,20624,25889,6453,10941,4221,3956,26088,24734,35509,32431,35025,34458,39949,39896,43089,42977,28129,31265,19945,24923,6186,10337,384237,344167,46978,44989,77740,71476,22433,70,53
2021-11-28T23:59:59+01:00,7399,6967,30689,28740,40050,37095,38593,38091,43176,43270,45822,45579,29154,32528,20622,25881,6451,10936,4201,3946,26015,24687,35423,32366,34965,34418,39898,39851,43061,42949,28114,31255,19935,24909,6185,10336,383844,343574,46969,44979,77740,71476,22432,70,53
2021-11-27T23:59:59+01:00,7069,6641,30618,28684,39983,37014,38525,38028,43113,43224,45779,45530,29142,32504,20617,25871,6447,10931,4181,3928,25937,24633,35335,32304,34917,34377,39843,39801,43014,42908,28103,31237,19929,24901,6183,10335,382582,342982,46930,44945,77740,71476,22410,70,53
2021-11-26T23:59:59+01:00,6658,6315,30524,28608,39892,36913,38449,37955,43051,43167,45711,45469,29118,32471,20600,25843,6439,10924,4131,3868,25789,24511,35188,32179,34773,34272,39752,39722,42948,42844,28071,31211,19919,24882,6177,10331,380989,341733,46919,44905,77740,71476,22401,70,53
2021-11-25T23:59:59+01:00,6246,5928,30395,28489,39766,36760,38361,37859,42973,43067,45622,45386,29080,32424,20578,25822,6432,10910,4074,3803,25623,24367,35010,32010,34638,34141,39630,39601,42849,42762,28040,31167,19906,24862,6172,10328,379013,340231,46907,44844,77739,71476,22379,70,53
2021-11-24T23:59:59+01:00,6081,5729,30333,28442,39711,36693,38297,37790,42919,43014,45565,45325,29061,32398,20568,25795,6424,10894,4053,3777,25550,24315,34915,31939,34569,34083,39560,39539,42800,42697,28012,31136,19891,24846,6169,10320,377978,339452,46900,44828,77739,71476,22362,70,53
2021-11-23T23:59:59+01:00,5876,5520,30256,28361,39635,36591,38226,37701,42848,42943,45501,45268,29042,32348,20540,25772,6420,10883,4020,3748,25447,24244,34775,31817,34470,33999,39476,39473,42737,42628,27975,31108,19870,24829,6165,10314,376705,338424,46873,44789,77739,71476,22353,70,53
2021-11-22T23:59:59+01:00,5717,5349,30203,28297,39564,36525,38167,37644,42807,42892,45466,45212,29024,32322,20524,25749,6418,10869,4001,3732,25392,24200,34692,31746,34421,33962,39431,39432,42693,42600,27958,31087,19866,24821,6162,10306,375736,337843,46863,44780,77739,71476,22350,70,53
2021-11-21T23:59:59+01:00,5673,5308,30164,28263,39518,36480,38124,37614,42764,42860,45441,45187,29006,32304,20516,25735,6416,10862,3995,3728,25358,24169,34662,31712,34392,33936,39401,39408,42672,42584,27947,31074,19865,24814,6160,10305,375235,337532,46855,44776,77739,71476,22345,70,53
2021-11-20T23:59:59+01:00,5633,5280,30112,28231,39456,36432,38088,37583,42740,42827,45424,45169,29001,32296,20514,25732,6416,10861,3994,3725,25342,24155,34637,31692,34372,33916,39391,39397,42663,42574,27943,31067,19863,24812,6160,10305,374814,337370,46842,44770,77739,71476,22339,70,53
2021-11-19T23:59:59+01:00,5481,5123,29984,28105,39340,36302,37992,37487,42665,42736,45375,45104,28979,32274,20509,25724,6415,10857,3962,3700,25208,24067,34520,31610,34296,33858,39314,39346,42616,42542,27923,31050,19859,24806,6158,10305,373537,336569,46802,44729,77739,71476,22313,70,53
2021-11-18T23:59:59+01:00,5331,4963,29815,27927,39168,36081,37830,37320,42537,42614,45297,45024,28934,32222,20495,25703,6410,10843,3911,3649,25055,23941,34377,31491,34176,33751,39242,39247,42544,42475,27897,31022,19840,24789,6153,10301,371684,335377,46756,44682,77739,71476,22273,70,53
2021-11-17T23:59:59+01:00,5273,4900,29717,27863,39076,35967,37755,37235,42460,42552,45233,44955,28916,32191,20486,25684,6404,10829,3892,3631,25028,23888,34314,31432,34130,33700,39200,39212,42484,42426,27884,30997,19833,24778,6153,10297,370685,334810,46742,44672,77739,71476,22268,70,53
2021-11-16T23:59:59+01:00,5185,4830,29530,27707,38894,35778,37610,37092,42334,42440,45140,44865,28884,32151,20468,25663,6400,10817,3872,3614,24918,23812,34197,31331,34046,33624,39133,39151,42433,42377,27855,30968,19816,24751,6139,10284,369068,333927,46704,44649,77738,71476,22216,70,53
2021-11-15T23:59:59+01:00,5131,4789,29384,27610,38737,35673,37521,36993,42268,42366,45081,44814,28859,32130,20456,25648,6398,10808,3864,3608,24866,23790,34148,31286,34007,33596,39101,39127,42407,42359,27845,30957,19806,24734,6136,10279,367978,333550,46681,44630,77738,71476,22207,70,53
2021-11-14T23:59:59+01:00,5098,4756,29311,27545,38637,35574,37466,36941,42218,42308,45041,44778,28849,32114,20447,25632,6396,10802,3856,3598,24837,23772,34113,31245,33977,33572,39084,39103,42388,42341,27834,30950,19800,24725,6135,10279,367243,333261,46672,44621,77738,71476,22198,70,53
2021-11-13T23:59:59+01:00,5039,4714,29163,27440,38515,35437,37353,36864,42144,42234,44999,44740,28837,32100,20443,25630,6394,10800,3850,3593,24801,23752,34091,31225,33956,33550,39064,39085,42380,42334,27830,30948,19799,24724,6135,10278,366213,333065,46651,44619,77738,71476,22182,70,53
2021-11-12T23:59:59+01:00,4934,4624,28807,27136,38246,35184,37172,36650,41996,42082,44882,44648,28807,32078,20437,25616,6393,10800,3832,3563,24697,23670,33983,31133,33865,33473,38997,39036,42332,42302,27813,30930,19793,24719,6134,10278,364008,332317,46569,44589,77738,71476,22115,70,53
2021-11-11T23:59:59+01:00,4813,4491,28510,26864,37954,34884,36946,36428,41814,41913,44749,44532,28766,32022,20423,25596,6387,10788,3796,3518,24587,23574,33887,31017,33753,33390,38916,38954,42263,42245,27793,30907,19784,24703,6132,10276,361531,331382,46504,44540,77738,71476,22044,70,53
2021-11-10T23:59:59+01:00,4756,4430,28364,26759,37830,34739,36838,36323,41747,41835,44680,44459,28752,32001,20413,25582,6382,10777,3782,3499,24545,23533,33833,30964,33707,33354,38883,38923,42237,42215,27776,30897,19774,24693,6129,10265,360374,330936,46474,44527,77738,71475,22018,70,53
2021-11-09T23:59:59+01:00,4691,4371,28119,26554,37604,34530,36690,36185,41617,41712,44601,44388,28731,31971,20398,25561,6378,10770,3765,3478,24480,23476,33754,30889,33658,33309,38844,38881,42198,42185,27766,30871,19762,24680,6126,10257,358678,330383,46416,44491,77737,71475,21977,70,53
2021-11-08T23:59:59+01:00,4632,4321,27895,26370,37348,34326,36509,36047,41493,41599,44503,44308,28699,31936,20387,25546,6375,10767,3749,3458,24415,23424,33695,30832,33625,33265,38808,38835,42164,42146,27750,30856,19748,24667,6125,10250,356938,329855,46370,44476,77737,71475,21953,70,53
2021-11-07T23:59:59+01:00,4595,4286,27691,26216,37133,34145,36365,35903,41372,41500,44420,44247,28682,31918,20379,25537,6373,10758,3742,3450,24376,23396,33640,30793,33596,33239,38781,38809,42143,42123,27745,30844,19742,24660,6123,10247,355490,329564,46335,44462,77737,71475,21895,70,53
2021-11-06T23:59:59+01:00,4575,4269,27642,26178,37070,34105,36336,35885,41335,41484,44395,44224,28677,31916,20373,25535,6373,10756,3741,3447,24370,23392,33633,30789,33593,33235,38776,38807,42140,42122,27742,30844,19740,24658,6122,10246,355126,329528,46323,44462,77737,71475,21879,70,53
2021-11-05T23:59:59+01:00,4480,4171,27386,25983,36836,33868,36129,35726,41206,41347,44313,44154,28662,31899,20370,25523,6371,10755,3724,3426,24302,23355,33581,30739,33542,33200,38737,38769,42113,42101,27731,30838,19736,24651,6120,10244,353385,329154,46180,44414,77737,71475,21813,70,53
2021-11-04T23:59:59+01:00,4404,4120,27155,25817,36607,33652,35945,35600,41084,41230,44226,44090,28641,31883,20361,25512,6369,10752,3692,3377,24208,23241,33472,30623,33461,33117,38670,38705,42049,42044,27711,30812,19726,24638,6115,10235,351801,328267,46122,44377,77737,71475,21724,70,53
2021-11-03T23:59:59+01:00,4385,4088,27091,25761,36524,33572,35874,35562,41025,41184,44188,44061,28634,31874,20355,25506,6368,10752,3665,3346,24173,23199,33439,30580,33423,33093,38650,38677,42023,42022,27696,30794,19719,24629,6110,10230,351184,327856,46103,44369,77737,71474,21716,70,53
2021-11-02T23:59:59+01:00,4351,4047,26862,25622,36285,33399,35711,35450,40887,41084,44105,43994,28606,31856,20344,25497,6367,10748,3636,3318,24070,23116,33325,30503,33354,33043,38587,38621,41977,41988,27677,30773,19703,24618,6108,10223,349768,327179,46053,44342,77737,71473,21593,70,53
2021-11-01T23:59:59+01:00,4309,4010,26772,25558,36167,33318,35633,35402,40814,41033,44066,43974,28599,31847,20339,25495,6366,10747,3618,3281,24022,23066,33269,30468,33317,33012,38548,38596,41952,41962,27667,30766,19697,24608,6107,10221,349059,326766,46027,44325,77737,71471,21562,70,53
2021-10-31T23:59:59+01:00,4309,4010,26768,25558,36165,33318,35633,35402,40813,41033,44065,43973,28598,31847,20339,25495,6366,10747,3618,3281,24021,23066,33269,30468,33317,33012,38547,38596,41951,41962,27667,30766,19697,24608,6107,10221,349051,326764,46026,44325,77737,71471,21561,70,53
2021-10-30T23:59:59+02:00,4306,4008,26757,25553,36150,33310,35627,35398,40804,41029,44057,43973,28597,31847,20339,25494,6366,10746,3618,3281,24017,23063,33266,30468,33317,33009,38546,38595,41950,41962,27667,30766,19697,24608,6107,10221,348973,326748,46026,44325,77737,71471,21561,70,53
2021-10-29T23:59:59+02:00,4282,3989,26614,25459,35965,33188,35513,35327,40704,40959,44009,43949,28594,31837,20338,25492,6366,10746,3605,3273,23963,23026,33213,30413,33270,32974,38504,38556,41924,41943,27662,30758,19692,24601,6106,10221,348039,326356,45971,44305,77737,71470,21520,70,53
2021-10-28T23:59:59+02:00,4250,3947,26441,25330,35757,33053,35366,35224,40606,40880,43944,43908,28582,31825,20329,25484,6365,10744,3576,3237,23874,22937,33126,30319,33208,32919,38449,38507,41876,41915,27651,30743,19684,24590,6102,10213,346932,325729,45893,44265,77737,71470,21409,70,53
2021-10-27T23:59:59+02:00,4225,3922,26401,25297,35708,33004,35323,35172,40569,40850,43920,43889,28579,31817,20325,25478,6361,10742,3561,3218,23827,22897,33078,30277,33182,32892,38438,38483,41862,41895,27641,30727,19676,24583,6101,10211,346491,325361,45883,44259,77737,71469,21407,70,53
2021-10-26T23:59:59+02:00,4182,3893,26258,25181,35561,32898,35223,35092,40498,40801,43879,43867,28568,31806,20320,25472,6358,10740,3533,3205,23761,22814,32999,30207,33135,32842,38383,38444,41824,41872,27633,30717,19671,24574,6100,10209,345614,324848,45853,44227,77737,71466,21329,70,53
2021-10-25T23:59:59+02:00,4173,3885,26244,25163,35528,32875,35195,35078,40484,40794,43875,43863,28567,31805,20319,25472,6358,10740,3528,3198,23757,22808,32979,30188,33131,32836,38376,38439,41823,41868,27631,30716,19671,24571,6100,10209,345461,324780,45844,44219,77737,71465,21312,70,53
2021-10-24T23:59:59+02:00,4162,3880,26219,25132,35492,32846,35163,35054,40470,40776,43863,43854,28566,31801,20318,25470,6358,10740,3518,3189,23742,22790,32967,30179,33119,32828,38366,38430,41815,41860,27625,30713,19671,24566,6100,10208,345216,324637,45836,44219,77736,71465,21312,70,53
2021-10-23T23:59:59+02:00,4162,3880,26217,25127,35487,32845,35159,35051,40467,40774,43861,43854,28566,31801,20318,25470,6358,10740,3518,3189,23742,22789,32966,30179,33117,32828,38365,38429,41815,41860,27625,30713,19671,24566,6100,10208,345189,324631,45836,44219,77736,71465,21312,70,53
2021-10-22T23:59:59+02:00,4141,3849,26120,25055,35374,32747,35065,34989,40390,40731,43820,43827,28559,31796,20315,25463,6358,10739,3480,3160,23682,22727,32902,30123,33065,32790,38328,38398,41781,41835,27619,30706,19667,24563,6099,10207,344467,324148,45801,44196,77736,71465,21270,70,53
2021-10-21T23:59:59+02:00,4075,3801,26015,24962,35246,32631,34965,34916,40321,40674,43757,43790,28547,31782,20308,25456,6358,10737,3293,3008,23537,22572,32808,30032,32995,32722,38267,38344,41729,41794,27600,30687,19651,24546,6094,10198,343553,322981,45775,44164,77735,71465,21214,70,53
2021-10-20T23:59:59+02:00,4066,3784,25983,24932,35196,32583,34927,34883,40299,40651,43737,43776,28542,31777,20304,25451,6353,10733,3259,2980,23495,22532,32768,29999,32967,32692,38239,38313,41706,41772,27586,30675,19641,24535,6091,10194,343209,322574,45767,44150,77735,71465,21202,70,53
2021-10-19T23:59:59+02:00,4046,3756,25912,24887,35141,32536,34888,34843,40265,40623,43716,43762,28538,31771,20296,25441,6348,10730,3154,2865,23376,22422,32690,29932,32928,32649,38212,38269,41675,41748,27571,30658,19632,24528,6084,10189,342785,321783,45742,44109,77735,71464,21173,70,53
2021-10-18T23:59:59+02:00,4037,3738,25872,24860,35110,32498,34869,34829,40247,40609,43706,43748,28531,31763,20286,25434,6347,10730,3125,2847,23329,22383,32659,29887,32905,32613,38185,38248,41655,41726,27564,30651,19625,24519,6081,10185,342520,321417,45734,44092,77735,71464,21161,70,53
2021-10-17T23:59:59+02:00,4030,3726,25856,24854,35097,32485,34860,34824,40243,40605,43701,43740,28530,31760,20286,25429,6346,10728,3036,2767,23290,22356,32648,29874,32899,32603,38181,38241,41654,41716,27563,30646,19624,24517,6079,10185,342407,321110,45734,44092,77735,71464,21160,70,53
2021-10-16T23:59:59+02:00,4030,3726,25856,24854,35097,32485,34860,34824,40242,40604,43701,43740,28529,31759,20286,25428,6346,10727,3035,2765,23289,22356,32648,29874,32899,32602,38179,38240,41653,41715,27562,30646,19624,24516,6078,10183,342402,321096,45734,44092,77735,71464,21159,70,53
2021-10-15T23:59:59+02:00,4020,3717,25818,24824,35065,32458,34837,34801,40223,40592,43690,43733,28525,31756,20283,25425,6344,10723,3004,2740,23228,22284,32592,29823,32866,32554,38151,38213,41633,41698,27554,30639,19621,24512,6078,10179,342167,320636,45719,44066,77734,71464,21150,70,53
2021-10-14T23:59:59+02:00,4000,3687,25746,24764,34996,32392,34790,34764,40189,40558,43658,43718,28517,31747,20277,25421,6341,10718,2960,2683,23144,22198,32527,29727,32813,32496,38093,38168,41593,41661,27536,30624,19613,24503,6075,10178,341680,319946,45695,44019,77734,71464,21110,70,53
2021-10-13T23:59:59+02:00,3984,3663,25715,24742,34969,32361,34768,34747,40175,40535,43639,43697,28509,31741,20273,25413,6335,10711,2939,2662,23111,22159,32501,29686,32802,32461,38073,38147,41576,41649,27529,30610,19606,24496,6075,10173,341383,319621,45690,44011,77734,71464,21106,70,53
2021-10-12T23:59:59+02:00,3967,3641,25664,24690,34909,32296,34733,34715,40146,40508,43619,43684,28496,31726,20270,25404,6329,10705,2911,2628,23023,22061,32401,29596,32758,32412,38016,38109,41551,41612,27504,30597,19599,24486,6072,10163,340951,318929,45671,43973,77734,71462,21082,70,53
2021-10-11T23:59:59+02:00,3959,3629,25637,24665,34894,32273,34702,34697,40135,40495,43608,43671,28486,31717,20264,25399,6325,10700,2890,2617,22992,22027,32358,29561,32733,32382,37999,38092,41530,41595,27498,30591,19593,24479,6070,10159,340730,318614,45656,43965,77734,71462,21072,70,53
2021-10-10T23:59:59+02:00,3956,3627,25632,24658,34884,32262,34695,34683,40126,40490,43599,43663,28485,31712,20259,25395,6325,10696,2882,2611,22982,22011,32346,29544,32728,32375,37988,38081,41524,41590,27492,30587,19592,24477,6070,10159,340623,318490,45654,43962,77734,71462,21072,70,53
2021-10-09T23:59:59+02:00,3955,3624,25631,24656,34883,32258,34692,34682,40123,40486,43597,43663,28483,31711,20258,25392,6324,10696,2882,2610,22982,22011,32346,29544,32726,32374,37987,38081,41523,41589,27492,30587,19591,24477,6070,10158,340590,318481,45654,43962,77734,71462,21072,70,53
2021-10-08T23:59:59+02:00,3920,3600,25557,24596,34817,32204,34659,34652,40089,40457,43564,43637,28473,31701,20247,25377,6316,10693,2855,2574,22884,21943,32295,29488,32689,32326,37959,38037,41498,41564,27481,30569,19585,24469,6066,10157,340072,317926,45637,43947,77734,71461,21052,70,53
2021-10-07T23:59:59+02:00,3896,3555,25473,24514,34745,32131,34612,34611,40047,40414,43531,43609,28466,31691,20232,25366,6309,10683,2797,2512,22754,21800,32223,29398,32638,32247,37909,37989,41455,41523,27462,30551,19569,24454,6059,10145,339471,317046,45610,43920,77734,71460,21006,70,53
2021-10-06T23:59:59+02:00,3881,3535,25435,24470,34706,32091,34586,34581,40028,40396,43512,43590,28458,31682,20220,25348,6305,10671,2782,2495,22721,21758,32192,29361,32617,32217,37893,37964,41436,41508,27452,30541,19559,24442,6057,10141,339090,316706,45607,43917,77734,71460,21000,70,53
2021-10-05T23:59:59+02:00,3859,3516,25378,24407,34635,32017,34547,34544,40009,40359,43474,43567,28448,31670,20205,25339,6301,10655,2745,2453,22642,21638,32099,29269,32561,32154,37851,37923,41406,41479,27436,30531,19549,24432,6047,10131,338607,316003,45585,43890,77732,71458,20942,70,53
2021-10-04T23:59:59+02:00,3835,3494,25330,24362,34588,31981,34511,34511,39981,40338,43453,43546,28440,31661,20197,25323,6292,10641,2730,2443,22598,21592,32070,29220,32532,32130,37831,37906,41380,41463,27425,30515,19540,24423,6043,10121,338190,315654,45574,43876,77732,71455,20924,70,53
2021-10-03T23:59:59+02:00,3826,3491,25314,24350,34578,31974,34503,34503,39974,40328,43447,43542,28434,31659,20194,25314,6291,10634,2725,2437,22585,21581,32062,29210,32518,32121,37824,37898,41372,41459,27423,30510,19536,24417,6038,10115,338066,315528,45573,43874,77732,71455,20921,70,53
2021-10-02T23:59:59+02:00,3826,3491,25314,24350,34577,31974,34503,34503,39973,40328,43447,43542,28434,31659,20194,25314,6291,10634,2724,2437,22585,21581,32062,29210,32518,32121,37824,37898,41372,41459,27423,30510,19536,24417,6038,10115,338064,315527,45573,43874,77732,71455,20921,70,53
2021-10-01T23:59:59+02:00,3807,3473,25265,24285,34510,31904,34441,34462,39937,40304,43417,43524,28431,31652,20192,25312,6289,10631,2681,2395,22486,21493,32011,29139,32467,32079,37787,37850,41347,41442,27416,30505,19532,24412,6037,10113,337623,314966,45547,43848,77730,71453,20872,70,53
2021-09-30T23:59:59+02:00,3774,3431,25161,24163,34394,31815,34357,34397,39860,40242,43359,43471,28414,31631,20181,25303,6286,10621,2619,2342,22364,21376,31930,29035,32407,32007,37737,37802,41307,41416,27388,30493,19529,24399,6035,10108,336773,314172,45505,43823,77725,71453,20793,70,53
2021-09-29T23:59:59+02:00,3756,3411,25133,24115,34363,31787,34332,34370,39840,40220,43337,43453,28405,31623,20176,25297,6280,10614,2612,2328,22336,21346,31906,29015,32387,31983,37720,37784,41290,41403,27383,30482,19524,24390,6034,10104,336442,313923,45501,43819,77725,71452,20780,70,53
2021-09-28T23:59:59+02:00,3727,3379,25046,24043,34283,31718,34282,34320,39791,40180,43301,43422,28389,31604,20168,25285,6276,10605,2591,2302,22241,21272,31840,28941,32342,31937,37686,37741,41265,41378,27362,30467,19522,24381,6031,10102,335875,313420,45467,43789,77725,71451,20688,70,53
2021-09-27T23:59:59+02:00,3704,3356,25003,24015,34246,31678,34258,34290,39770,40146,43280,43401,28381,31594,20161,25280,6272,10599,2572,2288,22205,21240,31808,28900,32314,31917,37664,37723,41245,41365,27353,30462,19519,24377,6030,10098,335537,313151,45457,43773,77724,71451,20652,70,53
2021-09-26T23:59:59+02:00,3552,3252,24945,23980,34236,31670,34251,34287,39764,40140,43274,43395,28380,31592,20159,25279,6271,10598,2560,2281,22189,21221,31803,28893,32310,31913,37656,37716,41239,41359,27350,30458,19516,24375,6029,10097,335133,313043,45457,43772,77724,71450,20647,70,53
2021-09-25T23:59:59+02:00,3551,3252,24944,23980,34236,31670,34251,34287,39762,40139,43273,43395,28380,31591,20159,25279,6271,10598,2560,2280,22187,21218,31803,28893,32308,31912,37653,37714,41239,41359,27350,30457,19516,24375,6029,10097,335127,313028,45457,43772,77723,71450,20647,70,53
2021-09-24T23:59:59+02:00,3527,3220,24862,23904,34122,31591,34183,34225,39706,40092,43239,43369,28366,31580,20156,25273,6270,10596,2524,2249,22101,21130,31710,28829,32263,31875,37598,37675,41219,41337,27338,30446,19513,24372,6028,10097,334600,312574,45424,43758,77722,71449,20471,70,52
2021-09-23T23:59:59+02:00,3356,3068,24722,23756,34031,31501,34106,34165,39648,40038,43180,43325,28348,31566,20148,25261,6267,10594,2473,2204,21986,21027,31640,28752,32210,31819,37562,37639,41184,41303,27324,30426,19506,24356,6027,10094,333554,311949,45396,43740,77722,71447,20344,70,52
2021-09-22T23:59:59+02:00,3333,3043,24686,23701,33997,31467,34082,34126,39619,40021,43156,43300,28338,31557,20144,25250,6267,10589,2458,2192,21956,20996,31601,28714,32192,31790,37539,37623,41161,41292,27315,30419,19503,24352,6027,10093,333199,311683,45387,43736,77720,71446,20306,70,52
2021-09-21T23:59:59+02:00,3205,2909,24488,23542,33851,31368,34018,34041,39550,39973,43135,43258,28319,31537,20135,25244,6259,10582,2393,2161,21818,20858,31490,28610,32113,31713,37484,37575,41129,41258,27303,30406,19495,24337,6024,10087,332138,310904,45347,43708,77720,71445,20145,70,52
2021-09-20T23:59:59+02:00,3181,2887,24442,23495,33801,31327,33988,34008,39519,39941,43111,43232,28314,31527,20131,25238,6259,10578,2385,2149,21780,20816,31443,28562,32091,31677,37454,37556,41116,41248,27292,30399,19487,24331,6022,10080,331766,310595,45332,43701,77720,71443,20097,70,52
2021-09-19T23:59:59+02:00,3177,2885,24430,23489,33788,31319,33980,34001,39513,39926,43101,43230,28313,31526,20131,25236,6259,10578,2381,2145,21771,20809,31433,28554,32087,31676,37446,37548,41108,41247,27291,30399,19486,24330,6022,10080,331687,310538,45332,43700,77719,71443,20080,70,52
2021-09-18T23:59:59+02:00,3177,2885,24430,23489,33788,31319,33980,34001,39513,39926,43101,43230,28313,31526,20131,25236,6259,10578,2381,2145,21771,20809,31433,28552,32085,31676,37446,37548,41108,41247,27291,30399,19486,24329,6022,10080,331687,310533,45332,43700,77719,71443,20080,70,52
2021-09-17T23:59:59+02:00,3150,2847,24325,23374,33682,31218,33902,33932,39445,39872,43066,43203,28299,31518,20129,25229,6257,10576,2334,2102,21692,20730,31359,28489,32021,31629,37407,37514,41089,41233,27282,30384,19484,24322,6022,10079,331034,310081,45290,43679,77718,71443,19917,70,52
2021-09-16T23:59:59+02:00,3099,2799,24212,23239,33584,31110,33833,33826,39398,39811,43012,43154,28273,31498,20113,25218,6254,10568,2293,2060,21586,20631,31275,28413,31954,31563,37384,37458,41055,41194,27271,30365,19477,24314,6020,10078,330202,309469,45252,43669,77718,71437,19764,70,52
2021-09-15T23:59:59+02:00,3076,2786,24171,23192,33553,31066,33818,33795,39368,39782,42994,43136,28263,31487,20107,25213,6253,10566,2280,2045,21550,20590,31244,28371,31928,31540,37352,37424,41031,41167,27257,30356,19470,24306,6020,10074,329871,309116,45239,43668,77717,71435,19734,70,52
2021-09-14T23:59:59+02:00,3036,2754,24062,23050,33409,30927,33734,33711,39311,39729,42943,43086,28244,31471,20098,25205,6249,10561,2261,2020,21464,20509,31153,28282,31863,31478,37303,37381,40986,41141,27246,30336,19461,24298,6018,10071,329060,308590,45202,43661,77716,71431,19537,70,52
2021-09-13T23:59:59+02:00,3018,2734,24011,22997,33362,30868,33701,33661,39287,39698,42912,43062,28238,31457,20093,25203,6247,10557,2246,2004,21412,20461,31108,28231,31833,31446,37281,37361,40972,41119,27240,30330,19457,24294,6017,10070,328675,308290,45186,43648,77716,71428,19464,70,52
2021-09-12T23:59:59+02:00,3014,2727,24007,22989,33356,30863,33692,33654,39282,39695,42909,43059,28236,31455,20092,25202,6247,10556,2243,2001,21396,20452,31098,28213,31813,31437,37273,37353,40966,41112,27235,30329,19454,24291,6017,10068,328607,308163,45186,43648,77715,71426,19462,70,52
2021-09-11T23:59:59+02:00,3012,2726,24005,22987,33354,30862,33690,33653,39282,39693,42908,43059,28233,31453,20092,25202,6247,10556,2242,1999,21392,20451,31096,28209,31813,31437,37273,37351,40965,41111,27233,30329,19454,24291,6017,10068,328587,308146,45186,43646,77715,71426,19461,70,52
2021-09-10T23:59:59+02:00,2970,2684,23873,22858,33224,30745,33588,33576,39208,39609,42860,43018,28217,31436,20087,25194,6246,10554,2205,1961,21277,20346,30983,28116,31725,31382,37209,37309,40919,41078,27225,30319,19448,24280,6015,10067,327842,307601,45166,43627,77715,71425,19159,70,52
2021-09-09T23:59:59+02:00,2921,2645,23694,22711,33113,30615,33489,33474,39137,39535,42820,42970,28190,31419,20078,25188,6244,10552,2151,1904,21156,20217,30891,28018,31649,31287,37147,37253,40872,41030,27202,30304,19439,24271,6011,10064,326943,306851,45142,43608,77713,71422,18933,69,52
2021-09-08T23:59:59+02:00,2900,2614,23652,22661,33081,30576,33473,33446,39117,39514,42805,42954,28184,31410,20075,25183,6243,10552,2140,1892,21122,20186,30861,28002,31634,31262,37129,37230,40859,41017,27196,30299,19434,24266,6010,10063,326626,306624,45136,43604,77711,71421,18903,69,50
2021-09-07T23:59:59+02:00,2847,2559,23504,22517,32962,30467,33399,33361,39062,39450,42761,42920,28166,31392,20071,25178,6242,10549,2085,1851,20987,20052,30745,27916,31560,31196,37082,37178,40822,40988,27179,30274,19427,24255,6009,10061,325874,305974,45111,43581,77711,71416,18646,69,50
2021-09-06T23:59:59+02:00,2824,2544,23472,22473,32930,30432,33378,33341,39040,39437,42745,42905,28163,31388,20069,25176,6241,10546,2061,1833,20945,20007,30714,27889,31539,31169,37063,37157,40808,40976,27171,30266,19425,24246,6006,10059,325604,305667,45095,43573,77710,71414,18630,69,50
2021-09-05T23:59:59+02:00,2813,2541,23467,22468,32928,30426,33375,33336,39037,39434,42741,42899,28161,31384,20067,25175,6240,10545,2057,1830,20934,20000,30703,27883,31535,31165,37060,37155,40804,40973,27166,30264,19423,24242,6005,10059,325540,305593,45094,43573,77710,71414,18628,69,50
2021-09-04T23:59:59+02:00,2813,2541,23464,22467,32927,30426,33375,33335,39037,39433,42740,42898,28161,31384,20067,25175,6240,10545,2055,1827,20932,20000,30703,27883,31534,31164,37060,37155,40803,40973,27166,30264,19423,24242,6005,10059,325534,305586,45094,43573,77710,71414,18625,69,50
2021-09-03T23:59:59+02:00,2790,2507,23385,22389,32853,30354,33334,33292,38993,39404,42710,42885,28153,31371,20066,25173,6238,10544,2039,1810,20883,19941,30653,27844,31500,31129,37032,37128,40772,40961,27158,30256,19421,24240,6004,10059,325031,305239,45066,43564,77708,71406,18571,69,50
2021-09-02T23:59:59+02:00,2759,2475,23279,22292,32794,30264,33276,33237,38955,39370,42671,42853,28133,31359,20062,25159,6236,10541,2017,1791,20809,19881,30593,27782,31462,31098,36992,37091,40738,40933,27148,30244,19418,24229,6004,10059,324427,304812,45036,43546,77707,71401,18480,69,50
2021-09-01T23:59:59+02:00,2736,2460,23255,22255,32764,30232,33254,33211,38929,39349,42657,42837,28124,31352,20057,25157,6236,10541,2000,1776,20768,19839,30560,27753,31435,31077,36973,37074,40720,40917,27137,30235,19417,24223,6004,10059,324170,304537,45025,43540,77706,71400,18440,69,50
2021-08-31T23:59:59+02:00,2691,2417,23132,22149,32682,30132,33197,33155,38885,39308,42631,42813,28113,31346,20051,25153,6235,10537,1976,1756,20681,19744,30488,27693,31386,31037,36934,37042,40691,40892,27128,30223,19411,24218,6004,10057,323591,304122,44995,43526,77705,71392,18271,69,50
2021-08-30T23:59:59+02:00,2669,2393,23081,22106,32641,30089,33171,33118,38856,39287,42612,42795,28108,31339,20044,25144,6234,10533,1928,1715,20559,19640,30390,27597,31325,30985,36901,37014,40670,40858,27112,30208,19410,24209,6004,10055,323247,303403,44980,43517,77705,71387,18223,69,50
2021-08-29T23:59:59+02:00,2638,2363,22993,22040,32578,30032,33127,33087,38810,39251,42582,42774,28097,31331,20041,25138,6234,10532,1902,1690,20456,19571,30322,27547,31290,30951,36860,36983,40645,40840,27099,30197,19409,24204,6004,10055,322785,302973,44964,43494,77703,71377,18131,69,50
2021-08-28T23:59:59+02:00,2632,2361,22993,22040,32574,30032,33126,33087,38807,39250,42581,42774,28096,31331,20041,25138,6234,10532,1902,1688,20455,19570,30316,27547,31290,30948,36857,36981,40645,40840,27099,30197,19409,24204,6004,10055,322772,302962,44964,43493,77703,71377,18125,69,50
2021-08-27T23:59:59+02:00,2632,2361,22988,22037,32567,30031,33124,33084,38805,39248,42578,42774,28095,31330,20041,25138,6233,10532,1901,1687,20449,19569,30308,27546,31288,30946,36854,36979,40643,40840,27099,30197,19409,24203,6004,10055,322753,302946,44964,43493,77703,71375,18113,69,50
2021-08-26T23:59:59+02:00,2549,2277,22800,21829,32431,29889,33004,32976,38717,39160,42512,42705,28071,31297,20028,25120,6232,10526,1816,1606,20180,19299,30167,27379,31146,30821,36746,36885,40558,40767,27057,30156,19390,24179,5998,10053,321527,301440,44944,43469,77702,71359,17885,69,50
2021-08-25T23:59:59+02:00,2543,2269,22780,21804,32419,29868,32991,32961,38705,39144,42501,42699,28066,31294,20021,25114,6229,10524,1805,1597,20132,19256,30131,27348,31125,30783,36721,36853,40539,40751,27044,30144,19386,24171,5997,10052,321338,301076,44944,43469,77702,71357,17883,69,50
2021-08-24T23:59:59+02:00,2525,2258,22741,21762,32393,29823,32972,32928,38695,39124,42481,42685,28060,31283,20016,25106,6228,10523,1795,1588,20094,19214,30098,27307,31104,30748,36707,36832,40519,40733,27039,30134,19382,24168,5997,10048,321049,300788,44934,43464,77702,71352,17853,69,50
2021-08-23T23:59:59+02:00,2505,2226,22671,21689,32322,29766,32936,32896,38656,39093,42451,42672,28045,31274,20013,25095,6228,10521,1751,1544,19969,19091,29979,27228,31039,30699,36657,36789,40477,40704,27027,30119,19376,24158,5997,10042,320605,300048,44923,43438,77700,71344,17766,69,50
2021-08-22T23:59:59+02:00,2496,2217,22635,21657,32301,29748,32921,32888,38639,39077,42446,42663,28040,31269,20008,25095,6228,10520,1741,1531,19929,19053,29942,27194,31009,30663,36636,36773,40459,40682,27019,30115,19373,24155,5997,10040,320433,299757,44917,43435,77699,71335,17734,69,50
2021-08-21T23:59:59+02:00,2477,2204,22582,21609,32262,29710,32898,32864,38626,39054,42429,42653,28033,31261,20006,25092,6228,10519,1711,1507,19828,18954,29871,27135,30975,30619,36601,36731,40435,40661,27008,30107,19368,24151,5995,10040,320193,299249,44903,43420,77697,71329,17649,69,50
2021-08-20T23:59:59+02:00,2439,2162,22495,21501,32185,29627,32836,32816,38575,39014,42387,42625,28025,31247,20002,25077,6227,10515,1664,1470,19654,18828,29744,27032,30899,30560,36538,36685,40389,40624,26993,30088,19359,24142,5994,10036,319607,298433,44879,43395,77694,71311,17510,69,50
2021-08-19T23:59:59+02:00,2349,2094,22334,21363,32048,29502,32745,32732,38471,38934,42317,42570,27999,31214,19995,25065,6222,10506,1608,1420,19395,18621,29531,26882,30778,30452,36417,36589,40287,40539,26965,30058,19348,24126,5990,10031,318667,297161,44858,43365,77694,71285,17176,69,50
2021-08-18T23:59:59+02:00,2339,2085,22308,21342,32026,29481,32723,32709,38443,38916,42304,42556,27984,31204,19989,25060,6222,10504,1585,1402,19341,18561,29491,26848,30752,30421,36388,36568,40263,40508,26948,30047,19343,24114,5985,10027,318409,296727,44858,43363,77694,71283,17169,69,50
2021-08-17T23:59:59+02:00,2322,2069,22283,21314,32010,29453,32698,32685,38429,38905,42279,42538,27978,31191,19983,25055,6222,10504,1572,1391,19298,18511,29459,26809,30709,30395,36363,36537,40237,40487,26931,30035,19340,24100,5983,10023,318164,296354,44858,43360,77694,71279,17137,69,50
2021-08-16T23:59:59+02:00,2283,2052,22216,21271,31970,29408,32674,32664,38405,38883,42247,42521,27969,31183,19981,25044,6222,10503,1548,1366,19089,18367,29311,26693,30633,30306,36316,36483,40199,40445,26910,30018,19333,24081,5977,10021,317814,295347,44858,43354,77691,71277,17068,69,50
2021-08-15T23:59:59+02:00,2256,2029,22162,21214,31922,29367,32650,32631,38377,38864,42225,42507,27963,31178,19975,25037,6221,10503,1526,1350,18968,18247,29153,26564,30553,30222,36249,36432,40144,40388,26892,29994,19323,24072,5974,10020,317477,294415,44849,43337,77690,71269,17000,69,50
2021-08-14T23:59:59+02:00,2250,2026,22136,21198,31910,29351,32646,32625,38369,38859,42219,42504,27962,31177,19974,25036,6221,10502,1496,1322,18855,18153,29091,26499,30514,30175,36224,36400,40123,40373,26885,29988,19320,24071,5973,10017,317388,293869,44846,43319,77690,71265,16976,69,50
2021-08-13T23:59:59+02:00,2233,2015,22090,21160,31874,29327,32608,32596,38354,38844,42209,42494,27960,31173,19971,25033,6220,10502,1421,1257,18599,17893,28913,26337,30398,30083,36171,36332,40078,40337,26869,29975,19315,24062,5970,10013,317152,292498,44841,43303,77688,71255,16917,69,50
2021-08-12T23:59:59+02:00,2196,1977,22001,21066,31805,29247,32550,32546,38306,38799,42168,42459,27944,31154,19964,25023,6218,10502,1328,1197,18297,17581,28663,26106,30254,29953,36076,36237,40000,40270,26834,29928,19295,24039,5968,10010,316568,290751,44830,43251,77685,71207,16777,69,50
2021-08-11T23:59:59+02:00,2194,1972,21980,21050,31787,29226,32535,32530,38298,38790,42157,42443,27935,31151,19961,25019,6217,10498,1320,1184,18242,17526,28626,26061,30206,29914,36056,36198,39964,40237,26822,29901,19288,24029,5968,10008,316387,290273,44830,43248,77685,71204,16776,69,49
2021-08-10T23:59:59+02:00,2185,1951,21953,21013,31749,29203,32519,32509,38271,38763,42139,42435,27929,31143,19959,25016,6216,10494,1286,1150,17730,17071,28451,25904,30112,29826,35887,36075,39916,40195,26800,29877,19282,24014,5964,10007,316138,288576,44826,43231,77683,70954,16737,67,49
2021-08-09T23:59:59+02:00,2161,1937,21903,20960,31689,29156,32483,32481,38245,38742,42125,42410,27918,31134,19958,25007,6215,10492,1243,1110,17256,16618,28316,25796,30056,29773,35840,36030,39884,40159,26791,29863,19277,24007,5964,10005,315755,287090,44820,43212,77682,70941,16696,67,49
2021-08-08T23:59:59+02:00,2144,1919,21849,20914,31644,29119,32449,32455,38221,38733,42103,42389,27911,31130,19952,25003,6215,10489,1178,1047,16910,16279,28205,25709,29997,29699,35792,35992,39860,40133,26780,29849,19268,23997,5962,10000,315434,285842,44819,43191,77681,70933,16642,67,49
2021-08-07T23:59:59+02:00,2100,1876,21713,20832,31561,29051,32376,32395,38164,38684,42070,42360,27902,31103,19947,24994,6213,10487,1032,921,16398,15826,27898,25419,29767,29512,35615,35834,39718,40021,26725,29786,19249,23968,5960,9996,314806,283186,44786,43069,77675,70843,16498,67,49
2021-08-06T23:59:59+02:00,2090,1866,21662,20793,31518,29018,32344,32376,38138,38663,42059,42344,27897,31094,19943,24994,6213,10487,913,813,15371,14847,26752,24518,29477,29279,35368,35634,39402,39781,26682,29739,19240,23958,5959,9993,314574,278184,44782,43048,77675,70041,16405,67,48
2021-08-05T23:59:59+02:00,2052,1837,21556,20706,31462,28941,32285,32316,38078,38612,42014,42306,27880,31074,19935,24981,6211,10484,814,707,14479,14100,25726,23736,28762,28763,34836,35199,39084,39536,26615,29659,19208,23924,5956,9983,314017,273284,44759,42996,77674,68542,16217,67,48
2021-08-04T23:59:59+02:00,2032,1818,21485,20655,31418,28874,32251,32274,38041,38588,41977,42277,27867,31059,19930,24968,6209,10480,736,661,14106,13758,25321,23428,28550,28536,34693,35074,38983,39442,26576,29614,19185,23901,5951,9978,313569,270833,44752,42966,77674,68501,16145,67,48
2021-08-03T23:59:59+02:00,2023,1802,21458,20628,31399,28861,32238,32264,38031,38574,41961,42264,27858,31053,19925,24961,6208,10478,716,647,14024,13666,25243,23352,28484,28481,34647,35026,38936,39410,26560,29592,19176,23892,5949,9972,313361,270146,44748,42962,77672,68475,16142,67,48
2021-08-02T23:59:59+02:00,2013,1781,21413,20591,31352,28838,32211,32233,38004,38558,41948,42249,27849,31041,19925,24953,6207,10474,685,617,13821,13455,24539,22798,28200,28257,34499,34915,38858,39346,26533,29560,19168,23888,5949,9970,313068,267723,44745,42948,77672,68247,16092,67,48
2021-08-01T23:59:59+02:00,1993,1764,21361,20543,31303,28797,32184,32214,37985,38539,41927,42232,27843,31034,19922,24945,6207,10474,647,589,13652,13296,24237,22541,27962,28040,34409,34805,38791,39274,26517,29540,19162,23882,5949,9968,312762,266022,44739,42936,77671,68223,16032,67,48
2021-07-31T23:59:59+02:00,1968,1734,21279,20466,31234,28758,32130,32174,37950,38510,41904,42211,27840,31025,19917,24941,6207,10474,375,359,12706,12272,23721,22100,27616,27683,34097,34509,38359,38930,26447,29455,19136,23837,5944,9962,312340,260987,44727,42900,77669,67651,15922,67,48
2021-07-30T23:59:59+02:00,1943,1714,21254,20444,31202,28740,32115,32153,37944,38503,41896,42202,27835,31022,19916,24941,6206,10474,367,352,12618,12199,23400,21808,27341,27472,33877,34344,38197,38794,26423,29437,19134,23829,5944,9960,312149,259570,44726,42891,77669,67091,15896,67,48
2021-07-29T23:59:59+02:00,1874,1645,21022,20206,31058,28591,32011,32040,37852,38413,41802,42142,27807,30997,19903,24922,6199,10465,301,292,11989,11662,22271,20968,26300,26633,32893,33646,37815,38503,26340,29336,19106,23782,5938,9951,310927,253949,44698,42800,77661,65330,15599,67,48
2021-07-28T23:59:59+02:00,1854,1630,20982,20155,31038,28561,31995,32019,37830,38394,41780,42121,27796,30985,19897,24912,6199,10463,257,241,11705,11358,21861,20584,25866,26203,32725,33488,37699,38412,26303,29285,19087,23759,5937,9946,310606,251006,44698,42799,77649,65269,15594,67,48
2021-07-27T23:59:59+02:00,1844,1624,20942,20112,31013,28528,31961,32003,37808,38362,41756,42107,27789,30978,19896,24907,6199,10460,218,218,11457,11142,21658,20393,25723,26080,32617,33385,37616,38330,26278,29248,19079,23750,5934,9942,310367,249518,44698,42795,77648,65196,15512,67,47
2021-07-26T23:59:59+02:00,1818,1588,20816,19981,30905,28426,31901,31939,37753,38294,41713,42076,27763,30960,19885,24893,6193,10457,183,190,11161,10816,21154,19949,25474,25871,32454,33236,37484,38242,26242,29214,19066,23726,5933,9934,309599,247221,44667,42681,77641,64990,15390,67,47
2021-07-25T23:59:59+02:00,1812,1580,20793,19968,30895,28416,31889,31925,37747,38287,41703,42068,27759,30957,19884,24891,6193,10456,171,177,11054,10709,21001,19844,25240,25676,32212,33025,37338,38106,26223,29200,19059,23719,5932,9931,309485,245948,44658,42666,77633,64573,15383,67,47
2021-07-24T23:59:59+02:00,1792,1565,20712,19893,30850,28375,31854,31889,37718,38258,41681,42056,27752,30951,19881,24889,6193,10456,165,172,10990,10654,20927,19781,25167,25614,32160,32994,37309,38084,26217,29195,19057,23717,5932,9931,309133,245579,44647,42642,77629,64506,15292,67,47
2021-07-23T23:59:59+02:00,1737,1530,20520,19747,30689,28260,31768,31814,37651,38206,41642,42015,27741,30934,19876,24883,6192,10451,153,161,10731,10446,20568,19478,24359,24967,31672,32662,36738,37627,26173,29153,19041,23699,5931,9929,308300,242694,44637,42594,77612,63111,15042,67,47
2021-07-22T23:59:59+02:00,1672,1473,20212,19475,30447,28080,31639,31700,37522,38100,41544,41932,27714,30910,19866,24859,6188,10450,116,134,10266,10069,19822,18965,23407,24294,30964,32072,35699,36864,26061,29055,19007,23667,5929,9925,306824,239077,44602,41930,77607,60577,14685,67,47
2021-07-21T23:59:59+02:00,1657,1465,20174,19423,30418,28050,31614,31676,37502,38075,41523,41908,27705,30902,19860,24853,6183,10446,98,113,9957,9735,19359,18512,22535,23524,30630,31738,35462,36666,25979,28958,18977,23614,5921,9915,306495,236323,44592,40241,77605,60406,14677,67,46
2021-07-20T23:59:59+02:00,1650,1459,20140,19396,30385,28023,31589,31656,37486,38057,41511,41896,27690,30887,19860,24846,6183,10443,87,102,9690,9456,19026,18242,22263,23240,30451,31581,35297,36521,25933,28910,18961,23578,5920,9911,306234,233923,44590,40233,77604,60303,14664,67,46
2021-07-19T23:59:59+02:00,1639,1451,20025,19310,30300,27951,31530,31599,37467,38038,41496,41877,27683,30874,19854,24839,6182,10440,80,96,9493,9258,18715,17965,21801,22817,30197,31350,35180,36417,25898,28871,18943,23562,5920,9908,305649,232291,44584,39291,77602,60188,14655,67,46
2021-07-18T23:59:59+02:00,1628,1445,19956,19241,30172,27853,31466,31532,37407,37986,41451,41825,27662,30843,19845,24824,6178,10437,74,88,9382,9142,18544,17814,21608,22628,30028,31149,35066,36317,25866,28847,18932,23544,5920,9902,304859,231029,44584,38987,77599,60145,14644,67,46
2021-07-17T23:59:59+02:00,1627,1441,19949,19238,30172,27852,31466,31528,37402,37984,41446,41823,27661,30842,19844,24824,6178,10437,74,84,9361,9127,18513,17792,21590,22615,30018,31142,35047,36313,25863,28845,18932,23543,5920,9902,304826,230878,44584,38984,77599,60133,14640,67,46
2021-07-16T23:59:59+02:00,1574,1396,19676,18998,30052,27757,31385,31458,37349,37922,41405,41791,27643,30824,19837,24815,6177,10431,73,82,9245,9012,18130,17492,21288,22341,29629,30786,34911,36207,25840,28821,18925,23531,5919,9900,303848,229604,44561,38263,77598,59802,14418,67,45
2021-07-15T23:59:59+02:00,1516,1352,19420,18751,29878,27607,31274,31359,37265,37839,41335,41724,27600,30795,19821,24802,6173,10428,64,70,8880,8708,17222,16671,19732,21114,28706,29863,34287,35623,25672,28640,18869,23481,5913,9888,302572,223483,44521,36802,77590,58881,14192,66,45
2021-07-14T23:59:59+02:00,1502,1339,19390,18714,29850,27581,31249,31327,37252,37825,41315,41717,27592,30788,19812,24795,6173,10425,56,65,8591,8411,16672,16066,19236,20593,28141,29361,33895,35249,25560,28510,18829,23414,5908,9877,302286,219306,44520,36443,77588,58452,14188,66,45
2021-07-13T23:59:59+02:00,1491,1328,19352,18689,29833,27556,31225,31311,37237,37799,41291,41689,27583,30774,19810,24790,6172,10419,38,59,8283,8151,16272,15718,18957,20314,27877,29108,33624,34990,25461,28388,18796,23372,5906,9872,302000,216599,44519,36406,77587,57957,14179,66,45
2021-07-12T23:59:59+02:00,1475,1318,19301,18671,29797,27525,31208,31290,37225,37782,41275,41674,27578,30769,19808,24784,6171,10419,37,54,8023,7938,15990,15437,18256,19762,27562,28784,33213,34628,25290,28190,18737,23298,5900,9867,301731,215301,44518,34475,77587,56975,14170,66,45
2021-07-11T23:59:59+02:00,1465,1310,19269,18640,29770,27492,31191,31259,37217,37761,41260,41662,27568,30760,19806,24784,6170,10418,35,53,7978,7892,15925,15366,18166,19708,27477,28721,33097,34565,25235,28145,18717,23276,5900,9864,301475,214722,44515,34464,77585,56726,14163,66,45
2021-07-10T23:59:59+02:00,1336,1194,18764,18222,29321,27189,30907,31026,36971,37600,41059,41512,27496,30701,19780,24751,6167,10415,34,53,7850,7822,15639,15226,17949,19556,27232,28578,32934,34450,25169,28098,18701,23263,5899,9864,299257,214296,44381,34340,77556,56483,13153,66,45
2021-07-09T23:59:59+02:00,1325,1188,18735,18191,29300,27172,30895,31013,36960,37588,41048,41503,27492,30697,19778,24747,6167,10414,31,51,7808,7777,15565,15158,17884,19462,27008,28349,32684,34236,25103,28034,18679,23236,5899,9861,299111,214006,44362,34336,77555,55317,13121,66,45
2021-07-08T23:59:59+02:00,1247,1106,18467,17977,29146,27017,30755,30892,36857,37486,40949,41425,27457,30662,19759,24728,6162,10408,26,47,7641,7641,15266,14911,17451,19100,26316,27745,32410,33968,24935,27876,18620,23173,5896,9853,297832,212866,44305,32915,77547,54297,12752,66,45
2021-07-07T23:59:59+02:00,1148,1014,18155,17654,28945,26832,30623,30767,36745,37364,40841,41337,27422,30613,19745,24711,6159,10405,23,39,7445,7431,14822,14545,16984,18655,25561,27132,32001,33586,24666,27550,18526,23080,5887,9844,296252,209945,44254,32075,77537,53339,12373,66,45
2021-07-06T23:59:59+02:00,1125,997,18078,17586,28898,26781,30573,30719,36708,37329,40806,41306,27404,30586,19734,24698,6157,10402,16,33,7226,7201,14474,14183,16632,18307,24807,26484,31697,33321,24477,27333,18478,23007,5880,9837,295668,207870,44251,30670,77535,52439,12369,66,45
2021-07-05T23:59:59+02:00,1083,969,18002,17524,28852,26720,30532,30684,36683,37283,40778,41280,27398,30572,19728,24691,6157,10397,6,20,6997,7014,14166,13912,16275,17944,24244,25973,31122,32753,24196,27035,18370,22867,5872,9825,295176,206367,44249,28563,77530,51302,12314,66,45
2021-07-04T23:59:59+02:00,1061,953,17930,17474,28814,26696,30508,30655,36674,37274,40763,41268,27392,30561,19723,24688,6157,10396,6,20,6972,6995,14112,13859,16199,17882,24159,25916,30967,32659,24102,26945,18338,22825,5870,9821,294857,205969,44249,28552,77519,50783,12298,66,45
2021-07-03T23:59:59+02:00,647,582,16197,15755,27664,25775,29712,29934,36032,36663,40263,40841,27235,30394,19657,24600,6148,10379,6,20,6586,6754,13608,13562,15802,17578,23800,25640,30660,32467,24004,26849,18305,22785,5866,9817,287338,205669,44210,28475,77437,50491,9429,66,45
2021-07-02T23:59:59+02:00,608,543,16065,15610,27506,25626,29630,29875,36001,36634,40245,40828,27229,30385,19654,24597,6148,10379,6,20,6540,6681,13534,13466,15715,17447,23655,25454,30506,32303,23811,26637,18216,22707,5864,9814,286431,204985,44210,28316,77436,49608,9422,66,45
2021-07-01T23:59:59+02:00,550,495,15885,15457,27293,25472,29553,29796,35946,36582,40180,40781,27208,30367,19643,24584,6146,10375,6,19,6393,6546,13183,13191,15183,17004,22383,24461,29744,31618,23528,26346,18097,22571,5857,9798,285242,201424,44206,26637,77423,48446,9378,66,43
2021-06-30T23:59:59+02:00,520,475,15780,15349,27183,25384,29485,29722,35889,36529,40138,40746,27193,30336,19632,24567,6142,10375,5,17,6198,6364,12747,12802,14612,16454,21757,23861,29149,31086,23109,25879,17966,22387,5850,9786,284413,197147,44203,26612,77416,46878,9349,66,43
2021-06-29T23:59:59+02:00,464,423,15033,14680,26918,25162,29386,29622,35809,36446,40069,40697,27174,30311,19623,24554,6142,10373,5,15,6085,6234,12483,12537,14214,16058,20966,23235,28565,30533,22662,25354,17812,22213,5842,9776,281916,193986,44199,26103,77407,45157,9300,66,43
2021-06-28T23:59:59+02:00,428,392,14406,14043,26755,25058,29313,29556,35748,36379,40026,40662,27156,30291,19615,24543,6142,10369,4,15,6019,6137,12307,12398,14027,15881,20339,22683,28163,30157,22324,24997,17683,22049,5837,9771,279976,192302,44196,25440,77402,43762,9244,66,43
2021-06-27T23:59:59+02:00,351,325,14059,13672,26692,25000,29274,29518,35724,36357,40008,40647,27145,30284,19612,24539,6141,10368,4,15,5979,6093,12190,12282,13881,15751,19782,22204,27551,29655,22046,24658,17562,21924,5833,9770,278863,191461,44190,23906,77392,42563,9207,66,43
2021-06-26T23:59:59+02:00,350,324,14048,13659,26676,24988,29269,29511,35717,36356,40005,40646,27144,30283,19612,24539,6141,10368,4,15,5974,6091,12180,12280,13875,15748,19769,22192,27506,29620,21899,24528,17522,21866,5832,9768,278787,191439,44187,23902,77392,42079,9206,66,43
2021-06-25T23:59:59+02:00,226,211,12790,12442,25221,23836,28971,29278,35610,36271,39937,40584,27120,30255,19601,24527,6139,10366,4,15,5930,6045,12081,12199,13732,15627,19459,21952,27119,29261,21575,24131,17342,21669,5829,9759,272567,190209,44182,23616,77372,40661,9200,66,43
2021-06-24T23:59:59+02:00,161,157,11815,11610,24102,22953,28606,28927,35460,36105,39822,40479,27081,30206,19590,24503,6137,10362,4,14,5713,5817,11623,11782,13150,15030,17920,20549,25462,27660,20799,23269,17023,21263,5818,9749,267318,185214,44161,19983,77368,38240,9165,66,43
2021-06-23T23:59:59+02:00,125,131,11450,11288,23608,22579,28357,28683,35285,35978,39733,40391,27050,30179,19581,24465,6135,10350,4,14,5637,5705,11409,11566,12848,14681,17526,20138,24710,26888,20003,22515,16829,21010,5810,9733,264703,182853,44151,19363,77363,35680,9087,66,43
2021-06-22T23:59:59+02:00,104,118,11270,11078,23448,22440,28277,28608,35210,35918,39686,40346,27035,30155,19573,24456,6135,10349,3,12,5528,5585,11139,11301,12482,14309,16922,19535,23976,26116,19624,22089,16666,20831,5803,9716,263564,179804,44147,18483,77361,34237,9070,66,43
2021-06-21T23:59:59+02:00,92,106,11019,10894,22615,21771,28024,28378,35142,35857,39622,40303,27018,30137,19567,24447,6135,10348,3,11,5410,5484,10918,11080,12174,13986,16529,19189,23522,25645,19331,21769,16561,20710,5797,9714,260973,178323,44138,17465,77355,33057,8945,66,43
2021-06-20T23:59:59+02:00,86,105,10953,10802,22363,21555,27766,28178,35063,35779,39577,40258,27007,30121,19565,24442,6133,10345,3,10,5369,5433,10831,10973,12076,13883,16333,19003,23251,25404,19229,21662,16508,20652,5791,9710,259681,178006,44135,16400,77350,32805,8867,66,43
2021-06-19T23:59:59+02:00,85,101,10930,10779,22331,21532,27748,28165,35051,35774,39568,40254,27006,30120,19565,24440,6133,10345,3,10,5337,5402,10748,10879,11983,13760,16185,18851,22942,25042,19141,21575,16495,20639,5790,9710,259531,177894,44114,14896,77350,32792,8867,66,43
2021-06-18T23:59:59+02:00,82,99,10882,10727,22021,21206,27491,27946,34996,35737,39534,40231,26997,30111,19564,24437,6133,10343,3,10,5321,5393,10719,10848,11943,13712,16122,18788,22855,24944,18974,21393,16450,20574,5789,9705,258147,177495,44110,14895,77349,32244,8866,66,43
2021-06-17T23:59:59+02:00,73,91,10305,10298,20745,20244,26630,27208,34623,35410,39275,40041,26932,30029,19543,24400,6126,10338,3,10,5125,5253,10337,10595,11496,13309,15443,18175,21483,23620,18515,20899,16285,20401,5785,9691,252359,172172,44090,14319,77336,31430,8461,66,43
2021-06-16T23:59:59+02:00,65,79,9971,9986,20061,19612,25996,26606,34369,35205,39112,39892,26887,29976,19519,24376,6125,10334,3,8,4982,5105,9947,10258,11037,12855,14737,17484,20631,22678,18108,20451,16115,20186,5775,9679,248515,168366,44074,13048,77322,30388,8195,66,42
2021-06-15T23:59:59+02:00,50,73,9726,9742,19762,19365,25769,26408,34236,35096,39016,39811,26855,29940,19512,24361,6120,10330,3,8,4876,4988,9709,10043,10802,12595,14312,17057,20028,22098,17780,20054,15891,19954,5766,9667,246733,166258,44063,11956,77313,29378,7998,66,41
2021-06-14T23:59:59+02:00,46,68,9594,9615,19468,19104,25590,26264,34117,35015,38953,39771,26836,29920,19506,24350,6120,10327,3,8,4795,4924,9522,9903,10624,12459,14051,16839,19708,21804,17614,19892,15787,19819,5765,9663,245530,164787,44061,11954,77309,28699,7699,66,41
2021-06-13T23:59:59+02:00,45,64,9433,9487,19179,18922,25235,26012,33919,34847,38845,39704,26820,29908,19495,24342,6120,10323,2,8,4709,4855,9313,9730,10453,12283,13728,16491,19359,21471,17485,19743,15739,19755,5763,9661,243886,163919,44060,11953,77304,27250,7385,66,41
2021-06-12T23:59:59+02:00,45,64,9424,9469,19168,18909,25235,26007,33919,34844,38842,39703,26820,29908,19495,24342,6120,10323,2,8,4705,4841,9302,9667,10419,12180,13679,16336,19303,21335,17376,19617,15622,19653,5761,9659,243839,163887,44060,11949,77299,26214,7374,66,41
2021-06-11T23:59:59+02:00,40,60,9263,9289,18933,18697,24432,25332,33740,34686,38706,39590,26786,29874,19484,24317,6120,10318,2,8,4625,4730,9081,9408,10157,11881,13156,15781,18324,20431,17190,19418,15582,19608,5758,9656,240906,159839,44058,11948,77294,25624,7344,66,41
2021-06-10T23:59:59+02:00,38,56,8867,8961,18286,18205,23589,24661,33421,34406,38503,39424,26730,29821,19460,24288,6117,10311,2,8,4450,4553,8504,8911,9344,11157,12006,14673,16312,18508,16292,18443,15296,19240,5748,9634,237299,150097,43406,11914,77268,23921,7108,64,41
2021-06-09T23:59:59+02:00,21,38,8414,8456,17457,17480,22439,23616,32933,33937,38215,39203,26623,29716,19412,24229,6107,10298,2,7,4313,4435,8213,8647,9096,10902,11666,14302,15825,17957,15916,18009,15054,18954,5741,9624,233293,148247,41514,11873,77228,21994,6509,51,40
2021-06-08T23:59:59+02:00,12,26,8097,8137,16987,17066,22018,23249,32687,33741,38053,39073,26579,29675,19402,24207,6104,10293,0,7,4195,4355,7958,8392,8789,10557,11302,13955,15181,17251,15450,17485,14792,18675,5736,9606,230567,146525,41481,10756,77219,20276,6089,51,40
2021-06-07T23:59:59+02:00,9,22,7899,7906,16627,16742,21478,22787,32405,33472,37936,38955,26548,29627,19383,24177,6099,10292,0,7,4118,4275,7775,8249,8629,10410,11128,13784,14863,16922,15248,17226,14617,18481,5732,9601,228934,145430,40509,10663,77201,19262,5670,51,40
2021-06-06T23:59:59+02:00,7,19,7791,7798,16493,16596,21283,22581,32178,33245,37800,38849,26521,29601,19370,24160,6099,10286,0,7,4089,4238,7727,8129,8574,10279,11019,13637,14665,16701,15062,17045,14528,18360,5725,9595,227699,144938,40210,10649,77183,18218,5535,51,40
2021-06-05T23:59:59+02:00,7,19,7769,7785,16467,16571,21274,22577,32167,33238,37798,38848,26520,29601,19369,24159,6099,10286,0,7,4078,4197,7711,8062,8560,10146,11004,13465,14646,16595,15027,16990,14519,18350,5725,9594,227591,144848,40210,10649,77182,17618,5521,51,40
2021-06-04T23:59:59+02:00,7,17,7658,7682,16186,16333,21000,22328,31745,32863,37683,38725,26487,29562,19358,24146,6097,10284,0,7,4071,4187,7682,8037,8531,10115,10936,13392,14541,16460,14945,16898,14482,18306,5725,9592,225991,144504,39437,10319,77164,17525,5519,51,40
2021-06-03T23:59:59+02:00,5,17,7405,7450,15308,15539,19364,20939,30831,31935,37176,38262,26354,29427,19313,24094,6091,10266,0,7,4011,4148,7592,7964,8407,10017,10763,13207,13968,15886,14677,16580,14395,18198,5722,9579,219358,142267,37848,10197,77153,17250,5367,51,40
2021-06-02T23:59:59+02:00,5,17,7271,7305,14929,15114,18931,20534,30364,31478,36948,37999,26291,29362,19293,24065,6088,10264,0,7,3983,4117,7529,7878,8318,9921,10621,13075,13520,15452,14552,16397,14365,18160,5719,9574,216276,140467,37417,10102,77152,17216,5363,51,40
2021-06-01T23:59:59+02:00,5,14,6995,7064,14534,14806,18586,20213,30036,31164,36723,37766,26235,29283,19269,24037,6086,10253,0,7,3882,4034,7286,7702,8081,9725,10355,12799,13111,15026,14116,15941,14248,18003,5712,9566,213531,138314,37372,9848,77131,16407,4985,51,40
2021-05-31T23:59:59+02:00,5,14,6834,6875,14308,14571,17884,19612,29692,30820,36430,37502,26140,29183,19242,23984,6076,10241,0,7,3805,3926,7073,7449,7856,9441,10010,12412,12671,14504,13584,15324,14047,17772,5703,9550,212082,135114,35334,9524,77116,15625,4831,51,40
2021-05-30T23:59:59+02:00,5,14,6811,6859,14259,14529,17807,19554,29643,30779,36399,37475,26128,29171,19239,23977,6075,10239,0,7,3761,3853,6914,7235,7707,9200,9800,12089,12414,14149,13462,15152,13980,17689,5700,9543,211780,134372,35318,9420,77060,14069,4755,51,39
2021-05-29T23:59:59+02:00,5,14,6810,6858,14249,14522,17803,19548,29638,30774,36396,37474,26126,29168,19239,23976,6075,10239,0,7,3750,3841,6883,7201,7673,9149,9764,12041,12340,14050,13419,15083,13949,17664,5699,9538,211748,134229,35318,9419,77045,13611,4753,51,39
2021-05-28T23:59:59+02:00,5,14,6800,6845,14231,14509,17787,19526,29624,30761,36385,37454,26124,29164,19237,23972,6075,10239,0,6,3736,3817,6861,7160,7638,9094,9709,11936,12095,13780,13227,14890,13919,17623,5696,9535,211595,132925,35317,9418,77042,13592,4748,51,39
2021-05-27T23:59:59+02:00,5,14,6709,6763,13960,14292,17301,19177,28943,30218,36225,37321,26076,29130,19222,23957,6074,10233,0,6,3613,3654,6572,6907,7262,8783,9210,11376,11380,12876,12668,14316,13787,17428,5688,9523,210507,129378,33871,9078,77001,12363,4191,51,39
2021-05-26T23:59:59+02:00,5,14,6638,6657,13747,14090,17046,18865,28398,29703,36050,37146,26035,29081,19204,23928,6073,10226,0,6,3522,3510,6349,6620,6973,8355,8866,10895,10728,12072,12102,13696,13640,17209,5683,9501,208890,125742,33117,8893,76984,11190,3866,50,36
2021-05-25T23:59:59+02:00,5,14,6556,6560,13536,13870,16783,18652,27674,29054,35956,37048,26011,29050,19192,23912,6068,10225,0,6,3474,3414,6206,6452,6825,8164,8639,10601,10380,11705,11753,13215,13532,17046,5680,9493,208161,123879,31663,8755,76500,10122,3794,49,35
2021-05-24T23:59:59+02:00,5,14,6487,6464,13359,13670,16558,18372,27257,28625,35610,36646,25954,28982,19173,23888,6067,10223,0,6,3461,3393,6144,6369,6777,8079,8578,10505,10307,11606,11577,12981,13483,16954,5671,9472,207631,123240,29428,8703,76493,9631,3754,49,35
2021-05-23T23:59:59+02:00,5,14,6485,6463,13353,13661,16555,18362,27238,28615,35580,36612,25951,28976,19173,23882,6067,10223,0,3,3456,3389,6138,6358,6766,8072,8549,10474,10268,11547,11492,12878,13462,16920,5671,9471,207515,123225,29412,8284,76492,9622,3748,49,35
2021-05-22T23:59:59+02:00,5,14,6478,6460,13345,13649,16549,18357,27234,28613,35577,36606,25951,28976,19173,23882,6067,10223,0,3,3454,3389,6133,6355,6764,8068,8545,10472,10263,11544,11481,12864,13457,16916,5670,9471,207461,123184,29412,8284,76490,9598,3748,49,35
2021-05-21T23:59:59+02:00,5,14,6413,6403,13191,13545,16376,18207,26966,28434,35146,36340,25925,28939,19165,23876,6066,10219,0,3,3445,3379,6097,6332,6733,8034,8504,10423,10208,11494,10961,12149,13316,16756,5667,9466,206772,121415,29287,8281,75447,9560,3676,49,35
2021-05-20T23:59:59+02:00,4,13,6120,6202,12577,13128,15179,17283,25053,26930,34192,35572,25818,28792,19110,23794,6060,10203,0,3,3386,3332,6000,6217,6617,7876,8353,10258,9964,11184,10615,11688,13202,16571,5657,9452,201985,119385,27542,8199,72909,9209,3547,48,35
2021-05-19T23:59:59+02:00,4,13,5908,5959,12062,12665,14471,16577,24104,26111,33562,34967,25702,28700,19075,23736,6052,10191,0,3,3309,3256,5842,6043,6424,7631,8077,9975,9654,10800,10298,11271,13122,16424,5655,9444,196261,117449,27500,7997,72892,8588,3160,47,34
2021-05-18T23:59:59+02:00,4,12,5737,5846,11659,12346,13849,16076,22951,25160,32893,34362,25585,28566,19027,23684,6047,10181,0,3,3267,3224,5724,5930,6258,7471,7870,9757,9453,10558,10120,11018,12974,16199,5645,9435,191307,116268,26988,7927,72847,7880,2797,47,34
2021-05-17T23:59:59+02:00,4,11,5684,5803,11498,12240,13575,15855,22132,24523,32582,34047,25507,28506,19005,23654,6038,10171,0,3,3150,3150,5536,5746,6083,7255,7662,9530,9226,10313,10026,10890,12914,16135,5642,9430,189534,115497,26287,7919,72453,6727,2514,47,34
2021-05-16T23:59:59+02:00,4,11,5655,5783,11433,12183,13489,15775,21516,23973,31969,33519,25467,28461,18995,23639,6037,10171,0,3,3144,3128,5523,5677,6054,7194,7634,9430,9195,10228,10009,10868,12911,16131,5642,9430,188764,115383,24741,7911,72028,6376,2500,47,31
2021-05-15T23:59:59+02:00,4,11,5646,5774,11400,12174,13460,15766,21441,23901,31428,33143,25456,28456,18994,23636,6036,10170,0,3,3131,3113,5502,5634,6040,7119,7590,9312,8954,9973,9976,10837,12877,16080,5642,9429,188714,115375,24726,7773,71381,6007,2028,47,29
2021-05-14T23:59:59+02:00,4,11,5606,5747,11336,12135,13386,15701,21030,23587,30994,32793,25420,28410,18982,23620,6036,10168,0,3,3098,3073,5464,5546,6018,6982,7549,9108,8892,9777,9900,10727,12791,15950,5642,9426,187983,115200,24404,7436,70506,5255,2026,47,29
2021-05-13T23:59:59+02:00,4,10,5449,5591,10953,11839,12671,15114,18841,21840,29446,31321,25192,28167,18915,23549,6034,10165,0,3,3087,3038,5442,5507,6002,6925,7523,9038,8846,9715,9680,10481,12587,15641,5636,9415,184016,114835,20612,6603,68416,5089,2010,47,29
2021-05-12T23:59:59+02:00,2,10,5419,5564,10882,11779,12570,15026,18718,21714,29080,30956,25098,28069,18898,23521,6033,10160,0,3,3086,3031,5435,5501,5992,6911,7498,9023,8806,9660,9491,10247,12353,15317,5633,9408,183055,114544,19975,5731,68413,5083,2009,47,28
2021-05-11T23:59:59+02:00,2,10,5280,5456,10630,11524,12203,14656,18104,21068,28146,29982,24905,27879,18839,23446,6028,10146,0,3,3043,2990,5346,5344,5893,6724,7366,8776,8639,9437,9308,10048,12201,15126,5624,9387,178951,113471,19075,5622,68282,4185,1949,47,28
2021-05-10T23:59:59+02:00,2,9,5155,5381,10414,11331,11943,14399,17774,20733,27721,29573,24797,27772,18801,23400,6020,10142,0,3,2973,2936,5227,5228,5779,6620,7242,8634,8510,9330,9203,9922,12111,14997,5621,9378,176938,112934,18389,5610,68052,3201,1941,47,28
2021-05-09T23:59:59+02:00,2,9,5079,5336,10318,11211,11842,14279,17431,20447,27330,29196,24709,27684,18772,23364,6017,10139,0,3,2905,2904,5081,5186,5602,6577,7074,8605,8381,9294,9190,9912,12093,14976,5621,9378,176542,112854,17104,5601,67547,2374,1925,47,28
2021-05-08T23:59:59+02:00,2,9,5077,5335,10316,11205,11842,14278,17427,20445,27327,29193,24709,27684,18771,23364,6017,10139,0,3,2904,2903,5079,5186,5602,6577,7074,8605,8378,9293,9189,9911,12092,14976,5621,9378,176523,112851,17102,5600,67544,2368,1924,47,28
2021-05-07T23:59:59+02:00,2,9,5043,5309,10248,11153,11712,14154,17025,20170,26687,28634,24659,27632,18754,23332,6011,10109,0,3,2892,2896,5064,5176,5591,6561,7062,8594,8370,9282,9183,9903,12081,14956,5614,9350,175680,112836,17099,5594,66020,2323,1797,47,28
2021-05-06T23:59:59+02:00,2,9,4773,5150,9786,10810,11146,13635,15937,19145,24269,26334,24155,27099,18649,23230,6006,10095,0,3,2849,2848,4997,5099,5550,6469,6979,8475,8240,9129,9082,9788,12057,14905,5611,9347,170628,112294,14641,5538,63128,1781,1787,46,28
2021-05-05T23:59:59+02:00,2,9,4694,5067,9492,10581,10803,13309,15355,18545,23424,25365,23894,26771,18580,23124,5996,10077,0,2,2830,2811,4949,5014,5491,6347,6896,8308,8115,8911,8974,9655,11979,14818,5610,9338,166956,111341,13323,5532,62978,1361,1786,45,28
2021-05-04T23:59:59+02:00,2,9,4608,4975,9319,10383,10592,13066,14964,18148,22874,24797,23681,26495,18506,23042,5988,10063,0,2,2822,2775,4919,4938,5459,6223,6843,8166,8019,8756,8870,9542,11904,14759,5608,9335,164690,110832,12196,5520,62813,792,1768,45,28
2021-05-03T23:59:59+02:00,2,9,4537,4899,9128,10245,10415,12890,14680,17903,22458,24383,23541,26342,18479,22995,5988,10057,0,2,2749,2704,4836,4865,5382,6137,6748,8062,7835,8591,8782,9454,11863,14707,5605,9330,163173,110602,12195,5516,62714,682,824,45,28
2021-05-02T23:59:59+02:00,2,9,4524,4884,9052,10187,10290,12779,14351,17598,22155,24095,23491,26283,18460,22970,5987,10056,0,2,2743,2697,4778,4831,5294,6053,6608,7934,7716,8488,8736,9412,11839,14673,5603,9325,162285,110482,12191,5514,62609,665,43,45,28
2021-05-01T23:59:59+02:00,2,9,4523,4881,9050,10184,10289,12778,14347,17593,22152,24095,23490,26282,18460,22970,5987,10056,0,2,2743,2697,4778,4831,5294,6053,6606,7934,7716,8488,8736,9412,11839,14673,5603,9325,162261,110481,12190,5513,62609,665,43,45,28
2021-04-30T23:59:59+02:00,1,9,4449,4794,8811,9969,10026,12536,13865,17166,21309,23320,23366,26145,18444,22938,5984,10053,0,2,2739,2695,4767,4823,5284,6019,6595,7903,7683,8448,8732,9409,11838,14669,5601,9324,158661,110451,12189,5511,62281,532,9,45,28
2021-04-29T23:59:59+02:00,1,9,4302,4649,8330,9555,9323,11933,12860,16262,19452,21631,22652,25377,18305,22727,5978,10036,0,2,2715,2675,4723,4749,5239,5944,6529,7796,7601,8332,8618,9294,11770,14592,5594,9315,149429,109943,12173,5237,61728,271,9,43,28
2021-04-28T23:59:59+02:00,1,9,4271,4629,8257,9483,9247,11845,12740,16141,19234,21417,22563,25284,18278,22686,5976,10031,0,2,2712,2663,4698,4688,5211,5900,6499,7722,7552,8249,8601,9269,11753,14569,5592,9309,149037,109747,12085,5163,60919,44,8,43,27
2021-04-27T23:59:59+02:00,1,9,4233,4584,8119,9346,9132,11694,12593,15972,18784,20921,22330,25026,18213,22608,5973,10022,0,2,2708,2658,4695,4683,5201,5892,6486,7703,7517,8211,8538,9189,11671,14487,5588,9305,148304,109483,11010,4986,60195,36,8,43,21
2021-04-26T23:59:59+02:00,1,9,4191,4557,8012,9250,8984,11588,12421,15798,18371,20555,22196,24876,18176,22576,5972,10020,0,2,2708,2656,4691,4679,5196,5884,6473,7683,7484,8182,8490,9141,11615,14408,5584,9288,147521,109378,10875,4728,59107,31,7,43,20
2021-04-25T23:59:59+02:00,1,9,4177,4542,7974,9219,8920,11525,12284,15668,18025,20220,21995,24639,18136,22521,5968,10015,0,2,2708,2656,4690,4677,5193,5880,6468,7680,7482,8178,8434,9082,11592,14380,5584,9286,146133,109355,10862,4560,58793,30,7,43,20
2021-04-24T23:59:59+02:00,1,9,4169,4533,7957,9214,8905,11513,12234,15636,17966,20181,21980,24626,18134,22516,5968,10015,0,2,2707,2656,4690,4677,5193,5880,6468,7680,7482,8178,8434,9081,11592,14380,5584,9286,146029,109355,10861,4560,58619,29,7,41,19
2021-04-23T23:59:59+02:00,1,9,4149,4503,7899,9151,8818,11411,11895,15311,17531,19782,21764,24391,18070,22439,5966,10007,0,2,2704,2654,4686,4674,5186,5872,6453,7669,7458,8147,8413,9054,11583,14371,5582,9283,144759,109339,10515,4399,57776,28,6,41,19
2021-04-22T23:59:59+02:00,1,9,4101,4439,7768,8962,8632,11150,11569,14894,16616,18793,21190,23678,17934,22258,5955,9989,0,2,2696,2647,4681,4653,5163,5845,6409,7631,7382,8098,8278,8893,11434,14219,5577,9274,141023,108719,10381,4117,56488,21,6,40,19
2021-04-21T23:59:59+02:00,1,9,4060,4394,7668,8841,8474,10988,11271,14611,15877,18036,20809,23230,17859,22153,5950,9976,0,2,2687,2635,4663,4632,5146,5824,6397,7613,7353,8074,8228,8829,11393,14179,5575,9272,138089,108428,10249,4031,55825,19,6,38,18
2021-04-20T23:59:59+02:00,1,9,4035,4368,7633,8786,8396,10907,11106,14435,15442,17559,20341,22712,17754,22000,5941,9964,0,2,2678,2624,4653,4620,5121,5804,6369,7587,7312,8034,8132,8697,11315,14092,5571,9268,135923,107847,9983,3991,55439,18,6,38,17
2021-04-19T23:59:59+02:00,1,9,4005,4320,7569,8680,8303,10768,10948,14250,15189,17263,19857,22146,17587,21783,5930,9952,0,2,2673,2622,4648,4616,5107,5789,6350,7570,7285,7989,8078,8644,11288,14045,5569,9264,133847,107511,9629,3987,55042,18,6,36,17
2021-04-18T23:59:59+02:00,1,6,3985,4291,7508,8628,8197,10641,10688,14007,14696,16724,19424,21634,17464,21598,5926,9945,0,2,2672,2621,4648,4616,5107,5789,6349,7567,7282,7988,8074,8641,11285,14041,5568,9261,131417,107486,9557,3985,54347,17,6,36,17
2021-04-17T23:59:59+02:00,1,6,3982,4283,7487,8621,8186,10622,10645,13961,14584,16636,19303,21511,17442,21570,5925,9943,0,2,2672,2621,4647,4614,5100,5784,6335,7562,7257,7965,8027,8595,11266,14018,5566,9261,130974,107473,9547,3779,54145,17,6,36,17
2021-04-16T23:59:59+02:00,1,6,3971,4239,7416,8498,8083,10467,10451,13699,13913,15873,18736,20867,17317,21394,5914,9925,0,2,2669,2618,4642,4607,5095,5771,6317,7551,7219,7930,7717,8201,11172,13877,5559,9243,128126,106666,9486,3486,53117,16,5,36,17
2021-04-15T23:59:59+02:00,1,5,3927,4187,7302,8365,7904,10232,10115,13307,13183,15010,17921,20000,17075,21069,5899,9905,0,2,2668,2609,4630,4589,5081,5738,6283,7514,7147,7856,7154,7533,11042,13714,5555,9233,124461,104982,9325,3331,51581,14,4,36,17
2021-04-14T23:59:59+02:00,1,4,3901,4156,7237,8261,7797,10078,9935,13105,12764,14560,17393,19384,16923,20859,5893,9891,0,2,2634,2590,4612,4556,5053,5691,6248,7481,7089,7796,6501,6761,10775,13414,5551,9225,123063,102617,9083,3329,49959,12,4,33,17
2021-04-13T23:59:59+02:00,1,4,3897,4149,7199,8244,7740,10043,9827,13049,12392,14267,16702,18530,16685,20554,5889,9885,0,2,2608,2561,4592,4530,5025,5656,6189,7411,6998,7692,6286,6504,10180,12723,5542,9204,122351,100352,8862,3318,47807,12,4,33,17
2021-04-12T23:59:59+02:00,1,4,3884,4131,7143,8197,7682,9972,9717,12948,12143,14050,16258,18011,16497,20339,5884,9882,0,2,2579,2550,4525,4486,4919,5585,6071,7334,6880,7592,5538,5678,9727,12184,5502,9162,122010,96972,8825,3309,45872,12,4,32,17
2021-04-11T23:59:59+02:00,1,4,3869,4123,7101,8144,7622,9928,9625,12868,11906,13841,15687,17318,16218,19997,5879,9872,0,2,2503,2472,4396,4365,4769,5452,5909,7183,6730,7487,5235,5316,9595,12021,5502,9158,121411,94806,8390,3257,44167,11,4,31,17
2021-04-10T23:59:59+02:00,1,4,3851,4103,7061,8095,7578,9870,9563,12809,11815,13756,15470,17125,16169,19927,5878,9865,0,2,1942,1909,3583,3646,3900,4686,4905,6261,5873,6694,4961,5010,9466,11869,5495,9149,120941,86062,8390,3257,43574,11,4,31,17
2021-04-09T23:59:59+02:00,1,4,3830,4083,7022,8064,7517,9812,9413,12677,11485,13473,14285,15591,15723,19395,5865,9853,0,2,1084,1091,2228,2449,2388,3317,3120,4616,4238,5224,4265,4267,9213,11505,5469,9119,119034,70310,8387,3254,40638,11,3,31,17
2021-04-08T23:59:59+02:00,1,4,3804,4067,6960,8006,7413,9716,9225,12560,11078,13122,13145,14325,15302,18862,5843,9817,0,2,587,602,1307,1743,1482,2391,2018,3524,2857,3833,3015,2861,8389,10497,5311,8883,117760,56024,8302,3250,37156,10,1,31,17
2021-04-07T23:59:59+02:00,1,4,3757,4040,6881,7947,7321,9645,9097,12430,10764,12811,12411,13553,15082,18597,5837,9795,0,2,357,385,954,1398,1076,2005,1509,3061,1904,2828,1826,1567,7479,9343,5156,8623,116787,46196,8144,3250,35012,9,1,29,17
2021-04-06T23:59:59+02:00,1,4,3740,4028,6858,7907,7265,9579,9004,12351,10552,12592,12025,13055,14858,18303,5826,9782,0,2,350,372,944,1387,1062,1983,1481,3034,1845,2769,1747,1498,7060,8783,5004,8382,115507,44429,8045,3248,34151,8,1,26,17
2021-04-05T23:59:59+02:00,1,4,3734,4026,6846,7893,7251,9568,8985,12323,10488,12532,11913,12906,14759,18210,5824,9779,0,2,348,365,934,1383,1056,1974,1471,3013,1823,2735,1693,1445,6827,8472,4879,8197,115163,43345,8023,3246,33830,8,1,25,17
2021-04-04T23:59:59+02:00,1,4,3734,4026,6844,7887,7250,9567,8982,12323,10478,12527,11909,12902,14756,18209,5824,9779,0,2,348,364,932,1382,1055,1972,1470,3012,1821,2732,1690,1440,6820,8458,4874,8194,115157,43296,8022,3244,33797,8,1,25,17
2021-04-03T23:59:59+02:00,1,4,3734,4026,6844,7886,7249,9567,8982,12322,10477,12527,11909,12901,14754,18206,5824,9779,0,2,348,363,930,1378,1053,1971,1469,3007,1819,2732,1684,1428,6777,8376,4839,8158,115152,43065,8022,3244,33792,7,1,25,17
2021-04-02T23:59:59+02:00,1,4,3732,4024,6840,7882,7242,9561,8969,12313,10461,12511,11782,12785,14710,18148,5821,9770,0,2,346,361,928,1372,1047,1959,1454,2982,1778,2693,1588,1342,6008,7474,4396,7586,115020,40372,8016,2919,33494,7,1,25,17
2021-04-01T23:59:59+02:00,1,3,3693,4011,6805,7860,7200,9529,8917,12274,10387,12440,11431,12377,14329,17626,5815,9752,0,2,341,358,911,1358,1035,1938,1422,2937,1718,2625,1462,1243,5059,6346,3826,6743,114617,36385,6593,2914,33214,7,1,25,17
2021-03-31T23:59:59+02:00,0,3,3687,4005,6791,7841,7182,9511,8882,12241,10297,12368,11096,11966,13978,17127,5809,9730,0,2,338,354,903,1347,1024,1921,1402,2909,1668,2588,1394,1190,4466,5656,3463,6265,114031,34025,5583,2840,32874,7,1,25,17
2021-03-30T23:59:59+02:00,0,3,3669,3978,6755,7802,7125,9444,8792,12138,10135,12211,10837,11689,13759,16861,5802,9716,0,2,334,347,897,1336,1016,1915,1378,2902,1640,2562,1367,1164,4346,5532,3401,6170,113215,33644,5330,2640,32147,7,1,23,17
2021-03-29T23:59:59+02:00,0,3,3659,3956,6729,7780,7085,9390,8696,12043,9951,12001,10397,11218,13385,16392,5786,9683,0,2,328,344,893,1324,1010,1906,1368,2889,1626,2553,1343,1149,4211,5388,3303,6037,111532,33017,5024,2633,31574,6,1,23,17
2021-03-28T23:59:59+02:00,0,3,3618,3899,6614,7622,6968,9246,8570,11850,9798,11809,10186,10955,13208,16210,5782,9674,0,2,328,344,893,1322,1008,1905,1366,2889,1625,2551,1334,1146,4178,5344,3277,6011,111156,32971,4759,2530,30074,5,1,22,16
2021-03-27T23:59:59+01:00,0,3,3617,3887,6602,7558,6938,9133,8520,11679,9746,11655,10073,10831,13114,16121,5781,9674,0,2,328,343,893,1322,1008,1902,1366,2887,1621,2550,1332,1144,4152,5309,3264,5996,111145,32868,4759,2529,29005,5,1,22,16
2021-03-26T23:59:59+01:00,0,3,3610,3880,6574,7521,6910,9058,8472,11566,9655,11527,10024,10768,13065,16064,5773,9653,0,2,323,341,892,1319,1004,1891,1363,2865,1601,2536,1307,1127,3965,5079,3155,5840,111086,32099,4535,2489,28479,5,1,22,16
2021-03-25T23:59:59+01:00,0,3,3586,3849,6480,7397,6818,8891,8283,11335,9346,11210,9644,10383,12759,15747,5768,9642,0,2,323,340,890,1310,1000,1880,1349,2852,1577,2517,1281,1107,3726,4829,2902,5498,110707,30873,4322,2489,26089,4,1,22,16
2021-03-24T23:59:59+01:00,0,3,3528,3797,6390,7213,6693,8665,8119,11097,9119,10885,9227,9892,12341,15289,5757,9631,0,2,323,339,889,1306,995,1878,1342,2848,1561,2501,1272,1097,3659,4755,2717,5271,110188,30248,4182,2489,23253,1,1,22,16
2021-03-23T23:59:59+01:00,0,3,3510,3764,6344,7157,6616,8606,8001,10970,8872,10651,8805,9423,11888,14767,5747,9617,0,2,323,339,888,1296,990,1869,1337,2839,1557,2492,1247,1072,3567,4678,2519,4947,109370,29456,4092,2489,21257,1,0,22,16
2021-03-22T23:59:59+01:00,0,3,3501,3744,6302,7129,6579,8558,7935,10895,8724,10515,8522,9071,11586,14443,5712,9578,0,2,321,334,882,1285,982,1862,1329,2828,1547,2482,1235,1063,3538,4642,2500,4914,108700,29240,4090,2489,19985,1,0,22,16
2021-03-21T23:59:59+01:00,0,3,3499,3742,6298,7119,6561,8542,7918,10876,8667,10457,8402,8954,11516,14340,5709,9575,0,2,319,333,874,1282,975,1855,1320,2826,1542,2478,1231,1060,3529,4627,2485,4904,108613,29136,4088,2489,19455,1,0,22,16
2021-03-20T23:59:59+01:00,0,3,3490,3704,6290,7047,6544,8404,7891,10692,8623,10321,8324,8868,11478,14301,5709,9575,0,2,319,333,874,1282,975,1854,1319,2826,1542,2476,1231,1060,3529,4626,2485,4904,108577,29132,3876,2488,18789,1,0,22,16
2021-03-19T23:59:59+01:00,0,3,3477,3674,6262,6961,6520,8310,7845,10575,8510,10160,7780,8259,11290,14057,5700,9557,0,2,316,332,869,1275,958,1844,1297,2795,1492,2431,1146,991,2857,3829,2065,4320,106949,26314,3575,2488,18394,1,0,22,16
2021-03-18T23:59:59+01:00,0,3,3466,3656,6221,6921,6484,8248,7780,10489,8394,10032,6817,7154,11009,13755,5688,9532,0,2,315,332,865,1270,952,1834,1281,2786,1468,2410,1107,971,2649,3589,1908,4096,103913,25330,3412,2488,18302,1,0,22,16
2021-03-17T23:59:59+01:00,0,3,3428,3618,6150,6834,6429,8144,7688,10358,8263,9874,6128,6303,10727,13440,5671,9505,0,2,314,332,857,1264,947,1821,1267,2764,1449,2383,1069,946,2520,3456,1825,3979,101107,24692,3410,2488,18024,1,0,22,14
2021-03-16T23:59:59+01:00,0,3,3409,3586,6112,6782,6384,8070,7633,10293,8172,9772,5951,6126,10014,12620,5630,9440,0,2,307,321,843,1247,935,1812,1261,2744,1437,2375,1054,925,2304,3209,1688,3781,98822,23744,3397,2486,17756,1,0,22,14
2021-03-15T23:59:59+01:00,0,3,3372,3553,6013,6699,6254,7976,7489,10172,8044,9645,5196,5289,9564,12068,5586,9370,0,2,306,320,839,1243,933,1804,1259,2731,1428,2366,1040,913,2159,3034,1596,3686,95284,23159,3388,2485,17599,1,0,22,14
2021-03-14T23:59:59+01:00,0,3,3248,3412,5734,6355,5982,7615,7172,9757,7758,9328,4863,4898,9403,11867,5582,9355,0,2,306,319,839,1243,932,1804,1256,2730,1426,2363,1037,910,2156,3031,1593,3685,92888,23135,3333,2482,16089,1,0,22,14
2021-03-13T23:59:59+01:00,0,3,2593,2758,4800,5489,4971,6688,5984,8643,6742,8379,4546,4515,9016,11341,5491,9248,0,2,306,318,838,1241,932,1798,1254,2728,1425,2363,1037,909,2132,2994,1562,3649,82222,22991,3333,2482,15630,1,0,22,14
2021-03-12T23:59:59+01:00,0,2,1770,1950,3467,4337,3462,5360,4235,7003,5098,6867,3870,3806,7758,9789,4977,8558,0,2,302,314,836,1237,925,1791,1247,2708,1401,2346,991,882,1775,2528,1288,3286,63359,21362,3330,2482,15598,1,0,22,14
2021-03-11T23:59:59+01:00,0,2,1274,1473,2562,3597,2562,4426,3142,5913,3736,5480,2692,2526,6050,7676,4201,7375,0,2,297,305,820,1229,912,1768,1229,2679,1375,2299,953,862,1615,2293,1161,3096,46042,20398,3327,2482,15296,1,0,22,14
2021-03-10T23:59:59+01:00,0,2,1052,1257,2193,3241,2187,4033,2691,5472,2823,4514,1555,1320,4686,5950,3634,6607,0,2,287,295,802,1208,890,1731,1195,2605,1336,2233,925,842,1433,2102,1064,2920,34973,19483,3326,2373,14897,0,0,21,14
2021-03-09T23:59:59+01:00,0,2,1036,1227,2130,3104,2122,3918,2607,5338,2740,4388,1521,1289,4608,5874,3592,6548,0,2,283,288,788,1187,873,1705,1168,2563,1318,2205,910,830,1355,1978,992,2804,34556,18906,3323,2329,14144,0,0,21,14
2021-03-08T23:59:59+01:00,0,2,1014,1198,2072,3002,2081,3837,2547,5224,2685,4315,1483,1267,4461,5713,3490,6405,0,2,283,284,783,1179,871,1696,1160,2555,1310,2189,885,809,1184,1751,865,2633,33856,18100,3323,2325,13596,0,0,21,14
2021-03-07T23:59:59+01:00,0,2,1009,1179,2032,2956,2039,3796,2506,5159,2644,4278,1478,1264,4454,5705,3487,6405,0,2,283,284,783,1178,871,1696,1160,2555,1309,2189,882,809,1175,1741,856,2622,33820,18099,3317,2282,13235,0,0,21,14
2021-03-06T23:59:59+01:00,0,2,1008,1176,2021,2941,2027,3777,2490,5132,2627,4256,1465,1254,4420,5659,3473,6393,0,2,283,284,783,1178,871,1695,1160,2555,1309,2189,882,809,1175,1741,856,2621,33676,18098,3316,2281,13108,0,0,21,14
2021-03-05T23:59:59+01:00,0,2,1004,1170,2006,2921,1997,3753,2447,5077,2573,4219,1429,1226,4150,5333,3321,6171,0,2,282,280,776,1169,865,1687,1157,2546,1305,2178,868,805,1167,1732,855,2619,32928,18000,2983,2280,12867,0,0,21,13
2021-03-04T23:59:59+01:00,0,2,912,1019,1917,2795,1930,3615,2370,4922,2483,4059,1398,1204,3907,5071,3054,5816,0,2,282,278,773,1164,862,1678,1156,2532,1300,2169,836,789,1153,1722,848,2606,31662,17881,2978,2256,11813,0,0,21,13
2021-03-03T23:59:59+01:00,0,2,865,907,1850,2696,1859,3511,2300,4808,2409,3975,1385,1189,3797,4964,2831,5541,0,2,280,275,772,1152,859,1659,1149,2490,1290,2143,819,785,1145,1701,839,2597,30981,17845,2857,2099,11030,0,0,21,13
2021-03-02T23:59:59+01:00,0,2,821,830,1754,2572,1775,3387,2208,4684,2349,3897,1350,1167,3667,4829,2621,5189,0,2,280,274,771,1146,855,1654,1143,2485,1284,2132,817,783,1130,1680,828,2578,30242,17732,2667,2097,10172,0,0,21,13
2021-03-01T23:59:59+01:00,0,2,798,793,1655,2429,1703,3242,2107,4511,2269,3776,1332,1155,3616,4764,2577,5129,0,2,280,272,767,1141,850,1641,1138,2473,1279,2120,810,780,1125,1668,820,2570,29986,17626,2583,2097,9268,0,0,21,13
2021-02-28T23:59:59+01:00,0,2,792,770,1638,2360,1675,3168,2084,4412,2254,3709,1326,1149,3606,4748,2562,5118,0,2,279,271,767,1140,850,1636,1138,2471,1279,2115,806,778,1117,1655,816,2560,29877,17603,2579,2064,8897,0,0,20,13
2021-02-27T23:59:59+01:00,0,2,777,753,1616,2299,1658,3057,2065,4286,2233,3614,1323,1146,3606,4746,2560,5117,0,2,279,271,767,1140,850,1636,1138,2471,1279,2114,806,778,1107,1649,799,2546,29871,17602,2578,2017,8389,0,0,20,13
2021-02-26T23:59:59+01:00,0,2,649,672,1510,2186,1606,2899,2002,4049,2132,3378,1231,1075,2951,3949,2125,4523,0,2,279,270,766,1138,849,1635,1138,2469,1277,2111,804,773,1089,1636,789,2529,27048,17526,2578,2015,7293,0,0,20,13
2021-02-25T23:59:59+01:00,0,2,501,595,1393,2081,1538,2771,1942,3923,2030,3264,1180,1040,2718,3678,1958,4279,0,2,262,255,742,1116,807,1566,1088,2368,1201,2019,748,752,1056,1598,777,2501,25970,17435,2550,1410,6353,0,0,20,13
2021-02-24T23:59:59+01:00,0,2,472,565,1323,1972,1468,2628,1872,3772,1954,3113,1142,1011,2578,3542,1878,4158,0,2,235,243,717,1070,780,1505,1058,2305,1146,1968,721,729,1008,1568,764,2470,25323,17243,2538,1033,5569,0,0,20,13
2021-02-23T23:59:59+01:00,0,2,417,525,1242,1830,1393,2481,1796,3560,1885,2991,1116,975,2370,3312,1750,3965,0,2,230,237,702,1044,768,1466,1036,2258,1119,1925,712,718,999,1554,761,2466,24382,17148,2529,836,4679,0,0,20,13
2021-02-22T23:59:59+01:00,0,2,404,491,1142,1721,1290,2382,1687,3453,1804,2919,1094,962,2226,3137,1658,3866,0,2,220,228,678,992,737,1403,1010,2164,1076,1843,668,685,929,1474,722,2407,23788,16955,2526,270,3904,0,0,20,13
2021-02-21T23:59:59+01:00,0,2,387,475,1041,1689,1140,2358,1530,3430,1699,2901,1086,960,2225,3136,1658,3866,0,2,193,222,647,984,725,1395,996,2159,1070,1841,665,682,926,1468,714,2399,23757,16821,2526,255,3280,0,0,20,12
2021-02-20T23:59:59+01:00,0,2,386,473,1040,1689,1139,2358,1529,3427,1699,2899,1086,959,2224,3136,1657,3865,0,2,192,220,644,984,722,1394,990,2156,1068,1841,665,682,926,1468,714,2398,23751,16799,2525,255,3272,0,0,20,12
2021-02-19T23:59:59+01:00,0,2,381,464,1028,1685,1128,2348,1514,3408,1666,2884,1035,930,1848,2628,1355,3471,0,2,169,210,618,980,705,1386,973,2154,1062,1839,662,681,925,1468,713,2395,21984,16675,2525,255,3246,0,0,20,12
2021-02-18T23:59:59+01:00,0,2,360,443,989,1600,1090,2262,1459,3291,1624,2792,1005,906,1670,2382,1221,3260,0,2,149,199,579,969,685,1373,939,2137,1036,1816,651,662,904,1440,699,2373,20982,16346,2525,255,2829,0,0,20,12
2021-02-17T23:59:59+01:00,0,2,337,391,906,1457,982,2066,1326,3036,1513,2571,967,876,1478,2168,1120,3079,0,2,143,192,567,938,660,1319,906,2058,989,1739,616,630,897,1413,693,2353,19900,15848,2525,255,1832,0,0,18,12
2021-02-16T23:59:59+01:00,0,2,331,351,864,1319,931,1880,1265,2816,1446,2410,956,859,1415,2071,1052,2976,0,2,137,179,553,897,645,1265,879,1993,959,1697,606,620,873,1380,679,2288,19522,15520,2524,120,880,0,0,18,12
2021-02-15T23:59:59+01:00,0,2,316,309,835,1288,914,1824,1225,2732,1407,2354,927,826,1236,1841,921,2798,0,2,129,171,532,870,627,1203,853,1920,936,1620,585,583,855,1343,670,2243,18604,15050,2523,80,612,0,0,16,12
2021-02-14T23:59:59+01:00,0,2,316,309,834,1288,913,1823,1224,2732,1406,2354,927,826,1236,1841,921,2797,0,2,128,171,531,862,623,1197,847,1914,933,1617,584,582,852,1342,669,2239,18602,15002,2523,79,608,0,0,16,12
2021-02-13T23:59:59+01:00,0,2,316,309,834,1288,913,1820,1224,2730,1406,2352,927,826,1236,1841,919,2797,0,2,128,171,531,862,623,1197,844,1911,931,1613,581,582,837,1320,657,2222,18595,14999,2521,1,608,0,0,16,12
2021-02-12T23:59:59+01:00,0,2,310,308,825,1283,909,1790,1218,2703,1378,2322,925,824,1235,1838,919,2797,0,2,128,171,529,860,622,1190,838,1899,925,1600,578,580,823,1309,652,2209,18587,14902,2521,1,462,0,0,16,12
2021-02-11T23:59:59+01:00,0,2,292,299,810,1248,903,1755,1201,2639,1355,2267,891,810,1223,1827,918,2787,0,2,125,156,511,821,600,1125,804,1799,902,1541,565,566,796,1273,637,2176,18475,14387,2520,0,216,0,0,16,12
2021-02-10T23:59:59+01:00,0,2,288,290,791,1209,890,1726,1189,2593,1340,2225,886,808,1208,1810,912,2768,0,2,121,146,444,736,554,1032,726,1673,844,1455,550,549,779,1250,625,2146,18446,13632,2415,0,59,0,0,15,0
2021-02-09T23:59:59+01:00,0,2,288,287,785,1193,878,1707,1173,2573,1324,2199,871,802,1194,1791,900,2748,0,2,105,127,386,647,501,898,645,1465,755,1262,495,469,659,1079,544,1880,18329,11919,2368,0,3,0,0,15,0
2021-02-08T23:59:59+01:00,0,2,288,286,783,1187,874,1700,1170,2569,1317,2191,865,799,1178,1767,882,2723,0,2,94,103,339,550,449,794,555,1254,647,1094,418,392,570,880,439,1547,18200,10127,2365,0,1,0,0,15,0
2021-02-07T23:59:59+01:00,0,2,287,285,782,1185,873,1700,1170,2568,1317,2188,859,797,1177,1764,880,2721,0,2,91,102,337,545,447,790,553,1244,643,1088,412,386,549,857,433,1532,18176,10011,2364,0,0,0,0,15,0
2021-02-06T23:59:59+01:00,0,2,287,284,781,1184,873,1699,1170,2568,1317,2187,858,797,1175,1758,878,2719,0,2,91,101,337,541,446,789,552,1240,641,1086,408,381,500,788,402,1486,18160,9791,2362,0,0,0,0,15,0
2021-02-05T23:59:59+01:00,0,2,287,283,781,1183,872,1698,1169,2567,1316,2182,851,791,1152,1747,871,2703,0,1,85,98,329,535,430,770,527,1204,612,1042,385,352,474,760,381,1439,18078,9424,2362,0,0,0,0,15,0
2021-02-04T23:59:59+01:00,0,2,284,275,777,1162,860,1676,1154,2539,1302,2158,828,777,1123,1716,864,2684,0,0,71,79,260,412,335,599,409,974,500,839,313,288,366,614,314,1216,17828,7589,2338,0,0,0,0,15,0
2021-02-03T23:59:59+01:00,0,2,283,270,773,1139,858,1649,1147,2488,1290,2127,809,763,1107,1694,852,2671,0,0,57,58,171,283,260,447,289,722,372,598,216,206,261,453,225,911,17729,5529,2178,0,0,0,0,15,0
2021-02-02T23:59:59+01:00,0,2,282,264,769,1129,852,1627,1139,2462,1277,2109,802,756,1099,1683,850,2663,0,0,37,36,94,144,151,260,177,451,241,378,142,136,179,276,158,588,17573,3448,2177,0,0,0,0,15,0
2021-02-01T23:59:59+01:00,0,2,280,260,764,1110,844,1606,1134,2433,1273,2075,792,743,1092,1672,845,2647,0,0,13,13,17,31,28,69,48,91,77,105,56,48,66,83,47,199,17381,991,2176,0,0,0,0,15,0
2021-01-31T23:59:59+01:00,0,2,274,258,748,1108,835,1595,1124,2422,1262,2067,786,737,1082,1654,838,2633,0,0,12,13,16,29,26,66,42,86,69,97,52,48,61,76,44,186,17344,923,2067,0,0,0,0,14,0
2021-01-30T23:59:59+01:00,0,2,274,258,748,1107,834,1595,1124,2422,1262,2067,785,737,1072,1647,821,2618,0,0,12,11,15,29,25,66,42,86,68,95,51,47,60,76,44,185,17339,912,2020,0,0,0,0,14,0
2021-01-29T23:59:59+01:00,0,2,272,258,748,1106,834,1595,1124,2422,1262,2066,784,736,1071,1645,821,2616,0,0,10,6,13,27,25,64,41,85,67,95,50,46,60,76,44,185,17330,894,2018,0,0,0,0,14,0
2021-01-28T23:59:59+01:00,0,2,268,254,737,1080,799,1539,1087,2361,1184,2006,743,722,1043,1625,805,2595,0,0,5,0,4,9,10,28,20,37,22,45,22,22,26,49,17,109,17147,425,1689,0,0,0,0,14,0
2021-01-27T23:59:59+01:00,0,2,262,247,714,1048,754,1482,1028,2280,1111,1925,708,695,1029,1602,802,2588,0,0,4,0,4,6,7,24,15,23,15,32,7,9,11,12,5,30,16698,204,1565,0,0,0,0,14,0
2021-01-26T23:59:59+01:00,0,2,239,238,699,1022,746,1434,1008,2206,1084,1860,696,681,1005,1586,792,2569,0,0,4,0,2,6,6,13,13,12,8,11,4,5,7,8,2,17,16648,118,1206,0,0,0,0,13,0
2021-01-25T23:59:59+01:00,0,2,208,223,646,949,694,1312,965,2061,1026,1724,649,625,927,1489,745,2493,0,0,4,0,2,6,6,13,13,12,8,11,4,5,7,8,2,17,16420,118,305,0,0,0,0,13,0
2021-01-24T23:59:59+01:00,0,2,191,217,620,937,676,1297,947,2044,1010,1714,642,619,916,1469,736,2480,0,0,3,0,2,5,6,13,12,12,7,11,4,5,7,8,2,17,16244,114,260,0,0,0,0,13,0
2021-01-23T23:59:59+01:00,0,2,191,217,620,937,676,1297,947,2044,1010,1714,642,619,916,1469,736,2480,0,0,3,0,2,4,6,13,10,12,7,11,4,5,7,8,2,17,16244,111,260,0,0,0,0,13,0
2021-01-22T23:59:59+01:00,0,2,144,199,562,927,658,1282,913,2034,998,1704,637,618,915,1469,736,2480,0,0,3,0,1,4,6,11,10,12,6,11,4,5,7,8,2,17,16005,107,260,0,0,0,0,13,0
2021-01-21T23:59:59+01:00,0,2,139,190,547,906,638,1241,880,1980,977,1657,625,597,903,1437,729,2461,0,0,3,0,0,4,5,11,9,12,6,11,4,5,7,8,2,16,15636,103,260,0,0,0,0,13,0
2021-01-20T23:59:59+01:00,0,2,133,173,500,843,615,1163,817,1870,940,1585,605,579,886,1414,719,2431,0,0,3,0,0,4,5,11,9,12,6,11,3,5,7,8,2,16,15004,102,258,0,0,0,0,13,0
2021-01-19T23:59:59+01:00,0,2,123,155,429,757,553,1035,733,1681,840,1426,558,529,785,1252,637,2167,0,0,3,0,0,4,5,8,9,12,6,11,3,5,7,8,2,16,13458,99,191,0,0,0,0,13,0
2021-01-18T23:59:59+01:00,0,2,105,121,360,606,462,863,602,1420,714,1216,488,463,696,1088,559,1876,0,0,1,0,0,1,1,0,0,0,0,1,0,0,0,1,0,0,11546,5,82,0,0,0,0,13,0
2021-01-17T23:59:59+01:00,0,2,100,119,356,601,461,857,600,1402,707,1206,482,453,669,1057,539,1830,0,0,1,0,0,1,0,0,0,0,0,1,0,0,0,1,0,0,11347,4,81,0,0,0,0,13,0
2021-01-16T23:59:59+01:00,0,2,100,116,354,592,458,852,588,1389,696,1193,467,439,572,931,478,1731,0,0,0,0,0,1,0,0,0,0,0,0,0,0,0,0,0,0,10942,1,3,0,0,0,0,13,0
2021-01-15T23:59:59+01:00,0,2,98,114,349,590,452,847,582,1381,679,1176,451,421,563,919,467,1707,0,0,0,0,0,0,0,0,0,0,0,0,0,0,0,0,0,0,10784,0,1,0,0,0,0,13,0
2021-01-14T23:59:59+01:00,0,0,80,91,294,488,373,683,464,1127,560,996,370,338,443,753,383,1451,0,0,0,0,0,0,0,0,0,0,0,0,0,0,0,0,0,0,8881,0,0,0,0,0,0,13,0
2021-01-13T23:59:59+01:00,0,0,66,68,208,372,297,512,352,844,430,714,261,239,327,566,294,1114,0,0,0,0,0,0,0,0,0,0,0,0,0,0,0,0,0,0,6652,0,0,0,0,0,0,12,0
2021-01-12T23:59:59+01:00,0,0,44,46,130,220,184,317,213,536,287,446,168,155,214,372,202,749,0,0,0,0,0,0,0,0,0,0,0,0,0,0,0,0,0,0,4283,0,0,0,0,0,0,0,0
2021-01-11T23:59:59+01:00,0,0,14,15,45,62,43,98,61,123,100,132,70,61,94,115,58,256,0,0,0,0,0,0,0,0,0,0,0,0,0,0,0,0,0,0,1347,0,0,0,0,0,0,0,0
2021-01-10T23:59:59+01:00,0,0,13,15,32,50,36,80,52,114,85,122,63,57,86,105,55,241,0,0,0,0,0,0,0,0,0,0,0,0,0,0,0,0,0,0,1206,0,0,0,0,0,0,0,0
2021-01-09T23:59:59+01:00,0,0,13,14,28,49,35,79,51,113,83,119,62,56,85,104,53,240,0,0,0,0,0,0,0,0,0,0,0,0,0,0,0,0,0,0,1184,0,0,0,0,0,0,0,0
2021-01-08T23:59:59+01:00,0,0,9,6,28,43,33,76,49,110,82,118,59,52,79,99,49,240,0,0,0,0,0,0,0,0,0,0,0,0,0,0,0,0,0,0,1132,0,0,0,0,0,0,0,0
2021-01-07T23:59:59+01:00,0,0,6,1,10,22,16,42,28,77,36,77,33,27,52,82,33,183,0,0,0,0,0,0,0,0,0,0,0,0,0,0,0,0,0,0,725,0,0,0,0,0,0,0,0
2021-01-06T23:59:59+01:00,0,0,6,0,5,11,11,34,25,43,22,48,27,24,38,56,23,131,0,0,0,0,0,0,0,0,0,0,0,0,0,0,0,0,0,0,504,0,0,0,0,0,0,0,0
2021-01-05T23:59:59+01:00,0,0,5,0,5,10,11,34,25,43,22,48,27,24,38,55,23,131,0,0,0,0,0,0,0,0,0,0,0,0,0,0,0,0,0,0,501,0,0,0,0,0,0,0,0
2021-01-04T23:59:59+01:00,0,0,4,0,2,5,5,14,14,12,7,12,4,5,7,9,2,18,0,0,0,0,0,0,0,0,0,0,0,0,0,0,0,0,0,0,120,0,0,0,0,0,0,0,0
2021-01-03T23:59:59+01:00,0,0,3,0,2,5,5,13,13,12,7,12,4,5,7,9,2,17,0,0,0,0,0,0,0,0,0,0,0,0,0,0,0,0,0,0,116,0,0,0,0,0,0,0,0
2021-01-02T23:59:59+01:00,0,0,3,0,2,5,5,13,11,12,7,12,4,5,7,9,2,17,0,0,0,0,0,0,0,0,0,0,0,0,0,0,0,0,0,0,114,0,0,0,0,0,0,0,0
2021-01-01T23:59:59+01:00,0,0,3,0,1,4,5,11,11,12,6,12,4,5,7,8,2,17,0,0,0,0,0,0,0,0,0,0,0,0,0,0,0,0,0,0,108,0,0,0,0,0,0,0,0
2020-12-31T23:59:59+01:00,0,0,3,0,0,4,5,11,9,12,6,12,4,5,7,8,2,17,0,0,0,0,0,0,0,0,0,0,0,0,0,0,0,0,0,0,105,0,0,0,0,0,0,0,0
2020-12-30T23:59:59+01:00,0,0,3,0,0,4,5,11,9,12,6,12,3,5,7,8,2,17,0,0,0,0,0,0,0,0,0,0,0,0,0,0,0,0,0,0,104,0,0,0,0,0,0,0,0
2020-12-29T23:59:59+01:00,0,0,3,0,0,3,5,8,9,12,6,12,3,5,7,8,2,17,0,0,0,0,0,0,0,0,0,0,0,0,0,0,0,0,0,0,100,0,0,0,0,0,0,0,0
2020-12-28T23:59:59+01:00,0,0,3,0,0,3,5,8,9,12,5,12,3,5,7,8,2,17,0,0,0,0,0,0,0,0,0,0,0,0,0,0,0,0,0,0,99,0,0,0,0,0,0,0,0
2020-12-27T23:59:59+01:00,0,0,1,0,0,0,0,0,0,0,0,1,0,0,2,4,0,8,0,0,0,0,0,0,0,0,0,0,0,0,0,0,0,0,0,0,16,0,0,0,0,0,0,0,0
