Datum,<15_m,<15_w,15-24_1_m,15-24_1_w,25-34_1_m,25-34_1_w,35-44_1_m,35-44_1_w,45-54_1_m,45-54_1_w,55-64_1_m,55-64_1_w,65-74_1_m,65-74_1_w,75-84_1_m,75-84_1_w,>84_1_m,>84_1_w,<24_2_m,<24_2_w,25-34_2_m,25-34_2_w,35-44_2_m,35-44_2_w,45-54_2_m,45-54_2_w,55-64_2_m,55-64_2_w,65-74_2_m,65-74_2_w,75-84_2_m,75-84_2_w,>84_2_m,>84_2_w,bp_1,bp_2,mo_1,mo_2,az_1,az_2,ja,unb_1,unb_2
2021-08-10T23:59:59+02:00,2148,1903,21789,20858,31544,28975,32326,32295,38058,38546,41863,42170,27661,30880,19682,24709,5984,10115,16567,15995,27586,25151,29686,29421,35405,35573,39293,39640,26396,29416,18876,23507,5712,9602,312939,280764,44514,42616,77434,69961,16548,71,26
2021-08-09T23:59:59+02:00,2136,1895,21768,20844,31532,28962,32315,32286,38050,38540,41856,42158,27658,30879,19681,24702,5983,10115,16501,15949,27537,25106,29657,29388,35379,35545,39272,39618,26391,29406,18873,23502,5712,9600,312795,280343,44514,42615,77434,69951,16546,71,26
2021-08-08T23:59:59+02:00,2134,1890,21757,20835,31528,28956,32307,32282,38045,38538,41854,42154,27654,30878,19679,24698,5983,10115,16464,15908,27505,25083,29642,29356,35366,35527,39263,39606,26385,29398,18868,23498,5711,9599,312723,280063,44514,42613,77434,69951,16545,71,26
2021-08-07T23:59:59+02:00,2093,1850,21641,20760,31467,28894,32249,32229,37994,38490,41822,42131,27647,30854,19674,24690,5981,10113,16113,15583,27330,24920,29496,29221,35241,35425,39174,39530,26352,29363,18859,23484,5710,9598,312167,278338,44486,42561,77428,69884,16427,71,26
2021-08-06T23:59:59+02:00,2084,1841,21594,20724,31431,28862,32217,32211,37968,38471,41814,42116,27642,30847,19670,24690,5981,10113,15232,14731,26545,24275,29244,29016,35072,35278,39000,39381,26318,29337,18850,23476,5709,9595,311956,274406,44483,42541,77428,69451,16338,71,26
2021-08-05T23:59:59+02:00,2047,1812,21488,20638,31374,28785,32162,32155,37913,38422,41769,42079,27625,30828,19661,24677,5979,10110,14350,13992,25542,23514,28534,28507,34547,34849,38685,39138,26250,29258,18818,23444,5706,9585,311417,269596,44460,42488,77426,67958,16150,71,26
2021-08-04T23:59:59+02:00,2028,1793,21420,20586,31332,28716,32132,32114,37881,38399,41737,42054,27613,30813,19656,24664,5977,10107,13988,13659,25149,23216,28324,28289,34410,34727,38593,39047,26212,29214,18797,23421,5702,9580,310983,267213,44454,42462,77426,67916,16088,71,26
2021-08-03T23:59:59+02:00,2019,1777,21394,20560,31315,28702,32119,32105,37872,38386,41722,42042,27606,30807,19652,24657,5976,10105,13904,13573,25072,23142,28257,28233,34366,34685,38547,39014,26197,29194,18788,23413,5700,9574,310785,266542,44451,42461,77425,67890,16084,71,26
2021-08-02T23:59:59+02:00,2009,1756,21349,20524,31272,28682,32093,32074,37847,38371,41710,42027,27597,30795,19652,24650,5975,10101,13701,13366,24374,22598,27983,28015,34217,34573,38467,38953,26171,29162,18780,23408,5700,9572,310507,264153,44448,42447,77425,67666,16033,71,26
2021-08-01T23:59:59+02:00,1992,1740,21298,20477,31221,28645,32069,32057,37830,38352,41688,42010,27591,30789,19649,24641,5975,10100,13533,13207,24074,22343,27744,27800,34127,34464,38398,38881,26155,29143,18774,23402,5700,9570,310218,262460,44442,42435,77424,67643,15969,71,26
2021-07-31T23:59:59+02:00,1967,1710,21215,20403,31156,28609,32014,32019,37794,38324,41665,41989,27587,30781,19644,24637,5975,10100,12596,12184,23556,21903,27401,27447,33821,34167,37969,38540,26085,29058,18748,23358,5695,9564,309808,257449,44431,42400,77422,67077,15857,71,26
2021-07-30T23:59:59+02:00,1942,1691,21194,20381,31126,28590,31999,32003,37788,38317,41657,41981,27582,30778,19643,24637,5974,10100,12509,12109,23227,21615,27118,27235,33606,34007,37808,38409,26062,29041,18746,23350,5695,9562,309629,256023,44430,42392,77422,66529,15831,71,26
2021-07-29T23:59:59+02:00,1873,1622,20962,20149,30986,28445,31898,31895,37696,38228,41568,41921,27554,30754,19630,24619,5968,10092,11884,11579,22102,20779,26081,26397,32629,33319,37426,38120,25980,28940,18717,23303,5690,9555,308437,250436,44403,42307,77415,64775,15534,71,26
2021-07-28T23:59:59+02:00,1853,1607,20922,20100,30967,28418,31883,31874,37676,38208,41547,41901,27543,30742,19625,24609,5968,10090,11608,11283,21693,20398,25650,25967,32467,33170,37316,38030,25944,28891,18701,23282,5689,9550,308130,247549,44402,42305,77403,64715,15528,70,26
2021-07-27T23:59:59+02:00,1843,1601,20882,20059,30944,28386,31850,31860,37655,38176,41523,41887,27536,30735,19624,24604,5968,10087,11360,11072,21496,20209,25511,25848,32360,33069,37234,37949,25919,28854,18693,23273,5686,9546,307898,246087,44402,42300,77402,64641,15448,70,26
2021-07-26T23:59:59+02:00,1817,1567,20758,19944,30840,28289,31794,31798,37604,38110,41480,41857,27512,30717,19614,24591,5962,10084,11073,10749,20993,19771,25266,25642,32200,32920,37104,37863,25885,28819,18680,23251,5685,9538,307164,243814,44373,42189,77397,64437,15334,70,26
2021-07-25T23:59:59+02:00,1810,1558,20736,19933,30831,28280,31784,31784,37598,38104,41470,41848,27508,30715,19613,24589,5962,10083,10969,10643,20843,19663,25032,25449,31962,32714,36962,37731,25868,28805,18674,23244,5684,9535,307056,242561,44363,42173,77389,64028,15328,70,26
2021-07-24T23:59:59+02:00,1790,1543,20656,19860,30789,28242,31749,31748,37572,38076,41447,41836,27501,30710,19610,24587,5962,10083,10906,10589,20767,19601,24960,25388,31909,32683,36933,37711,25862,28801,18672,23242,5684,9535,306715,242193,44352,42150,77385,63962,15239,70,26
2021-07-23T23:59:59+02:00,1735,1508,20467,19719,30627,28131,31661,31679,37505,38024,41407,41794,27490,30694,19605,24581,5961,10078,10651,10386,20404,19297,24159,24744,31429,32354,36371,37255,25819,28759,18656,23225,5683,9533,305898,239336,44343,42106,77368,62575,14987,70,25
2021-07-22T23:59:59+02:00,1672,1452,20158,19452,30389,27952,31530,31566,37377,37920,41309,41713,27464,30671,19594,24558,5957,10077,10193,10012,19663,18788,23207,24077,30723,31767,35341,36497,25708,28663,18623,23193,5681,9529,304438,235744,44310,41443,77364,60064,14629,70,25
2021-07-21T23:59:59+02:00,1657,1444,20122,19405,30362,27923,31508,31543,37357,37895,41288,41690,27455,30663,19589,24552,5952,10073,9883,9677,19205,18338,22339,23314,30389,31434,35111,36301,25625,28566,18592,23141,5673,9519,304120,233013,44304,39759,77362,59892,14622,70,22
2021-07-20T23:59:59+02:00,1651,1439,20090,19378,30335,27902,31484,31525,37341,37880,41278,41679,27440,30649,19589,24545,5952,10070,9617,9399,18874,18069,22071,23029,30214,31280,34947,36156,25579,28521,18577,23107,5672,9515,303884,230630,44302,39750,77361,59793,14610,70,22
2021-07-19T23:59:59+02:00,1640,1431,19977,19290,30255,27830,31426,31472,37322,37861,41263,41661,27435,30638,19583,24538,5951,10067,9417,9202,18561,17794,21609,22612,29961,31049,34827,36055,25545,28483,18559,23091,5672,9512,303312,229001,44296,38812,77360,59679,14602,70,22
2021-07-18T23:59:59+02:00,1629,1426,19910,19225,30130,27731,31363,31409,37260,37810,41222,41610,27415,30608,19574,24523,5947,10064,9308,9088,18397,17646,21420,22422,29793,30851,34714,35955,25515,28460,18548,23074,5672,9506,302539,227757,44296,38512,77358,59638,14593,70,22
2021-07-17T23:59:59+02:00,1628,1422,19903,19223,30130,27728,31363,31405,37255,37808,41218,41608,27414,30607,19573,24523,5947,10064,9287,9073,18365,17625,21402,22409,29783,30844,34695,35951,25512,28458,18548,23073,5672,9506,302506,227605,44296,38509,77358,59627,14589,70,22
2021-07-16T23:59:59+02:00,1575,1377,19628,18975,30005,27632,31280,31333,37198,37745,41178,41576,27395,30590,19566,24513,5945,10058,9173,8960,17996,17329,21100,22141,29398,30491,34564,35848,25489,28435,18541,23060,5670,9504,301509,226365,44274,37804,77356,59296,14360,70,20
2021-07-15T23:59:59+02:00,1517,1334,19367,18728,29826,27485,31173,31234,37116,37664,41111,41509,27353,30560,19550,24499,5941,10055,8811,8656,17082,16499,19557,20918,28481,29569,33946,35269,25323,28255,18486,23011,5664,9492,300243,220271,44232,36352,77348,58373,14129,70,20
2021-07-14T23:59:59+02:00,1504,1322,19338,18692,29803,27459,31150,31203,37105,37651,41092,41503,27345,30553,19541,24492,5940,10052,8524,8359,16530,15900,19065,20401,27919,29070,33554,34894,25211,28127,18447,22945,5659,9481,299973,216112,44230,35994,77345,57946,14127,70,20
2021-07-13T23:59:59+02:00,1492,1313,19302,18667,29786,27435,31129,31188,37090,37624,41068,41475,27336,30539,19539,24487,5939,10046,8222,8098,16133,15545,18791,20123,27656,28821,33283,34638,25113,28007,18414,22904,5657,9476,299693,213418,44229,35959,77344,57454,14119,70,20
2021-07-12T23:59:59+02:00,1477,1303,19258,18650,29753,27406,31112,31167,37078,37607,41051,41460,27333,30535,19537,24481,5938,10046,7962,7882,15853,15270,18092,19578,27343,28501,32870,34277,24946,27815,18355,22829,5651,9471,299440,212141,44228,34029,77344,56478,14110,70,20
2021-07-11T23:59:59+02:00,1468,1295,19228,18621,29723,27377,31097,31139,37070,37586,41037,41448,27324,30526,19535,24481,5937,10045,7918,7835,15788,15199,18004,19524,27259,28439,32758,34215,24892,27770,18335,22807,5651,9468,299197,211567,44226,34018,77342,56235,14102,70,20
2021-07-10T23:59:59+02:00,1339,1179,18725,18203,29281,27084,30815,30909,36826,37427,40837,41298,27252,30466,19509,24449,5934,10042,7788,7766,15506,15065,17788,19376,27019,28299,32594,34098,24827,27724,18319,22794,5650,9468,297003,211149,44093,33901,77313,55994,13096,70,20
2021-07-09T23:59:59+02:00,1328,1173,18697,18173,29261,27067,30803,30896,36816,37415,40826,41290,27248,30462,19507,24445,5934,10041,7746,7719,15436,14999,17725,19283,26799,28069,32345,33885,24764,27661,18297,22768,5650,9465,296861,210870,44074,33898,77312,54832,13065,70,20
2021-07-08T23:59:59+02:00,1252,1093,18431,17961,29115,26918,30667,30779,36714,37313,40728,41213,27214,30427,19488,24427,5929,10037,7580,7586,15140,14752,17295,18923,26109,27471,32075,33620,24597,27504,18239,22706,5647,9459,295604,209744,44020,32481,77304,53815,12708,70,20
2021-07-07T23:59:59+02:00,1153,1001,18121,17637,28918,26735,30540,30657,36601,37193,40622,41129,27180,30379,19474,24410,5926,10034,7384,7375,14699,14385,16831,18481,25355,26863,31668,33241,24334,27180,18144,22612,5638,9450,294036,206829,43972,31646,77293,52860,12339,70,20
2021-07-06T23:59:59+02:00,1130,985,18044,17572,28874,26686,30490,30611,36565,37158,40588,41097,27163,30354,19463,24397,5924,10031,7168,7143,14356,14029,16483,18132,24608,26217,31369,32977,24144,26966,18096,22541,5631,9443,293465,204777,43969,30242,77292,51969,12336,70,20
2021-07-05T23:59:59+02:00,1087,957,17971,17508,28831,26630,30452,30577,36541,37113,40560,41071,27157,30340,19457,24391,5924,10026,6939,6953,14053,13759,16131,17767,24060,25710,30804,32412,23865,26667,17988,22401,5623,9433,292982,203284,43967,28155,77288,50838,12286,70,20
2021-07-04T23:59:59+02:00,1065,942,17901,17459,28792,26609,30431,30548,36531,37103,40545,41059,27151,30329,19452,24388,5924,10025,6913,6936,13999,13713,16057,17709,23976,25654,30651,32321,23773,26578,17956,22360,5621,9429,292668,202894,43966,28146,77277,50331,12273,70,20
2021-07-03T23:59:59+02:00,649,570,16174,15741,27622,25687,29634,29833,35891,36493,40047,40629,26994,30162,19385,24302,5915,10008,6528,6695,13485,13410,15655,17407,23615,25377,30347,32127,23677,26483,17923,22322,5617,9425,285169,202603,43927,28070,77194,50042,9376,70,20
2021-07-02T23:59:59+02:00,610,532,16044,15596,27461,25541,29554,29773,35860,36466,40028,40616,26988,30152,19382,24299,5915,10008,6480,6624,13411,13309,15567,17277,23472,25195,30193,31962,23484,26272,17834,22244,5615,9422,284266,201920,43927,27912,77192,49157,9370,70,20
2021-07-01T23:59:59+02:00,552,487,15866,15442,27243,25387,29477,29696,35805,36415,39962,40572,26968,30135,19371,24287,5913,10004,6341,6495,13072,13038,15041,16840,22210,24212,29433,31284,23206,25985,17716,22110,5608,9407,283082,198396,43922,26250,77180,48021,9328,70,20
2021-06-30T23:59:59+02:00,522,467,15762,15336,27133,25301,29410,29625,35749,36365,39919,40536,26953,30104,19361,24270,5909,10004,6149,6318,12642,12657,14472,16293,21588,23620,28843,30756,22787,25521,17586,21926,5601,9395,282262,194162,43919,26226,77174,46459,9301,70,20
2021-06-29T23:59:59+02:00,465,417,15002,14669,26871,25079,29316,29526,35670,36284,39851,40489,26933,30081,19354,24257,5909,10002,6037,6194,12385,12394,14078,15897,20800,23001,28261,30207,22340,24998,17434,21751,5593,9385,279764,191023,43918,25718,77166,44749,9257,70,20
2021-06-28T23:59:59+02:00,429,386,14375,14031,26714,24975,29242,29460,35612,36219,39807,40455,26915,30061,19346,24246,5909,9998,5970,6099,12206,12255,13890,15721,20180,22455,27862,29837,22004,24641,17306,21588,5588,9381,277831,189342,43914,25065,77162,43364,9203,70,20
2021-06-27T23:59:59+02:00,352,319,14030,13655,26650,24916,29202,29425,35590,36197,39790,40442,26904,30054,19343,24243,5908,9997,5934,6056,12092,12141,13745,15592,19630,21982,27255,29340,21727,24305,17186,21465,5584,9380,276714,188510,43912,23549,77151,42176,9170,70,20
2021-06-26T23:59:59+02:00,351,319,14019,13644,26634,24905,29196,29419,35584,36196,39787,40441,26903,30053,19343,24243,5908,9997,5929,6053,12080,12138,13739,15588,19617,21971,27210,29305,21582,24175,17146,21409,5583,9378,276642,188484,43910,23545,77151,41696,9169,70,20
2021-06-25T23:59:59+02:00,227,206,12758,12425,25171,23763,28895,29185,35478,36114,39722,40379,26879,30026,19334,24232,5905,9995,5886,6006,11984,12059,13597,15466,19307,21733,26826,28946,21259,23783,16973,21212,5580,9369,270417,187261,43906,23262,77135,40288,9166,70,20
2021-06-24T23:59:59+02:00,162,152,11787,11596,24059,22884,28530,28836,35331,35949,39610,40276,26844,29976,19323,24208,5903,9991,5670,5775,11526,11643,13020,14876,17778,20338,25187,27354,20490,22932,16658,20806,5570,9359,265195,182290,43889,19652,77131,37897,9133,69,20
2021-06-23T23:59:59+02:00,126,126,11427,11273,23562,22515,28284,28594,35154,35823,39521,40188,26814,29950,19315,24171,5901,9980,5596,5662,11315,11428,12721,14525,17387,19929,24440,26589,19700,22184,16466,20554,5562,9343,262592,179941,43883,19040,77126,35356,9054,69,20
2021-06-22T23:59:59+02:00,105,113,11244,11061,23404,22373,28204,28522,35078,35761,39475,40143,26799,29926,19307,24163,5901,9979,5487,5541,11049,11172,12354,14155,16785,19334,23712,25823,19321,21760,16303,20376,5555,9327,261447,176914,43880,18180,77124,33909,9038,69,20
2021-06-21T23:59:59+02:00,92,101,10992,10876,22572,21701,27954,28297,35012,35699,39411,40102,26783,29908,19301,24154,5901,9978,5368,5437,10834,10952,12048,13835,16394,18989,23267,25356,19031,21447,16199,20257,5549,9325,258858,175458,43874,17166,77119,32736,8914,69,20
2021-06-20T23:59:59+02:00,86,100,10928,10786,22325,21485,27697,28100,34932,35621,39366,40058,26774,29894,19299,24150,5899,9975,5327,5382,10749,10852,11953,13735,16199,18806,22997,25118,18930,21341,16146,20199,5543,9321,257579,175153,43872,16107,77118,32486,8837,69,20
2021-06-19T23:59:59+02:00,85,96,10904,10762,22292,21461,27679,28087,34920,35617,39356,40054,26773,29893,19299,24148,5899,9975,5296,5350,10668,10762,11861,13614,16051,18654,22690,24759,18844,21254,16134,20186,5542,9321,257425,175049,43851,14612,77118,32473,8837,69,20
2021-06-18T23:59:59+02:00,82,94,10857,10711,21974,21139,27415,27872,34867,35580,39325,40032,26765,29884,19298,24145,5899,9973,5281,5341,10638,10732,11821,13566,15990,18591,22605,24663,18678,21073,16089,20120,5541,9316,256039,174654,43850,14611,77117,31928,8837,69,20
2021-06-17T23:59:59+02:00,73,86,10279,10282,20703,20182,26556,27141,34499,35256,39072,39844,26701,29802,19278,24109,5892,9969,5083,5202,10263,10479,11379,13167,15310,17982,21242,23356,18224,20588,15926,19949,5537,9301,250283,169377,43832,14038,77106,31124,8434,69,20
2021-06-16T23:59:59+02:00,65,74,9943,9970,20023,19552,25918,26539,34252,35056,38913,39696,26659,29749,19255,24086,5891,9965,4941,5056,9876,10144,10920,12718,14610,17293,20395,22430,17822,20144,15758,19737,5527,9289,246454,165615,43820,12765,77093,30095,8170,69,20
2021-06-15T23:59:59+02:00,50,68,9698,9729,19727,19304,25695,26341,34124,34951,38817,39616,26630,29713,19248,24071,5886,9961,4836,4946,9637,9927,10690,12460,14190,16867,19799,21856,17505,19759,15538,19509,5518,9278,244690,163555,43808,11679,77087,29092,7975,69,19
2021-06-14T23:59:59+02:00,46,63,9565,9604,19428,19044,25520,26198,34004,34872,38756,39577,26613,29693,19242,24060,5886,9958,4755,4884,9448,9788,10517,12324,13929,16653,19483,21563,17341,19603,15437,19376,5517,9274,243496,162103,43806,11677,77083,28422,7676,68,19
2021-06-13T23:59:59+02:00,44,59,9405,9474,19139,18859,25169,25944,33803,34705,38651,39510,26598,29681,19232,24053,5886,9955,4673,4818,9239,9623,10353,12153,13605,16317,19135,21233,17214,19455,15390,19311,5515,9272,241854,161257,43806,11677,77080,26998,7359,68,19
2021-06-12T23:59:59+02:00,44,59,9396,9460,19126,18846,25169,25939,33803,34702,38648,39509,26598,29681,19232,24053,5886,9955,4670,4804,9229,9562,10321,12051,13556,16163,19080,21097,17105,19330,15274,19209,5513,9270,241808,161229,43806,11675,77076,25967,7348,68,19
2021-06-11T23:59:59+02:00,39,55,9239,9278,18893,18634,24370,25266,33625,34549,38515,39397,26565,29648,19222,24030,5886,9950,4593,4689,9012,9307,10062,11758,13035,15616,18108,20206,16919,19134,15234,19165,5510,9267,238897,157226,43805,11674,77073,25382,7318,68,19
2021-06-10T23:59:59+02:00,37,51,8845,8944,18241,18145,23521,24588,33306,34269,38314,39233,26508,29594,19199,24002,5883,9943,4418,4512,8434,8816,9260,11040,11890,14518,16129,18302,16031,18177,14949,18800,5501,9245,235281,147596,43146,11641,77047,23689,7082,67,18
2021-06-09T23:59:59+02:00,20,33,8396,8440,17407,17419,22369,23545,32817,33803,38028,39015,26399,29490,19153,23945,5873,9930,4282,4399,8147,8551,9017,10787,11560,14152,15646,17757,15661,17748,14708,18516,5494,9235,231303,145778,41255,11599,77011,21785,6484,29,18
2021-06-08T23:59:59+02:00,11,21,8078,8125,16936,17002,21951,23180,32572,33610,37866,38885,26355,29450,19143,23922,5870,9925,4162,4317,7893,8297,8712,10442,11204,13805,15006,17056,15208,17226,14447,18239,5489,9217,228578,144081,41223,10480,77002,20075,6070,29,18
2021-06-07T23:59:59+02:00,8,17,7881,7893,16578,16678,21407,22725,32292,33340,37749,38769,26329,29402,19126,23896,5865,9924,4086,4237,7712,8156,8552,10300,11034,13633,14696,16731,15012,16973,14274,18048,5485,9212,226958,143004,40250,10388,76991,19083,5652,28,18
2021-06-06T23:59:59+02:00,6,14,7774,7784,16444,16533,21212,22518,32066,33116,37614,38663,26301,29377,19113,23880,5865,9918,4057,4202,7666,8038,8500,10172,10930,13487,14500,16514,14830,16795,14185,17928,5478,9206,225727,142524,39951,10378,76973,18053,5519,28,18
2021-06-05T23:59:59+02:00,6,14,7752,7770,16415,16506,21205,22515,32056,33110,37612,38662,26300,29377,19112,23879,5865,9918,4048,4163,7651,7973,8486,10039,10916,13316,14482,16409,14793,16740,14176,17918,5478,9205,225618,142443,39951,10378,76972,17453,5505,28,18
2021-06-04T23:59:59+02:00,6,12,7638,7668,16136,16270,20928,22269,31634,32737,37499,38541,26267,29338,19100,23866,5863,9916,4041,4154,7625,7950,8460,10009,10849,13243,14377,16279,14712,16647,14139,17874,5478,9203,224026,142110,39176,10049,76953,17362,5505,28,18
2021-06-03T23:59:59+02:00,4,12,7383,7440,15260,15487,19294,20877,30723,31807,36996,38082,26136,29205,19056,23815,5857,9898,3981,4116,7537,7879,8338,9911,10681,13062,13810,15710,14452,16333,14054,17768,5475,9190,217407,139901,37598,9938,76943,17088,5356,28,18
2021-06-02T23:59:59+02:00,4,12,7248,7296,14875,15059,18862,20476,30254,31353,36770,37818,26072,29141,19036,23786,5854,9896,3951,4086,7473,7793,8250,9820,10541,12931,13365,15280,14328,16150,14027,17731,5472,9185,214322,138116,37167,9844,76942,17056,5353,28,18
2021-06-01T23:59:59+02:00,4,9,6972,7051,14479,14747,18519,20158,29927,31042,36547,37584,26016,29062,19012,23757,5852,9885,3849,4000,7231,7617,8018,9627,10278,12657,12963,14858,13897,15700,13911,17579,5465,9177,211579,136002,37122,9590,76921,16248,4973,28,18
2021-05-31T23:59:59+02:00,4,9,6809,6861,14260,14514,17815,19556,29586,30704,36250,37321,25926,28965,18986,23703,5842,9872,3770,3889,7023,7371,7795,9342,9937,12274,12524,14340,13369,15087,13712,17350,5457,9162,210152,132829,35074,9266,76904,15468,4825,28,18
2021-05-30T23:59:59+02:00,4,9,6786,6846,14214,14476,17738,19497,29536,30666,36219,37298,25914,28953,18983,23697,5841,9870,3727,3815,6875,7165,7647,9112,9733,11963,12268,13993,13248,14917,13644,17268,5454,9155,209857,132111,35062,9165,76850,13944,4750,28,18
2021-05-29T23:59:59+02:00,4,9,6784,6845,14205,14470,17733,19491,29531,30662,36216,37297,25912,28950,18983,23696,5841,9870,3718,3802,6846,7132,7614,9061,9697,11917,12195,13895,13207,14849,13614,17244,5453,9150,209825,131972,35062,9164,76835,13495,4749,28,18
2021-05-28T23:59:59+02:00,4,9,6774,6833,14190,14453,17716,19470,29520,30649,36205,37279,25911,28946,18981,23692,5841,9870,3704,3779,6824,7092,7580,9007,9644,11813,11955,13625,13019,14658,13584,17204,5450,9147,209674,130683,35061,9163,76832,13476,4748,28,18
2021-05-27T23:59:59+02:00,4,9,6683,6752,13922,14236,17231,19123,28841,30107,36046,37148,25865,28912,18966,23678,5840,9864,3579,3619,6537,6840,7204,8701,9146,11255,11246,12731,12469,14090,13454,17012,5443,9135,208597,127173,33621,8834,76790,12248,4191,28,18
2021-05-26T23:59:59+02:00,4,9,6612,6644,13708,14034,16978,18816,28298,29596,35871,36973,25828,28867,18951,23654,5839,9859,3489,3476,6312,6551,6917,8275,8807,10777,10596,11934,11907,13475,13308,16797,5438,9113,207009,123569,32867,8651,76777,11077,3860,28,18
2021-05-25T23:59:59+02:00,4,9,6531,6549,13503,13813,16715,18606,27574,28950,35778,36876,25805,28839,18939,23638,5834,9858,3440,3385,6167,6383,6771,8085,8582,10486,10251,11569,11561,13001,13203,16636,5435,9105,206299,121734,31415,8512,76292,10011,3788,27,18
2021-05-24T23:59:59+02:00,4,9,6461,6452,13326,13613,16493,18323,27164,28525,35432,36478,25748,28771,18920,23614,5833,9856,3426,3363,6109,6301,6726,8002,8523,10391,10178,11472,11388,12769,13156,16545,5427,9085,205768,121111,29193,8467,76285,9519,3749,27,18
2021-05-23T23:59:59+02:00,4,9,6459,6451,13321,13604,16490,18313,27145,28515,35402,36444,25745,28765,18920,23608,5833,9856,3423,3359,6103,6291,6716,7995,8495,10361,10138,11415,11305,12668,13136,16514,5427,9084,205653,121105,29177,8055,76284,9512,3743,27,18
2021-05-22T23:59:59+02:00,4,9,6452,6447,13314,13593,16484,18309,27142,28514,35399,36438,25745,28765,18920,23608,5833,9856,3422,3359,6100,6288,6715,7991,8491,10359,10133,11412,11294,12654,13131,16510,5426,9084,205603,121065,29177,8055,76282,9491,3743,27,18
2021-05-21T23:59:59+02:00,4,9,6392,6387,13162,13487,16311,18158,26872,28336,34971,36172,25720,28729,18912,23602,5832,9852,3413,3349,6067,6267,6684,7957,8452,10310,10080,11362,10778,11941,12992,16350,5423,9079,204914,119309,29052,8052,75243,9456,3672,27,18
2021-05-20T23:59:59+02:00,3,8,6099,6186,12552,13070,15117,17235,24959,26841,34018,35404,25615,28584,18858,23521,5826,9837,3353,3304,5974,6150,6572,7803,8305,10151,9844,11057,10443,11492,12880,16169,5413,9066,200153,117328,27311,7976,72700,9114,3543,26,18
2021-05-19T23:59:59+02:00,3,8,5893,5945,12038,12612,14409,16530,24012,26028,33394,34807,25505,28494,18823,23465,5818,9825,3276,3231,5812,5980,6382,7563,8030,9871,9542,10678,10131,11078,12801,16024,5411,9058,194469,115422,27273,7781,72685,8494,3156,26,18
2021-05-18T23:59:59+02:00,3,7,5723,5836,11637,12290,13786,16031,22856,25078,32729,34201,25389,28359,18777,23415,5813,9816,3233,3203,5702,5874,6221,7405,7825,9661,9348,10440,9964,10830,12656,15804,5402,9049,189517,114293,26768,7713,72641,7802,2794,26,18
2021-05-17T23:59:59+02:00,3,6,5670,5791,11474,12183,13515,15809,22042,24444,32421,33887,25310,28300,18755,23385,5804,9807,3139,3133,5524,5695,6055,7199,7618,9442,9130,10203,9876,10707,12598,15741,5399,9044,187754,113584,26069,7707,72249,6689,2508,26,18
2021-05-16T23:59:59+02:00,3,6,5643,5771,11413,12128,13430,15729,21433,23897,31807,33357,25269,28257,18745,23370,5803,9807,3135,3111,5510,5626,6027,7140,7590,9340,9098,10119,9860,10688,12595,15738,5399,9044,186988,113474,24526,7700,71830,6334,2498,26,17
2021-05-15T23:59:59+02:00,3,6,5634,5762,11380,12119,13401,15719,21360,23826,31271,32983,25258,28252,18744,23367,5802,9806,3121,3096,5491,5584,6013,7064,7550,9225,8863,9865,9827,10657,12561,15687,5399,9043,186939,113469,24514,7562,71184,5971,2030,26,17
2021-05-14T23:59:59+02:00,3,6,5594,5737,11318,12081,13329,15654,20949,23514,30841,32638,25222,28206,18733,23350,5802,9804,3089,3056,5455,5495,5992,6930,7510,9023,8803,9671,9756,10547,12475,15562,5399,9040,186216,113301,24195,7233,70315,5226,2029,26,17
2021-05-13T23:59:59+02:00,3,6,5436,5579,10938,11785,12615,15066,18765,21766,29296,31171,24992,27963,18666,23279,5800,9801,3077,3021,5431,5456,5975,6873,7486,8952,8759,9612,9541,10304,12278,15261,5394,9030,182263,112945,20398,6419,68226,5058,2014,26,17
2021-05-12T23:59:59+02:00,2,6,5407,5552,10866,11727,12514,14978,18643,21642,28933,30807,24901,27868,18649,23250,5799,9796,3077,3017,5425,5450,5965,6859,7462,8937,8720,9558,9357,10075,12048,14941,5391,9023,181315,112665,19762,5560,68223,5052,2014,26,17
2021-05-11T23:59:59+02:00,2,6,5271,5448,10619,11481,12148,14605,18034,21007,28003,29839,24708,27679,18590,23175,5794,9781,3035,2976,5336,5295,5865,6676,7332,8697,8560,9336,9176,9881,11901,14754,5382,9005,177246,111632,18873,5451,68091,4156,1954,26,17
2021-05-10T23:59:59+02:00,2,5,5147,5370,10406,11286,11889,14351,17709,20675,27583,29432,24599,27572,18552,23128,5786,9777,2966,2923,5219,5178,5751,6573,7208,8556,8433,9229,9072,9757,11811,14626,5379,8997,175246,111103,18185,5439,67866,3176,1946,26,17
2021-05-09T23:59:59+02:00,2,5,5074,5322,10307,11172,11790,14233,17369,20394,27193,29059,24513,27486,18523,23092,5783,9774,2897,2892,5073,5135,5576,6530,7040,8527,8305,9193,9060,9747,11793,14606,5379,8997,174852,111027,16909,5429,67373,2349,1931,26,17
2021-05-08T23:59:59+02:00,2,5,5073,5321,10305,11168,11790,14233,17365,20392,27190,29056,24513,27486,18523,23092,5783,9774,2897,2891,5072,5135,5576,6530,7040,8527,8302,9193,9059,9746,11793,14606,5379,8997,174835,111024,16909,5429,67370,2345,1931,26,17
2021-05-07T23:59:59+02:00,2,5,5039,5295,10236,11115,11661,14109,16965,20117,26554,28498,24465,27435,18506,23058,5776,9745,2887,2883,5055,5125,5565,6511,7028,8516,8294,9182,9053,9738,11782,14584,5371,8970,174001,111009,16905,5417,65847,2302,1802,26,17
2021-05-06T23:59:59+02:00,1,5,4769,5134,9774,10771,11100,13593,15879,19097,24148,26211,23967,26910,18400,22955,5771,9731,2845,2839,4988,5050,5525,6419,6945,8397,8163,9032,8953,9628,11758,14533,5368,8967,168979,110468,14454,5361,62968,1776,1791,24,17
2021-05-05T23:59:59+02:00,1,5,4691,5057,9481,10541,10759,13267,15299,18492,23306,25250,23706,26586,18331,22849,5761,9713,2825,2803,4938,4964,5466,6298,6861,8232,8039,8817,8847,9497,11681,14449,5367,8959,165319,109531,13146,5356,62818,1353,1788,24,17
2021-05-04T23:59:59+02:00,1,5,4607,4966,9307,10334,10552,13025,14911,18093,22763,24686,23492,26313,18259,22770,5753,9700,2816,2769,4910,4889,5433,6180,6807,8092,7946,8663,8743,9387,11607,14391,5365,8956,163064,109034,12024,5346,62657,791,1768,24,17
2021-05-03T23:59:59+02:00,1,5,4535,4892,9115,10197,10375,12850,14628,17847,22354,24271,23353,26164,18232,22723,5753,9694,2740,2699,4823,4815,5357,6095,6711,7986,7765,8498,8657,9301,11568,14342,5362,8951,161560,108814,12023,5343,62565,681,817,24,17
2021-05-02T23:59:59+02:00,1,5,4522,4878,9038,10139,10250,12738,14302,17540,22052,23985,23303,26105,18213,22698,5752,9693,2734,2692,4763,4782,5267,6011,6574,7857,7648,8398,8611,9259,11544,14308,5360,8946,160674,108699,12020,5341,62461,664,35,24,17
2021-05-01T23:59:59+02:00,1,5,4522,4876,9036,10138,10249,12738,14299,17537,22050,23985,23302,26104,18213,22698,5752,9693,2734,2692,4763,4782,5267,6011,6573,7857,7648,8398,8611,9259,11544,14308,5360,8946,160658,108699,12020,5340,62461,664,35,24,17
2021-04-30T23:59:59+02:00,0,5,4450,4785,8794,9924,9987,12495,13817,17112,21209,23217,23176,25968,18197,22670,5749,9690,2731,2690,4752,4775,5258,5977,6561,7827,7614,8361,8607,9256,11543,14305,5358,8945,157068,108672,12019,5338,62132,533,2,24,17
2021-04-29T23:59:59+02:00,0,5,4301,4641,8313,9516,9289,11892,12817,16216,19368,21540,22472,25211,18059,22461,5743,9673,2708,2669,4711,4703,5215,5903,6499,7721,7535,8243,8497,9142,11478,14229,5352,8936,147906,108184,12005,5066,61581,274,2,23,17
2021-04-28T23:59:59+02:00,0,5,4268,4622,8242,9442,9213,11806,12699,16097,19151,21326,22384,25119,18031,22420,5741,9668,2705,2658,4685,4643,5188,5859,6469,7648,7487,8161,8480,9118,11462,14207,5351,8930,147527,107994,11915,4994,60768,48,1,23,16
2021-04-27T23:59:59+02:00,0,5,4228,4576,8104,9302,9100,11655,12554,15928,18703,20829,22156,24861,17966,22342,5738,9659,2702,2654,4683,4639,5178,5851,6456,7629,7455,8124,8422,9039,11381,14127,5347,8927,146802,107739,10834,4822,60047,40,1,22,14
2021-04-26T23:59:59+02:00,0,5,4186,4548,7998,9207,8953,11550,12380,15755,18291,20465,22022,24715,17931,22314,5738,9658,2702,2652,4679,4635,5174,5841,6442,7609,7422,8096,8374,8991,11326,14049,5344,8910,146034,107633,10699,4566,58961,35,0,22,14
2021-04-25T23:59:59+02:00,0,5,4172,4533,7962,9177,8889,11488,12246,15625,17946,20135,21822,24477,17891,22259,5734,9653,2702,2652,4678,4634,5172,5837,6437,7606,7420,8092,8318,8932,11303,14021,5344,8909,144654,107612,10688,4399,58650,34,0,22,14
2021-04-24T23:59:59+02:00,0,5,4166,4525,7947,9173,8874,11478,12198,15595,17888,20097,21806,24464,17889,22254,5734,9653,2701,2652,4678,4634,5172,5837,6437,7606,7420,8092,8318,8932,11303,14021,5344,8909,144558,107612,10688,4399,58478,33,0,22,14
2021-04-23T23:59:59+02:00,0,5,4146,4492,7890,9110,8791,11377,11858,15270,17455,19700,21592,24231,17826,22177,5732,9645,2698,2650,4675,4631,5165,5830,6423,7597,7397,8061,8297,8905,11295,14013,5342,8906,143297,107600,10341,4241,57637,32,0,22,14
2021-04-22T23:59:59+02:00,0,5,4097,4427,7758,8918,8606,11117,11531,14850,16541,18716,21022,23522,17691,21997,5723,9626,2689,2644,4670,4611,5142,5804,6381,7561,7327,8015,8164,8749,11153,13861,5338,8897,139562,106983,10215,3986,56350,25,0,20,14
2021-04-21T23:59:59+02:00,0,5,4055,4384,7656,8799,8450,10959,11238,14571,15808,17959,20643,23074,17619,21892,5718,9613,2681,2633,4652,4592,5126,5783,6369,7544,7299,7994,8115,8688,11116,13822,5336,8895,136654,106703,10085,3908,55688,23,0,16,13
2021-04-20T23:59:59+02:00,0,5,4030,4358,7621,8747,8373,10879,11076,14396,15373,17482,20182,22560,17520,21740,5710,9602,2673,2624,4642,4579,5101,5763,6341,7520,7259,7954,8021,8556,11041,13735,5332,8891,134510,106131,9821,3868,55307,22,0,16,13
2021-04-19T23:59:59+02:00,0,5,3999,4308,7559,8643,8281,10740,10918,14214,15120,17188,19704,21996,17354,21526,5699,9590,2668,2623,4636,4575,5088,5748,6322,7503,7233,7910,7968,8502,11015,13689,5329,8886,132448,105797,9467,3865,54913,22,0,16,13
2021-04-18T23:59:59+02:00,0,5,3981,4279,7499,8592,8175,10613,10659,13972,14629,16649,19274,21486,17232,21340,5695,9584,2667,2623,4636,4575,5088,5748,6321,7500,7230,7909,7964,8499,11013,13685,5328,8883,130034,105774,9397,3863,54217,21,0,16,13
2021-04-17T23:59:59+02:00,0,5,3978,4271,7479,8586,8165,10595,10617,13926,14519,16561,19153,21362,17210,21312,5693,9582,2667,2623,4635,4573,5083,5743,6307,7495,7205,7886,7918,8453,10994,13662,5327,8883,129596,105765,9388,3657,54014,21,0,16,13
2021-04-16T23:59:59+02:00,0,5,3967,4228,7407,8464,8062,10437,10423,13665,13850,15801,18585,20718,17085,21137,5682,9565,2664,2620,4630,4568,5079,5731,6290,7484,7167,7851,7612,8065,10903,13523,5319,8867,126752,104973,9328,3368,52985,21,0,16,13
2021-04-15T23:59:59+02:00,0,4,3923,4174,7294,8333,7892,10199,10088,13275,13121,14943,17777,19852,16843,20813,5669,9544,2663,2612,4618,4552,5066,5701,6260,7448,7097,7782,7056,7421,10784,13371,5315,8856,123100,103342,9170,3230,51458,19,0,16,13
2021-04-14T23:59:59+02:00,0,3,3896,4145,7228,8227,7786,10049,9914,13076,12703,14497,17251,19240,16692,20603,5664,9531,2630,2593,4600,4520,5037,5654,6225,7415,7040,7721,6425,6667,10522,13083,5311,8848,121713,101036,8936,3230,49840,14,0,16,13
2021-04-13T23:59:59+02:00,0,3,3893,4139,7191,8211,7729,10016,9806,13024,12330,14204,16562,18394,16456,20302,5660,9525,2606,2566,4580,4494,5012,5620,6166,7347,6951,7620,6213,6418,9949,12432,5303,8829,121023,98860,8718,3222,47688,14,0,16,12
2021-04-12T23:59:59+02:00,0,3,3879,4121,7138,8165,7672,9947,9698,12922,12083,13991,16119,17877,16269,20088,5655,9522,2577,2555,4514,4452,4905,5551,6051,7271,6833,7521,5468,5599,9501,11896,5263,8787,120688,95506,8682,3214,45763,14,0,16,12
2021-04-11T23:59:59+02:00,0,3,3865,4113,7097,8113,7613,9903,9605,12844,11845,13783,15555,17189,15994,19747,5650,9512,2501,2472,4385,4330,4750,5418,5888,7119,6681,7415,5165,5238,9370,11737,5263,8783,120101,93327,8254,3165,44060,13,0,16,12
2021-04-10T23:59:59+02:00,0,3,3847,4094,7058,8066,7569,9847,9545,12785,11753,13698,15338,16997,15945,19679,5649,9505,1942,1904,3566,3609,3876,4653,4883,6199,5826,6630,4892,4932,9242,11585,5257,8774,119637,84582,8254,3165,43471,13,0,16,12
2021-04-09T23:59:59+02:00,0,3,3827,4074,7020,8037,7505,9791,9392,12657,11426,13413,14156,15467,15504,19148,5637,9495,1083,1077,2209,2417,2369,3282,3097,4558,4208,5168,4210,4200,8995,11232,5233,8745,117743,68898,8252,3162,40541,13,0,16,12
2021-04-08T23:59:59+02:00,0,3,3801,4058,6959,7984,7402,9697,9206,12538,11022,13059,13023,14213,15095,18627,5618,9465,582,588,1291,1711,1463,2350,1997,3473,2825,3782,2968,2802,8194,10256,5093,8524,116502,54719,8171,3159,37081,11,0,16,12
2021-04-07T23:59:59+02:00,0,3,3754,4033,6881,7930,7310,9627,9078,12409,10712,12751,12296,13442,14878,18362,5612,9446,351,371,940,1366,1057,1964,1486,3010,1881,2775,1786,1516,7290,9117,4938,8265,115541,44936,8020,3159,34948,8,0,15,12
2021-04-06T23:59:59+02:00,0,3,3738,4021,6859,7892,7255,9560,8985,12329,10501,12533,11911,12947,14656,18064,5601,9432,344,357,932,1356,1042,1943,1459,2982,1822,2716,1707,1450,6881,8565,4788,8028,114261,43197,7921,3158,34092,7,0,13,12
2021-04-05T23:59:59+02:00,0,3,3733,4020,6848,7880,7243,9550,8966,12301,10437,12474,11800,12802,14558,17972,5599,9429,342,351,921,1352,1036,1935,1449,2962,1801,2682,1654,1397,6654,8263,4666,7846,113926,42137,7900,3157,33776,7,0,13,12
2021-04-04T23:59:59+02:00,0,3,3733,4020,6846,7874,7242,9549,8963,12301,10427,12469,11797,12798,14555,17971,5599,9429,342,350,919,1352,1035,1933,1448,2961,1799,2679,1651,1392,6647,8250,4661,7843,113921,42089,7899,3156,33743,7,0,13,12
2021-04-03T23:59:59+02:00,0,3,3733,4020,6846,7873,7241,9549,8963,12301,10426,12469,11797,12797,14553,17969,5599,9429,342,349,917,1348,1033,1932,1447,2956,1797,2679,1646,1380,6604,8169,4626,7808,113917,41860,7899,3156,33739,7,0,13,12
2021-04-02T23:59:59+02:00,0,3,3731,4018,6844,7870,7235,9543,8951,12294,10410,12453,11670,12683,14510,17912,5595,9421,340,347,915,1341,1027,1921,1432,2931,1757,2640,1551,1294,5841,7270,4194,7246,113794,39196,7894,2834,33442,7,0,13,12
2021-04-01T23:59:59+02:00,0,2,3691,4006,6810,7848,7193,9512,8899,12255,10339,12382,11330,12276,14136,17401,5591,9408,335,344,899,1326,1015,1902,1400,2885,1698,2576,1428,1201,4909,6166,3644,6424,113411,35306,6489,2829,33166,7,0,13,12
2021-03-31T23:59:59+02:00,0,2,3685,4002,6795,7829,7176,9494,8864,12223,10251,12310,11000,11871,13792,16908,5585,9387,332,341,891,1318,1005,1887,1380,2857,1648,2541,1363,1149,4336,5501,3297,5966,112838,33039,5492,2756,32831,7,0,13,12
2021-03-30T23:59:59+02:00,0,2,3667,3978,6759,7790,7119,9427,8775,12119,10088,12155,10742,11594,13569,16642,5579,9373,328,334,885,1308,998,1881,1357,2851,1620,2515,1336,1123,4218,5379,3237,5874,112017,32667,5242,2560,32106,7,0,13,12
2021-03-29T23:59:59+02:00,0,2,3658,3956,6733,7768,7079,9374,8679,12024,9906,11948,10310,11126,13196,16175,5562,9340,323,330,881,1298,992,1873,1349,2840,1604,2506,1311,1109,4085,5236,3140,5743,110344,32050,4934,2554,31545,6,0,13,12
2021-03-28T23:59:59+02:00,0,2,3616,3901,6618,7611,6962,9233,8552,11831,9754,11757,10099,10866,13020,15989,5557,9330,323,330,881,1298,990,1872,1348,2840,1603,2504,1302,1106,4052,5194,3114,5717,109971,32007,4670,2452,30044,5,0,13,12
2021-03-27T23:59:59+01:00,0,2,3615,3890,6606,7546,6932,9119,8502,11660,9702,11603,9985,10743,12926,15901,5556,9330,323,329,881,1298,990,1869,1348,2838,1599,2503,1300,1104,4026,5159,3101,5702,109962,31904,4670,2451,28973,5,0,13,12
2021-03-26T23:59:59+01:00,0,2,3609,3882,6578,7509,6903,9046,8454,11548,9611,11475,9936,10680,12880,15847,5549,9310,318,327,880,1295,986,1857,1345,2817,1578,2489,1275,1088,3846,4937,2995,5549,109906,31157,4450,2410,28450,5,0,13,12
2021-03-25T23:59:59+01:00,0,2,3586,3851,6487,7382,6811,8881,8263,11316,9302,11159,9558,10298,12577,15532,5544,9301,318,326,878,1287,983,1846,1332,2804,1554,2470,1249,1069,3613,4695,2745,5215,109533,29960,4243,2410,26061,4,0,13,12
2021-03-24T23:59:59+01:00,0,2,3531,3800,6399,7195,6691,8655,8096,11081,9077,10834,9143,9811,12160,15073,5533,9291,318,325,877,1284,978,1844,1324,2800,1538,2454,1241,1059,3547,4622,2564,4994,109022,29348,4106,2410,23231,1,0,13,12
2021-03-23T23:59:59+01:00,0,2,3513,3767,6350,7139,6615,8596,7978,10952,8829,10601,8723,9342,11709,14554,5524,9276,318,325,876,1274,973,1835,1319,2791,1534,2446,1217,1034,3455,4546,2372,4677,108209,28571,4013,2410,21235,1,0,13,12
2021-03-22T23:59:59+01:00,0,2,3505,3747,6307,7110,6581,8549,7912,10876,8680,10465,8443,8989,11406,14229,5488,9237,316,320,870,1264,965,1828,1312,2780,1525,2436,1205,1025,3427,4511,2353,4644,107538,28361,4010,2409,19965,1,0,13,12
2021-03-21T23:59:59+01:00,0,2,3503,3745,6303,7099,6564,8533,7893,10857,8624,10408,8323,8872,11336,14127,5486,9234,314,319,861,1261,958,1821,1303,2778,1521,2432,1201,1022,3418,4496,2339,4635,107453,28259,4009,2409,19434,1,0,13,12
2021-03-20T23:59:59+01:00,0,2,3495,3707,6295,7027,6549,8396,7868,10673,8580,10272,8245,8786,11298,14088,5486,9234,314,319,861,1261,958,1820,1302,2778,1521,2430,1201,1022,3418,4495,2339,4634,107420,28254,3797,2408,18771,1,0,13,12
2021-03-19T23:59:59+01:00,0,2,3482,3677,6269,6944,6525,8303,7822,10556,8466,10111,7708,8179,11114,13847,5476,9216,311,318,856,1254,941,1810,1279,2747,1471,2385,1117,954,2754,3707,1928,4065,105807,25478,3497,2408,18380,1,0,13,12
2021-03-18T23:59:59+01:00,0,2,3471,3659,6228,6903,6492,8241,7759,10470,8351,9982,6753,7084,10835,13547,5466,9191,310,318,853,1249,935,1801,1260,2739,1446,2366,1080,937,2547,3468,1772,3844,102792,24506,3340,2408,18289,1,0,13,12
2021-03-17T23:59:59+01:00,0,2,3434,3621,6157,6819,6439,8138,7669,10342,8221,9824,6072,6244,10549,13243,5449,9165,309,318,846,1244,931,1789,1246,2717,1428,2341,1044,914,2428,3343,1693,3735,100025,23907,3339,2408,18011,1,0,13,12
2021-03-16T23:59:59+01:00,0,2,3416,3592,6118,6766,6394,8065,7616,10278,8131,9723,5895,6069,9850,12458,5410,9102,302,308,832,1228,919,1780,1240,2697,1415,2333,1030,895,2215,3105,1560,3540,97797,22982,3329,2406,17746,1,0,13,12
2021-03-15T23:59:59+01:00,0,2,3379,3560,6022,6687,6264,7973,7474,10159,8002,9598,5143,5236,9407,11910,5367,9032,301,307,829,1224,918,1773,1238,2684,1406,2324,1017,883,2073,2932,1474,3447,94288,22414,3322,2405,17592,1,0,13,12
2021-03-14T23:59:59+01:00,0,2,3254,3413,5744,6341,5988,7612,7160,9745,7717,9281,4810,4845,9250,11713,5363,9022,301,306,829,1224,917,1773,1236,2683,1404,2321,1015,881,2070,2929,1471,3446,91894,22393,3267,2402,16086,1,0,13,12
2021-03-13T23:59:59+01:00,0,2,2600,2751,4803,5473,4970,6683,5965,8627,6702,8338,4497,4462,8867,11195,5273,8914,301,306,828,1222,917,1768,1233,2681,1403,2321,1015,880,2046,2893,1441,3411,81208,22253,3267,2402,15634,1,0,13,12
2021-03-12T23:59:59+01:00,0,2,1774,1930,3465,4323,3464,5349,4218,6988,5068,6832,3831,3759,7618,9648,4773,8235,297,303,826,1218,911,1761,1225,2662,1377,2304,969,855,1698,2431,1173,3060,62395,20657,3264,2402,15605,1,0,13,12
2021-03-11T23:59:59+01:00,0,2,1274,1453,2561,3583,2560,4410,3125,5899,3706,5448,2656,2482,5922,7538,4010,7060,292,294,810,1209,898,1738,1207,2633,1352,2258,932,835,1541,2202,1050,2872,45113,19711,3262,2402,15301,1,0,13,11
2021-03-10T23:59:59+01:00,0,2,1050,1235,2194,3222,2185,4019,2674,5458,2803,4481,1528,1285,4573,5820,3455,6291,282,284,792,1190,876,1702,1173,2560,1313,2192,907,815,1362,2012,954,2699,34101,18808,3262,2295,14899,1,0,13,11
2021-03-09T23:59:59+01:00,0,2,1034,1208,2128,3081,2120,3904,2589,5324,2719,4355,1494,1255,4498,5747,3416,6234,278,277,778,1169,859,1675,1148,2520,1295,2164,892,803,1285,1888,883,2589,33696,18242,3259,2251,14140,1,0,13,11
2021-03-08T23:59:59+01:00,0,2,1012,1177,2071,2982,2080,3822,2530,5211,2663,4283,1456,1235,4352,5589,3315,6093,278,273,773,1161,857,1666,1140,2512,1288,2148,868,782,1119,1663,760,2425,33007,17456,3259,2247,13594,1,0,13,11
2021-03-07T23:59:59+01:00,0,2,1007,1158,2031,2939,2038,3781,2490,5146,2622,4246,1451,1232,4345,5581,3313,6093,278,273,773,1161,857,1666,1140,2512,1287,2148,865,782,1110,1653,752,2414,32977,17456,3253,2206,13232,0,0,13,11
2021-03-06T23:59:59+01:00,0,2,1007,1154,2020,2925,2026,3762,2474,5119,2604,4225,1438,1222,4311,5537,3299,6081,278,273,773,1161,857,1665,1140,2512,1287,2148,865,782,1110,1653,752,2413,32833,17455,3252,2205,13108,0,0,13,11
2021-03-05T23:59:59+01:00,0,2,1003,1150,2005,2905,1996,3739,2431,5067,2551,4188,1402,1194,4045,5212,3149,5860,277,270,766,1154,851,1657,1137,2503,1284,2138,851,778,1102,1644,751,2411,32094,17360,2921,2205,12871,0,0,13,11
2021-03-04T23:59:59+01:00,0,2,909,1003,1917,2777,1928,3602,2355,4913,2461,4030,1372,1173,3805,4953,2885,5511,277,268,764,1149,849,1649,1136,2492,1280,2130,820,764,1090,1633,744,2399,30848,17253,2917,2182,11818,0,0,13,11
2021-03-03T23:59:59+01:00,0,2,863,896,1852,2681,1857,3497,2286,4797,2387,3946,1360,1160,3695,4848,2663,5239,276,266,763,1140,846,1631,1130,2450,1270,2104,803,760,1082,1615,737,2392,30176,17227,2800,2029,11040,0,0,13,11
2021-03-02T23:59:59+01:00,0,2,818,821,1755,2557,1772,3373,2194,4673,2327,3868,1325,1138,3566,4713,2460,4893,276,265,762,1134,843,1628,1125,2445,1266,2094,801,758,1068,1594,726,2373,29452,17121,2611,2028,10179,0,0,13,11
2021-03-01T23:59:59+01:00,0,2,795,782,1655,2413,1701,3229,2094,4501,2247,3747,1307,1126,3515,4650,2416,4831,276,264,758,1130,842,1616,1121,2433,1261,2084,795,756,1063,1583,719,2366,29199,17030,2527,2028,9272,0,0,13,11
2021-02-28T23:59:59+01:00,0,2,789,759,1636,2347,1673,3157,2071,4401,2233,3680,1301,1120,3505,4635,2402,4821,275,263,758,1129,842,1611,1121,2431,1261,2079,792,754,1055,1570,715,2356,29092,17008,2525,1995,8902,0,0,13,11
2021-02-27T23:59:59+01:00,0,2,774,742,1614,2287,1656,3045,2052,4275,2212,3584,1298,1117,3505,4633,2401,4820,275,263,758,1129,842,1610,1121,2431,1261,2078,792,754,1054,1569,714,2354,29087,17006,2524,1990,8393,0,0,13,11
2021-02-26T23:59:59+01:00,0,2,646,661,1509,2174,1604,2886,1989,4038,2111,3348,1208,1046,2854,3840,1975,4238,275,263,757,1127,841,1609,1121,2429,1259,2075,790,749,1036,1556,704,2338,26297,16932,2524,1988,7295,0,0,13,11
2021-02-25T23:59:59+01:00,0,2,496,581,1390,2072,1537,2758,1928,3910,2011,3237,1159,1014,2624,3570,1811,3995,258,248,732,1103,799,1540,1074,2331,1185,1983,733,728,1004,1519,692,2310,25232,16839,2497,1391,6353,0,0,13,11
2021-02-24T23:59:59+01:00,0,2,466,550,1321,1959,1464,2614,1858,3757,1934,3088,1121,984,2485,3433,1732,3876,229,235,705,1058,773,1478,1045,2271,1131,1933,706,705,958,1490,681,2280,24581,16653,2486,1016,5564,0,0,13,11
2021-02-23T23:59:59+01:00,0,2,410,510,1239,1819,1389,2468,1781,3546,1863,2966,1096,950,2282,3205,1607,3690,224,229,690,1035,761,1439,1023,2228,1106,1892,697,693,949,1476,678,2276,23660,16567,2476,820,4674,0,0,13,11
2021-02-22T23:59:59+01:00,0,2,397,477,1140,1708,1287,2371,1672,3440,1782,2895,1075,937,2141,3033,1522,3595,213,220,668,984,730,1376,998,2134,1062,1811,654,661,880,1400,642,2220,23088,16379,2472,265,3901,0,0,13,11
2021-02-21T23:59:59+01:00,0,2,378,461,1039,1676,1135,2347,1517,3417,1679,2877,1067,935,2140,3032,1522,3595,186,214,637,976,719,1368,984,2129,1057,1809,651,658,877,1396,634,2213,23059,16248,2472,251,3275,0,0,13,11
2021-02-20T23:59:59+01:00,0,2,378,459,1038,1676,1134,2347,1515,3415,1679,2875,1067,934,2139,3032,1521,3594,185,212,634,976,716,1367,978,2126,1055,1809,651,658,877,1396,634,2213,23052,16227,2471,251,3269,0,0,13,11
2021-02-19T23:59:59+01:00,0,2,373,450,1026,1672,1124,2337,1502,3397,1647,2860,1017,906,1768,2525,1224,3212,164,202,608,972,698,1359,961,2124,1049,1807,648,657,875,1396,633,2212,21313,16105,2471,251,3245,0,0,13,11
2021-02-18T23:59:59+01:00,0,2,353,430,986,1590,1086,2250,1449,3279,1606,2770,987,883,1595,2282,1095,3008,144,191,569,961,678,1347,927,2108,1024,1787,637,638,854,1368,619,2191,20333,15783,2471,251,2834,0,0,13,11
2021-02-17T23:59:59+01:00,0,2,330,377,902,1447,979,2050,1315,3025,1494,2550,950,853,1406,2070,994,2831,138,184,557,930,652,1296,894,2030,974,1711,603,606,847,1342,614,2172,19260,15290,2471,251,1831,0,0,13,11
2021-02-16T23:59:59+01:00,0,2,324,338,858,1309,927,1862,1254,2800,1428,2389,938,836,1343,1974,927,2735,132,171,543,887,637,1242,866,1967,944,1669,593,596,825,1311,601,2112,18889,14972,2470,115,872,0,0,13,11
2021-02-15T23:59:59+01:00,0,2,308,298,830,1278,910,1806,1214,2716,1390,2333,910,804,1166,1742,798,2559,123,163,522,859,619,1180,842,1894,921,1592,572,559,807,1274,592,2070,17978,14505,2469,75,604,0,0,13,11
2021-02-14T23:59:59+01:00,0,2,308,298,829,1278,909,1806,1212,2716,1390,2333,910,804,1166,1742,798,2559,123,163,521,852,615,1175,836,1888,917,1589,571,559,805,1273,591,2067,17977,14461,2469,75,601,0,0,13,11
2021-02-13T23:59:59+01:00,0,2,308,298,829,1278,909,1803,1212,2714,1390,2331,910,804,1166,1742,798,2559,123,163,521,852,615,1175,834,1885,915,1585,569,559,790,1253,579,2051,17970,14459,2469,1,601,0,0,13,11
2021-02-12T23:59:59+01:00,0,2,304,297,819,1273,905,1773,1206,2686,1362,2302,908,802,1165,1739,798,2559,123,163,519,849,614,1168,828,1873,909,1572,566,557,776,1242,573,2038,17961,14360,2469,1,457,0,0,13,11
2021-02-11T23:59:59+01:00,0,2,285,288,804,1238,899,1739,1190,2620,1340,2247,873,789,1154,1727,797,2549,121,149,501,808,592,1103,794,1773,886,1512,552,543,752,1207,559,2006,17848,13849,2468,0,212,0,0,13,11
2021-02-10T23:59:59+01:00,0,2,282,282,785,1200,886,1709,1178,2574,1325,2205,868,787,1139,1711,792,2533,117,140,434,724,547,1010,716,1647,828,1428,537,527,738,1187,549,1978,17824,13109,2363,0,58,0,0,13,0
2021-02-09T23:59:59+01:00,0,2,282,279,781,1186,875,1692,1163,2555,1311,2181,853,782,1125,1694,781,2517,100,121,379,637,495,881,637,1448,740,1240,485,449,619,1025,481,1740,17726,11479,2317,0,3,0,0,13,0
2021-02-08T23:59:59+01:00,0,2,282,278,779,1181,875,1685,1161,2551,1305,2173,847,779,1109,1672,764,2496,90,99,334,543,443,781,548,1241,633,1075,409,375,535,836,388,1432,17611,9764,2314,0,1,0,0,13,0
2021-02-07T23:59:59+01:00,0,2,281,277,777,1180,874,1685,1161,2550,1305,2170,841,777,1107,1669,763,2494,88,98,332,538,441,777,546,1232,629,1069,404,370,514,813,382,1418,17586,9653,2314,0,0,0,0,13,0
2021-02-06T23:59:59+01:00,0,2,281,276,777,1179,874,1684,1161,2550,1305,2169,840,776,1105,1663,762,2492,88,97,332,535,440,776,545,1228,627,1068,400,365,466,744,354,1373,17570,9440,2313,0,0,0,0,13,0
2021-02-05T23:59:59+01:00,0,2,281,276,777,1178,873,1683,1160,2549,1304,2166,833,770,1082,1653,755,2476,82,95,324,529,424,758,519,1193,598,1026,377,338,446,721,340,1333,17492,9104,2313,0,0,0,0,13,0
2021-02-04T23:59:59+01:00,0,2,278,269,774,1157,861,1661,1147,2521,1290,2142,811,757,1054,1623,748,2460,68,77,254,408,329,592,402,965,485,824,304,274,335,576,277,1114,17252,7284,2290,0,0,0,0,13,0
2021-02-03T23:59:59+01:00,0,2,277,264,770,1136,859,1635,1140,2471,1277,2112,792,743,1037,1600,739,2446,54,54,168,279,255,441,282,715,361,585,208,194,237,423,194,837,17156,5287,2131,0,0,0,0,13,0
2021-02-02T23:59:59+01:00,0,2,276,259,766,1128,852,1613,1131,2447,1265,2095,788,736,1028,1589,737,2438,35,35,91,138,147,252,171,448,233,367,134,124,161,254,136,538,17006,3264,2131,0,0,0,0,13,0
2021-02-01T23:59:59+01:00,0,2,274,256,761,1109,844,1592,1126,2418,1261,2062,780,723,1021,1579,733,2425,11,12,14,26,25,63,44,88,70,101,49,45,57,74,39,178,16823,896,2131,0,0,0,0,12,0
2021-01-31T23:59:59+01:00,0,2,268,254,745,1107,836,1581,1116,2407,1250,2053,774,717,1011,1562,726,2412,10,12,13,25,23,60,38,83,63,93,46,45,53,67,36,165,16788,832,2021,0,0,0,0,12,0
2021-01-30T23:59:59+01:00,0,2,268,254,745,1106,835,1581,1116,2407,1250,2053,773,717,1010,1560,725,2410,10,10,13,25,23,60,38,83,62,91,45,44,52,67,36,164,16784,823,2016,0,0,0,0,12,0
2021-01-29T23:59:59+01:00,0,2,268,254,745,1105,835,1581,1116,2407,1250,2052,772,716,1009,1558,725,2408,9,5,12,24,23,59,36,81,61,91,44,43,52,67,36,164,16777,807,2014,0,0,0,0,12,0
2021-01-28T23:59:59+01:00,0,2,264,249,733,1080,800,1526,1079,2347,1173,1994,731,702,980,1538,709,2386,4,0,3,6,9,24,18,36,20,45,21,22,23,45,15,97,16598,388,1683,0,0,0,0,12,0
2021-01-27T23:59:59+01:00,0,2,258,242,710,1048,752,1471,1022,2266,1100,1913,696,675,966,1517,706,2379,3,0,3,4,6,20,14,22,13,32,6,9,10,10,4,27,16150,183,1561,0,0,0,0,12,0
2021-01-26T23:59:59+01:00,0,2,234,233,693,1024,744,1421,1002,2192,1073,1848,684,661,943,1501,696,2360,3,0,1,4,5,10,12,12,6,11,3,5,6,7,1,16,16099,102,1200,0,0,0,0,12,0
2021-01-25T23:59:59+01:00,0,2,202,218,641,950,692,1298,960,2046,1015,1713,636,606,866,1406,653,2287,3,0,1,4,5,10,12,12,6,11,3,5,6,7,1,16,15873,102,306,0,0,0,0,12,0
2021-01-24T23:59:59+01:00,0,2,185,212,615,938,673,1284,942,2030,1000,1703,629,600,856,1386,644,2274,3,0,1,4,5,10,11,12,5,11,3,5,6,7,1,16,15700,100,261,0,0,0,0,12,0
2021-01-23T23:59:59+01:00,0,2,185,212,615,938,673,1284,942,2030,1000,1703,629,600,856,1386,644,2274,3,0,1,4,5,10,9,12,5,11,3,5,6,7,1,16,15700,98,261,0,0,0,0,12,0
2021-01-22T23:59:59+01:00,0,2,138,194,557,928,655,1270,908,2020,988,1692,624,599,855,1386,644,2274,3,0,0,4,5,10,9,12,5,11,3,5,6,7,1,16,15461,97,261,0,0,0,0,12,0
2021-01-21T23:59:59+01:00,0,2,133,186,542,905,634,1229,875,1966,966,1644,613,578,843,1355,637,2255,3,0,0,4,4,10,9,12,5,11,3,5,6,7,1,15,15090,95,261,0,0,0,0,12,0
2021-01-20T23:59:59+01:00,0,2,128,170,495,839,611,1153,812,1856,929,1573,592,561,826,1332,627,2227,3,0,0,4,4,10,9,12,5,11,3,5,6,7,1,15,14462,95,259,0,0,0,0,12,0
2021-01-19T23:59:59+01:00,0,2,115,151,422,752,545,1023,727,1657,825,1408,546,507,725,1173,554,1979,3,0,0,4,4,8,9,12,5,11,3,5,6,7,1,15,12907,93,192,0,0,0,0,12,0
2021-01-18T23:59:59+01:00,0,2,97,119,353,599,454,851,597,1396,699,1202,478,441,641,1016,487,1712,1,0,0,1,0,0,0,0,0,0,0,0,0,1,0,0,11050,3,82,0,0,0,0,12,0
2021-01-17T23:59:59+01:00,0,2,93,117,349,594,453,846,595,1377,691,1192,473,432,614,987,471,1671,1,0,0,1,0,0,0,0,0,0,0,0,0,1,0,0,10863,3,82,0,0,0,0,12,0
2021-01-16T23:59:59+01:00,0,2,93,114,347,586,450,841,584,1364,680,1180,458,418,519,861,410,1574,0,0,0,1,0,0,0,0,0,0,0,0,0,0,0,0,10466,1,3,0,0,0,0,12,0
2021-01-15T23:59:59+01:00,0,2,92,112,342,584,444,836,578,1357,663,1164,442,400,511,849,402,1551,0,0,0,0,0,0,0,0,0,0,0,0,0,0,0,0,10316,0,1,0,0,0,0,12,0
2021-01-14T23:59:59+01:00,0,0,75,90,285,482,366,673,461,1103,543,982,363,320,401,695,332,1321,0,0,0,0,0,0,0,0,0,0,0,0,0,0,0,0,8480,0,0,0,0,0,0,12,0
2021-01-13T23:59:59+01:00,0,0,61,67,201,364,290,500,347,821,417,701,253,224,293,520,250,1015,0,0,0,0,0,0,0,0,0,0,0,0,0,0,0,0,6313,0,0,0,0,0,0,11,0
2021-01-12T23:59:59+01:00,0,0,40,44,121,215,177,310,206,528,278,434,159,142,188,337,171,682,0,0,0,0,0,0,0,0,0,0,0,0,0,0,0,0,4032,0,0,0,0,0,0,0,0
2021-01-11T23:59:59+01:00,0,0,11,14,41,57,41,91,59,119,92,128,65,58,83,103,49,223,0,0,0,0,0,0,0,0,0,0,0,0,0,0,0,0,1234,0,0,0,0,0,0,0,0
2021-01-10T23:59:59+01:00,0,0,11,14,29,47,34,73,50,110,79,118,57,54,77,93,46,209,0,0,0,0,0,0,0,0,0,0,0,0,0,0,0,0,1101,0,0,0,0,0,0,0,0
2021-01-09T23:59:59+01:00,0,0,11,13,26,46,34,73,49,109,77,115,56,53,76,92,45,208,0,0,0,0,0,0,0,0,0,0,0,0,0,0,0,0,1083,0,0,0,0,0,0,0,0
2021-01-08T23:59:59+01:00,0,0,7,6,26,41,32,70,46,107,76,114,53,49,71,87,41,208,0,0,0,0,0,0,0,0,0,0,0,0,0,0,0,0,1034,0,0,0,0,0,0,0,0
2021-01-07T23:59:59+01:00,0,0,5,1,9,20,15,37,28,77,33,77,32,27,47,74,28,162,0,0,0,0,0,0,0,0,0,0,0,0,0,0,0,0,672,0,0,0,0,0,0,0,0
2021-01-06T23:59:59+01:00,0,0,5,0,4,8,10,29,25,43,19,47,26,24,34,51,19,120,0,0,0,0,0,0,0,0,0,0,0,0,0,0,0,0,464,0,0,0,0,0,0,0,0
2021-01-05T23:59:59+01:00,0,0,5,0,4,8,10,29,25,43,19,47,26,24,34,50,19,120,0,0,0,0,0,0,0,0,0,0,0,0,0,0,0,0,463,0,0,0,0,0,0,0,0
2021-01-04T23:59:59+01:00,0,0,4,0,1,3,4,10,13,12,5,11,3,5,6,8,1,17,0,0,0,0,0,0,0,0,0,0,0,0,0,0,0,0,103,0,0,0,0,0,0,0,0
2021-01-03T23:59:59+01:00,0,0,3,0,1,3,4,10,12,12,5,11,3,5,6,8,1,16,0,0,0,0,0,0,0,0,0,0,0,0,0,0,0,0,100,0,0,0,0,0,0,0,0
2021-01-02T23:59:59+01:00,0,0,3,0,1,3,4,10,10,12,5,11,3,5,6,8,1,16,0,0,0,0,0,0,0,0,0,0,0,0,0,0,0,0,98,0,0,0,0,0,0,0,0
2021-01-01T23:59:59+01:00,0,0,3,0,0,3,4,10,10,12,5,11,3,5,6,7,1,16,0,0,0,0,0,0,0,0,0,0,0,0,0,0,0,0,96,0,0,0,0,0,0,0,0
2020-12-31T23:59:59+01:00,0,0,3,0,0,3,4,10,9,12,5,11,3,5,6,7,1,16,0,0,0,0,0,0,0,0,0,0,0,0,0,0,0,0,95,0,0,0,0,0,0,0,0
2020-12-30T23:59:59+01:00,0,0,3,0,0,3,4,10,9,12,5,11,3,5,6,7,1,16,0,0,0,0,0,0,0,0,0,0,0,0,0,0,0,0,95,0,0,0,0,0,0,0,0
2020-12-29T23:59:59+01:00,0,0,3,0,0,3,4,8,9,12,5,11,3,5,6,7,1,16,0,0,0,0,0,0,0,0,0,0,0,0,0,0,0,0,93,0,0,0,0,0,0,0,0
2020-12-28T23:59:59+01:00,0,0,3,0,0,3,4,8,9,12,5,11,3,5,6,7,1,16,0,0,0,0,0,0,0,0,0,0,0,0,0,0,0,0,93,0,0,0,0,0,0,0,0
2020-12-27T23:59:59+01:00,0,0,1,0,0,0,0,0,0,0,0,0,0,0,1,3,0,7,0,0,0,0,0,0,0,0,0,0,0,0,0,0,0,0,12,0,0,0,0,0,0,0,0
