Datum,<24_1_m,<24_1_w,25-34_1_m,25-34_1_w,35-44_1_m,35-44_1_w,45-54_1_m,45-54_1_w,55-64_1_m,55-64_1_w,65-74_1_m,65-74_1_w,75-84_1_m,75-84_1_w,>84_1_m,>84_1_w,<24_2_m,<24_2_w,25-34_2_m,25-34_2_w,35-44_2_m,35-44_2_w,45-54_2_m,45-54_2_w,55-64_2_m,55-64_2_w,65-74_2_m,65-74_2_w,75-84_2_m,75-84_2_w,>84_2_m,>84_2_w,bp_1,bp_2,mo_1,mo_2,az_1,az_2,ja
2021-06-24T23:59:59+02:00,13630,13555,24185,22938,28457,28906,36244,37030,38274,39045,25950,29285,17863,22751,4929,8555,6576,6793,11613,11686,13057,15041,18437,21086,24829,26915,19764,22333,15572,19763,4627,7997,262247,180506,43598,19356,76717,37192,9035
2021-06-23T23:59:59+02:00,13377,13336,24016,22794,28356,28818,36153,36957,38220,39001,25937,29264,17856,22722,4928,8545,6488,6670,11401,11458,12758,14699,18074,20686,24070,26148,19079,21685,15437,19575,4621,7985,261020,178297,43592,18758,76711,34822,8957
2021-06-22T23:59:59+02:00,13169,13115,23878,22673,28286,28750,36087,36900,38184,38971,25926,29247,17851,22713,4928,8545,6357,6530,11145,11203,12405,14319,17463,20082,23379,25399,18715,21299,15316,19427,4614,7970,259981,175350,43591,17909,76709,33422,8942
2021-06-21T23:59:59+02:00,12826,12847,23050,22018,28129,28606,36024,36839,38128,38929,25911,29231,17845,22705,4928,8544,6225,6404,10921,10980,12108,14011,17073,19742,22954,24947,18453,21009,15234,19342,4611,7969,257451,173931,43586,16926,76703,32306,8820
2021-06-20T23:59:59+02:00,12709,12706,22776,21788,27949,28464,35955,36776,38090,38887,25902,29221,17844,22701,4926,8541,6175,6335,10841,10886,12017,13906,16861,19547,22713,24726,18356,20909,15182,19295,4607,7966,256204,173633,43584,15886,76702,32058,8745
2021-06-19T23:59:59+02:00,12677,12679,22752,21766,27935,28451,35943,36772,38083,38883,25901,29220,17844,22699,4926,8541,6140,6291,10751,10795,11926,13788,16708,19390,22413,24369,18297,20846,15174,19287,4606,7966,256064,173555,43561,14402,76702,32045,8745
2021-06-18T23:59:59+02:00,12616,12605,22412,21439,27711,28271,35891,36737,38058,38861,25894,29213,17843,22695,4926,8540,6124,6279,10722,10767,11882,13740,16643,19325,22331,24264,18129,20669,15142,19236,4605,7961,254707,173169,43559,14402,76701,31503,8745
2021-06-17T23:59:59+02:00,11957,12107,21139,20486,26894,27571,35540,36431,37826,38689,25835,29136,17824,22667,4920,8536,5897,6118,10347,10499,11425,13352,15930,18699,20985,22899,17745,20282,15012,19091,4601,7947,248982,167926,43541,13834,76689,30723,8346
2021-06-16T23:59:59+02:00,11558,11729,20440,19835,26313,27041,35303,36235,37686,38554,25794,29087,17805,22647,4919,8532,5731,5941,9948,10168,10966,12897,15208,17968,20171,22023,17365,19863,14882,18913,4593,7938,245187,164199,43530,12587,76676,29704,8085
2021-06-15T23:59:59+02:00,11275,11453,20155,19600,26105,26862,35168,36132,37602,38481,25771,29055,17798,22632,4915,8529,5605,5812,9713,9970,10724,12625,14783,17532,19595,21447,17058,19494,14689,18728,4584,7929,243449,162165,43522,11524,76670,28707,7892
2021-06-14T23:59:59+02:00,11113,11314,19869,19345,25946,26732,35046,36052,37551,38445,25757,29040,17792,22622,4915,8526,5525,5741,9538,9834,10557,12488,14515,17310,19290,21165,16899,19342,14606,18622,4583,7927,242285,160745,43520,11523,76666,28080,7594
2021-06-13T23:59:59+02:00,10921,11165,19572,19151,25619,26476,34861,35898,37454,38393,25745,29030,17783,22614,4915,8523,5425,5661,9334,9667,10399,12319,14157,16940,18982,20872,16786,19201,14565,18571,4582,7925,240658,159907,43520,11523,76662,26676,7280
2021-06-12T23:59:59+02:00,10911,11150,19560,19141,25619,26471,34861,35894,37451,38392,25745,29030,17783,22614,4915,8523,5421,5648,9324,9618,10366,12217,14105,16800,18929,20771,16684,19084,14483,18503,4581,7923,240613,159881,43520,11521,76658,25786,7269
2021-06-11T23:59:59+02:00,10730,10947,19319,18931,24839,25812,34687,35751,37333,38284,25717,29000,17774,22592,4915,8520,5333,5512,9090,9361,10118,11922,13522,16204,17996,19902,16555,18946,14451,18466,4579,7920,237738,155908,43519,11520,76654,25209,7240
2021-06-10T23:59:59+02:00,10264,10562,18688,18451,24022,25168,34372,35477,37165,38148,25665,28948,17753,22566,4912,8514,5114,5295,8493,8853,9308,11201,12307,15007,16061,18045,15752,18065,14226,18182,4572,7901,234176,146359,42863,11488,76629,23528,7007
2021-06-09T23:59:59+02:00,9737,9960,17865,17716,22890,24167,33937,35068,36913,37949,25570,28848,17714,22519,4903,8504,4959,5148,8204,8601,9073,10946,11943,14616,15597,17528,15382,17642,14030,17949,4567,7893,230269,144586,40982,11447,76594,21630,6415
2021-06-08T23:59:59+02:00,9380,9605,17400,17302,22486,23810,33708,34885,36752,37842,25539,28807,17705,22499,4901,8500,4812,5035,7963,8354,8766,10603,11584,14252,14952,16832,14936,17114,13809,17734,4562,7878,227582,142916,40950,10346,76586,19921,6003
2021-06-07T23:59:59+02:00,9147,9328,16928,16918,22062,23439,33460,34634,36648,37736,25513,28762,17690,22476,4896,8499,4724,4949,7780,8215,8615,10460,11396,14077,14664,16505,14732,16865,13670,17581,4560,7874,225984,141883,39989,10256,76575,18940,5588
2021-06-06T23:59:59+02:00,9030,9203,16788,16774,21880,23232,33235,34419,36538,37638,25485,28745,17679,22459,4896,8495,4697,4903,7730,8106,8565,10328,11285,13922,14468,16298,14561,16687,13587,17476,4556,7869,224785,141410,39689,10246,76558,17918,5464
2021-06-05T23:59:59+02:00,9002,9186,16765,16749,21872,23229,33226,34413,36536,37637,25484,28745,17678,22458,4896,8495,4685,4854,7717,8042,8551,10190,11269,13743,14450,16213,14525,16634,13580,17466,4556,7868,224675,141329,39689,10246,76557,17318,5450
2021-06-04T23:59:59+02:00,8882,9081,16480,16506,21413,22803,33006,34224,36427,37529,25452,28709,17668,22446,4894,8494,4675,4844,7691,8016,8524,10161,11195,13662,14347,16079,14452,16549,13548,17430,4556,7866,223105,141000,38921,9918,76538,17227,5450
2021-06-03T23:59:59+02:00,8598,8821,15574,15680,19716,21362,32175,33384,35983,37115,25333,28590,17633,22401,4888,8479,4609,4804,7609,7939,8398,10055,11015,13467,13772,15482,14226,16291,13478,17342,4554,7856,216538,138816,37354,9816,76529,16954,5311
2021-06-02T23:59:59+02:00,8438,8642,15186,15264,19260,20945,31735,32949,35811,36912,25273,28535,17615,22377,4886,8478,4575,4767,7541,7851,8314,9967,10862,13334,13299,14995,14148,16178,13456,17309,4551,7853,213543,137046,36926,9723,76529,16923,5308
2021-06-01T23:59:59+02:00,8115,8363,14808,14967,18922,20623,31420,32633,35615,36705,25222,28465,17593,22352,4884,8467,4453,4668,7301,7674,8078,9774,10598,13045,12869,14543,13759,15764,13362,17189,4546,7845,210834,134949,36881,9470,76508,16118,4931
2021-05-31T23:59:59+02:00,7943,8155,14595,14733,18203,20023,31097,32312,35321,36452,25148,28379,17570,22301,4875,8456,4352,4538,7100,7426,7849,9483,10243,12662,12421,14019,13245,15161,13205,16998,4537,7837,209448,131802,34838,9150,76492,15339,4785
2021-05-30T23:59:59+02:00,7916,8135,14551,14700,18128,19964,31043,32273,35298,36432,25134,28366,17569,22296,4874,8454,4293,4444,6962,7225,7692,9255,10024,12341,12184,13697,13128,14998,13151,16929,4535,7831,209156,131089,34827,9049,76439,13840,4711
2021-05-29T23:59:59+02:00,7913,8134,14544,14695,18122,19960,31038,32270,35296,36431,25132,28362,17569,22296,4874,8454,4283,4427,6930,7192,7659,9203,9991,12285,12111,13606,13084,14933,13127,16910,4534,7826,209129,130951,34827,9049,76424,13391,4710
2021-05-28T23:59:59+02:00,7904,8119,14527,14677,18106,19940,31028,32259,35287,36415,25131,28357,17567,22294,4874,8454,4267,4395,6907,7153,7628,9148,9928,12166,11852,13345,12920,14742,13101,16886,4532,7823,208980,129664,34826,9048,76424,13372,4709
2021-05-27T23:59:59+02:00,7799,8014,14219,14453,17632,19589,30389,31747,35140,36298,25090,28324,17554,22284,4873,8448,4114,4210,6613,6903,7256,8840,9413,11573,11132,12435,12419,14228,13002,16739,4527,7815,207915,126184,33394,8720,76389,12160,4155
2021-05-26T23:59:59+02:00,7712,7885,14011,14239,17375,19286,29851,31240,34982,36151,25058,28281,17542,22264,4872,8443,4008,4044,6382,6608,6965,8408,9052,11085,10485,11635,11906,13666,12897,16565,4524,7796,206339,122669,32648,8538,76377,10991,3828
2021-05-25T23:59:59+02:00,7621,7778,13805,14024,17082,19049,29161,30624,34900,36058,25039,28261,17532,22249,4867,8442,3942,3941,6246,6437,6811,8214,8831,10791,10122,11255,11589,13201,12805,16438,4522,7788,205638,120845,31207,8401,75891,9931,3756
2021-05-24T23:59:59+02:00,7531,7663,13640,13817,16845,18770,28760,30199,34584,35687,24995,28201,17513,22230,4867,8440,3927,3910,6188,6356,6765,8129,8772,10702,10000,11104,11463,13024,12764,16360,4515,7770,205135,120234,29005,8355,75883,9441,3719
2021-05-23T23:59:59+02:00,7528,7662,13635,13807,16842,18760,28739,30188,34550,35646,24994,28194,17513,22226,4867,8440,3923,3906,6181,6345,6757,8122,8743,10669,9958,11039,11380,12924,12748,16338,4515,7770,205007,120229,28989,7942,75882,9434,3713
2021-05-22T23:59:59+02:00,7519,7657,13623,13792,16834,18756,28737,30187,34547,35640,24994,28194,17513,22226,4867,8440,3921,3905,6179,6343,6756,8117,8739,10668,9952,11036,11370,12911,12742,16334,4515,7770,204944,120189,28989,7942,75880,9414,3713
2021-05-21T23:59:59+02:00,7445,7583,13471,13688,16654,18603,28455,30009,34155,35387,24975,28166,17505,22218,4866,8438,3910,3893,6145,6322,6727,8084,8701,10619,9864,10953,10867,12204,12634,16211,4512,7766,204268,118449,28864,7939,74844,9382,3642
2021-05-20T23:59:59+02:00,7095,7340,12867,13277,15373,17640,26394,28340,33517,34889,24877,28024,17463,22149,4860,8426,3841,3830,6060,6207,6616,7929,8533,10463,9615,10619,10555,11779,12545,16067,4506,7755,199558,116500,27136,7866,72322,9039,3515
2021-05-19T23:59:59+02:00,6852,7055,12339,12813,14608,16926,25486,27518,32948,34362,24792,27938,17430,22104,4856,8417,3747,3739,5898,6039,6422,7682,8250,10170,9310,10234,10257,11393,12489,15943,4504,7748,193907,114604,27098,7671,72309,8420,3130
2021-05-18T23:59:59+02:00,6645,6916,11928,12483,13949,16409,24316,26538,32375,33831,24691,27827,17390,22060,4851,8409,3696,3703,5783,5930,6256,7517,8046,9955,9116,10000,10079,11125,12374,15769,4494,7741,188987,113485,26596,7602,72267,7729,2768
2021-05-17T23:59:59+02:00,6583,6865,11752,12372,13664,16175,23490,25870,32101,33577,24631,27777,17368,22032,4844,8403,3586,3605,5599,5758,6093,7320,7839,9726,8908,9773,10003,11022,12329,15715,4491,7739,187239,112803,25908,7595,71875,6626,2482
2021-05-16T23:59:59+02:00,6552,6842,11689,12317,13572,16086,22805,25268,31573,33117,24595,27740,17361,22017,4843,8403,3580,3575,5585,5697,6067,7256,7811,9635,8877,9689,9992,11009,12326,15713,4491,7739,186478,112695,24373,7589,71457,6286,2472
2021-05-15T23:59:59+02:00,6539,6833,11657,12306,13541,16076,22734,25198,31043,32742,24588,27738,17360,22014,4842,8402,3564,3558,5568,5653,6053,7181,7770,9509,8650,9452,9955,10967,12297,15674,4491,7738,186429,112691,24361,7451,70810,5925,2013
2021-05-14T23:59:59+02:00,6497,6801,11591,12268,13468,16003,22295,24867,30653,32434,24563,27697,17348,22000,4842,8400,3528,3514,5532,5558,6034,7046,7727,9288,8594,9285,9872,10840,12228,15573,4491,7737,185715,112527,24045,7126,69955,5182,2012
2021-05-13T23:59:59+02:00,6316,6616,11200,11964,12711,15407,19982,23004,29299,31112,24384,27514,17289,21940,4841,8397,3514,3478,5510,5515,6016,6989,7698,9220,8553,9227,9633,10561,12066,15324,4487,7729,181819,112178,20285,6329,67875,5016,1997
2021-05-12T23:59:59+02:00,6282,6587,11126,11903,12607,15309,19853,22877,28902,30712,24332,27463,17275,21914,4840,8392,3514,3474,5503,5509,6007,6974,7671,9200,8514,9174,9410,10288,11886,15058,4484,7722,180853,111903,19652,5478,67872,5010,1997
2021-05-11T23:59:59+02:00,6123,6470,10884,11644,12233,14923,19204,22205,28015,29793,24190,27317,17228,21846,4835,8377,3466,3422,5416,5350,5905,6790,7530,8957,8353,8962,9229,10085,11766,14895,4475,7708,176839,110885,18769,5371,67744,4118,1935
2021-05-10T23:59:59+02:00,5979,6374,10668,11441,11974,14670,18869,21844,27614,29419,24095,27227,17191,21802,4831,8374,3385,3357,5304,5240,5789,6680,7407,8819,8228,8861,9121,9952,11688,14783,4473,7701,174840,110359,18085,5360,67520,3142,1927
2021-05-09T23:59:59+02:00,5899,6310,10569,11333,11866,14550,18498,21523,27264,29086,24020,27147,17163,21776,4829,8371,3308,3322,5156,5197,5611,6639,7247,8788,8110,8828,9113,9940,11672,14768,4473,7701,174447,110284,16813,5351,67031,2325,1913
2021-05-08T23:59:59+02:00,5897,6308,10568,11331,11866,14550,18495,21520,27262,29084,24020,27147,17163,21776,4829,8371,3308,3321,5155,5197,5611,6639,7247,8788,8108,8828,9112,9939,11672,14768,4473,7701,174432,110281,16813,5351,67029,2322,1913
2021-05-07T23:59:59+02:00,5859,6281,10490,11270,11738,14429,18031,21198,26694,28568,23986,27110,17149,21740,4822,8345,3294,3314,5145,5191,5602,6626,7233,8774,8102,8820,9106,9929,11662,14743,4465,7678,173600,110267,16811,5350,65516,2284,1783
2021-05-06T23:59:59+02:00,5566,6087,9988,10907,11180,13912,16837,20106,24345,26268,23614,26736,17062,21654,4817,8335,3242,3268,5085,5108,5554,6535,7143,8643,7973,8682,9009,9824,11642,14702,4462,7675,168591,109719,14375,5294,62676,1762,1772
2021-05-05T23:59:59+02:00,5471,5989,9668,10679,10852,13569,16217,19455,23535,25336,23392,26452,17004,21567,4808,8321,3219,3228,5033,5014,5495,6406,7052,8475,7849,8481,8910,9686,11579,14634,4461,7667,164940,108794,13080,5288,62526,1338,1769
2021-05-04T23:59:59+02:00,5367,5882,9495,10477,10642,13316,15813,19030,23006,24781,23196,26205,16946,21509,4800,8312,3209,3185,5005,4944,5459,6285,7002,8335,7764,8329,8812,9581,11518,14590,4459,7665,162692,108334,11964,5279,62372,780,1749
2021-05-03T23:59:59+02:00,5278,5795,9306,10342,10469,13128,15506,18775,22615,24372,23076,26082,16922,21470,4800,8307,3124,3107,4917,4872,5392,6193,6901,8231,7578,8164,8744,9503,11481,14549,4456,7661,161191,108118,11963,5276,62280,670,809
2021-05-02T23:59:59+02:00,5260,5779,9223,10280,10338,13004,15140,18437,22365,24125,23030,26038,16909,21445,4799,8306,3114,3100,4849,4833,5299,6101,6757,8099,7482,8080,8699,9467,11461,14517,4454,7656,160307,108007,11960,5274,62177,653,34
2021-05-01T23:59:59+02:00,5260,5777,9221,10279,10337,13004,15137,18434,22363,24125,23029,26037,16909,21445,4799,8306,3114,3100,4849,4833,5299,6101,6757,8099,7482,8080,8699,9467,11461,14517,4454,7656,160291,108007,11960,5274,62177,653,34
2021-04-30T23:59:59+02:00,5175,5670,8959,10055,10082,12763,14604,17965,21542,23368,22962,25955,16893,21421,4797,8303,3110,3098,4840,4823,5290,6069,6744,8063,7450,8050,8697,9465,11461,14515,4452,7655,156705,107984,11959,5272,61849,525,1
2021-04-29T23:59:59+02:00,4997,5494,8440,9625,9394,12166,13503,16963,19753,21738,22351,25284,16792,21253,4792,8289,3082,3068,4800,4756,5246,5987,6683,7960,7374,7936,8589,9348,11403,14453,4446,7649,147589,107508,11945,5002,61299,269,1
2021-04-28T23:59:59+02:00,4958,5471,8363,9549,9314,12078,13383,16824,19541,21546,22273,25193,16768,21218,4790,8286,3077,3048,4773,4704,5218,5939,6653,7884,7324,7861,8575,9324,11390,14433,4445,7644,147211,107317,11855,4930,60488,44,1
2021-04-27T23:59:59+02:00,4903,5407,8226,9416,9207,11927,13219,16645,19095,21031,22069,24968,16718,21158,4787,8279,3073,3042,4771,4702,5211,5929,6638,7867,7290,7825,8504,9230,11328,14370,4441,7641,146490,107065,10785,4760,59779,36,1
2021-04-26T23:59:59+02:00,4849,5369,8117,9327,9068,11818,13015,16462,18699,20667,21950,24836,16697,21140,4787,8279,3073,3040,4766,4697,5205,5921,6622,7847,7262,7794,8453,9179,11281,14299,4438,7629,145726,106970,10650,4505,58704,31,0
2021-04-25T23:59:59+02:00,4834,5353,8077,9293,9001,11753,12861,16325,18356,20321,21774,24625,16663,21097,4783,8274,3073,3040,4765,4696,5201,5917,6619,7844,7258,7789,8398,9115,11260,14277,4438,7628,144356,106949,10639,4339,58395,30,0
2021-04-24T23:59:59+02:00,4827,5345,8060,9288,8987,11744,12808,16291,18301,20283,21761,24616,16661,21092,4783,8274,3072,3040,4765,4696,5201,5917,6619,7844,7258,7789,8398,9115,11260,14277,4438,7628,144259,106949,10639,4339,58223,29,0
2021-04-23T23:59:59+02:00,4806,5307,8001,9219,8895,11641,12414,15922,17906,19897,21573,24423,16605,21023,4782,8267,3069,3038,4761,4693,5192,5909,6607,7833,7233,7756,8379,9091,11254,14270,4436,7625,143003,106938,10292,4180,57386,28,0
2021-04-22T23:59:59+02:00,4745,5227,7872,9020,8688,11371,12073,15472,16946,18841,21070,23824,16505,20875,4774,8254,3059,3030,4756,4674,5167,5884,6563,7794,7167,7711,8245,8931,11125,14128,4432,7619,139276,106321,10172,3942,56109,22,0
2021-04-21T23:59:59+02:00,4697,5175,7766,8896,8522,11214,11747,15165,16169,18002,20774,23490,16456,20785,4769,8244,3047,3017,4741,4657,5148,5863,6553,7779,7142,7690,8193,8868,11094,14093,4430,7618,136376,106046,10043,3866,55452,21,0
2021-04-20T23:59:59+02:00,4671,5146,7730,8838,8436,11130,11576,14986,15685,17479,20361,23009,16381,20666,4762,8233,3040,3007,4734,4643,5120,5842,6526,7759,7099,7651,8085,8725,11040,14023,4426,7615,134238,105487,9779,3828,55072,20,0
2021-04-19T23:59:59+02:00,4638,5081,7670,8739,8336,10985,11416,14799,15401,17164,19901,22450,16245,20488,4751,8225,3035,3006,4728,4636,5106,5827,6508,7743,7073,7605,8025,8662,11022,13990,4424,7612,132183,105157,9423,3825,54683,20,0
2021-04-18T23:59:59+02:00,4616,5051,7608,8682,8221,10848,11117,14539,14918,16599,19496,21977,16147,20330,4749,8220,3035,3006,4728,4636,5106,5827,6507,7740,7070,7604,8023,8658,11019,13987,4424,7609,129776,105136,9353,3823,53989,20,0
2021-04-17T23:59:59+02:00,4610,5043,7589,8675,8211,10829,11073,14490,14805,16499,19381,21866,16129,20307,4748,8218,3035,3006,4727,4633,5100,5823,6491,7732,7047,7581,7975,8612,11003,13967,4423,7609,129338,105127,9345,3617,53790,20,0
2021-04-16T23:59:59+02:00,4594,4987,7513,8549,8114,10665,10837,14206,14108,15708,18867,21269,16028,20174,4740,8202,3032,3003,4721,4628,5097,5811,6471,7722,6995,7527,7680,8229,10924,13845,4416,7596,126496,104348,9284,3329,52781,20,0
2021-04-15T23:59:59+02:00,4542,4921,7394,8416,7940,10414,10489,13775,13309,14802,18113,20466,15844,19907,4727,8189,3031,2995,4710,4610,5084,5780,6439,7686,6911,7440,7114,7575,10852,13751,4412,7586,122855,102762,9127,3196,51266,18,0
2021-04-14T23:59:59+02:00,4511,4880,7328,8305,7835,10269,10299,13563,12868,14320,17609,19872,15725,19750,4724,8175,2993,2974,4693,4575,5058,5739,6402,7650,6856,7378,6381,6691,10712,13610,4408,7579,121474,100490,8893,3196,49666,13,0
2021-04-13T23:59:59+02:00,4507,4872,7284,8288,7781,10235,10184,13505,12440,13975,16928,19021,15554,19527,4720,8169,2967,2943,4674,4551,5029,5701,6344,7580,6761,7279,6154,6415,10207,13003,4401,7563,120788,98370,8676,3189,47526,13,0
2021-04-12T23:59:59+02:00,4490,4853,7230,8237,7725,10161,10066,13402,12160,13715,16496,18516,15411,19366,4715,8166,2936,2928,4599,4508,4928,5630,6232,7508,6616,7158,5367,5552,9826,12536,4373,7526,120454,95029,8641,3181,45614,13,0
2021-04-11T23:59:59+02:00,4473,4844,7186,8185,7669,10115,9967,13314,11901,13477,15902,17802,15205,19103,4711,8158,2850,2836,4460,4383,4787,5505,6056,7338,6474,7056,5046,5183,9726,12407,4373,7522,119877,92857,8213,3133,43922,12,0
2021-04-10T23:59:59+02:00,4451,4819,7148,8137,7621,10063,9902,13255,11813,13377,15681,17614,15169,19050,4710,8153,2209,2200,3633,3678,3923,4715,5012,6396,5701,6343,4789,4888,9623,12275,4368,7514,119414,84122,8213,3133,43336,12,0
2021-04-09T23:59:59+02:00,4428,4798,7109,8108,7551,10001,9738,13117,11405,12999,14511,16080,14821,18638,4701,8146,1236,1275,2266,2450,2394,3336,3156,4717,4250,4992,4138,4184,9411,11981,4349,7490,117524,68482,8211,3131,40416,12,0
2021-04-08T23:59:59+02:00,4399,4779,7045,8055,7453,9898,9532,12987,10939,12583,13384,14824,14503,18208,4684,8120,652,727,1343,1728,1477,2386,2039,3604,2861,3578,2942,2839,8674,11076,4249,7322,116297,54357,8131,3128,36965,12,0
2021-04-07T23:59:59+02:00,4347,4746,6962,8001,7360,9832,9390,12836,10601,12246,12659,14069,14342,17996,4679,8102,399,477,972,1381,1062,2000,1520,3135,1837,2471,1798,1573,7836,10001,4136,7132,115338,44593,7980,3128,34850,9,0
2021-04-06T23:59:59+02:00,4331,4731,6937,7964,7304,9758,9287,12753,10367,12001,12262,13551,14171,17766,4669,8091,391,461,964,1373,1046,1977,1489,3102,1775,2413,1719,1498,7391,9406,4033,6958,114062,42861,7882,3127,33999,8,0
2021-04-05T23:59:59+02:00,4325,4729,6926,7953,7293,9747,9264,12724,10303,11935,12141,13401,14089,17688,4667,8090,389,456,952,1369,1041,1968,1477,3082,1754,2375,1664,1444,7135,9066,3950,6825,113730,41813,7861,3126,33684,8,0
2021-04-04T23:59:59+02:00,4325,4729,6923,7947,7292,9746,9263,12724,10292,11930,12138,13398,14087,17687,4667,8090,389,455,952,1369,1040,1966,1476,3081,1753,2371,1661,1440,7127,9052,3946,6823,113725,41767,7861,3126,33652,8,0
2021-04-03T23:59:59+02:00,4325,4729,6923,7946,7291,9746,9263,12724,10291,11930,12138,13397,14085,17685,4667,8090,389,454,949,1365,1039,1965,1475,3076,1751,2369,1654,1427,7081,8967,3916,6796,113721,41539,7861,3126,33648,8,0
2021-04-02T23:59:59+02:00,4322,4727,6922,7943,7283,9739,9254,12717,10271,11909,12010,13279,14049,17638,4663,8083,387,451,947,1358,1032,1954,1459,3049,1708,2328,1543,1332,6258,7985,3563,6333,113600,38874,7857,2805,33352,8,0
2021-04-01T23:59:59+02:00,4280,4712,6883,7924,7246,9709,9203,12676,10198,11828,11622,12797,13736,17222,4659,8073,382,445,929,1341,1022,1937,1423,2999,1642,2265,1423,1239,5233,6759,3127,5649,113216,35007,6464,2800,33088,8,0
2021-03-31T23:59:59+02:00,4272,4706,6869,7906,7230,9690,9165,12640,10102,11755,11244,12320,13460,16808,4653,8056,379,442,919,1333,1015,1923,1400,2971,1591,2226,1344,1174,4622,6023,2838,5281,112647,32746,5471,2727,32758,8,0
2021-03-30T23:59:59+02:00,4249,4677,6831,7868,7177,9624,9066,12528,9937,11599,10968,12008,13273,16590,4646,8044,374,436,914,1322,1004,1917,1379,2963,1564,2202,1318,1148,4493,5892,2792,5198,111827,32376,5222,2532,32036,8,0
2021-03-29T23:59:59+02:00,4239,4654,6803,7843,7133,9568,8967,12427,9725,11378,10505,11485,12969,16204,4632,8017,369,431,910,1313,998,1909,1368,2952,1546,2193,1295,1132,4351,5722,2707,5097,110160,31760,4914,2526,31475,7,0
2021-03-28T23:59:59+02:00,4186,4587,6688,7687,7019,9428,8839,12228,9570,11193,10284,11202,12817,16057,4629,8009,369,431,910,1313,996,1908,1367,2952,1545,2191,1287,1130,4317,5678,2685,5077,109790,31725,4651,2425,29982,6,0
2021-03-27T23:59:59+01:00,4184,4569,6676,7623,6988,9301,8787,12054,9518,11055,10156,11071,12742,15984,4629,8009,369,430,910,1313,996,1906,1366,2950,1542,2190,1284,1127,4290,5643,2674,5063,109781,31623,4651,2424,28914,6,0
2021-03-26T23:59:59+01:00,4178,4559,6645,7586,6957,9221,8737,11934,9427,10932,10105,11013,12707,15932,4622,7993,364,428,908,1310,992,1893,1360,2926,1524,2182,1256,1108,4102,5404,2582,4931,109725,30881,4430,2383,28393,6,0
2021-03-25T23:59:59+01:00,4149,4518,6553,7455,6857,9051,8537,11698,9118,10613,9707,10604,12451,15675,4618,7985,364,426,906,1302,988,1882,1346,2907,1499,2166,1227,1091,3849,5134,2360,4628,109353,29687,4223,2383,26013,5,0
2021-03-24T23:59:59+01:00,4083,4445,6468,7276,6734,8819,8364,11449,8877,10293,9258,10074,12104,15288,4609,7978,364,425,905,1299,982,1880,1340,2899,1482,2153,1220,1081,3774,5058,2191,4415,108842,29082,4089,2383,23188,3,0
2021-03-23T23:59:59+01:00,4062,4408,6419,7222,6651,8749,8245,11316,8614,10056,8803,9538,11712,14856,4601,7966,364,424,903,1288,977,1872,1335,2889,1479,2141,1194,1063,3678,4964,2006,4119,108032,28310,3996,2383,21190,3,0
2021-03-22T23:59:59+01:00,4048,4387,6381,7189,6618,8704,8171,11237,8458,9896,8491,9168,11449,14574,4575,7931,361,418,898,1276,969,1866,1327,2880,1471,2130,1182,1054,3646,4924,1992,4092,107363,28101,3993,2382,19921,3,0
2021-03-21T23:59:59+01:00,4046,4383,6376,7178,6602,8689,8148,11217,8393,9835,8380,9037,11384,14492,4574,7928,359,417,889,1272,960,1861,1320,2878,1467,2125,1178,1052,3637,4908,1978,4084,107278,28000,3992,2382,19392,3,0
2021-03-20T23:59:59+01:00,4038,4336,6367,7105,6588,8546,8121,11024,8348,9723,8299,8950,11353,14457,4574,7928,359,417,889,1272,960,1861,1319,2878,1467,2123,1178,1052,3637,4906,1978,4084,107247,27996,3780,2381,18730,3,0
2021-03-19T23:59:59+01:00,4025,4301,6340,7021,6562,8452,8071,10910,8212,9535,7764,8347,11200,14250,4566,7914,354,416,883,1264,944,1850,1293,2847,1413,2076,1090,976,2915,4035,1636,3615,105641,25223,3481,2381,18348,3,0
2021-03-18T23:59:59+01:00,4013,4281,6298,6981,6530,8384,7999,10823,8067,9374,6780,7220,11000,14035,4556,7896,353,416,879,1260,937,1842,1276,2837,1388,2056,1049,960,2689,3756,1505,3437,102655,24256,3324,2381,18258,3,0
2021-03-17T23:59:59+01:00,3970,4236,6229,6894,6471,8280,7903,10694,7940,9215,5990,6240,10844,13880,4540,7875,352,416,871,1254,934,1829,1262,2816,1363,2033,1019,936,2553,3619,1445,3344,99897,23662,3323,2381,17981,3,0
2021-03-16T23:59:59+01:00,3950,4200,6190,6840,6423,8213,7844,10622,7852,9122,5797,6024,10196,13143,4505,7820,344,406,858,1238,922,1820,1256,2799,1349,2025,1005,914,2323,3352,1332,3182,97711,22743,3313,2379,17717,3,0
2021-03-15T23:59:59+01:00,3911,4163,6085,6759,6297,8114,7702,10504,7695,8980,5010,5145,9821,12659,4468,7764,343,405,855,1234,921,1811,1253,2787,1341,2016,990,900,2168,3167,1262,3106,94208,22179,3306,2378,17563,2,0
2021-03-14T23:59:59+01:00,3759,3977,5803,6423,6034,7770,7375,10055,7424,8692,4664,4747,9695,12497,4465,7753,343,405,855,1234,920,1811,1251,2786,1339,2013,989,898,2165,3163,1259,3106,91817,22160,3252,2375,16064,2,0
2021-03-13T23:59:59+01:00,3015,3235,4850,5560,5023,6820,6135,8899,6509,7832,4363,4382,9320,11985,4402,7670,343,405,854,1232,919,1806,1250,2784,1338,2013,989,897,2133,3122,1237,3076,81135,22021,3252,2375,15613,2,0
2021-03-12T23:59:59+01:00,2071,2317,3491,4376,3508,5476,4318,7208,5037,6444,3701,3696,8025,10359,4008,7135,339,401,850,1228,915,1800,1241,2762,1310,1995,942,871,1734,2605,1023,2781,62336,20420,3250,2375,15584,2,0
2021-03-11T23:59:59+01:00,1488,1774,2577,3620,2592,4524,3207,6086,3659,5034,2588,2472,6242,8132,3421,6188,334,393,834,1218,902,1776,1222,2732,1286,1953,904,848,1560,2350,921,2621,45076,19477,3248,2375,15280,2,0
2021-03-10T23:59:59+01:00,1239,1525,2203,3250,2208,4132,2739,5657,2678,3961,1495,1287,4879,6380,2980,5585,324,383,816,1197,879,1733,1186,2666,1250,1890,879,829,1370,2129,838,2480,34072,18578,3248,2269,14878,2,0
2021-03-09T23:59:59+01:00,1217,1482,2135,3113,2143,4018,2654,5515,2597,3848,1463,1260,4802,6301,2948,5536,317,374,805,1176,858,1702,1162,2627,1234,1865,864,814,1277,1998,785,2380,33668,18011,3245,2225,14119,2,0
2021-03-08T23:59:59+01:00,1189,1443,2082,3015,2099,3932,2594,5400,2544,3789,1423,1238,4649,6115,2860,5425,317,368,800,1170,855,1693,1154,2619,1223,1846,845,789,1088,1753,683,2241,32978,17221,3245,2222,13574,1,0
2021-03-07T23:59:59+01:00,1182,1422,2041,2971,2058,3888,2555,5331,2507,3762,1417,1235,4643,6107,2857,5425,317,368,800,1170,855,1693,1154,2619,1222,1846,841,789,1080,1742,675,2231,32948,17221,3240,2181,13213,0,0
2021-03-06T23:59:59+01:00,1180,1418,2032,2956,2045,3869,2540,5301,2488,3744,1403,1221,4609,6067,2846,5414,317,368,800,1170,855,1693,1154,2619,1222,1846,841,789,1080,1742,675,2230,32805,17221,3239,2180,13089,0,0
2021-03-05T23:59:59+01:00,1174,1413,2014,2935,2015,3841,2497,5247,2437,3715,1362,1190,4328,5716,2719,5224,315,365,792,1164,851,1685,1151,2611,1219,1837,828,785,1073,1733,674,2228,32066,17131,2909,2180,12852,0,0
2021-03-04T23:59:59+01:00,1071,1247,1928,2815,1947,3702,2421,5080,2349,3579,1331,1170,4065,5426,2483,4907,315,363,790,1158,849,1679,1150,2602,1214,1833,806,777,1063,1721,667,2217,30816,17047,2905,2157,11800,0,0
2021-03-03T23:59:59+01:00,1015,1129,1867,2718,1880,3600,2351,4966,2279,3504,1321,1158,3940,5313,2277,4645,314,358,789,1151,846,1657,1144,2560,1200,1813,793,773,1054,1702,661,2211,30148,17022,2790,2004,11025,0,0
2021-03-02T23:59:59+01:00,962,1041,1773,2594,1790,3478,2265,4842,2215,3433,1293,1139,3797,5158,2087,4321,314,356,788,1145,843,1655,1140,2555,1195,1803,791,770,1039,1679,652,2195,29424,16917,2601,2003,10163,0,0
2021-03-01T23:59:59+01:00,928,977,1676,2460,1718,3333,2162,4671,2146,3325,1274,1129,3742,5087,2049,4268,313,355,785,1141,842,1640,1135,2543,1190,1796,786,767,1034,1671,651,2194,29171,16840,2517,2003,9257,0,0
2021-02-28T23:59:59+01:00,919,948,1658,2396,1689,3254,2142,4579,2132,3259,1269,1125,3732,5072,2035,4259,313,355,785,1140,842,1639,1135,2543,1189,1795,784,765,1025,1656,648,2186,29065,16830,2515,1970,8888,0,0
2021-02-27T23:59:59+01:00,901,926,1637,2332,1674,3142,2119,4442,2113,3183,1267,1123,3732,5070,2034,4258,313,355,785,1140,842,1638,1135,2543,1189,1794,784,765,1025,1656,648,2186,29060,16828,2514,1970,8379,0,0
2021-02-26T23:59:59+01:00,753,837,1546,2213,1621,2986,2055,4185,2009,2968,1174,1049,3023,4192,1678,3776,313,355,783,1138,842,1637,1135,2539,1187,1793,781,760,1005,1639,641,2174,26268,16754,2514,1968,7283,0,0
2021-02-25T23:59:59+01:00,578,749,1446,2105,1553,2861,1989,4053,1915,2859,1124,1025,2772,3877,1540,3581,295,337,755,1113,800,1567,1086,2434,1117,1712,731,743,974,1597,631,2152,25201,16662,2486,1382,6340,0,0
2021-02-24T23:59:59+01:00,541,709,1372,1993,1490,2707,1910,3901,1842,2724,1090,994,2616,3727,1482,3480,264,317,730,1072,778,1504,1053,2373,1067,1667,701,720,934,1564,619,2127,24552,16476,2475,1014,5551,0,0
2021-02-23T23:59:59+01:00,479,659,1290,1849,1420,2555,1824,3693,1780,2613,1066,964,2393,3468,1378,3328,258,308,716,1048,766,1468,1029,2328,1045,1627,692,710,923,1550,618,2123,23631,16391,2465,818,4663,0,0
2021-02-22T23:59:59+01:00,464,619,1186,1738,1313,2462,1724,3582,1698,2550,1048,949,2239,3283,1308,3250,246,293,688,996,738,1400,1002,2235,1001,1552,655,683,850,1469,588,2072,23060,16205,2461,263,3892,0,0
2021-02-21T23:59:59+01:00,440,600,1077,1708,1161,2438,1570,3560,1605,2534,1044,947,2238,3282,1308,3250,215,286,661,989,727,1391,988,2230,998,1550,652,681,845,1465,582,2065,23031,16075,2461,250,3270,0,0
2021-02-20T23:59:59+01:00,440,599,1076,1708,1160,2437,1569,3559,1605,2532,1044,946,2237,3282,1307,3249,214,284,658,989,724,1390,981,2227,997,1550,652,681,845,1465,582,2065,23025,16054,2460,250,3265,0,0
2021-02-19T23:59:59+01:00,433,589,1066,1705,1149,2427,1555,3540,1573,2514,992,917,1812,2717,1067,2926,191,274,632,985,707,1381,967,2225,991,1549,649,680,843,1465,581,2064,21281,15934,2460,250,3241,0,0
2021-02-18T23:59:59+01:00,413,566,1021,1619,1113,2342,1505,3418,1535,2436,961,892,1614,2447,964,2750,170,262,592,974,682,1370,933,2207,970,1530,638,663,821,1433,572,2048,20300,15615,2460,250,2836,0,0
2021-02-17T23:59:59+01:00,382,498,936,1478,1002,2120,1371,3175,1429,2232,928,868,1414,2202,877,2606,163,255,576,939,660,1314,895,2131,923,1456,605,633,815,1410,568,2030,19226,15123,2460,250,1832,0,0
2021-02-16T23:59:59+01:00,374,449,892,1336,949,1924,1303,2954,1368,2084,920,853,1339,2096,824,2521,154,239,565,896,641,1260,871,2067,892,1419,595,620,795,1379,555,1972,18854,14807,2459,113,873,0,0
2021-02-15T23:59:59+01:00,355,405,867,1305,929,1864,1258,2870,1334,2029,895,823,1140,1842,716,2370,145,229,543,866,622,1198,848,1992,868,1344,575,585,777,1340,547,1935,17939,14341,2458,73,605,0,0
2021-02-14T23:59:59+01:00,354,405,867,1305,928,1864,1255,2870,1334,2029,895,823,1140,1842,716,2370,145,228,542,860,617,1193,844,1988,865,1341,573,585,776,1339,547,1932,17937,14302,2458,73,602,0,0
2021-02-13T23:59:59+01:00,354,405,867,1304,928,1861,1255,2868,1334,2027,895,823,1140,1842,716,2370,145,228,542,860,617,1193,842,1984,863,1339,570,585,762,1318,535,1917,17929,14300,2458,0,602,0,0
2021-02-12T23:59:59+01:00,347,404,860,1296,924,1833,1247,2833,1307,2004,895,822,1139,1839,716,2370,145,227,540,857,615,1185,835,1974,859,1325,567,583,748,1306,529,1906,17921,14201,2458,0,457,0,0
2021-02-11T23:59:59+01:00,326,394,846,1261,918,1792,1229,2768,1286,1955,863,808,1129,1828,715,2360,141,208,524,814,592,1120,800,1868,834,1278,557,569,724,1267,516,1880,17809,13692,2457,0,212,0,0
2021-02-10T23:59:59+01:00,323,381,826,1227,904,1761,1216,2719,1273,1919,859,807,1113,1810,711,2346,135,192,458,737,555,1027,730,1751,795,1217,541,555,715,1247,506,1862,17785,13023,2352,0,58,0,0
2021-02-09T23:59:59+01:00,323,377,820,1213,894,1743,1201,2701,1259,1895,845,802,1098,1793,703,2330,116,168,401,649,509,883,650,1560,713,1049,480,465,602,1078,441,1639,17687,11403,2307,0,3,0,0
2021-02-08T23:59:59+01:00,322,376,818,1208,894,1737,1199,2696,1252,1887,840,799,1079,1769,694,2316,102,143,358,562,456,783,559,1335,611,916,405,384,528,884,353,1352,17581,9731,2304,0,1,0,0
2021-02-07T23:59:59+01:00,321,375,816,1207,893,1737,1199,2694,1252,1885,834,797,1077,1765,693,2315,100,142,356,557,454,779,556,1324,607,913,401,381,506,860,349,1339,17556,9624,2304,0,0,0,0
2021-02-06T23:59:59+01:00,321,374,816,1207,893,1736,1199,2694,1252,1884,833,794,1074,1761,693,2313,100,141,356,554,453,777,555,1321,604,911,398,377,455,785,322,1301,17541,9410,2303,0,0,0,0
2021-02-05T23:59:59+01:00,321,374,815,1205,893,1736,1198,2692,1251,1882,825,788,1050,1748,688,2300,92,137,349,547,436,758,530,1284,574,877,376,351,436,761,309,1266,17463,9083,2303,0,0,0,0
2021-02-04T23:59:59+01:00,318,366,811,1183,883,1713,1181,2664,1238,1861,802,772,1023,1718,683,2287,74,106,272,421,338,597,418,1044,465,704,300,285,333,603,249,1061,17223,7270,2280,0,0,0,0
2021-02-03T23:59:59+01:00,317,356,808,1166,881,1681,1174,2613,1220,1838,788,759,1004,1694,676,2274,58,73,183,292,258,447,299,760,342,507,201,203,236,446,176,794,17128,5275,2121,0,0,0,0
2021-02-02T23:59:59+01:00,315,351,804,1157,877,1658,1161,2589,1211,1822,784,753,994,1682,675,2267,37,43,100,149,152,250,187,487,213,315,132,124,158,266,126,519,16979,3258,2121,0,0,0,0
2021-02-01T23:59:59+01:00,314,346,795,1142,872,1636,1156,2561,1208,1794,775,740,989,1674,671,2254,12,13,16,27,28,64,49,95,61,89,46,43,56,80,39,173,16806,891,2121,0,0,0,0
2021-01-31T23:59:59+01:00,307,344,780,1140,864,1625,1144,2549,1198,1786,770,734,979,1655,664,2243,11,13,14,26,26,61,42,89,57,82,42,43,52,72,36,162,16771,828,2011,0,0,0,0
2021-01-30T23:59:59+01:00,307,344,780,1140,863,1625,1144,2549,1198,1786,769,734,979,1654,664,2243,11,11,14,26,26,61,41,89,56,80,42,42,51,72,36,161,16768,819,2011,0,0,0,0
2021-01-29T23:59:59+01:00,307,344,780,1139,863,1625,1144,2549,1198,1785,768,732,978,1653,664,2241,10,6,13,26,26,59,39,88,55,80,41,41,51,72,36,161,16761,804,2009,0,0,0,0
2021-01-28T23:59:59+01:00,303,337,764,1114,828,1568,1105,2485,1126,1735,727,721,949,1627,654,2225,4,0,3,9,11,21,18,42,19,39,20,21,23,47,16,96,16584,389,1684,0,0,0,0
2021-01-27T23:59:59+01:00,297,330,735,1076,782,1508,1044,2406,1056,1659,695,694,938,1609,651,2218,3,0,3,6,8,17,13,27,13,28,5,7,10,10,5,25,16135,180,1563,0,0,0,0
2021-01-26T23:59:59+01:00,271,316,720,1052,772,1460,1022,2327,1032,1599,682,683,917,1591,641,2201,3,0,1,6,6,7,12,11,5,12,3,3,6,7,2,16,16084,100,1202,0,0,0,0
2021-01-25T23:59:59+01:00,237,296,664,970,718,1340,980,2174,972,1476,638,631,837,1487,605,2139,3,0,1,6,6,7,12,11,5,12,3,3,6,7,2,16,15859,100,305,0,0,0,0
2021-01-24T23:59:59+01:00,218,285,639,963,701,1325,960,2158,960,1466,630,625,828,1467,596,2127,3,0,1,6,5,7,12,11,4,12,3,3,6,7,2,16,15687,98,261,0,0,0,0
2021-01-23T23:59:59+01:00,218,285,639,963,701,1325,960,2158,960,1466,630,625,828,1467,596,2127,3,0,1,6,5,7,10,11,4,12,3,3,6,7,2,16,15687,96,261,0,0,0,0
2021-01-22T23:59:59+01:00,166,266,585,954,680,1311,930,2146,949,1458,625,624,828,1467,596,2127,3,0,0,6,5,7,10,11,4,12,3,3,6,7,2,16,15451,95,261,0,0,0,0
2021-01-21T23:59:59+01:00,160,255,570,930,658,1271,892,2088,930,1416,618,603,814,1434,591,2112,3,0,0,6,4,7,10,11,4,12,3,3,6,7,2,15,15081,93,261,0,0,0,0
2021-01-20T23:59:59+01:00,151,234,526,862,634,1192,826,1975,897,1353,597,587,797,1411,583,2087,3,0,0,6,4,7,10,11,4,12,3,3,6,7,2,15,14453,93,259,0,0,0,0
2021-01-19T23:59:59+01:00,134,206,448,774,568,1044,740,1777,798,1209,543,523,698,1239,514,1855,3,0,0,6,4,7,10,11,4,12,3,3,6,7,2,15,12879,93,191,0,0,0,0
2021-01-18T23:59:59+01:00,112,167,378,620,473,868,608,1493,677,1035,476,456,621,1067,451,1608,1,0,0,0,0,0,0,0,0,0,0,0,0,1,0,0,11029,2,81,0,0,0,0
2021-01-17T23:59:59+01:00,108,165,374,615,472,861,605,1474,668,1027,473,449,593,1036,437,1567,1,0,0,0,0,0,0,0,0,0,0,0,0,1,0,0,10843,2,81,0,0,0,0
2021-01-16T23:59:59+01:00,108,162,372,607,469,853,594,1460,655,1018,458,435,495,898,378,1483,0,0,0,0,0,0,0,0,0,0,0,0,0,0,0,0,10443,0,2,0,0,0,0
2021-01-15T23:59:59+01:00,106,160,368,605,463,847,588,1451,636,1003,444,419,486,884,371,1462,0,0,0,0,0,0,0,0,0,0,0,0,0,0,0,0,10293,0,0,0,0,0,0
2021-01-14T23:59:59+01:00,82,126,306,498,381,685,471,1189,526,842,361,338,389,729,304,1247,0,0,0,0,0,0,0,0,0,0,0,0,0,0,0,0,8474,0,0,0,0,0,0
2021-01-13T23:59:59+01:00,65,93,219,372,301,515,362,869,396,609,247,238,285,546,228,955,0,0,0,0,0,0,0,0,0,0,0,0,0,0,0,0,6300,0,0,0,0,0,0
2021-01-12T23:59:59+01:00,43,59,131,221,183,310,226,565,251,377,155,145,184,356,157,649,0,0,0,0,0,0,0,0,0,0,0,0,0,0,0,0,4012,0,0,0,0,0,0
2021-01-11T23:59:59+01:00,13,18,44,58,43,91,70,131,76,112,64,56,82,114,46,215,0,0,0,0,0,0,0,0,0,0,0,0,0,0,0,0,1233,0,0,0,0,0,0
2021-01-10T23:59:59+01:00,13,17,32,48,35,73,57,123,69,102,55,52,77,102,43,204,0,0,0,0,0,0,0,0,0,0,0,0,0,0,0,0,1102,0,0,0,0,0,0
2021-01-09T23:59:59+01:00,13,16,29,47,35,73,54,122,68,99,55,51,76,101,41,203,0,0,0,0,0,0,0,0,0,0,0,0,0,0,0,0,1083,0,0,0,0,0,0
2021-01-08T23:59:59+01:00,9,9,29,43,33,69,51,121,67,98,52,46,70,97,38,203,0,0,0,0,0,0,0,0,0,0,0,0,0,0,0,0,1035,0,0,0,0,0,0
2021-01-07T23:59:59+01:00,5,2,10,23,18,35,28,90,31,63,32,27,47,81,27,159,0,0,0,0,0,0,0,0,0,0,0,0,0,0,0,0,678,0,0,0,0,0,0
2021-01-06T23:59:59+01:00,5,0,4,11,13,28,24,50,18,39,26,24,33,56,20,116,0,0,0,0,0,0,0,0,0,0,0,0,0,0,0,0,467,0,0,0,0,0,0
2021-01-05T23:59:59+01:00,5,0,4,11,13,28,24,50,18,39,26,24,33,55,20,116,0,0,0,0,0,0,0,0,0,0,0,0,0,0,0,0,466,0,0,0,0,0,0
2021-01-04T23:59:59+01:00,4,0,1,6,4,7,14,11,4,12,3,3,6,8,2,17,0,0,0,0,0,0,0,0,0,0,0,0,0,0,0,0,102,0,0,0,0,0,0
2021-01-03T23:59:59+01:00,3,0,1,6,4,7,13,11,4,12,3,3,6,8,2,16,0,0,0,0,0,0,0,0,0,0,0,0,0,0,0,0,99,0,0,0,0,0,0
2021-01-02T23:59:59+01:00,3,0,1,6,4,7,11,11,4,12,3,3,6,8,2,16,0,0,0,0,0,0,0,0,0,0,0,0,0,0,0,0,97,0,0,0,0,0,0
2021-01-01T23:59:59+01:00,3,0,0,6,4,7,11,11,4,12,3,3,6,7,2,16,0,0,0,0,0,0,0,0,0,0,0,0,0,0,0,0,95,0,0,0,0,0,0
2020-12-31T23:59:59+01:00,3,0,0,6,4,7,10,11,4,12,3,3,6,7,2,16,0,0,0,0,0,0,0,0,0,0,0,0,0,0,0,0,94,0,0,0,0,0,0
2020-12-30T23:59:59+01:00,3,0,0,6,4,7,10,11,4,12,3,3,6,7,2,16,0,0,0,0,0,0,0,0,0,0,0,0,0,0,0,0,94,0,0,0,0,0,0
2020-12-29T23:59:59+01:00,3,0,0,6,4,7,10,11,4,12,3,3,6,7,2,16,0,0,0,0,0,0,0,0,0,0,0,0,0,0,0,0,94,0,0,0,0,0,0
2020-12-28T23:59:59+01:00,3,0,0,6,4,7,10,11,4,12,3,3,6,7,2,16,0,0,0,0,0,0,0,0,0,0,0,0,0,0,0,0,94,0,0,0,0,0,0
2020-12-27T23:59:59+01:00,1,0,0,0,0,0,0,0,0,0,0,0,1,3,0,7,0,0,0,0,0,0,0,0,0,0,0,0,0,0,0,0,12,0,0,0,0,0,0
