Datum,<15_1_m,<15_1_w,15-24_1_m,15-24_1_w,25-34_1_m,25-34_1_w,35-44_1_m,35-44_1_w,45-54_1_m,45-54_1_w,55-64_1_m,55-64_1_w,65-74_1_m,65-74_1_w,75-84_1_m,75-84_1_w,>84_1_m,>84_1_w,<15_2_m,<15_2_w,15-24_2_m,15-24_2_w,25-34_2_m,25-34_2_w,35-44_2_m,35-44_2_w,45-54_2_m,45-54_2_w,55-64_2_m,55-64_2_w,65-74_2_m,65-74_2_w,75-84_2_m,75-84_2_w,>84_2_m,>84_2_w,bp_1,bp_2,mo_1,mo_2,az_1,az_2,ja,unb_1,unb_2
2021-11-06T23:59:59+01:00,4537,4219,27454,25998,36765,33843,36137,35686,41184,41309,44237,44096,28581,31814,20330,25476,6371,10745,3722,3419,24287,23290,33467,30610,33477,33095,38656,38655,41995,41997,27608,30707,19673,24567,6114,10218,353133,328077,46213,44317,77560,71303,21818,64,42
2021-11-05T23:59:59+01:00,4465,4147,27267,25860,36590,33660,35983,35563,41085,41200,44182,44039,28571,31801,20328,25467,6370,10744,3708,3405,24241,23264,33426,30575,33432,33066,38625,38626,41976,41979,27599,30703,19669,24560,6113,10217,351866,327810,46084,44276,77560,71303,21753,64,42
2021-11-04T23:59:59+01:00,4393,4102,27060,25714,36398,33466,35816,35451,40971,41095,44099,43981,28548,31789,20319,25453,6367,10741,3676,3359,24157,23164,33340,30476,33366,32993,38574,38567,41920,41935,27587,30680,19661,24548,6108,10210,350466,327067,46009,44240,77560,71303,21669,64,42
2021-11-03T23:59:59+01:00,4374,4071,26998,25659,36312,33386,35743,35415,40912,41050,44060,43954,28541,31779,20313,25447,6366,10741,3650,3329,24123,23123,33308,30434,33330,32969,38554,38541,41896,41914,27572,30662,19656,24540,6103,10205,349851,326670,45990,44233,77560,71303,21661,64,42
2021-11-02T23:59:59+01:00,4340,4030,26779,25521,36078,33215,35581,35302,40778,40950,43977,43886,28515,31761,20302,25438,6365,10737,3621,3302,24021,23044,33196,30358,33263,32919,38493,38487,41851,41882,27552,30641,19640,24529,6101,10198,348458,326006,45938,44207,77560,71303,21540,64,42
2021-11-01T23:59:59+01:00,4298,3993,26690,25458,35963,33141,35504,35256,40707,40899,43939,43867,28508,31752,20298,25437,6364,10736,3603,3266,23975,22995,33141,30323,33228,32889,38454,38462,41825,41857,27542,30634,19634,24521,6100,10196,347770,325603,45912,44190,77560,71301,21509,64,42
2021-10-31T23:59:59+01:00,4298,3993,26686,25458,35961,33141,35504,35256,40706,40899,43938,43866,28507,31752,20298,25437,6364,10736,3603,3266,23975,22995,33141,30323,33228,32889,38453,38462,41824,41857,27542,30634,19634,24521,6100,10196,347762,325602,45911,44190,77560,71301,21508,64,42
2021-10-30T23:59:59+02:00,4295,3991,26675,25453,35947,33133,35498,35252,40697,40895,43930,43866,28506,31752,20298,25436,6364,10735,3603,3266,23971,22992,33138,30323,33228,32886,38452,38461,41823,41857,27542,30634,19634,24521,6100,10196,347685,325586,45911,44190,77560,71301,21508,64,42
2021-10-29T23:59:59+02:00,4271,3974,26556,25383,35803,33034,35402,35194,40614,40841,43892,43848,28503,31744,20297,25434,6364,10735,3591,3259,23924,22958,33089,30272,33189,32856,38419,38430,41799,41841,27537,30626,19630,24515,6099,10196,346946,325247,45855,44172,77560,71300,21469,64,42
2021-10-28T23:59:59+02:00,4239,3932,26386,25255,35606,32900,35256,35096,40518,40766,43831,43806,28491,31733,20288,25427,6363,10733,3562,3223,23837,22872,33004,30182,33125,32806,38365,38380,41751,41812,27526,30611,19623,24506,6095,10189,345865,324633,45780,44132,77560,71300,21362,64,42
2021-10-27T23:59:59+02:00,4213,3908,26346,25222,35562,32855,35215,35046,40482,40738,43807,43788,28488,31726,20286,25421,6358,10731,3547,3204,23790,22832,32957,30143,33100,32779,38354,38356,41740,41792,27518,30595,19615,24499,6094,10187,345443,324275,45770,44126,77560,71299,21360,64,42
2021-10-26T23:59:59+02:00,4170,3879,26209,25107,35420,32752,35123,34969,40412,40689,43766,43766,28477,31715,20281,25415,6356,10729,3519,3191,23725,22751,32880,30073,33054,32729,38300,38318,41701,41769,27510,30585,19610,24490,6093,10185,344593,323770,45742,44094,77560,71296,21281,64,42
2021-10-25T23:59:59+02:00,4161,3871,26195,25089,35387,32729,35096,34955,40398,40682,43762,43762,28476,31714,20280,25415,6356,10729,3514,3184,23721,22745,32861,30054,33051,32723,38293,38315,41700,41766,27509,30584,19610,24487,6093,10185,344440,323707,45733,44086,77560,71295,21265,64,42
2021-10-24T23:59:59+02:00,4150,3866,26172,25059,35354,32701,35066,34932,40384,40664,43750,43753,28475,31710,20279,25413,6356,10729,3505,3176,23707,22728,32850,30045,33039,32715,38284,38307,41692,41758,27503,30581,19610,24482,6093,10184,344205,323571,45725,44086,77559,71295,21265,64,42
2021-10-23T23:59:59+02:00,4150,3866,26170,25055,35349,32700,35062,34929,40381,40662,43748,43753,28475,31710,20279,25413,6356,10729,3505,3176,23707,22727,32849,30045,33037,32715,38283,38306,41692,41758,27503,30581,19610,24482,6093,10184,344179,323565,45725,44086,77559,71295,21265,64,42
2021-10-22T23:59:59+02:00,4129,3835,26074,24984,35240,32603,34969,34869,40305,40620,43707,43726,28469,31706,20276,25406,6356,10728,3467,3147,23648,22664,32786,29990,32985,32677,38246,38275,41659,41733,27497,30574,19606,24479,6092,10183,343468,323083,45691,44063,77559,71295,21225,64,42
2021-10-21T23:59:59+02:00,4063,3789,25969,24891,35115,32488,34869,34798,40234,40564,43645,43690,28457,31692,20270,25400,6356,10726,3282,2995,23504,22512,32691,29899,32914,32609,38186,38220,41608,41693,27479,30555,19590,24462,6087,10174,342567,321925,45665,44031,77558,71295,21167,64,42
2021-10-20T23:59:59+02:00,4054,3773,25938,24861,35064,32441,34835,34765,40212,40543,43626,43676,28452,31687,20267,25395,6351,10722,3249,2967,23464,22472,32650,29866,32886,32581,38160,38190,41586,41671,27464,30543,19580,24451,6084,10170,342232,321525,45658,44017,77558,71295,21155,64,42
2021-10-19T23:59:59+02:00,4036,3746,25867,24816,35010,32395,34796,34726,40178,40516,43606,43662,28447,31680,20260,25388,6346,10719,3146,2854,23345,22362,32571,29798,32846,32538,38133,38146,41555,41647,27449,30526,19571,24444,6077,10165,341817,320735,45634,43976,77558,71294,21126,64,42
2021-10-18T23:59:59+02:00,4027,3728,25827,24790,34980,32358,34778,34712,40161,40502,43596,43648,28440,31673,20250,25381,6345,10719,3117,2836,23298,22324,32539,29755,32822,32502,38107,38126,41535,41624,27442,30519,19564,24435,6074,10161,341558,320373,45627,43958,77558,71294,21113,64,42
2021-10-17T23:59:59+02:00,4019,3716,25811,24784,34967,32346,34769,34706,40158,40499,43591,43640,28436,31668,20250,25376,6344,10717,3029,2757,23258,22297,32528,29741,32816,32492,38103,38119,41534,41616,27442,30516,19563,24433,6072,10161,341441,320071,45627,43958,77558,71294,21112,64,42
2021-10-16T23:59:59+02:00,4019,3716,25811,24784,34967,32346,34768,34706,40157,40498,43591,43640,28435,31667,20250,25375,6344,10716,3028,2755,23257,22297,32528,29741,32816,32491,38102,38118,41534,41615,27441,30516,19563,24432,6071,10159,341435,320059,45627,43958,77558,71294,21111,64,42
2021-10-15T23:59:59+02:00,4009,3706,25773,24753,34935,32320,34744,34683,40138,40486,43580,43633,28431,31664,20247,25372,6342,10712,2998,2731,23196,22226,32471,29691,32784,32445,38073,38091,41515,41598,27433,30509,19560,24428,6071,10155,341199,319606,45611,43931,77557,71294,21102,64,42
2021-10-14T23:59:59+02:00,3989,3676,25700,24694,34871,32253,34699,34648,40104,40453,43549,43618,28423,31655,20241,25368,6339,10707,2954,2674,23113,22140,32408,29595,32732,32388,38015,38048,41476,41561,27416,30495,19552,24419,6068,10154,340718,318923,45590,43886,77557,71294,21063,64,42
2021-10-13T23:59:59+02:00,3975,3653,25669,24673,34845,32222,34679,34632,40089,40431,43531,43598,28415,31649,20236,25359,6333,10700,2933,2653,23080,22101,32382,29556,32721,32353,37996,38028,41460,41550,27409,30481,19545,24412,6068,10149,340428,318605,45587,43878,77557,71294,21058,64,42
2021-10-12T23:59:59+02:00,3958,3633,25618,24621,34785,32158,34646,34602,40060,40404,43511,43585,28402,31634,20232,25350,6327,10693,2905,2619,22992,22005,32283,29466,32677,32305,37939,37991,41435,41513,27385,30468,19538,24402,6065,10139,339999,317917,45569,43841,77557,71292,21035,64,42
2021-10-11T23:59:59+02:00,3950,3621,25593,24595,34770,32134,34618,34584,40049,40391,43500,43572,28392,31625,20225,25345,6323,10688,2884,2608,22961,21972,32240,29431,32652,32275,37922,37974,41414,41496,27379,30462,19532,24395,6063,10135,339778,317603,45556,43833,77557,71292,21025,64,42
2021-10-10T23:59:59+02:00,3947,3619,25588,24588,34761,32124,34612,34570,40042,40386,43492,43565,28391,31620,20220,25341,6323,10684,2876,2602,22951,21956,32228,29414,32647,32268,37911,37963,41408,41491,27373,30458,19531,24394,6063,10135,339678,317480,45554,43830,77557,71292,21025,64,42
2021-10-09T23:59:59+02:00,3946,3616,25587,24586,34760,32120,34610,34569,40039,40382,43490,43565,28389,31619,20219,25338,6322,10684,2876,2601,22951,21956,32228,29414,32645,32267,37910,37963,41407,41490,27373,30458,19530,24394,6063,10134,339646,317471,45554,43830,77557,71292,21025,64,42
2021-10-08T23:59:59+02:00,3911,3592,25515,24529,34700,32065,34577,34538,40005,40354,43456,43539,28379,31609,20207,25323,6314,10680,2849,2566,22853,21889,32179,29359,32608,32219,37882,37919,41382,41466,27361,30440,19524,24386,6059,10133,339135,316920,45536,43815,77557,71291,21006,64,42
2021-10-07T23:59:59+02:00,3887,3548,25439,24448,34630,31992,34529,34499,39965,40312,43423,43512,28369,31597,20191,25313,6307,10670,2791,2504,22726,21746,32107,29271,32556,32142,37835,37871,41339,41425,27341,30422,19508,24372,6052,10121,338542,316044,45509,43789,77557,71290,20964,64,42
2021-10-06T23:59:59+02:00,3873,3528,25403,24404,34590,31953,34503,34468,39946,40295,43404,43494,28362,31588,20178,25295,6303,10658,2776,2487,22693,21704,32076,29234,32534,32111,37819,37846,41320,41410,27331,30412,19498,24360,6050,10117,338166,315703,45506,43786,77557,71290,20957,64,42
2021-10-05T23:59:59+02:00,3851,3509,25346,24342,34520,31878,34464,34429,39926,40260,43366,43471,28352,31576,20157,25275,6298,10629,2739,2445,22617,21585,31984,29142,32479,32047,37776,37805,41290,41381,27315,30402,19488,24350,6040,10107,337652,315003,45484,43760,77555,71288,20899,64,42
2021-10-04T23:59:59+02:00,3828,3487,25298,24297,34475,31842,34429,34396,39899,40239,43346,43450,28344,31567,20149,25258,6289,10615,2724,2435,22572,21539,31955,29093,32450,32023,37756,37787,41264,41365,27304,30386,19479,24341,6036,10097,337240,314652,45473,43746,77555,71285,20881,64,42
2021-10-03T23:59:59+02:00,3819,3484,25283,24290,34465,31836,34421,34389,39893,40229,43340,43446,28340,31565,20146,25249,6288,10608,2719,2429,22558,21528,31947,29083,32436,32014,37749,37781,41256,41361,27302,30381,19475,24335,6031,10091,337127,314527,45472,43744,77555,71285,20878,64,42
2021-10-02T23:59:59+02:00,3819,3484,25283,24290,34464,31836,34421,34389,39892,40229,43340,43446,28340,31565,20146,25249,6288,10608,2718,2429,22558,21528,31947,29083,32436,32014,37749,37781,41256,41361,27302,30381,19475,24335,6031,10091,337125,314526,45472,43744,77555,71285,20878,64,42
2021-10-01T23:59:59+02:00,3800,3466,25234,24224,34397,31767,34359,34348,39857,40204,43310,43428,28336,31558,20144,25247,6286,10605,2675,2387,22458,21439,31895,29012,32386,31972,37711,37733,41231,41344,27295,30376,19471,24330,6030,10089,336685,313964,45445,43717,77553,71283,20828,64,42
2021-09-30T23:59:59+02:00,3768,3424,25134,24108,34294,31689,34287,34289,39790,40146,43258,43387,28322,31539,20133,25239,6283,10594,2613,2335,22337,21321,31813,28908,32326,31901,37661,37685,41191,41318,27266,30364,19468,24317,6028,10084,335924,313169,45403,43692,77548,71283,20750,64,42
2021-09-29T23:59:59+02:00,3750,3404,25106,24062,34264,31661,34261,34263,39771,40124,43237,43369,28313,31531,20128,25233,6277,10587,2606,2321,22309,21290,31790,28888,32306,31877,37644,37668,41175,41306,27260,30352,19463,24308,6027,10080,335598,312920,45399,43688,77548,71283,20737,64,42
2021-09-28T23:59:59+02:00,3722,3372,25019,23990,34182,31592,34211,34213,39722,40083,43201,43338,28297,31512,20120,25221,6273,10578,2585,2295,22215,21216,31724,28815,32259,31830,37610,37625,41150,41281,27239,30337,19461,24299,6024,10078,335028,312415,45365,43658,77548,71282,20646,64,42
2021-09-27T23:59:59+02:00,3699,3348,24976,23963,34145,31552,34188,34183,39702,40049,43181,43317,28289,31502,20113,25216,6269,10570,2566,2281,22179,21184,31692,28775,32233,31809,37588,37607,41130,41268,27230,30332,19458,24295,6023,10074,334690,312148,45356,43642,77547,71282,20610,64,42
2021-09-26T23:59:59+02:00,3546,3244,24919,23928,34135,31544,34181,34180,39696,40043,43175,43311,28288,31500,20111,25215,6268,10569,2555,2274,22163,21165,31688,28768,32229,31805,37580,37600,41125,41262,27227,30328,19455,24293,6022,10073,334286,312043,45356,43641,77547,71281,20605,64,42
2021-09-25T23:59:59+02:00,3545,3244,24918,23928,34135,31544,34181,34180,39694,40042,43174,43311,28288,31499,20111,25215,6268,10569,2555,2273,22161,21162,31688,28768,32227,31804,37577,37598,41125,41262,27227,30327,19455,24293,6022,10073,334280,312028,45356,43641,77546,71281,20605,64,42
2021-09-24T23:59:59+02:00,3521,3212,24836,23852,34023,31465,34113,34117,39637,39995,43140,43285,28274,31488,20108,25209,6267,10567,2519,2242,22075,21073,31594,28704,32182,31767,37521,37560,41105,41240,27215,30316,19452,24290,6021,10073,333754,311572,45323,43628,77545,71280,20428,64,41
2021-09-23T23:59:59+02:00,3350,3061,24698,23703,33933,31375,34036,34057,39579,39942,43082,43241,28257,31474,20100,25197,6264,10565,2469,2198,21961,20970,31526,28627,32130,31711,37485,37526,41070,41206,27201,30296,19445,24274,6020,10070,332712,310953,45295,43610,77545,71278,20303,64,41
2021-09-22T23:59:59+02:00,3327,3036,24662,23650,33901,31342,34013,34018,39551,39926,43059,43217,28248,31465,20096,25186,6264,10560,2454,2186,21932,20939,31489,28589,32112,31682,37463,37511,41047,41195,27191,30290,19442,24270,6020,10069,332366,310690,45286,43606,77543,71277,20267,64,41
2021-09-21T23:59:59+02:00,3200,2903,24465,23493,33758,31242,33948,33935,39482,39878,43038,43175,28229,31445,20087,25180,6256,10553,2390,2155,21795,20801,31379,28484,32035,31605,37409,37463,41015,41161,27180,30278,19434,24255,6017,10064,331308,309915,45247,43578,77543,71276,20110,64,41
2021-09-20T23:59:59+02:00,3176,2881,24419,23446,33710,31202,33918,33902,39451,39847,43014,43150,28224,31435,20083,25174,6256,10549,2383,2143,21757,20760,31333,28437,32012,31569,37379,37445,41001,41152,27169,30271,19425,24249,6015,10057,330942,309610,45231,43571,77543,71274,20062,64,40
2021-09-19T23:59:59+02:00,3172,2879,24409,23440,33702,31194,33910,33895,39446,39832,43005,43149,28223,31434,20083,25172,6256,10549,2379,2139,21750,20754,31329,28429,32008,31568,37372,37437,40993,41151,27169,30271,19424,24248,6015,10057,330865,309556,45231,43570,77542,71274,20053,64,40
2021-09-18T23:59:59+02:00,3172,2879,24409,23440,33702,31194,33910,33895,39446,39832,43005,43149,28223,31434,20083,25172,6256,10549,2379,2139,21750,20754,31329,28426,32006,31568,37372,37437,40993,41151,27169,30271,19424,24247,6015,10057,330865,309550,45231,43570,77542,71274,20053,64,40
2021-09-17T23:59:59+02:00,3145,2842,24304,23325,33597,31093,33834,33827,39376,39778,42970,43122,28209,31426,20081,25165,6254,10547,2332,2096,21670,20677,31257,28363,31943,31521,37332,37403,40973,41137,27161,30256,19422,24240,6015,10056,330214,309098,45189,43550,77541,71274,19892,63,40
2021-09-16T23:59:59+02:00,3095,2794,24191,23193,33501,30985,33766,33724,39330,39718,42917,43073,28183,31405,20065,25154,6251,10539,2292,2054,21565,20579,31174,28288,31876,31455,37309,37348,40939,41098,27150,30236,19415,24232,6013,10055,329395,308492,45151,43540,77541,71268,19738,63,40
2021-09-15T23:59:59+02:00,3072,2781,24150,23145,33470,30941,33751,33693,39300,39689,42899,43055,28173,31394,20059,25148,6250,10537,2279,2039,21528,20536,31142,28242,31850,31432,37277,37314,40916,41072,27136,30227,19408,24224,6013,10051,329063,308134,45138,43539,77540,71266,19707,63,40
2021-09-14T23:59:59+02:00,3032,2749,24042,23002,33327,30802,33666,33608,39243,39638,42848,43005,28155,31378,20050,25140,6246,10532,2260,2014,21444,20454,31052,28153,31785,31370,37228,37272,40872,41046,27126,30207,19399,24216,6011,10048,328250,307611,45103,43532,77539,71262,19512,63,40
2021-09-13T23:59:59+02:00,3014,2730,23991,22949,33280,30743,33633,33558,39218,39607,42817,42981,28149,31365,20045,25138,6244,10528,2245,1998,21392,20406,31007,28103,31755,31338,37205,37252,40858,41024,27120,30201,19395,24212,6010,10047,327867,307312,45087,43519,77539,71259,19438,63,40
2021-09-12T23:59:59+02:00,3010,2723,23987,22941,33274,30738,33624,33552,39213,39604,42814,42979,28147,31363,20044,25137,6244,10527,2242,1995,21376,20397,30998,28085,31736,31330,37199,37245,40852,41018,27115,30200,19393,24209,6010,10045,327799,307190,45087,43519,77538,71258,19438,63,40
2021-09-11T23:59:59+02:00,3008,2722,23985,22939,33272,30737,33622,33551,39213,39602,42813,42979,28144,31361,20044,25137,6244,10527,2241,1993,21372,20396,30997,28082,31736,31330,37199,37243,40851,41017,27113,30200,19393,24209,6010,10045,327779,307173,45087,43519,77538,71258,19437,63,40
2021-09-10T23:59:59+02:00,2966,2680,23853,22811,33143,30621,33520,33475,39138,39518,42765,42939,28128,31344,20039,25129,6243,10525,2204,1955,21257,20293,30885,27989,31647,31277,37134,37201,40805,40984,27105,30190,19387,24199,6008,10044,327038,306632,45067,43500,77538,71257,19135,63,40
2021-09-09T23:59:59+02:00,2916,2641,23672,22663,33032,30491,33420,33374,39066,39445,42724,42891,28100,31327,20030,25123,6241,10523,2150,1898,21136,20163,30793,27892,31572,31182,37071,37145,40757,40936,27081,30174,19378,24190,6004,10041,326135,305881,45043,43481,77536,71254,18907,62,40
2021-09-08T23:59:59+02:00,2895,2610,23631,22612,33002,30452,33404,33346,39046,39423,42709,42876,28094,31318,20027,25118,6240,10523,2139,1886,21102,20132,30762,27876,31557,31157,37053,37122,40746,40922,27074,30168,19373,24185,6003,10040,325819,305652,45037,43477,77535,71253,18877,62,38
2021-09-07T23:59:59+02:00,2842,2555,23482,22467,32883,30344,33329,33260,38990,39359,42664,42842,28076,31301,20023,25113,6239,10520,2084,1845,20967,19998,30645,27789,31482,31091,37005,37070,40708,40893,27057,30143,19367,24174,6002,10038,325066,304999,45012,43455,77534,71248,18618,62,38
2021-09-06T23:59:59+02:00,2819,2540,23450,22423,32852,30311,33308,33240,38968,39346,42648,42827,28073,31297,20021,25111,6238,10517,2060,1827,20925,19955,30614,27762,31461,31066,36986,37051,40694,40881,27049,30135,19365,24165,5999,10036,324799,304697,44996,43447,77533,71247,18602,62,38
2021-09-05T23:59:59+02:00,2808,2537,23444,22418,32850,30306,33306,33235,38965,39343,42644,42821,28071,31293,20019,25110,6237,10516,2056,1824,20913,19948,30604,27756,31458,31062,36983,37049,40690,40878,27044,30133,19363,24161,5998,10036,324736,304624,44995,43447,77533,71247,18600,62,38
2021-09-04T23:59:59+02:00,2808,2537,23441,22417,32849,30306,33306,33234,38965,39342,42643,42820,28071,31293,20019,25110,6237,10516,2054,1821,20911,19948,30604,27756,31457,31061,36983,37049,40689,40878,27044,30133,19363,24161,5998,10036,324730,304617,44995,43447,77533,71247,18597,62,38
2021-09-03T23:59:59+02:00,2785,2503,23364,22339,32775,30235,33266,33191,38921,39313,42613,42807,28063,31280,20018,25108,6235,10515,2038,1804,20862,19889,30555,27717,31423,31026,36955,37023,40660,40866,27036,30125,19361,24159,5997,10036,324231,304274,44967,43438,77531,71239,18543,62,38
2021-09-02T23:59:59+02:00,2754,2471,23258,22242,32715,30145,33207,33136,38883,39280,42574,42774,28043,31268,20014,25094,6233,10512,2015,1785,20788,19829,30496,27655,31385,30995,36915,36986,40627,40837,27026,30113,19358,24148,5997,10036,323626,303848,44937,43420,77530,71234,18451,62,38
2021-09-01T23:59:59+02:00,2732,2457,23234,22205,32685,30113,33185,33110,38856,39259,42561,42758,28035,31261,20009,25092,6233,10512,1997,1770,20747,19786,30463,27627,31358,30971,36896,36970,40609,40821,27016,30104,19357,24142,5997,10036,323371,303571,44926,43413,77529,71233,18412,62,38
2021-08-31T23:59:59+02:00,2687,2414,23111,22099,32604,30013,33131,33053,38811,39218,42535,42733,28024,31255,20003,25088,6232,10508,1973,1750,20661,19691,30391,27567,31309,30929,36856,36938,40580,40796,27007,30092,19351,24137,5997,10034,322794,303155,44896,43398,77528,71226,18242,62,38
2021-08-30T23:59:59+02:00,2665,2390,23059,22056,32564,29971,33105,33016,38782,39198,42516,42715,28019,31248,19996,25079,6231,10504,1926,1710,20537,19589,30296,27472,31248,30878,36823,36911,40559,40762,26991,30077,19350,24128,5997,10032,322452,302444,44881,43389,77528,71221,18194,62,38
2021-08-29T23:59:59+02:00,2634,2360,22971,21991,32501,29914,33062,32985,38736,39162,42486,42694,28010,31241,19993,25074,6231,10503,1900,1685,20433,19521,30227,27422,31213,30844,36782,36882,40534,40744,26978,30066,19349,24123,5997,10032,321996,302015,44865,43366,77526,71211,18102,62,38
2021-08-28T23:59:59+02:00,2628,2358,22971,21991,32497,29914,33061,32985,38733,39161,42485,42694,28009,31241,19993,25074,6231,10503,1900,1683,20432,19520,30221,27422,31213,30841,36779,36880,40534,40744,26978,30066,19349,24123,5997,10032,321983,302004,44865,43365,77526,71211,18096,62,38
2021-08-27T23:59:59+02:00,2628,2358,22966,21988,32490,29913,33059,32982,38731,39159,42481,42694,28008,31241,19993,25074,6230,10503,1899,1682,20426,19519,30213,27421,31211,30839,36776,36879,40532,40744,26978,30066,19349,24122,5997,10032,321964,301989,44865,43365,77526,71209,18084,62,38
2021-08-26T23:59:59+02:00,2545,2274,22778,21782,32357,29771,32940,32875,38643,39070,42416,42625,27983,31208,19980,25056,6229,10497,1813,1601,20157,19249,30073,27256,31068,30712,36667,36784,40447,40670,26936,30025,19330,24098,5991,10030,320743,300478,44845,43341,77525,71193,17857,62,38
2021-08-25T23:59:59+02:00,2539,2266,22758,21757,32346,29750,32926,32860,38631,39056,42405,42619,27978,31205,19973,25050,6226,10495,1802,1592,20109,19205,30037,27226,31047,30676,36642,36752,40428,40654,26923,30012,19327,24090,5990,10029,320556,300115,44845,43341,77525,71192,17855,62,38
2021-08-24T23:59:59+02:00,2521,2255,22719,21715,32320,29705,32907,32828,38621,39036,42386,42605,27972,31194,19968,25042,6225,10494,1792,1583,20071,19163,30004,27185,31027,30641,36628,36731,40408,40636,26917,30002,19323,24087,5990,10025,320269,299827,44835,43336,77525,71187,17825,62,38
2021-08-23T23:59:59+02:00,2502,2223,22651,21642,32250,29648,32871,32797,38582,39005,42356,42592,27956,31185,19965,25031,6225,10492,1748,1539,19947,19041,29885,27106,30962,30594,36579,36687,40366,40607,26905,29987,19317,24077,5990,10019,319828,299088,44824,43312,77523,71179,17739,62,38
2021-08-22T23:59:59+02:00,2493,2214,22615,21610,32231,29630,32855,32789,38565,38989,42351,42583,27952,31180,19960,25031,6225,10491,1738,1526,19908,19003,29849,27073,30931,30558,36558,36671,40347,40585,26897,29983,19314,24074,5990,10017,319658,298798,44818,43309,77522,71170,17707,62,38
2021-08-21T23:59:59+02:00,2474,2201,22560,21560,32191,29593,32832,32765,38551,38966,42334,42573,27945,31172,19958,25028,6225,10490,1708,1502,19807,18905,29777,27015,30897,30514,36523,36629,40323,40564,26886,29974,19309,24070,5988,10017,319412,298290,44805,43294,77520,71164,17622,62,38
2021-08-20T23:59:59+02:00,2436,2159,22473,21453,32114,29510,32770,32717,38500,38926,42292,42545,27938,31158,19954,25013,6224,10486,1661,1465,19633,18778,29650,26912,30822,30455,36460,36583,40277,40526,26871,29955,19300,24061,5987,10013,318827,297474,44782,43268,77517,71146,17483,62,38
2021-08-19T23:59:59+02:00,2346,2091,22313,21315,31976,29385,32679,32633,38398,38846,42222,42491,27912,31125,19947,25001,6219,10477,1605,1415,19374,18571,29436,26763,30701,30346,36341,36487,40175,40441,26843,29925,19289,24045,5983,10008,317889,296201,44761,43238,77517,71121,17150,62,38
2021-08-18T23:59:59+02:00,2336,2082,22287,21293,31954,29364,32657,32610,38370,38828,42209,42476,27897,31115,19941,24996,6219,10475,1582,1397,19319,18512,29396,26729,30675,30315,36312,36466,40151,40410,26826,29914,19285,24033,5978,10004,317629,295767,44761,43237,77517,71119,17143,62,38
2021-08-17T23:59:59+02:00,2319,2066,22262,21265,31938,29334,32631,32585,38357,38816,42185,42457,27891,31102,19935,24991,6219,10475,1569,1386,19276,18463,29364,26690,30630,30288,36284,36431,40123,40386,26804,29899,19278,24016,5974,10000,317382,295365,44761,43234,77517,71115,17109,62,38
2021-08-16T23:59:59+02:00,2280,2049,22195,21222,31897,29289,32606,32564,38333,38795,42153,42440,27882,31095,19933,24981,6219,10474,1545,1361,19067,18318,29218,26575,30553,30199,36237,36377,40085,40344,26784,29883,19271,23997,5968,9998,317032,294361,44761,43228,77515,71113,17040,62,38
2021-08-15T23:59:59+02:00,2253,2026,22141,21165,31849,29248,32582,32531,38305,38776,42132,42426,27875,31090,19927,24974,6218,10474,1523,1345,18948,18200,29060,26447,30473,30117,36171,36326,40030,40287,26765,29859,19261,23988,5965,9997,316696,293437,44752,43211,77514,71105,16971,62,38
2021-08-14T23:59:59+02:00,2247,2023,22115,21149,31837,29232,32578,32525,38297,38771,42126,42423,27874,31089,19926,24973,6218,10473,1493,1317,18835,18106,28997,26383,30433,30069,36146,36295,40009,40272,26758,29853,19258,23987,5964,9994,316607,292891,44749,43192,77514,71101,16947,62,38
2021-08-13T23:59:59+02:00,2230,2012,22069,21111,31800,29208,32541,32497,38282,38757,42116,42413,27872,31084,19923,24970,6217,10473,1418,1252,18579,17846,28820,26222,30317,29978,36094,36227,39964,40236,26742,29841,19253,23978,5961,9990,316372,291525,44744,43176,77512,71091,16888,62,38
2021-08-12T23:59:59+02:00,2194,1974,21980,21016,31729,29131,32485,32447,38235,38714,42079,42379,27856,31065,19916,24960,6215,10473,1325,1192,18277,17532,28569,25994,30174,29848,36000,36134,39888,40168,26706,29794,19233,23955,5959,9987,315797,289779,44733,43124,77509,71044,16750,62,38
2021-08-11T23:59:59+02:00,2192,1969,21960,21000,31711,29110,32470,32431,38227,38705,42068,42362,27847,31062,19913,24956,6214,10469,1317,1179,18221,17477,28533,25949,30127,29810,35980,36096,39852,40135,26694,29767,19226,23945,5959,9985,315616,289303,44733,43121,77509,71041,16749,62,38
2021-08-10T23:59:59+02:00,2183,1948,21933,20963,31673,29088,32454,32411,38200,38678,42050,42353,27841,31054,19912,24953,6213,10465,1283,1145,17707,17023,28357,25793,30033,29720,35811,35973,39802,40091,26670,29744,19219,23929,5955,9984,315368,287606,44728,43092,77507,70791,16712,60,38
2021-08-09T23:59:59+02:00,2159,1934,21883,20911,31615,29041,32419,32381,38175,38658,42036,42329,27830,31045,19911,24944,6212,10463,1240,1105,17238,16569,28225,25687,29977,29665,35764,35928,39770,40056,26661,29730,19214,23923,5955,9982,314990,286130,44722,43072,77507,70779,16670,60,38
2021-08-08T23:59:59+02:00,2143,1916,21829,20866,31571,29004,32385,32355,38151,38650,42014,42308,27823,31041,19905,24940,6212,10460,1175,1043,16893,16227,28114,25603,29919,29592,35716,35890,39748,40030,26649,29717,19205,23913,5953,9977,314673,284888,44721,43051,77506,70771,16616,60,38
2021-08-07T23:59:59+02:00,2099,1873,21693,20784,31489,28936,32311,32294,38094,38601,41981,42279,27814,31014,19900,24931,6210,10458,1029,918,16384,15774,27808,25313,29691,29405,35539,35732,39607,39918,26593,29653,19186,23884,5950,9973,314044,282236,44688,42930,77500,70681,16472,60,38
2021-08-06T23:59:59+02:00,2089,1863,21642,20745,31446,28903,32279,32275,38068,38581,41969,42263,27810,31005,19896,24931,6210,10458,910,810,15357,14796,26662,24414,29400,29173,35292,35532,39290,39678,26551,29606,19176,23874,5949,9970,313813,277238,44684,42908,77500,69877,16379,60,38
2021-08-05T23:59:59+02:00,2050,1834,21536,20658,31389,28825,32218,32216,38008,38530,41924,42225,27793,30986,19888,24918,6208,10455,811,704,14465,14050,25640,23630,28684,28656,34759,35097,38972,39432,26484,29526,19144,23840,5946,9960,313254,272337,44661,42857,77499,68378,16190,60,38
2021-08-04T23:59:59+02:00,2030,1815,21464,20607,31344,28757,32184,32174,37972,38508,41887,42196,27780,30970,19883,24905,6206,10451,733,658,14092,13708,25234,23326,28472,28429,34616,34972,38873,39338,26445,29481,19122,23817,5941,9955,312804,269891,44654,42827,77499,68337,16119,60,38
2021-08-03T23:59:59+02:00,2021,1799,21437,20581,31326,28744,32171,32164,37962,38494,41871,42183,27771,30964,19878,24898,6205,10449,713,644,14008,13617,25156,23250,28404,28372,34568,34924,38821,39299,26419,29454,19110,23805,5938,9949,312598,269163,44650,42823,77497,68311,16116,60,38
2021-08-02T23:59:59+02:00,2011,1778,21392,20543,31280,28722,32144,32133,37936,38479,41858,42168,27762,30952,19878,24890,6204,10445,682,614,13805,13407,24450,22700,28120,28149,34421,34812,38743,39236,26392,29422,19102,23801,5938,9947,312308,266744,44647,42809,77497,68084,16066,60,38
2021-08-01T23:59:59+02:00,1991,1761,21340,20496,31231,28682,32117,32114,37917,38460,41837,42151,27756,30945,19875,24882,6204,10445,644,586,13636,13247,24150,22444,27881,27931,34331,34704,38675,39164,26376,29403,19096,23795,5938,9945,312004,265044,44641,42797,77496,68061,16006,60,38
2021-07-31T23:59:59+02:00,1966,1731,21260,20419,31161,28643,32062,32074,37882,38431,41813,42130,27752,30936,19870,24878,6204,10445,372,356,12692,12224,23634,22001,27536,27574,34019,34409,38242,38820,26305,29318,19070,23750,5933,9939,311583,260013,44629,42761,77494,67489,15893,60,38
2021-07-30T23:59:59+02:00,1941,1711,21235,20397,31129,28623,32047,32053,37876,38424,41805,42122,27747,30933,19869,24878,6203,10445,364,349,12605,12151,23310,21710,27259,27362,33800,34244,38080,38685,26281,29300,19069,23742,5933,9937,311392,258593,44628,42753,77494,66931,15866,60,38
2021-07-29T23:59:59+02:00,1872,1642,21003,20158,30988,28475,31943,31941,37783,38334,41710,42062,27719,30908,19856,24859,6196,10436,298,289,11976,11616,22181,20871,26218,26523,32816,33550,37696,38394,26198,29199,19040,23695,5927,9928,310175,252975,44599,42663,77486,65172,15567,60,38
2021-07-28T23:59:59+02:00,1852,1627,20963,20105,30968,28445,31927,31920,37761,38315,41687,42041,27708,30896,19851,24849,6196,10434,254,238,11693,11312,21773,20489,25787,26096,32650,33393,37583,38303,26161,29148,19021,23672,5926,9923,309853,250048,44599,42663,77474,65111,15562,59,38
2021-07-27T23:59:59+02:00,1842,1621,20924,20062,30944,28412,31892,31904,37740,38282,41663,42028,27701,30889,19850,24844,6196,10431,215,215,11446,11095,21570,20299,25642,25976,32537,33285,37494,38219,26130,29110,19011,23660,5923,9919,309617,248564,44599,42628,77473,65038,15479,59,37
2021-07-26T23:59:59+02:00,1816,1585,20798,19932,30836,28312,31833,31841,37685,38213,41620,41997,27675,30871,19839,24830,6190,10428,180,187,11151,10772,21066,19856,25392,25767,32375,33135,37362,38131,26094,29076,18998,23637,5922,9911,308853,246272,44568,42514,77466,64832,15357,59,37
2021-07-25T23:59:59+02:00,1809,1577,20775,19920,30826,28302,31821,31826,37677,38207,41610,41987,27671,30868,19838,24828,6190,10427,169,174,11045,10665,20914,19750,25159,25573,32135,32925,37216,37996,26075,29062,18992,23629,5921,9908,308735,245007,44559,42499,77458,64415,15350,59,37
2021-07-24T23:59:59+02:00,1789,1562,20693,19846,30781,28262,31786,31790,37648,38178,41588,41975,27664,30862,19835,24826,6190,10427,163,169,10982,10610,20838,19687,25087,25512,32082,32894,37186,37975,26069,29057,18990,23627,5921,9908,308384,244637,44548,42476,77454,64348,15259,59,37
2021-07-23T23:59:59+02:00,1734,1527,20500,19700,30622,28147,31700,31716,37581,38126,41549,41932,27653,30845,19830,24820,6189,10422,151,158,10721,10403,20481,19385,24281,24865,31598,32562,36617,37518,26025,29015,18974,23609,5920,9906,307552,241760,44539,42429,77437,62956,15007,59,37
2021-07-22T23:59:59+02:00,1670,1470,20191,19426,30378,27968,31570,31603,37451,38020,41452,41849,27626,30821,19819,24796,6185,10421,114,131,10258,10025,19736,18871,23326,24192,30888,31973,35581,36755,25913,28917,18940,23576,5918,9902,306075,238145,44504,41764,77432,60423,14647,59,37
2021-07-21T23:59:59+02:00,1655,1462,20153,19374,30348,27938,31546,31580,37431,37995,41431,41825,27617,30813,19814,24790,6180,10417,96,110,9948,9693,19277,18419,22453,23425,30553,31640,35345,36557,25831,28820,18909,23523,5910,9892,305747,235402,44495,40073,77430,60251,14639,59,36
2021-07-20T23:59:59+02:00,1648,1456,20119,19347,30317,27914,31521,31560,37415,37977,41419,41812,27602,30798,19814,24783,6180,10414,85,99,9680,9413,18946,18152,22180,23141,30375,31483,35180,36413,25785,28772,18893,23487,5909,9888,305488,233003,44493,40065,77429,60149,14628,59,36
2021-07-19T23:59:59+02:00,1637,1448,20005,19261,30233,27842,31462,31503,37396,37958,41404,41794,27597,30787,19808,24776,6179,10411,78,93,9483,9216,18634,17877,21718,22720,30121,31252,35062,36310,25751,28733,18874,23471,5909,9885,304909,231373,44487,39124,77427,60034,14620,59,36
2021-07-18T23:59:59+02:00,1626,1442,19936,19193,30105,27744,31398,31437,37337,37906,41360,41742,27576,30756,19799,24761,6175,10408,72,85,9372,9100,18464,17726,21526,22531,29952,31053,34948,36209,25719,28710,18863,23453,5909,9879,304122,230113,44487,38820,77424,59992,14610,59,36
2021-07-17T23:59:59+02:00,1625,1438,19929,19191,30105,27743,31398,31433,37332,37904,41356,41740,27575,30755,19798,24761,6175,10408,72,81,9351,9085,18433,17704,21507,22518,29942,31046,34930,36205,25716,28708,18863,23452,5909,9879,304091,229961,44487,38817,77424,59981,14606,59,36
2021-07-16T23:59:59+02:00,1572,1393,19656,18951,29985,27647,31316,31364,37277,37841,41315,41708,27557,30738,19791,24751,6173,10402,71,79,9233,8971,18052,17399,21204,22244,29552,30689,34794,36099,25693,28684,18856,23439,5907,9877,303114,228684,44464,38095,77423,59651,14378,59,35
2021-07-15T23:59:59+02:00,1514,1349,19399,18704,29813,27499,31205,31264,37193,37758,41245,41641,27514,30709,19775,24738,6169,10399,62,67,8868,8667,17147,16577,19651,21016,28631,29767,34170,35517,25525,28503,18800,23389,5901,9865,301837,222570,44424,36634,77415,58730,14154,59,35
2021-07-14T23:59:59+02:00,1500,1336,19369,18668,29787,27473,31181,31232,37181,37744,41226,41634,27506,30702,19766,24731,6168,10396,54,62,8578,8369,16597,15975,19156,20496,28066,29266,33779,35143,25412,28374,18760,23322,5896,9854,301555,218397,44423,36275,77413,58301,14151,59,35
2021-07-13T23:59:59+02:00,1489,1325,19331,18644,29770,27448,31157,31216,37166,37717,41202,41606,27497,30688,19764,24726,6167,10390,36,56,8270,8110,16201,15627,18879,20217,27802,29015,33509,34884,25313,28253,18727,23281,5894,9849,301269,215699,44422,36238,77412,57809,14142,59,35
2021-07-12T23:59:59+02:00,1473,1315,19280,18626,29734,27419,31140,31195,37154,37700,41186,41593,27493,30684,19762,24720,6166,10390,35,51,8010,7898,15921,15348,18179,19667,27485,28694,33097,34522,25145,28056,18668,23207,5888,9844,301005,214410,44421,34307,77412,56829,14134,59,35
2021-07-11T23:59:59+02:00,1463,1307,19248,18595,29707,27387,31123,31164,37146,37679,41172,41581,27484,30675,19760,24720,6165,10389,33,50,7965,7852,15856,15278,18089,19613,27401,28631,32982,34459,25090,28011,18648,23185,5888,9841,300752,213833,44418,34296,77410,56581,14127,59,35
2021-07-10T23:59:59+02:00,1334,1191,18744,18174,29254,27085,30838,30930,36899,37518,40968,41431,27410,30615,19734,24688,6162,10386,32,50,7837,7782,15567,15140,17870,19462,27157,28489,32815,34343,25024,27965,18632,23172,5887,9841,298534,213412,44282,34173,77381,56339,13106,59,35
2021-07-09T23:59:59+02:00,1323,1185,18716,18143,29233,27068,30825,30917,36888,37506,40957,41422,27406,30611,19732,24684,6162,10385,29,48,7795,7737,15496,15073,17805,19368,26935,28259,32565,34130,24960,27902,18610,23146,5887,9838,298388,213127,44263,34169,77380,55178,13074,59,35
2021-07-08T23:59:59+02:00,1245,1103,18449,17928,29081,26916,30687,30796,36785,37403,40858,41344,27372,30577,19713,24664,6157,10379,24,44,7629,7601,15198,14826,17374,19008,26243,27655,32290,33862,24791,27744,18551,23084,5884,9830,297113,211990,44206,32747,77372,54158,12708,59,35
2021-07-07T23:59:59+02:00,1146,1011,18138,17604,28879,26731,30557,30671,36673,37281,40751,41257,27338,30528,19699,24648,6154,10376,21,36,7433,7389,14756,14460,16907,18563,25489,27042,31881,33480,24523,27418,18457,22991,5875,9821,295538,209070,44155,31910,77362,53198,12329,59,35
2021-07-06T23:59:59+02:00,1123,994,18060,17536,28834,26681,30507,30624,36637,37246,40716,41226,27321,30502,19688,24634,6152,10373,14,30,7217,7159,14410,14098,16555,18213,24736,26395,31580,33216,24333,27204,18409,22920,5868,9814,294960,207003,44151,30503,77359,52304,12326,59,35
2021-07-05T23:59:59+02:00,1081,966,17984,17473,28790,26622,30467,30589,36612,37201,40688,41200,27315,30488,19682,24628,6152,10368,4,17,6988,6973,14105,13828,16204,17850,24178,25883,31007,32649,24053,26906,18301,22780,5860,9804,294469,205508,44149,28401,77355,51171,12275,59,35
2021-07-04T23:59:59+02:00,1059,950,17912,17423,28752,26599,30444,30560,36603,37192,40673,41188,27309,30477,19677,24625,6152,10367,4,17,6963,6954,14052,13775,16127,17790,24094,25826,30853,32557,23960,26817,18269,22739,5858,9800,294152,205113,44149,28391,77344,50657,12259,59,35
2021-07-03T23:59:59+02:00,645,580,16175,15707,27592,25679,29650,29839,35959,36579,40171,40757,27151,30310,19611,24537,6143,10350,4,17,6574,6715,13541,13476,15730,17486,23731,25547,30546,32361,23863,26721,18236,22699,5854,9796,286637,204815,44110,28314,77261,50364,9369,59,35
2021-07-02T23:59:59+02:00,606,541,16045,15562,27435,25530,29569,29780,35929,36550,40152,40744,27145,30301,19608,24534,6143,10350,4,17,6527,6641,13467,13380,15643,17355,23587,25361,30392,32196,23671,26510,18147,22621,5852,9793,285734,204131,44110,28155,77260,49481,9362,59,35
2021-07-01T23:59:59+02:00,548,493,15865,15407,27221,25374,29492,29700,35875,36499,40087,40698,27124,30282,19597,24521,6141,10346,4,16,6380,6509,13120,13106,15114,16916,22316,24370,29632,31512,23390,26221,18028,22486,5845,9777,284541,200588,44106,26477,77247,48326,9318,59,33
2021-06-30T23:59:59+02:00,518,473,15760,15300,27111,25287,29424,29627,35818,36447,40045,40663,27108,30251,19586,24504,6137,10346,3,14,6185,6328,12688,12718,14544,16368,21692,23771,29036,30981,22972,25754,17897,22303,5838,9765,283715,196323,44103,26452,77240,46760,9289,59,33
2021-06-29T23:59:59+02:00,462,422,15011,14632,26847,25068,29326,29528,35738,36364,39976,40614,27089,30226,19578,24491,6137,10344,3,12,6072,6200,12429,12456,14148,15974,20902,23146,28450,30427,22524,25230,17744,22128,5830,9755,281223,193173,44099,25942,77231,45040,9242,59,33
2021-06-28T23:59:59+02:00,426,391,14387,13996,26688,24964,29253,29462,35678,36297,39933,40580,27071,30206,19570,24480,6137,10340,2,12,6004,6104,12251,12316,13961,15798,20277,22596,28049,30053,22188,24873,17615,21965,5825,9750,279292,191492,44096,25278,77226,43649,9187,59,33
2021-06-27T23:59:59+02:00,349,324,14043,13623,26625,24906,29214,29426,35656,36275,39915,40566,27060,30199,19567,24476,6136,10339,2,12,5966,6060,12135,12200,13816,15669,19724,22119,27438,29552,21911,24534,17494,21841,5821,9749,278180,190653,44092,23751,77216,42453,9153,59,33
2021-06-26T23:59:59+02:00,348,323,14032,13611,26610,24895,29209,29419,35649,36274,39912,40565,27059,30198,19567,24476,6136,10339,2,12,5961,6058,12125,12198,13810,15666,19711,22107,27393,29517,21764,24404,17454,21785,5820,9747,278107,190630,44089,23747,77216,41972,9152,59,33
2021-06-25T23:59:59+02:00,224,210,12774,12396,25154,23743,28910,29186,35544,36189,39844,40503,27035,30170,19556,24464,6134,10337,2,12,5918,6013,12026,12117,13666,15545,19400,21867,27007,29158,21440,24009,17276,21588,5817,9738,271888,189401,44085,23462,77196,40557,9146,59,33
2021-06-24T23:59:59+02:00,159,156,11799,11565,24038,22864,28546,28832,35393,36023,39728,40397,26996,30121,19545,24440,6132,10333,2,11,5701,5784,11570,11702,13085,14953,17860,20468,25354,27562,20665,23150,16956,21181,5807,9728,266643,184413,44063,19838,77191,38143,9112,59,33
2021-06-23T23:59:59+02:00,123,130,11434,11244,23542,22495,28297,28588,35216,35896,39638,40309,26965,30094,19536,24402,6130,10321,2,11,5627,5673,11358,11487,12785,14603,17466,20058,24603,26792,19870,22400,16763,20927,5799,9712,264030,182059,44053,19219,77186,35592,9033,59,33
2021-06-22T23:59:59+02:00,102,117,11253,11035,23381,22355,28217,28515,35140,35835,39591,40264,26950,30069,19528,24393,6130,10320,1,9,5518,5552,11091,11227,12419,14234,16862,19457,23869,26023,19490,21975,16600,20748,5792,9696,262888,179019,44049,18346,77184,34149,9016,59,33
2021-06-21T23:59:59+02:00,90,105,11002,10851,22548,21689,27965,28287,35072,35772,39528,40222,26933,30050,19522,24383,6130,10319,1,8,5400,5452,10872,11011,12111,13912,16472,19112,23418,25553,19198,21660,16496,20628,5786,9694,260301,177553,44038,17332,77177,32972,8894,59,33
2021-06-20T23:59:59+02:00,84,104,10937,10760,22299,21474,27706,28086,34992,35695,39483,40177,26921,30034,19520,24378,6128,10316,1,7,5359,5400,10784,10910,12016,13809,16275,18927,23148,25313,19097,21553,16443,20570,5780,9690,259011,177240,44036,16270,77171,32722,8817,59,33
2021-06-19T23:59:59+02:00,83,100,10914,10737,22267,21451,27688,28073,34980,35691,39474,40173,26920,30033,19520,24376,6128,10316,1,7,5327,5369,10702,10818,11924,13689,16127,18776,22840,24951,19009,21466,16431,20557,5779,9690,258861,177132,44016,14772,77171,32709,8817,59,33
2021-06-18T23:59:59+02:00,80,98,10866,10686,21954,21125,27429,27854,34925,35654,39441,40150,26911,30024,19519,24373,6128,10314,1,7,5311,5360,10673,10787,11884,13641,16065,18713,22756,24855,18843,21284,16386,20491,5778,9685,257473,176737,44012,14771,77170,32162,8817,59,33
2021-06-17T23:59:59+02:00,71,90,10288,10256,20676,20165,26567,27119,34554,35329,39181,39959,26847,29942,19498,24336,6121,10309,1,7,5116,5220,10295,10534,11438,13239,15384,18102,21386,23532,18384,20793,16222,20319,5774,9671,251689,171424,43991,14197,77157,31351,8412,59,33
2021-06-16T23:59:59+02:00,63,78,9954,9947,19992,19533,25933,26517,34302,35126,39020,39809,26801,29889,19474,24311,6120,10305,1,7,4974,5075,9908,10200,10978,12788,14680,17411,20533,22592,17980,20346,16052,20105,5764,9659,247850,167640,43975,12926,77144,30309,8146,59,32
2021-06-15T23:59:59+02:00,48,72,9711,9702,19693,19288,25706,26319,34170,35017,38924,39728,26769,29853,19467,24296,6115,10301,1,7,4869,4958,9670,9985,10743,12528,14255,16983,19931,22013,17655,19954,15830,19873,5755,9647,246069,165541,43965,11836,77137,29300,7949,59,31
2021-06-14T23:59:59+02:00,44,67,9578,9575,19396,19028,25528,26175,34051,34937,38860,39688,26751,29833,19461,24285,6115,10298,1,7,4788,4894,9482,9846,10567,12392,13993,16766,19614,21718,17489,19796,15728,19739,5754,9643,244865,164076,43963,11834,77133,28626,7650,59,31
2021-06-13T23:59:59+02:00,43,63,9417,9447,19107,18845,25173,25923,33852,34769,38752,39621,26735,29821,19451,24277,6115,10294,0,7,4704,4825,9273,9673,10398,12216,13668,16419,19265,21387,17360,19646,15681,19674,5752,9641,243221,163210,43962,11833,77128,27180,7335,59,31
2021-06-12T23:59:59+02:00,43,63,9407,9429,19095,18832,25173,25918,33852,34766,38749,39620,26735,29821,19451,24277,6115,10294,0,7,4701,4811,9262,9611,10365,12114,13619,16265,19210,21251,17251,19520,15564,19572,5750,9639,243172,163181,43962,11831,77123,26145,7324,59,31
2021-06-11T23:59:59+02:00,38,59,9246,9249,18860,18622,24370,25245,33674,34609,38614,39507,26701,29787,19440,24253,6115,10289,0,7,4623,4701,9041,9352,10105,11816,13097,15713,18233,20351,17065,19322,15524,19528,5747,9636,240247,159150,43960,11830,77118,25556,7294,59,31
2021-06-10T23:59:59+02:00,36,55,8850,8920,18214,18126,23522,24573,33355,34328,38411,39341,26642,29734,19416,24225,6112,10282,0,7,4448,4524,8465,8858,9297,11093,11948,14607,16228,18428,16175,18353,15238,19161,5738,9614,236629,149443,43306,11797,77092,23853,7058,57,31
2021-06-09T23:59:59+02:00,19,37,8398,8418,17384,17404,22374,23530,32868,33859,38123,39120,26534,29629,19368,24166,6102,10269,0,7,4311,4407,8175,8597,9051,10839,11612,14238,15744,17879,15800,17922,14996,18876,5731,9604,232628,147605,41417,11756,77051,21933,6464,42,31
2021-06-08T23:59:59+02:00,11,25,8080,8098,16914,16993,21950,23163,32622,33664,37960,38990,26490,29588,19358,24144,6099,10264,0,7,4193,4326,7921,8346,8745,10494,11250,13891,15101,17174,15336,17399,14734,18597,5726,9586,229899,145892,41385,10639,77041,20218,6046,42,31
2021-06-07T23:59:59+02:00,8,21,7882,7868,16556,16671,21411,22704,32340,33394,37843,38872,26460,29540,19338,24115,6094,10263,0,7,4117,4246,7739,8203,8586,10348,11078,13718,14786,16846,15136,17142,14560,18404,5722,9581,228274,144802,40414,10546,77021,19211,5629,42,31
2021-06-06T23:59:59+02:00,6,18,7775,7760,16422,16524,21217,22498,32113,33167,37707,38766,26433,29515,19326,24098,6094,10257,0,7,4089,4209,7691,8084,8532,10217,10969,13571,14589,16625,14950,16962,14471,18283,5715,9575,227039,144310,40115,10533,77003,18168,5497,42,31
2021-06-05T23:59:59+02:00,6,18,7752,7747,16398,16500,21209,22495,32102,33160,37705,38765,26432,29515,19325,24097,6094,10257,0,7,4078,4168,7676,8018,8518,10085,10955,13399,14570,16520,14915,16907,14462,18273,5715,9574,226935,144225,40115,10533,77002,17568,5483,42,31
2021-06-04T23:59:59+02:00,6,16,7641,7645,16120,16261,20935,22245,31679,32785,37590,38643,26399,29476,19314,24084,6092,10255,0,7,4071,4158,7648,7995,8491,10054,10888,13326,14465,16387,14832,16814,14425,18229,5715,9572,225337,143885,39340,10203,76984,17475,5483,42,31
2021-06-03T23:59:59+02:00,4,16,7386,7413,15243,15472,19302,20855,30766,31859,37084,38180,26267,29340,19269,24032,6086,10237,0,7,4011,4119,7560,7924,8368,9957,10715,13143,13893,15813,14567,16497,14339,18121,5712,9559,218705,141655,37759,10083,76972,17203,5333,42,31
2021-06-02T23:59:59+02:00,4,16,7251,7268,14867,15047,18871,20450,30299,31403,36856,37917,26203,29276,19249,24003,6083,10235,0,7,3981,4089,7498,7838,8280,9862,10574,13012,13444,15381,14442,16314,14309,18083,5709,9554,215628,139858,37328,9989,76971,17170,5329,42,31
2021-06-01T23:59:59+02:00,4,13,6975,7029,14469,14737,18527,20133,29971,31091,36631,37684,26147,29197,19225,23974,6081,10224,0,7,3880,4005,7256,7663,8046,9669,10310,12736,13035,14957,14006,15859,14193,17928,5702,9546,212886,137717,37281,9735,76951,16363,4952,42,31
2021-05-31T23:59:59+02:00,4,13,6814,6841,14246,14503,17825,19531,29629,30749,36339,37420,26054,29099,19198,23921,6071,10212,0,7,3803,3896,7046,7416,7822,9386,9966,12352,12596,14436,13477,15244,13992,17697,5693,9530,211444,134529,35244,9414,76936,15582,4803,42,31
2021-05-30T23:59:59+02:00,4,13,6791,6825,14199,14463,17747,19472,29579,30710,36308,37394,26042,29087,19195,23914,6070,10210,0,7,3759,3824,6887,7202,7675,9150,9758,12031,12339,14082,13356,15073,13927,17614,5690,9523,211145,133790,35231,9313,76878,14036,4727,42,31
2021-05-29T23:59:59+02:00,4,13,6790,6824,14189,14457,17742,19466,29574,30706,36305,37393,26040,29084,19195,23913,6070,10210,0,7,3748,3812,6857,7168,7641,9099,9722,11984,12265,13983,13314,15004,13897,17589,5689,9518,211113,133648,35231,9312,76863,13580,4726,42,31
2021-05-28T23:59:59+02:00,4,13,6780,6811,14172,14445,17726,19445,29560,30693,36294,37373,26037,29079,19193,23909,6070,10210,0,6,3734,3789,6836,7128,7606,9044,9669,11879,12021,13714,13124,14813,13867,17548,5686,9515,210958,132352,35230,9311,76860,13561,4724,42,31
2021-05-27T23:59:59+02:00,4,13,6690,6728,13902,14227,17238,19099,28879,30150,36133,37240,25988,29044,19178,23893,6069,10204,0,6,3611,3626,6548,6876,7230,8735,9171,11321,11311,12817,12570,14241,13736,17354,5678,9503,209868,128824,33785,8980,76819,12334,4165,42,31
2021-05-26T23:59:59+02:00,4,13,6620,6622,13693,14025,16983,18788,28334,29635,35957,37066,25947,28994,19161,23863,6068,10197,0,6,3520,3484,6325,6587,6940,8308,8828,10843,10658,12014,12005,13625,13589,17138,5673,9481,208256,125200,33034,8796,76803,11163,3836,41,29
2021-05-25T23:59:59+02:00,4,13,6539,6526,13486,13803,16719,18576,27609,28988,35864,36969,25923,28963,19149,23847,6063,10196,0,6,3471,3392,6182,6419,6792,8117,8601,10553,10310,11647,11661,13147,13483,16976,5670,9473,207535,123351,31577,8658,76320,10097,3765,40,29
2021-05-24T23:59:59+02:00,4,13,6469,6430,13308,13604,16496,18296,27193,28558,35518,36568,25866,28895,19130,23823,6062,10194,0,6,3458,3371,6122,6338,6746,8033,8541,10457,10237,11549,11486,12914,13435,16884,5662,9452,207004,122721,29344,8609,76313,9606,3726,40,29
2021-05-23T23:59:59+02:00,4,13,6467,6429,13303,13595,16493,18286,27174,28548,35488,36534,25863,28889,19130,23817,6062,10194,0,3,3453,3367,6116,6327,6736,8026,8513,10426,10197,11490,11403,12810,13415,16851,5662,9451,206889,122707,29328,8192,76312,9598,3720,40,29
2021-05-22T23:59:59+02:00,4,13,6460,6426,13295,13583,16487,18281,27170,28546,35485,36528,25863,28889,19130,23817,6062,10194,0,3,3451,3367,6112,6324,6734,8022,8509,10424,10192,11487,11392,12796,13410,16847,5661,9451,206835,122667,29328,8192,76310,9574,3720,40,29
2021-05-21T23:59:59+02:00,4,13,6397,6369,13142,13478,16313,18132,26901,28367,35055,36262,25837,28851,19122,23811,6061,10190,0,3,3442,3357,6079,6302,6704,7988,8469,10375,10138,11438,10872,12082,13269,16687,5658,9446,206146,120904,29203,8189,75268,9539,3648,40,29
2021-05-20T23:59:59+02:00,3,12,6104,6169,12531,13062,15122,17210,24989,26866,34100,35494,25732,28707,19067,23730,6055,10175,0,3,3383,3311,5982,6186,6588,7831,8320,10209,9897,11130,10532,11625,13156,16503,5648,9432,201378,118890,27460,8106,72731,9191,3520,39,29
2021-05-19T23:59:59+02:00,3,12,5897,5927,12020,12601,14419,16504,24040,26048,33472,34890,25615,28615,19032,23670,6047,10163,0,3,3307,3236,5823,6015,6400,7586,8045,9928,9593,10749,10219,11209,13077,16358,5646,9424,195666,116970,27418,7910,72715,8572,3137,39,29
2021-05-18T23:59:59+02:00,3,11,5726,5816,11621,12283,13797,16003,22886,25099,32805,34282,25498,28480,18984,23618,6042,10153,0,3,3265,3204,5706,5904,6233,7426,7839,9713,9394,10509,10043,10957,12930,16133,5636,9415,190717,115801,26906,7841,72671,7865,2774,39,29
2021-05-17T23:59:59+02:00,3,10,5673,5773,11458,12177,13523,15782,22068,24461,32494,33966,25420,28420,18962,23588,6033,10144,0,3,3148,3130,5516,5720,6059,7211,7631,9485,9169,10264,9951,10833,12872,16069,5633,9410,188946,115040,26204,7833,72276,6712,2490,39,29
2021-05-16T23:59:59+02:00,3,10,5644,5753,11395,12120,13438,15702,21453,23911,31881,33438,25380,28376,18952,23573,6032,10144,0,3,3142,3108,5502,5651,6031,7151,7603,9386,9138,10180,9934,10812,12869,16066,5633,9410,188180,114928,24659,7827,71850,6361,2477,39,26
2021-05-15T23:59:59+02:00,3,10,5635,5744,11363,12111,13409,15693,21377,23840,31341,33063,25369,28371,18951,23570,6031,10143,0,3,3129,3093,5483,5609,6017,7076,7563,9271,8900,9926,9901,10781,12835,16015,5633,9409,188129,114923,24646,7689,71203,5999,2007,39,26
2021-05-14T23:59:59+02:00,3,10,5596,5718,11300,12072,13336,15629,20966,23527,30909,32716,25334,28325,18939,23554,6031,10141,0,3,3096,3053,5446,5521,5996,6940,7522,9069,8839,9731,9827,10671,12749,15886,5633,9406,187405,114752,24325,7353,70331,5251,2006,39,26
2021-05-13T23:59:59+02:00,3,10,5441,5563,10918,11775,12622,15042,18778,21781,29363,31247,25107,28082,18871,23482,6029,10138,0,3,3085,3018,5424,5482,5980,6883,7496,8999,8795,9671,9610,10427,12545,15579,5628,9395,183448,114392,20531,6526,68243,5085,1991,39,26
2021-05-12T23:59:59+02:00,2,10,5411,5536,10848,11717,12521,14954,18655,21657,29000,30882,25012,27985,18854,23453,6028,10133,0,3,3084,3014,5418,5476,5970,6870,7471,8984,8756,9617,9421,10194,12312,15254,5625,9388,182496,114108,19893,5654,68240,5080,1990,39,25
2021-05-11T23:59:59+02:00,2,10,5273,5430,10598,11464,12154,14586,18044,21017,28068,29910,24820,27795,18794,23377,6023,10119,0,3,3041,2973,5328,5320,5870,6684,7341,8741,8592,9395,9239,9996,12160,15065,5616,9369,178407,113051,18998,5546,68109,4180,1931,39,25
2021-05-10T23:59:59+02:00,2,9,5148,5355,10382,11273,11894,14330,17718,20683,27645,29500,24712,27687,18755,23330,6015,10115,0,3,2971,2919,5211,5204,5756,6580,7217,8600,8463,9288,9135,9872,12070,14936,5613,9360,176396,112519,18314,5534,67881,3197,1923,39,25
2021-05-09T23:59:59+02:00,2,9,5073,5310,10284,11158,11794,14211,17376,20398,27254,29123,24624,27600,18726,23294,6012,10112,0,3,2903,2888,5065,5163,5579,6537,7049,8571,8333,9252,9122,9862,12052,14916,5613,9360,176002,112443,17033,5525,67380,2369,1906,39,25
2021-05-08T23:59:59+02:00,2,9,5071,5309,10282,11153,11794,14211,17372,20396,27251,29121,24624,27600,18726,23294,6012,10112,0,3,2902,2887,5063,5163,5579,6537,7049,8571,8330,9252,9121,9861,12052,14916,5613,9360,175985,112440,17033,5525,67377,2364,1905,39,25
2021-05-07T23:59:59+02:00,2,9,5038,5283,10214,11101,11664,14087,16971,20123,26615,28564,24575,27549,18709,23262,6006,10082,0,3,2890,2880,5048,5154,5568,6521,7037,8560,8322,9241,9115,9853,12041,14896,5606,9332,175151,112425,17030,5519,65855,2319,1779,39,25
2021-05-06T23:59:59+02:00,1,9,4768,5124,9758,10758,11098,13569,15881,19100,24204,26268,24075,27019,18604,23160,6001,10068,0,3,2846,2832,4981,5077,5527,6430,6954,8441,8193,9089,9014,9739,12017,14845,5603,9329,170112,111884,14581,5463,62967,1780,1768,37,25
2021-05-05T23:59:59+02:00,1,9,4689,5042,9463,10529,10757,13244,15301,18499,23357,25301,23815,26693,18536,23055,5991,10050,0,2,2827,2795,4933,4992,5468,6310,6872,8277,8068,8873,8906,9607,11939,14758,5602,9320,166447,110938,13264,5457,62817,1362,1767,37,25
2021-05-04T23:59:59+02:00,1,9,4605,4950,9290,10331,10545,13002,14912,18103,22808,24734,23603,26420,18464,22975,5983,10036,0,2,2819,2760,4904,4916,5435,6189,6819,8138,7972,8718,8802,9494,11864,14699,5600,9317,164194,110436,12139,5445,62652,793,1749,37,25
2021-05-03T23:59:59+02:00,1,9,4534,4874,9102,10195,10371,12827,14630,17859,22396,24320,23464,26270,18437,22927,5983,10030,0,2,2746,2689,4823,4844,5361,6104,6724,8034,7790,8553,8716,9407,11825,14650,5597,9312,162681,110213,12138,5442,62559,683,814,37,25
2021-05-02T23:59:59+02:00,1,9,4521,4859,9028,10138,10247,12717,14305,17552,22094,24033,23414,26211,18418,22902,5982,10029,0,2,2740,2682,4766,4811,5273,6021,6588,7904,7671,8451,8670,9365,11801,14616,5595,9307,161794,110093,12135,5440,62455,666,39,37,25
2021-05-01T23:59:59+02:00,1,9,4521,4856,9026,10136,10246,12717,14301,17548,22092,24033,23413,26210,18418,22902,5982,10029,0,2,2740,2682,4766,4811,5273,6021,6587,7904,7671,8451,8670,9365,11801,14616,5595,9307,161774,110093,12135,5439,62455,666,39,37,25
2021-04-30T23:59:59+02:00,0,9,4449,4770,8787,9921,9985,12476,13819,17122,21249,23259,23288,26073,18402,22871,5979,10026,0,2,2736,2680,4755,4803,5264,5987,6576,7873,7638,8412,8666,9362,11800,14613,5593,9306,158182,110065,12134,5437,62127,534,5,37,25
2021-04-29T23:59:59+02:00,0,9,4303,4625,8308,9510,9284,11873,12818,16219,19396,21572,22580,25308,18263,22660,5973,10009,0,2,2713,2660,4713,4732,5221,5913,6513,7767,7556,8296,8556,9247,11734,14538,5586,9297,148974,109568,12119,5173,61576,273,5,36,25
2021-04-28T23:59:59+02:00,0,9,4272,4606,8237,9437,9208,11786,12699,16098,19179,21358,22491,25216,18236,22619,5971,10004,0,2,2710,2648,4688,4671,5193,5869,6483,7693,7508,8213,8539,9222,11717,14515,5584,9291,148589,109374,12031,5099,60766,46,4,36,23
2021-04-27T23:59:59+02:00,0,9,4234,4559,8100,9302,9093,11636,12552,15930,18728,20863,22260,24959,18171,22541,5968,9995,0,2,2707,2644,4686,4667,5183,5861,6470,7674,7473,8175,8477,9143,11635,14433,5580,9287,147860,109112,10957,4925,60043,38,4,36,18
2021-04-26T23:59:59+02:00,0,9,4193,4532,7993,9206,8946,11530,12379,15756,18316,20498,22126,24812,18135,22509,5967,9993,0,2,2707,2642,4682,4663,5178,5853,6457,7654,7440,8147,8429,9095,11579,14354,5576,9270,147083,109007,10822,4667,58956,33,3,36,18
2021-04-25T23:59:59+02:00,0,9,4179,4517,7956,9175,8883,11467,12244,15627,17973,20164,21926,24575,18095,22454,5963,9988,0,2,2707,2642,4681,4661,5175,5849,6452,7651,7438,8143,8374,9036,11556,14326,5576,9268,145701,108984,10811,4500,58644,32,3,36,18
2021-04-24T23:59:59+02:00,0,9,4171,4508,7940,9170,8868,11457,12196,15596,17915,20126,21911,24562,18093,22449,5963,9988,0,2,2706,2642,4681,4661,5175,5849,6452,7651,7438,8143,8374,9035,11556,14326,5576,9268,145602,108984,10810,4500,58471,31,3,36,17
2021-04-23T23:59:59+02:00,0,9,4151,4478,7883,9107,8783,11355,11858,15270,17480,19728,21696,24329,18028,22372,5961,9980,0,2,2703,2640,4678,4658,5169,5841,6437,7641,7415,8112,8353,9008,11547,14317,5574,9265,144334,108970,10463,4340,57632,30,3,36,17
2021-04-22T23:59:59+02:00,0,9,4103,4414,7752,8919,8599,11097,11531,14852,16566,18742,21123,23617,17893,22192,5951,9962,0,2,2695,2634,4672,4636,5147,5815,6394,7606,7346,8066,8225,8850,11404,14166,5569,9256,140605,108351,10333,4090,56346,22,3,35,17
2021-04-21T23:59:59+02:00,0,9,4060,4370,7652,8797,8442,10936,11234,14571,15828,17985,20742,23170,17818,22087,5946,9949,0,2,2686,2623,4654,4615,5130,5794,6382,7588,7317,8042,8176,8788,11364,14126,5567,9254,137674,108063,10203,4006,55683,20,3,33,16
2021-04-20T23:59:59+02:00,0,9,4035,4345,7618,8743,8365,10856,11072,14397,15394,17511,20277,22652,17714,21936,5938,9937,0,2,2677,2613,4644,4602,5106,5775,6354,7564,7277,8002,8082,8656,11288,14039,5563,9250,135526,107490,9938,3966,55299,19,3,33,16
2021-04-19T23:59:59+02:00,0,9,4005,4296,7555,8638,8273,10717,10914,14214,15141,17216,19797,22087,17547,21719,5927,9925,0,2,2672,2612,4640,4598,5092,5760,6335,7547,7250,7957,8029,8603,11261,13992,5561,9246,133457,107156,9585,3963,54904,19,3,31,16
2021-04-18T23:59:59+02:00,0,6,3985,4268,7496,8586,8169,10591,10655,13971,14649,16678,19365,21576,17424,21534,5923,9918,0,2,2671,2611,4640,4598,5092,5760,6334,7544,7247,7956,8025,8600,11259,13988,5560,9243,131035,107132,9514,3961,54211,18,3,31,16
2021-04-17T23:59:59+02:00,0,6,3982,4260,7476,8579,8158,10573,10614,13925,14537,16590,19245,21454,17402,21506,5922,9916,0,2,2671,2611,4639,4596,5085,5755,6320,7539,7222,7933,7979,8554,11240,13965,5558,9243,130598,107120,9504,3755,54009,18,3,31,16
2021-04-16T23:59:59+02:00,0,6,3971,4216,7403,8457,8055,10418,10421,13663,13867,15828,18679,20812,17277,21331,5911,9898,0,2,2668,2608,4634,4589,5080,5742,6302,7528,7184,7898,7669,8163,11145,13824,5551,9226,127756,106316,9443,3462,52981,17,2,31,16
2021-04-15T23:59:59+02:00,0,5,3927,4164,7289,8325,7878,10183,10086,13273,13141,14969,17870,19950,17036,21009,5896,9878,0,2,2667,2600,4622,4572,5066,5709,6269,7492,7112,7825,7110,7497,11016,13662,5547,9216,124115,104639,9283,3312,51448,15,2,31,16
2021-04-14T23:59:59+02:00,0,4,3900,4132,7223,8220,7771,10032,9908,13074,12723,14523,17342,19336,16884,20800,5890,9864,0,2,2633,2581,4604,4540,5038,5662,6234,7459,7054,7765,6460,6728,10751,13362,5543,9208,122724,102282,9046,3311,49825,13,2,29,16
2021-04-13T23:59:59+02:00,0,4,3896,4126,7185,8203,7714,9997,9800,13021,12350,14230,16652,18484,16646,20496,5886,9858,0,2,2607,2552,4585,4514,5011,5627,6176,7389,6966,7661,6248,6473,10161,12678,5534,9187,122018,100040,8824,3300,47675,13,2,29,16
2021-04-12T23:59:59+02:00,0,4,3883,4108,7131,8156,7656,9927,9692,12920,12104,14015,16215,17969,16458,20283,5881,9855,0,2,2578,2541,4518,4471,4905,5557,6058,7312,6848,7561,5501,5651,9709,12139,5494,9145,121683,96668,8787,3291,45757,13,2,28,16
2021-04-11T23:59:59+02:00,0,4,3868,4100,7089,8105,7597,9884,9601,12842,11866,13806,15646,17278,16182,19942,5876,9845,0,2,2502,2462,4389,4350,4754,5424,5896,7160,6699,7456,5199,5290,9577,11977,5494,9141,121090,94502,8355,3240,44056,12,2,28,16
2021-04-10T23:59:59+02:00,0,4,3850,4080,7050,8058,7554,9827,9540,12783,11775,13721,15428,17085,16133,19873,5875,9838,0,2,1942,1899,3578,3630,3883,4660,4894,6244,5844,6668,4927,4985,9448,11825,5487,9132,120625,85778,8355,3240,43464,12,2,28,16
2021-04-09T23:59:59+02:00,0,4,3829,4060,7013,8028,7493,9771,9389,12653,11448,13440,14242,15550,15688,19341,5862,9826,0,2,1085,1080,2219,2435,2376,3292,3108,4600,4217,5202,4236,4249,9196,11466,5462,9102,118724,70061,8353,3237,40531,12,1,28,16
2021-04-08T23:59:59+02:00,0,4,3803,4044,6951,7972,7389,9677,9201,12536,11043,13088,13107,14287,15270,18811,5840,9790,0,2,587,593,1297,1730,1474,2366,2007,3511,2842,3812,2989,2847,8374,10462,5304,8865,117459,55801,8270,3234,37056,11,0,28,16
2021-04-07T23:59:59+02:00,0,4,3756,4018,6873,7916,7297,9606,9073,12407,10733,12780,12377,13517,15050,18547,5834,9768,0,2,358,377,947,1384,1068,1980,1498,3049,1894,2807,1804,1558,7466,9312,5148,8606,116494,46000,8117,3234,34919,8,0,26,16
2021-04-06T23:59:59+02:00,0,4,3740,4006,6852,7878,7241,9539,8980,12328,10523,12563,11993,13022,14830,18255,5823,9755,0,2,351,364,937,1373,1054,1959,1470,3021,1835,2748,1725,1489,7047,8752,4995,8367,115229,44233,8018,3233,34061,7,0,24,16
2021-04-05T23:59:59+02:00,0,4,3734,4005,6841,7865,7227,9528,8961,12300,10459,12505,11882,12875,14731,18162,5821,9752,0,2,349,358,927,1369,1048,1951,1460,3000,1813,2714,1671,1436,6816,8444,4870,8181,114890,43154,7996,3232,33742,7,0,24,16
2021-04-04T23:59:59+02:00,0,4,3734,4005,6839,7859,7226,9527,8958,12300,10449,12500,11878,12871,14728,18161,5821,9752,0,2,349,357,925,1369,1047,1949,1459,2999,1811,2711,1668,1431,6809,8431,4865,8178,114884,43106,7995,3231,33709,7,0,24,16
2021-04-03T23:59:59+02:00,0,4,3734,4005,6839,7858,7225,9527,8958,12300,10448,12500,11878,12870,14726,18159,5821,9752,0,2,349,356,923,1365,1045,1948,1458,2994,1809,2711,1662,1419,6766,8349,4830,8142,114880,42875,7995,3231,33705,6,0,24,16
2021-04-02T23:59:59+02:00,0,4,3732,4003,6836,7855,7219,9521,8945,12293,10432,12484,11751,12755,14683,18100,5818,9743,0,2,347,354,921,1359,1039,1937,1443,2969,1768,2673,1567,1333,5999,7451,4389,7572,114754,40192,7989,2909,33407,6,0,24,16
2021-04-01T23:59:59+02:00,0,3,3693,3991,6802,7834,7177,9491,8893,12254,10359,12413,11404,12347,14302,17581,5812,9723,0,2,342,351,905,1344,1027,1916,1411,2924,1708,2607,1443,1235,5051,6330,3821,6730,114353,36221,6573,2904,33129,6,0,24,16
2021-03-31T23:59:59+02:00,0,3,3687,3986,6788,7814,7159,9473,8858,12221,10269,12341,11068,11939,13951,17081,5806,9701,0,2,339,347,897,1334,1016,1900,1391,2896,1658,2570,1377,1182,4458,5641,3458,6252,113769,33865,5562,2831,32790,6,0,24,16
2021-03-30T23:59:59+02:00,0,3,3669,3961,6752,7776,7102,9406,8768,12118,10107,12186,10809,11662,13730,16816,5799,9687,0,2,335,340,892,1323,1008,1894,1368,2889,1630,2544,1350,1156,4339,5519,3396,6157,112955,33488,5312,2632,32062,6,0,22,16
2021-03-29T23:59:59+02:00,0,3,3659,3939,6726,7754,7062,9353,8672,12023,9924,11977,10370,11193,13358,16349,5783,9654,0,2,330,337,888,1312,1002,1886,1359,2878,1616,2535,1328,1142,4204,5375,3299,6024,111280,32870,5006,2626,31491,5,0,22,16
2021-03-28T23:59:59+02:00,0,3,3618,3882,6611,7596,6945,9209,8546,11830,9770,11786,10162,10931,13182,16168,5779,9645,0,2,330,337,888,1310,1000,1885,1358,2878,1615,2533,1319,1139,4171,5332,3273,5998,110908,32825,4740,2523,29994,4,0,21,16
2021-03-27T23:59:59+01:00,0,3,3617,3870,6599,7532,6915,9096,8496,11660,9718,11632,10049,10807,13087,16079,5778,9645,0,2,330,336,888,1310,1000,1882,1358,2876,1611,2532,1317,1137,4145,5297,3260,5983,110898,32722,4740,2522,28924,4,0,21,16
2021-03-26T23:59:59+01:00,0,3,3610,3863,6571,7495,6887,9021,8448,11547,9627,11504,10000,10743,13039,16023,5770,9624,0,2,325,334,887,1307,996,1870,1355,2855,1591,2518,1292,1121,3958,5068,3151,5829,110838,31958,4516,2481,28400,4,0,21,16
2021-03-25T23:59:59+01:00,0,3,3586,3832,6478,7370,6795,8855,8259,11316,9317,11186,9620,10358,12733,15707,5765,9613,0,2,325,333,885,1299,993,1860,1342,2842,1568,2499,1267,1101,3719,4818,2898,5489,110460,30740,4303,2481,26009,3,0,21,16
2021-03-24T23:59:59+01:00,0,3,3528,3781,6388,7186,6671,8629,8094,11079,9090,10862,9204,9868,12315,15248,5754,9602,0,2,325,332,884,1295,988,1858,1335,2838,1552,2483,1258,1091,3652,4744,2714,5263,109943,30117,4165,2481,23173,0,0,21,16
2021-03-23T23:59:59+01:00,0,3,3509,3748,6341,7132,6594,8570,7976,10951,8843,10629,8783,9401,11864,14726,5744,9588,0,2,325,332,883,1285,983,1849,1330,2829,1548,2476,1233,1066,3560,4667,2517,4940,109127,29328,4074,2481,21180,0,0,21,16
2021-03-22T23:59:59+01:00,0,3,3501,3728,6299,7104,6559,8522,7910,10876,8695,10493,8502,9050,11562,14403,5709,9549,0,2,323,327,877,1275,975,1842,1323,2818,1538,2466,1221,1057,3531,4631,2498,4907,108460,29114,4072,2481,19912,0,0,21,16
2021-03-21T23:59:59+01:00,0,3,3499,3726,6295,7094,6541,8506,7893,10857,8639,10435,8382,8933,11493,14300,5706,9546,0,2,321,326,869,1272,968,1835,1314,2816,1533,2462,1217,1053,3522,4616,2483,4897,108374,29010,4070,2481,19383,0,0,21,15
2021-03-20T23:59:59+01:00,0,3,3491,3688,6287,7022,6524,8369,7868,10673,8595,10300,8304,8847,11455,14261,5706,9546,0,2,321,326,869,1272,968,1834,1313,2816,1533,2460,1217,1053,3522,4615,2483,4896,108340,29005,3859,2480,18719,0,0,21,15
2021-03-19T23:59:59+01:00,0,3,3478,3658,6259,6936,6500,8276,7822,10556,8482,10140,7762,8240,11268,14018,5697,9528,0,2,318,325,864,1265,951,1825,1291,2785,1483,2416,1135,985,2850,3820,2064,4315,106720,26199,3558,2480,18324,0,0,21,15
2021-03-18T23:59:59+01:00,0,3,3467,3640,6218,6896,6466,8214,7758,10470,8366,10012,6803,7137,10987,13717,5685,9503,0,2,317,325,860,1260,945,1815,1276,2777,1459,2396,1096,965,2642,3579,1907,4092,103692,25218,3397,2480,18232,0,0,21,15
2021-03-17T23:59:59+01:00,0,3,3429,3603,6148,6813,6411,8109,7667,10339,8235,9855,6116,6287,10703,13403,5668,9476,0,2,316,325,852,1254,940,1803,1262,2755,1440,2369,1059,940,2513,3447,1826,3975,100890,24585,3396,2480,17958,0,0,21,13
2021-03-16T23:59:59+01:00,0,3,3410,3572,6110,6760,6367,8035,7613,10273,8144,9753,5939,6110,9992,12588,5627,9412,0,2,309,314,838,1237,928,1794,1256,2735,1428,2361,1044,920,2298,3198,1689,3777,98613,23637,3383,2478,17691,0,0,21,13
2021-03-15T23:59:59+01:00,0,3,3373,3540,6012,6679,6237,7942,7469,10153,8016,9626,5186,5276,9545,12037,5583,9342,0,2,308,313,834,1233,926,1787,1254,2722,1419,2352,1030,908,2153,3024,1597,3682,95088,23055,3374,2477,17536,0,0,21,12
2021-03-14T23:59:59+01:00,0,3,3249,3399,5733,6335,5965,7584,7154,9737,7730,9309,4854,4886,9384,11838,5579,9327,0,2,308,312,834,1233,925,1787,1252,2721,1417,2349,1028,905,2150,3021,1594,3681,92694,23033,3320,2474,16031,0,0,21,12
2021-03-13T23:59:59+01:00,0,3,2594,2745,4800,5468,4954,6660,5966,8624,6717,8362,4539,4503,8998,11314,5487,9219,0,2,308,311,833,1231,925,1781,1250,2719,1416,2349,1028,904,2126,2984,1563,3645,82037,22889,3320,2474,15575,0,0,21,12
2021-03-12T23:59:59+01:00,0,2,1772,1935,3465,4315,3447,5331,4220,6986,5079,6853,3865,3797,7741,9764,4973,8530,0,2,304,308,831,1227,919,1775,1243,2699,1391,2332,983,877,1769,2518,1289,3283,63194,21264,3317,2474,15543,0,0,21,12
2021-03-11T23:59:59+01:00,0,2,1276,1458,2561,3579,2548,4395,3128,5896,3721,5467,2690,2521,6035,7656,4198,7350,0,2,299,299,815,1219,906,1752,1225,2670,1366,2285,946,857,1610,2283,1162,3093,45901,20303,3315,2474,15244,0,0,21,12
2021-03-10T23:59:59+01:00,0,2,1055,1243,2194,3219,2174,4004,2678,5455,2809,4500,1553,1316,4672,5934,3631,6582,0,2,289,289,797,1199,884,1716,1191,2596,1327,2219,919,838,1428,2092,1065,2917,34842,19391,3315,2365,14844,0,0,20,12
2021-03-09T23:59:59+01:00,0,2,1039,1213,2131,3082,2110,3889,2594,5322,2725,4374,1519,1285,4595,5861,3589,6523,0,2,285,282,783,1178,867,1690,1165,2555,1309,2191,905,826,1351,1967,993,2801,34430,18817,3312,2321,14091,0,0,20,12
2021-03-08T23:59:59+01:00,0,2,1018,1184,2073,2983,2071,3808,2534,5210,2670,4301,1481,1264,4449,5700,3487,6380,0,2,285,278,778,1170,865,1681,1157,2547,1301,2175,880,805,1180,1741,867,2630,33736,18013,3312,2317,13547,0,0,20,12
2021-03-07T23:59:59+01:00,0,2,1013,1165,2033,2937,2029,3767,2495,5145,2629,4264,1476,1261,4442,5692,3484,6380,0,2,285,278,778,1170,865,1681,1157,2547,1300,2175,877,805,1171,1732,858,2619,33702,18012,3306,2276,13186,0,0,20,12
2021-03-06T23:59:59+01:00,0,2,1012,1162,2022,2923,2017,3748,2479,5118,2612,4243,1463,1251,4408,5646,3470,6368,0,2,285,278,778,1170,865,1680,1157,2547,1300,2175,877,805,1171,1732,858,2618,33558,18011,3305,2275,13061,0,0,20,12
2021-03-05T23:59:59+01:00,0,2,1008,1157,2006,2903,1987,3725,2436,5066,2560,4205,1427,1224,4138,5320,3318,6148,0,2,284,275,771,1163,859,1672,1154,2538,1296,2165,863,801,1163,1723,857,2616,32815,17915,2971,2275,12824,0,0,20,12
2021-03-04T23:59:59+01:00,0,2,915,1009,1917,2777,1921,3588,2360,4911,2470,4045,1396,1202,3895,5058,3051,5795,0,2,284,273,769,1158,856,1663,1153,2523,1292,2156,831,785,1150,1713,850,2603,31554,17797,2967,2252,11771,0,0,20,12
2021-03-03T23:59:59+01:00,0,2,868,900,1850,2679,1850,3484,2291,4796,2396,3961,1383,1187,3785,4951,2828,5520,0,2,282,271,768,1147,853,1645,1147,2481,1282,2130,814,781,1142,1692,842,2595,30874,17766,2848,2096,10989,0,0,20,12
2021-03-02T23:59:59+01:00,0,2,824,824,1754,2556,1766,3361,2199,4672,2336,3883,1348,1165,3655,4816,2619,5169,0,2,282,270,767,1141,849,1642,1142,2476,1278,2120,812,779,1127,1671,831,2576,30137,17658,2658,2095,10134,0,0,20,12
2021-03-01T23:59:59+01:00,0,2,801,788,1654,2414,1695,3216,2100,4499,2256,3762,1330,1153,3604,4751,2575,5109,0,2,282,268,763,1137,846,1630,1138,2464,1273,2110,805,776,1122,1659,823,2569,29883,17560,2574,2095,9232,0,0,20,12
2021-02-28T23:59:59+01:00,0,2,795,765,1636,2347,1667,3144,2077,4400,2241,3695,1324,1147,3594,4736,2560,5098,0,2,281,267,763,1136,846,1625,1138,2462,1273,2105,801,774,1114,1646,819,2559,29774,17537,2572,2062,8862,0,0,20,12
2021-02-27T23:59:59+01:00,0,2,780,748,1615,2287,1650,3033,2058,4274,2220,3601,1321,1144,3594,4734,2559,5097,0,2,281,267,763,1136,846,1625,1138,2462,1273,2104,801,774,1104,1640,802,2545,29769,17536,2571,2015,8357,0,0,20,12
2021-02-26T23:59:59+01:00,0,2,652,668,1511,2174,1599,2876,1995,4038,2119,3365,1229,1074,2938,3937,2124,4505,0,2,281,266,762,1134,845,1624,1138,2460,1271,2101,800,770,1086,1627,792,2528,26948,17462,2571,2013,7267,0,0,20,12
2021-02-25T23:59:59+01:00,0,2,504,591,1395,2070,1532,2748,1936,3911,2019,3252,1178,1039,2705,3665,1957,4261,0,2,264,251,738,1113,803,1555,1088,2360,1197,2009,744,749,1053,1589,780,2500,25870,17371,2543,1412,6332,0,0,20,12
2021-02-24T23:59:59+01:00,0,2,474,561,1325,1960,1462,2605,1866,3761,1943,3102,1141,1010,2565,3530,1878,4140,0,2,235,239,713,1067,776,1493,1058,2297,1142,1958,717,726,1006,1559,767,2469,25227,17180,2531,1032,5547,0,0,20,12
2021-02-23T23:59:59+01:00,0,2,419,521,1242,1820,1387,2460,1790,3550,1875,2980,1115,975,2358,3299,1750,3947,0,2,230,234,698,1041,764,1454,1036,2250,1116,1917,708,715,997,1545,764,2465,24287,17089,2522,835,4661,0,0,20,12
2021-02-22T23:59:59+01:00,0,2,406,487,1142,1711,1284,2363,1681,3443,1796,2909,1093,962,2214,3125,1658,3848,0,2,220,225,674,989,733,1392,1010,2156,1074,1835,664,682,927,1465,725,2406,23695,16898,2519,269,3890,0,0,20,12
2021-02-21T23:59:59+01:00,0,2,389,471,1040,1679,1134,2339,1527,3421,1691,2891,1085,960,2213,3124,1658,3848,0,2,193,219,643,981,722,1384,996,2151,1068,1833,661,679,924,1459,717,2398,23665,16764,2519,254,3268,0,0,20,12
2021-02-20T23:59:59+01:00,0,2,388,469,1039,1679,1133,2339,1526,3419,1691,2889,1085,959,2212,3124,1657,3847,0,2,192,217,640,981,719,1383,990,2148,1066,1833,661,679,924,1459,717,2397,23659,16742,2518,254,3261,0,0,20,12
2021-02-19T23:59:59+01:00,0,2,383,460,1027,1675,1123,2329,1514,3400,1658,2874,1034,930,1838,2617,1355,3454,0,2,169,207,614,977,702,1375,973,2146,1060,1831,658,678,923,1459,716,2394,21898,16618,2518,254,3237,0,0,20,12
2021-02-18T23:59:59+01:00,0,2,361,439,988,1591,1085,2243,1459,3283,1617,2782,1005,906,1661,2371,1221,3243,0,2,149,196,575,966,682,1362,939,2129,1034,1810,647,659,902,1431,702,2373,20898,16292,2518,254,2821,0,0,20,12
2021-02-17T23:59:59+01:00,0,2,338,387,905,1448,976,2046,1326,3029,1506,2562,967,876,1469,2157,1120,3062,0,2,143,189,563,935,657,1309,907,2050,988,1733,612,627,895,1404,696,2353,19816,15797,2518,254,1824,0,0,18,12
2021-02-16T23:59:59+01:00,0,2,332,347,862,1309,925,1864,1265,2810,1439,2402,956,859,1408,2060,1052,2962,0,2,137,176,549,894,642,1255,880,1986,958,1691,602,617,871,1370,682,2288,19444,15469,2517,119,875,0,0,18,12
2021-02-15T23:59:59+01:00,0,2,317,305,833,1278,908,1808,1225,2726,1401,2346,926,826,1229,1830,923,2784,0,2,129,168,528,868,625,1193,854,1913,935,1614,581,580,853,1333,673,2243,18528,15001,2516,79,608,0,0,15,12
2021-02-14T23:59:59+01:00,0,2,317,305,832,1278,907,1808,1224,2726,1401,2346,926,825,1229,1830,923,2783,0,2,128,168,527,860,621,1188,848,1907,931,1611,580,579,850,1332,671,2239,18526,14952,2516,78,606,0,0,14,12
2021-02-13T23:59:59+01:00,0,2,317,305,832,1278,907,1805,1224,2724,1401,2344,926,825,1229,1829,921,2783,0,2,128,168,527,860,621,1188,845,1904,929,1607,577,579,835,1311,659,2222,18519,14949,2513,1,606,0,0,14,12
2021-02-12T23:59:59+01:00,0,2,311,304,823,1273,903,1775,1218,2697,1373,2314,924,823,1228,1826,921,2783,0,2,128,168,525,858,620,1181,839,1892,923,1594,574,577,821,1300,653,2209,18511,14851,2513,1,460,0,0,14,12
2021-02-11T23:59:59+01:00,0,2,293,295,808,1238,897,1740,1201,2632,1350,2259,890,809,1217,1815,920,2773,0,2,125,154,507,819,598,1116,805,1792,901,1535,561,563,794,1266,638,2176,18399,14340,2512,0,214,0,0,14,12
2021-02-10T23:59:59+01:00,0,2,289,286,789,1200,884,1711,1189,2587,1335,2217,885,807,1202,1798,915,2755,0,2,121,144,440,733,552,1023,727,1666,843,1448,546,546,777,1243,625,2146,18373,13582,2407,0,58,0,0,13,0
2021-02-09T23:59:59+01:00,0,2,289,283,783,1185,872,1694,1174,2567,1321,2193,870,801,1188,1779,903,2735,0,2,105,125,384,644,499,889,646,1459,754,1255,492,466,657,1074,545,1878,18263,11874,2360,0,3,0,0,13,0
2021-02-08T23:59:59+01:00,0,2,288,282,781,1180,869,1687,1172,2563,1314,2185,864,798,1172,1755,885,2710,0,2,94,101,338,549,447,787,556,1248,646,1088,415,390,568,876,440,1545,18136,10090,2357,0,1,0,0,13,0
2021-02-07T23:59:59+01:00,0,2,287,281,780,1179,868,1687,1172,2562,1314,2182,858,796,1171,1752,883,2708,0,2,91,100,336,544,445,783,554,1238,642,1082,409,384,547,853,434,1530,18112,9974,2357,0,0,0,0,13,0
2021-02-06T23:59:59+01:00,0,2,287,280,779,1178,868,1686,1172,2562,1314,2181,857,796,1169,1746,881,2706,0,2,91,99,336,540,444,782,553,1234,640,1081,406,379,498,784,403,1484,18096,9756,2355,0,0,0,0,13,0
2021-02-05T23:59:59+01:00,0,2,287,279,779,1177,867,1685,1171,2561,1313,2176,850,790,1145,1735,874,2690,0,1,85,96,328,534,428,763,528,1199,611,1038,383,351,473,756,382,1437,18013,9393,2355,0,0,0,0,13,0
2021-02-04T23:59:59+01:00,0,2,284,271,776,1156,856,1662,1157,2533,1299,2153,827,776,1116,1704,867,2671,0,0,71,77,259,411,333,593,410,969,499,835,311,288,365,611,315,1214,17765,7561,2332,0,0,0,0,13,0
2021-02-03T23:59:59+01:00,0,2,283,266,773,1133,854,1635,1150,2481,1287,2121,807,762,1100,1682,855,2658,0,0,57,56,172,283,258,442,290,719,371,596,214,206,260,451,226,909,17664,5510,2172,0,0,0,0,13,0
2021-02-02T23:59:59+01:00,0,2,282,260,769,1124,848,1614,1142,2455,1275,2104,800,755,1092,1671,853,2650,0,0,37,35,94,143,149,255,177,449,239,377,140,136,178,275,159,586,17512,3429,2171,0,0,0,0,13,0
2021-02-01T23:59:59+01:00,0,2,280,257,764,1105,840,1595,1137,2426,1271,2069,790,742,1086,1659,848,2634,0,0,13,12,17,30,27,65,48,89,76,105,54,48,65,83,47,198,17321,977,2171,0,0,0,0,13,0
2021-01-31T23:59:59+01:00,0,2,274,255,748,1103,833,1584,1126,2415,1260,2061,784,736,1076,1641,841,2620,0,0,12,12,16,28,25,62,42,84,68,97,51,48,60,76,44,185,17284,910,2062,0,0,0,0,13,0
2021-01-30T23:59:59+01:00,0,2,274,255,748,1102,832,1584,1126,2415,1260,2061,783,736,1066,1634,824,2605,0,0,12,10,15,28,25,62,42,84,67,95,50,47,59,76,44,184,17279,900,2015,0,0,0,0,13,0
2021-01-29T23:59:59+01:00,0,2,272,255,748,1101,832,1584,1126,2415,1260,2060,782,735,1065,1632,824,2603,0,0,10,5,13,26,25,60,41,83,66,95,49,46,59,76,44,184,17270,882,2013,0,0,0,0,13,0
2021-01-28T23:59:59+01:00,0,2,268,251,736,1076,798,1528,1089,2354,1184,2000,741,721,1037,1612,808,2583,0,0,5,0,4,8,10,24,20,37,21,45,21,22,25,49,17,108,17088,416,1687,0,0,0,0,13,0
2021-01-27T23:59:59+01:00,0,2,262,244,713,1044,752,1473,1030,2273,1111,1919,706,694,1022,1589,805,2575,0,0,4,0,4,5,7,20,15,23,14,32,6,9,11,12,5,30,16638,197,1563,0,0,0,0,13,0
2021-01-26T23:59:59+01:00,0,2,238,235,698,1019,744,1425,1010,2199,1084,1854,694,680,998,1573,795,2556,0,0,4,0,2,5,6,10,13,12,7,11,3,5,7,8,2,17,16588,112,1203,0,0,0,0,13,0
2021-01-25T23:59:59+01:00,0,2,207,220,645,947,692,1303,967,2053,1026,1719,647,624,920,1476,748,2480,0,0,4,0,2,5,6,10,13,12,7,11,3,5,7,8,2,17,16360,112,303,0,0,0,0,13,0
2021-01-24T23:59:59+01:00,0,2,190,214,619,935,674,1289,949,2036,1010,1709,640,618,909,1457,739,2467,0,0,3,0,2,5,6,10,12,12,6,11,3,5,7,8,2,17,16185,109,259,0,0,0,0,13,0
2021-01-23T23:59:59+01:00,0,2,190,214,619,935,674,1289,949,2036,1010,1709,640,618,909,1457,739,2467,0,0,3,0,2,4,6,10,10,12,6,11,3,5,7,8,2,17,16185,106,259,0,0,0,0,13,0
2021-01-22T23:59:59+01:00,0,2,143,196,561,925,656,1274,915,2026,998,1698,635,617,908,1457,739,2467,0,0,3,0,1,4,6,10,10,12,6,11,3,5,7,8,2,17,15945,105,259,0,0,0,0,13,0
2021-01-21T23:59:59+01:00,0,2,139,188,546,904,636,1233,882,1972,977,1651,623,596,896,1426,732,2448,0,0,3,0,0,4,5,10,9,12,6,11,3,5,7,8,2,16,15579,101,259,0,0,0,0,13,0
2021-01-20T23:59:59+01:00,0,2,133,171,499,839,613,1155,819,1862,940,1579,603,578,879,1403,722,2418,0,0,3,0,0,4,5,10,9,12,6,11,3,5,7,8,2,16,14945,101,257,0,0,0,0,13,0
2021-01-19T23:59:59+01:00,0,2,123,153,428,753,550,1026,735,1673,840,1421,556,528,781,1248,640,2162,0,0,3,0,0,4,5,8,9,12,6,11,3,5,7,8,2,16,13416,99,190,0,0,0,0,13,0
2021-01-18T23:59:59+01:00,0,2,105,119,359,603,460,856,604,1412,714,1212,486,462,692,1085,561,1872,0,0,1,0,0,1,1,0,0,0,0,1,0,0,0,1,0,0,11510,5,81,0,0,0,0,13,0
2021-01-17T23:59:59+01:00,0,2,100,117,355,598,459,850,602,1393,707,1202,480,452,665,1054,541,1825,0,0,1,0,0,1,0,0,0,0,0,1,0,0,0,1,0,0,11309,4,80,0,0,0,0,13,0
2021-01-16T23:59:59+01:00,0,2,100,114,353,589,456,845,590,1380,696,1190,465,438,568,929,479,1726,0,0,0,0,0,1,0,0,0,0,0,0,0,0,0,0,0,0,10904,1,3,0,0,0,0,13,0
2021-01-15T23:59:59+01:00,0,2,98,112,348,587,450,840,584,1373,679,1174,449,420,559,917,468,1702,0,0,0,0,0,0,0,0,0,0,0,0,0,0,0,0,0,0,10748,0,1,0,0,0,0,13,0
2021-01-14T23:59:59+01:00,0,0,80,90,294,485,371,676,466,1119,560,994,368,338,440,751,384,1446,0,0,0,0,0,0,0,0,0,0,0,0,0,0,0,0,0,0,8849,0,0,0,0,0,0,13,0
2021-01-13T23:59:59+01:00,0,0,66,67,209,368,295,506,353,838,430,713,259,239,324,564,295,1108,0,0,0,0,0,0,0,0,0,0,0,0,0,0,0,0,0,0,6622,0,0,0,0,0,0,12,0
2021-01-12T23:59:59+01:00,0,0,44,45,130,217,182,314,213,532,287,445,166,155,212,371,203,744,0,0,0,0,0,0,0,0,0,0,0,0,0,0,0,0,0,0,4260,0,0,0,0,0,0,0,0
2021-01-11T23:59:59+01:00,0,0,14,14,45,60,42,94,61,121,99,132,69,61,93,115,58,254,0,0,0,0,0,0,0,0,0,0,0,0,0,0,0,0,0,0,1332,0,0,0,0,0,0,0,0
2021-01-10T23:59:59+01:00,0,0,13,14,32,48,35,76,52,112,84,122,62,57,85,105,55,239,0,0,0,0,0,0,0,0,0,0,0,0,0,0,0,0,0,0,1191,0,0,0,0,0,0,0,0
2021-01-09T23:59:59+01:00,0,0,13,13,28,47,35,75,51,111,82,119,61,56,84,104,53,238,0,0,0,0,0,0,0,0,0,0,0,0,0,0,0,0,0,0,1170,0,0,0,0,0,0,0,0
2021-01-08T23:59:59+01:00,0,0,9,5,28,42,33,72,49,108,81,118,58,52,78,99,49,238,0,0,0,0,0,0,0,0,0,0,0,0,0,0,0,0,0,0,1119,0,0,0,0,0,0,0,0
2021-01-07T23:59:59+01:00,0,0,6,1,10,21,16,38,28,77,35,77,32,27,51,82,33,181,0,0,0,0,0,0,0,0,0,0,0,0,0,0,0,0,0,0,715,0,0,0,0,0,0,0,0
2021-01-06T23:59:59+01:00,0,0,6,0,5,10,11,30,25,43,21,48,26,24,37,56,23,130,0,0,0,0,0,0,0,0,0,0,0,0,0,0,0,0,0,0,495,0,0,0,0,0,0,0,0
2021-01-05T23:59:59+01:00,0,0,5,0,5,9,11,30,25,43,21,48,26,24,37,55,23,130,0,0,0,0,0,0,0,0,0,0,0,0,0,0,0,0,0,0,492,0,0,0,0,0,0,0,0
2021-01-04T23:59:59+01:00,0,0,4,0,2,4,5,11,14,12,6,12,3,5,7,9,2,18,0,0,0,0,0,0,0,0,0,0,0,0,0,0,0,0,0,0,114,0,0,0,0,0,0,0,0
2021-01-03T23:59:59+01:00,0,0,3,0,2,4,5,10,13,12,6,12,3,5,7,9,2,17,0,0,0,0,0,0,0,0,0,0,0,0,0,0,0,0,0,0,110,0,0,0,0,0,0,0,0
2021-01-02T23:59:59+01:00,0,0,3,0,2,4,5,10,11,12,6,12,3,5,7,9,2,17,0,0,0,0,0,0,0,0,0,0,0,0,0,0,0,0,0,0,108,0,0,0,0,0,0,0,0
2021-01-01T23:59:59+01:00,0,0,3,0,1,4,5,10,11,12,6,12,3,5,7,8,2,17,0,0,0,0,0,0,0,0,0,0,0,0,0,0,0,0,0,0,106,0,0,0,0,0,0,0,0
2020-12-31T23:59:59+01:00,0,0,3,0,0,4,5,10,9,12,6,12,3,5,7,8,2,17,0,0,0,0,0,0,0,0,0,0,0,0,0,0,0,0,0,0,103,0,0,0,0,0,0,0,0
2020-12-30T23:59:59+01:00,0,0,3,0,0,4,5,10,9,12,6,12,3,5,7,8,2,17,0,0,0,0,0,0,0,0,0,0,0,0,0,0,0,0,0,0,103,0,0,0,0,0,0,0,0
2020-12-29T23:59:59+01:00,0,0,3,0,0,3,5,8,9,12,6,12,3,5,7,8,2,17,0,0,0,0,0,0,0,0,0,0,0,0,0,0,0,0,0,0,100,0,0,0,0,0,0,0,0
2020-12-28T23:59:59+01:00,0,0,3,0,0,3,5,8,9,12,5,12,3,5,7,8,2,17,0,0,0,0,0,0,0,0,0,0,0,0,0,0,0,0,0,0,99,0,0,0,0,0,0,0,0
2020-12-27T23:59:59+01:00,0,0,1,0,0,0,0,0,0,0,0,1,0,0,2,4,0,8,0,0,0,0,0,0,0,0,0,0,0,0,0,0,0,0,0,0,16,0,0,0,0,0,0,0,0
