Datum,<15_1_m,<15_1_w,15-24_1_m,15-24_1_w,25-34_1_m,25-34_1_w,35-44_1_m,35-44_1_w,45-54_1_m,45-54_1_w,55-64_1_m,55-64_1_w,65-74_1_m,65-74_1_w,75-84_1_m,75-84_1_w,>84_1_m,>84_1_w,<15_2_m,<15_2_w,15-24_2_m,15-24_2_w,25-34_2_m,25-34_2_w,35-44_2_m,35-44_2_w,45-54_2_m,45-54_2_w,55-64_2_m,55-64_2_w,65-74_2_m,65-74_2_w,75-84_2_m,75-84_2_w,>84_2_m,>84_2_w,bp_1,bp_2,mo_1,mo_2,az_1,az_2,ja,unb_1,unb_2
2021-11-24T23:59:59+01:00,6053,5709,30208,28386,39569,36588,38216,37700,42833,42931,45490,45267,29006,32338,20547,25768,6426,10884,4047,3770,25511,24271,34824,31849,34512,34014,39500,39456,42717,42641,27945,31060,19865,24802,6169,10307,377113,338778,46818,44747,77642,71403,22283,71,49
2021-11-23T23:59:59+01:00,5862,5507,30138,28318,39492,36493,38149,37614,42767,42866,45426,45211,28979,32288,20518,25742,6422,10873,4014,3741,25415,24203,34692,31737,34422,33934,39420,39397,42657,42575,27909,31032,19845,24786,6165,10301,375890,337807,46794,44711,77642,71403,22275,71,49
2021-11-22T23:59:59+01:00,5706,5337,30091,28257,39422,36428,38093,37559,42726,42816,45391,45155,28961,32263,20502,25719,6420,10860,3996,3725,25361,24162,34609,31669,34373,33900,39376,39358,42613,42549,27893,31011,19841,24779,6162,10294,374943,337244,46784,44702,77642,71403,22273,71,49
2021-11-21T23:59:59+01:00,5662,5296,30055,28224,39380,36383,38055,37529,42684,42784,45366,45130,28943,32244,20494,25705,6418,10853,3990,3721,25327,24133,34579,31636,34345,33875,39348,39334,42592,42534,27883,31000,19840,24772,6160,10293,374453,336942,46776,44698,77642,71403,22270,71,49
2021-11-20T23:59:59+01:00,5623,5268,30006,28193,39318,36335,38019,37500,42661,42752,45349,45112,28938,32236,20492,25702,6418,10853,3989,3718,25311,24119,34556,31616,34325,33855,39338,39322,42583,42524,27879,30993,19838,24770,6160,10293,374037,336781,46768,44692,77642,71403,22264,71,49
2021-11-19T23:59:59+01:00,5472,5112,29881,28068,39203,36205,37923,37405,42589,42661,45300,45047,28916,32214,20487,25694,6417,10849,3957,3693,25178,24031,34442,31536,34249,33797,39262,39276,42536,42492,27859,30976,19834,24764,6158,10293,372769,335991,46730,44652,77642,71403,22238,71,49
2021-11-18T23:59:59+01:00,5323,4952,29716,27891,39031,35983,37762,37239,42462,42539,45223,44966,28870,32162,20473,25673,6412,10835,3906,3643,25025,23907,34301,31419,34130,33691,39190,39176,42463,42427,27832,30948,19815,24748,6153,10289,370924,334808,46684,44605,77642,71403,22198,71,49
2021-11-17T23:59:59+01:00,5264,4889,29620,27828,38938,35869,37690,37156,42386,42477,45160,44897,28852,32131,20464,25655,6406,10822,3886,3625,24999,23854,34243,31363,34085,33643,39148,39143,42405,42379,27820,30924,19809,24737,6153,10285,369934,334260,46671,44596,77642,71403,22193,71,49
2021-11-16T23:59:59+01:00,5176,4819,29440,27674,38768,35682,37549,37014,42261,42366,45067,44808,28820,32091,20447,25634,6402,10810,3867,3608,24893,23778,34129,31265,34003,33567,39083,39082,42356,42331,27792,30896,19793,24710,6139,10272,368347,333397,46634,44573,77641,71403,22142,71,49
2021-11-15T23:59:59+01:00,5123,4778,29317,27578,38635,35578,37468,36918,42197,42292,45009,44758,28795,32071,20435,25619,6400,10801,3859,3602,24841,23757,34080,31220,33965,33539,39051,39059,42330,42313,27782,30885,19783,24693,6136,10267,367325,333025,46610,44553,77641,71403,22132,71,49
2021-11-14T23:59:59+01:00,5090,4746,29245,27512,38539,35480,37415,36865,42148,42234,44970,44724,28786,32055,20426,25603,6398,10795,3851,3592,24812,23739,34047,31181,33938,33516,39033,39035,42311,42295,27771,30878,19777,24684,6135,10267,366599,332742,46603,44544,77641,71403,22124,71,49
2021-11-13T23:59:59+01:00,5030,4704,29100,27409,38420,35342,37302,36788,42075,42161,44928,44686,28774,32041,20422,25601,6396,10793,3845,3587,24776,23719,34026,31161,33917,33494,39013,39017,42303,42288,27767,30876,19776,24684,6135,10266,365576,332547,46582,44542,77641,71403,22109,71,49
2021-11-12T23:59:59+01:00,4926,4614,28745,27103,38154,35091,37119,36576,41927,42009,44811,44594,28744,32019,20416,25587,6395,10793,3827,3557,24672,23637,33920,31069,33825,33418,38944,38968,42255,42256,27750,30859,19770,24679,6134,10266,363378,331802,46500,44512,77641,71403,22040,71,49
2021-11-11T23:59:59+01:00,4807,4481,28453,26833,37866,34790,36894,36354,41749,41838,44678,44481,28703,31964,20402,25567,6389,10782,3792,3513,24564,23542,33827,30951,33713,33335,38867,38889,42189,42200,27730,30836,19760,24663,6132,10264,360912,330873,46435,44464,77641,71403,21978,71,49
2021-11-10T23:59:59+01:00,4750,4420,28307,26728,37741,34646,36787,36248,41682,41760,44609,44408,28690,31944,20393,25554,6384,10771,3778,3494,24521,23501,33773,30898,33667,33299,38835,38858,42164,42170,27712,30826,19750,24653,6129,10253,359761,330427,46404,44452,77641,71402,21951,71,49
2021-11-09T23:59:59+01:00,4684,4361,28065,26523,37518,34438,36640,36114,41555,41639,44530,44337,28669,31914,20378,25533,6381,10764,3761,3473,24456,23444,33695,30823,33619,33255,38796,38816,42126,42140,27702,30801,19738,24640,6126,10245,358081,329878,46346,44416,77640,71402,21911,71,49
2021-11-08T23:59:59+01:00,4626,4313,27844,26341,37266,34237,36461,35978,41432,41526,44433,44256,28636,31879,20367,25519,6378,10761,3746,3453,24391,23393,33638,30765,33585,33210,38760,38770,42092,42101,27686,30786,19724,24628,6125,10238,356362,329353,46300,44401,77640,71402,21886,71,49
2021-11-07T23:59:59+01:00,4589,4279,27645,26188,37054,34051,36320,35834,41312,41426,44348,44197,28619,31861,20358,25510,6376,10753,3739,3445,24353,23365,33583,30726,33557,33184,38732,38744,42070,42077,27681,30774,19718,24621,6123,10235,354924,329064,46265,44386,77640,71402,21826,71,49
2021-11-06T23:59:59+01:00,4569,4263,27596,26150,36991,34011,36291,35816,41275,41410,44323,44174,28615,31859,20352,25508,6376,10751,3738,3442,24347,23361,33576,30722,33554,33180,38727,38742,42067,42076,27678,30774,19716,24619,6122,10234,354562,329028,46253,44386,77640,71402,21810,71,49
2021-11-05T23:59:59+01:00,4474,4165,27345,25956,36759,33777,36084,35657,41146,41273,44242,44104,28600,31842,20349,25496,6374,10750,3721,3421,24280,23324,33524,30673,33502,33144,38687,38704,42040,42055,27667,30768,19712,24612,6120,10232,352836,328655,46109,44338,77640,71402,21742,71,49
2021-11-04T23:59:59+01:00,4398,4114,27119,25789,36534,33566,35901,35533,41024,41157,44156,44040,28579,31827,20340,25485,6372,10747,3689,3372,24186,23210,33419,30557,33421,33064,38621,38638,41976,41998,27647,30742,19702,24599,6115,10223,351271,327774,46051,44301,77640,71402,21653,71,49
2021-11-03T23:59:59+01:00,4379,4083,27057,25733,36448,33486,35829,35496,40966,41113,44119,44011,28572,31818,20334,25479,6371,10747,3663,3342,24152,23169,33386,30514,33385,33040,38601,38611,41951,41977,27632,30724,19695,24590,6110,10218,350658,327372,46032,44293,77640,71401,21645,71,49
2021-11-02T23:59:59+01:00,4345,4042,26837,25594,36214,33315,35666,35384,40832,41013,44036,43944,28545,31801,20323,25470,6370,10743,3634,3315,24050,23090,33273,30438,33317,32989,38540,38556,41906,41943,27612,30703,19679,24579,6108,10211,349263,326703,45981,44266,77640,71401,21524,71,49
2021-11-01T23:59:59+01:00,4303,4005,26748,25531,36096,33239,35588,35338,40760,40962,43997,43925,28538,31792,20318,25468,6369,10742,3616,3278,24003,23040,33218,30403,33282,32959,38501,38531,41880,41917,27602,30696,19673,24570,6107,10209,348565,326295,45955,44249,77640,71399,21493,71,49
2021-10-31T23:59:59+01:00,4303,4005,26744,25531,36094,33239,35588,35338,40759,40962,43996,43924,28537,31792,20318,25468,6369,10742,3616,3278,24003,23040,33218,30403,33282,32959,38500,38531,41879,41917,27602,30696,19673,24570,6107,10209,348557,326294,45954,44249,77640,71399,21492,71,49
2021-10-30T23:59:59+02:00,4300,4003,26733,25526,36080,33231,35582,35334,40750,40958,43988,43924,28536,31792,20318,25467,6369,10741,3616,3278,23999,23037,33215,30403,33282,32956,38499,38530,41878,41917,27602,30696,19673,24570,6107,10209,348480,326278,45954,44249,77640,71399,21492,71,49
2021-10-29T23:59:59+02:00,4276,3984,26591,25431,35895,33111,35468,35263,40650,40890,43942,43900,28533,31782,20317,25465,6369,10741,3603,3270,23945,23000,33162,30348,33234,32921,38458,38492,41852,41898,27597,30688,19668,24563,6106,10209,347553,325888,45899,44229,77640,71398,21450,71,49
2021-10-28T23:59:59+02:00,4244,3942,26420,25302,35696,32977,35321,35162,40552,40813,43878,43859,28522,31770,20308,25458,6368,10739,3574,3234,23857,22912,33075,30254,33171,32870,38403,38443,41804,41869,27586,30673,19660,24553,6102,10201,346458,325262,45824,44189,77640,71398,21343,71,49
2021-10-27T23:59:59+02:00,4219,3917,26379,25269,35652,32932,35279,35111,40515,40783,43854,43841,28519,31763,20305,25452,6364,10737,3559,3215,23810,22872,33028,30215,33146,32843,38392,38419,41790,41849,27577,30657,19652,24546,6101,10199,346030,324900,45814,44183,77640,71397,21341,71,49
2021-10-26T23:59:59+02:00,4176,3888,26238,25154,35506,32826,35182,35032,40445,40734,43813,43819,28508,31752,20300,25446,6361,10735,3531,3202,23744,22789,32950,30145,33099,32793,38336,38380,41750,41826,27569,30647,19647,24537,6100,10197,345162,324385,45784,44151,77640,71394,21263,71,49
2021-10-25T23:59:59+02:00,4167,3880,26224,25136,35473,32803,35155,35018,40431,40727,43809,43815,28507,31751,20299,25446,6361,10735,3526,3195,23740,22783,32931,30126,33096,32787,38329,38376,41749,41823,27567,30646,19647,24534,6100,10197,345009,324320,45775,44143,77640,71393,21247,71,49
2021-10-24T23:59:59+02:00,4156,3875,26199,25106,35440,32774,35124,34994,40417,40709,43797,43806,28506,31747,20298,25444,6361,10735,3516,3186,23726,22766,32919,30117,33084,32779,38320,38367,41741,41815,27561,30643,19647,24529,6100,10196,344769,324180,45767,44143,77639,71393,21247,71,49
2021-10-23T23:59:59+02:00,4156,3875,26197,25101,35435,32773,35120,34991,40414,40707,43795,43806,28506,31747,20298,25444,6361,10735,3516,3186,23726,22765,32918,30117,33082,32779,38319,38366,41741,41815,27561,30643,19647,24529,6100,10196,344742,324174,45767,44143,77639,71393,21247,71,49
2021-10-22T23:59:59+02:00,4135,3844,26101,25029,35325,32676,35026,34929,40338,40665,43754,43779,28499,31742,20295,25437,6361,10734,3478,3157,23667,22702,32854,30061,33030,32741,38282,38335,41707,41790,27555,30636,19643,24526,6099,10195,344024,323689,45733,44120,77639,71393,21207,71,49
2021-10-21T23:59:59+02:00,4069,3797,25995,24937,35199,32561,34926,34857,40267,40609,43693,43743,28487,31728,20288,25431,6361,10732,3291,3005,23523,22548,32759,29970,32959,32673,38223,38281,41656,41750,27537,30617,19627,24509,6094,10186,343119,322528,45707,44088,77638,71393,21150,71,49
2021-10-20T23:59:59+02:00,4060,3780,25963,24907,35149,32513,34888,34824,40245,40586,43673,43729,28482,31723,20284,25426,6356,10728,3257,2977,23483,22508,32718,29937,32931,32644,38196,38251,41634,41728,27522,30605,19617,24498,6091,10182,342774,322124,45699,44074,77638,71393,21139,71,49
2021-10-19T23:59:59+02:00,4041,3752,25893,24862,35094,32466,34849,34785,40211,40558,43652,43715,28478,31717,20276,25416,6351,10725,3153,2863,23364,22398,32639,29869,32891,32601,38169,38207,41603,41704,27507,30588,19608,24491,6084,10177,342352,321332,45675,44033,77638,71392,21110,71,49
2021-10-18T23:59:59+02:00,4032,3734,25853,24835,35063,32428,34830,34771,40193,40544,43642,43701,28471,31710,20266,25409,6350,10725,3124,2845,23316,22360,32607,29825,32867,32565,38143,38187,41583,41681,27500,30581,19601,24482,6081,10173,342089,320968,45667,44015,77638,71392,21097,71,49
2021-10-17T23:59:59+02:00,4025,3722,25837,24829,35050,32416,34821,34766,40189,40540,43637,43693,28470,31706,20266,25404,6349,10723,3035,2765,23276,22333,32596,29811,32861,32555,38139,38180,41582,41671,27499,30578,19600,24480,6079,10173,341976,320661,45667,44015,77638,71392,21096,71,49
2021-10-16T23:59:59+02:00,4025,3722,25837,24829,35050,32416,34821,34766,40188,40539,43637,43693,28469,31705,20266,25403,6349,10722,3034,2763,23275,22333,32596,29811,32861,32554,38137,38179,41581,41670,27498,30578,19600,24479,6078,10171,341971,320647,45667,44015,77638,71392,21095,71,49
2021-10-15T23:59:59+02:00,4015,3713,25799,24798,35018,32390,34798,34743,40169,40527,43626,43686,28465,31702,20263,25400,6347,10718,3003,2738,23214,22261,32539,29761,32829,32506,38108,38152,41561,41653,27490,30571,19597,24475,6078,10167,341737,320188,45651,43988,77637,71392,21086,71,49
2021-10-14T23:59:59+02:00,3995,3683,25727,24738,34950,32324,34752,34707,40135,40494,43595,43671,28457,31693,20257,25396,6344,10713,2959,2681,23131,22175,32476,29665,32777,32449,38050,38109,41522,41616,27472,30556,19589,24466,6075,10166,341253,319503,45628,43943,77637,71392,21047,71,49
2021-10-13T23:59:59+02:00,3980,3660,25696,24717,34923,32293,34732,34692,40121,40472,43577,43651,28449,31687,20253,25387,6338,10706,2938,2660,23098,22135,32449,29625,32766,32414,38030,38089,41506,41604,27465,30542,19582,24459,6075,10161,340966,319180,45623,43935,77637,71392,21042,71,49
2021-10-12T23:59:59+02:00,3963,3639,25645,24665,34863,32229,34698,34662,40092,40445,43557,43638,28436,31672,20249,25378,6332,10700,2910,2626,23010,22037,32350,29535,32722,32366,37973,38051,41481,41567,27440,30529,19575,24449,6072,10151,340536,318488,45605,43898,77637,71390,21019,71,49
2021-10-11T23:59:59+02:00,3955,3627,25617,24639,34848,32206,34668,34643,40081,40432,43546,43625,28426,31663,20242,25373,6328,10695,2889,2615,22979,22004,32307,29500,32697,32336,37956,38034,41460,41550,27434,30523,19569,24442,6070,10147,340312,318174,45590,43890,77637,71390,21009,71,49
2021-10-10T23:59:59+02:00,3952,3625,25612,24632,34839,32195,34661,34629,40072,40427,43537,43617,28425,31658,20237,25369,6328,10691,2881,2609,22969,21988,32295,29483,32692,32329,37945,38023,41454,41545,27428,30519,19568,24441,6070,10147,340206,318051,45588,43887,77637,71390,21009,71,49
2021-10-09T23:59:59+02:00,3951,3622,25611,24630,34838,32191,34658,34628,40069,40423,43535,43617,28423,31657,20236,25366,6327,10691,2881,2608,22969,21988,32295,29483,32690,32328,37944,38023,41453,41544,27428,30519,19567,24441,6070,10146,340173,318042,45588,43887,77637,71390,21009,71,49
2021-10-08T23:59:59+02:00,3916,3598,25538,24571,34774,32137,34626,34597,40035,40395,43501,43591,28413,31647,20225,25351,6319,10687,2854,2572,22871,21921,32244,29426,32653,32280,37916,37979,41427,41519,27416,30501,19561,24433,6066,10145,339658,317484,45570,43872,77637,71389,20990,71,49
2021-10-07T23:59:59+02:00,3892,3554,25461,24490,34704,32064,34579,34557,39995,40353,43468,43564,28405,31637,20210,25340,6312,10677,2796,2510,22744,21778,32172,29338,32602,32201,37869,37931,41384,41478,27396,30483,19545,24419,6059,10133,339067,316607,45543,43845,77637,71388,20949,71,49
2021-10-06T23:59:59+02:00,3878,3534,25424,24446,34664,32025,34553,34527,39977,40335,43449,43546,28398,31628,20198,25322,6308,10665,2781,2493,22711,21736,32141,29301,32580,32171,37853,37906,41365,41463,27386,30473,19535,24408,6057,10129,338691,316267,45540,43842,77637,71388,20943,71,49
2021-10-05T23:59:59+02:00,3856,3515,25367,24383,34594,31951,34514,34489,39958,40299,43411,43523,28388,31616,20183,25313,6304,10650,2744,2451,22632,21616,32049,29210,32525,32107,37811,37866,41335,41434,27370,30463,19525,24398,6047,10119,338208,315564,45518,43816,77635,71386,20887,71,49
2021-10-04T23:59:59+02:00,3833,3493,25319,24338,34548,31915,34479,34456,39931,40278,43390,43501,28380,31607,20175,25296,6295,10636,2729,2441,22587,21569,32020,29161,32496,32083,37791,37848,41309,41418,27359,30447,19516,24389,6043,10109,337793,315212,45507,43802,77635,71383,20869,71,49
2021-10-03T23:59:59+02:00,3824,3490,25304,24331,34538,31908,34471,34449,39925,40268,43384,43497,28375,31605,20172,25287,6294,10629,2724,2435,22573,21558,32012,29151,32482,32074,37784,37842,41301,41414,27357,30442,19512,24383,6038,10103,337678,315087,45506,43800,77635,71383,20866,71,49
2021-10-02T23:59:59+02:00,3824,3490,25304,24331,34537,31908,34471,34449,39924,40268,43384,43497,28375,31605,20172,25287,6294,10629,2723,2435,22573,21558,32012,29151,32482,32074,37784,37842,41301,41414,27357,30442,19512,24383,6038,10103,337676,315086,45506,43800,77635,71383,20866,71,49
2021-10-01T23:59:59+02:00,3805,3472,25255,24265,34471,31839,34409,34408,39889,40243,43354,43479,28371,31598,20170,25285,6292,10626,2680,2393,22473,21469,31961,29080,32432,32032,37746,37794,41276,41397,27350,30437,19508,24378,6037,10101,337236,314524,45479,43773,77633,71381,20817,71,49
2021-09-30T23:59:59+02:00,3772,3430,25152,24143,34356,31751,34325,34343,39813,40181,43296,43427,28354,31577,20159,25276,6289,10616,2618,2340,22351,21351,31879,28976,32371,31961,37696,37746,41236,41371,27321,30425,19505,24365,6035,10096,336391,313727,45437,43748,77628,71381,20738,71,49
2021-09-29T23:59:59+02:00,3754,3410,25124,24095,34325,31723,34299,34317,39794,40160,43275,43409,28345,31569,20154,25270,6283,10609,2611,2326,22323,21320,31856,28956,32351,31937,37679,37728,41220,41359,27316,30414,19500,24356,6034,10092,336063,313479,45433,43744,77628,71381,20725,71,49
2021-09-28T23:59:59+02:00,3726,3378,25037,24023,34243,31654,34249,34267,39745,40120,43239,43378,28329,31550,20146,25258,6279,10600,2590,2300,22229,21246,31790,28883,32304,31890,37645,37685,41195,41333,27295,30399,19498,24347,6031,10090,335495,312974,45399,43714,77628,71380,20633,71,49
2021-09-27T23:59:59+02:00,3703,3355,24994,23995,34206,31614,34226,34237,39724,40086,43218,43357,28321,31540,20139,25253,6275,10594,2571,2285,22193,21214,31758,28843,32277,31869,37623,37667,41175,41320,27286,30394,19495,24343,6030,10086,335158,312705,45389,43698,77627,71380,20597,71,49
2021-09-26T23:59:59+02:00,3551,3251,24936,23960,34196,31606,34219,34234,39718,40080,43212,43351,28320,31538,20137,25252,6274,10593,2559,2278,22177,21195,31753,28836,32273,31865,37615,37660,41169,41314,27283,30390,19492,24341,6029,10085,334754,312597,45389,43697,77627,71379,20592,71,49
2021-09-25T23:59:59+02:00,3550,3251,24935,23960,34196,31606,34219,34234,39716,40079,43211,43351,28320,31537,20137,25252,6274,10593,2559,2277,22175,21192,31753,28836,32271,31864,37612,37658,41169,41314,27283,30389,19492,24341,6029,10085,334748,312582,45389,43697,77626,71379,20592,71,49
2021-09-24T23:59:59+02:00,3526,3219,24853,23884,34082,31527,34151,34171,39659,40032,43177,43325,28306,31526,20134,25246,6273,10591,2523,2246,22089,21102,31659,28772,32226,31827,37556,37619,41149,41292,27271,30378,19489,24338,6028,10085,334220,312125,45356,43683,77625,71378,20415,71,48
2021-09-23T23:59:59+02:00,3355,3067,24715,23736,33992,31436,34074,34111,39601,39979,43119,43281,28288,31512,20126,25234,6270,10589,2472,2201,21975,20998,31590,28695,32174,31771,37520,37585,41114,41258,27257,30358,19482,24322,6027,10082,333176,311502,45328,43665,77625,71376,20290,71,48
2021-09-22T23:59:59+02:00,3332,3042,24679,23681,33960,31403,34051,34072,39572,39963,43096,43256,28278,31503,20122,25223,6270,10584,2457,2189,21945,20967,31553,28657,32156,31742,37497,37570,41091,41247,27247,30352,19479,24318,6027,10081,332825,311237,45319,43661,77623,71375,20254,71,48
2021-09-21T23:59:59+02:00,3204,2909,24481,23522,33813,31303,33986,33987,39503,39915,43075,43214,28259,31483,20113,25217,6262,10577,2393,2158,21807,20829,31440,28552,32079,31665,37442,37522,41059,41213,27236,30340,19471,24303,6024,10075,331761,310460,45280,43633,77623,71374,20093,71,48
2021-09-20T23:59:59+02:00,3180,2887,24435,23476,33765,31262,33956,33954,39472,39884,43051,43189,28254,31473,20109,25211,6262,10573,2385,2146,21769,20787,31394,28504,32056,31629,37412,37503,41046,41204,27225,30333,19463,24297,6022,10068,331394,310152,45265,43626,77623,71372,20045,71,48
2021-09-19T23:59:59+02:00,3176,2885,24425,23470,33756,31254,33948,33947,39467,39869,43042,43188,28253,31472,20109,25209,6262,10573,2381,2142,21762,20780,31389,28496,32052,31628,37405,37495,41038,41203,27225,30333,19462,24296,6022,10068,331317,310097,45265,43625,77622,71372,20035,71,48
2021-09-18T23:59:59+02:00,3176,2885,24425,23470,33756,31254,33948,33947,39467,39869,43042,43188,28253,31472,20109,25209,6262,10573,2381,2142,21762,20780,31389,28493,32050,31628,37405,37495,41038,41203,27225,30333,19462,24295,6022,10068,331317,310091,45265,43625,77622,71372,20035,71,48
2021-09-17T23:59:59+02:00,3149,2847,24320,23355,33650,31153,33872,33879,39397,39815,43007,43161,28239,31464,20107,25202,6260,10571,2334,2099,21682,20701,31316,28430,31987,31581,37365,37461,41018,41189,27217,30318,19460,24288,6022,10067,330664,309638,45224,43604,77621,71372,19873,70,48
2021-09-16T23:59:59+02:00,3098,2799,24207,23220,33552,31044,33803,33773,39350,39754,42953,43112,28213,31443,20091,25191,6257,10563,2293,2057,21577,20603,31233,28355,31920,31515,37342,37405,40984,41150,27206,30298,19453,24280,6020,10066,329831,309030,45186,43594,77621,71366,19719,70,48
2021-09-15T23:59:59+02:00,3075,2786,24166,23173,33521,31000,33788,33742,39320,39725,42935,43094,28203,31432,20085,25186,6256,10561,2280,2042,21540,20561,31201,28309,31894,31492,37310,37371,40960,41123,27192,30289,19446,24272,6020,10062,329500,308670,45173,43593,77620,71364,19689,70,48
2021-09-14T23:59:59+02:00,3035,2754,24058,23030,33378,30861,33703,33657,39263,39673,42884,43044,28185,31416,20076,25178,6252,10556,2261,2017,21455,20479,31111,28220,31829,31430,37261,37329,40916,41096,27182,30269,19437,24264,6018,10059,328687,308145,45137,43586,77619,71360,19494,70,48
2021-09-13T23:59:59+02:00,3017,2734,24007,22977,33331,30803,33670,33607,39239,39642,42853,43020,28179,31402,20071,25176,6250,10552,2246,2001,21403,20431,31066,28169,31799,31398,37239,37309,40902,41074,27176,30263,19433,24260,6017,10058,328303,307845,45121,43573,77619,71357,19421,70,48
2021-09-12T23:59:59+02:00,3013,2727,24003,22969,33325,30798,33661,33600,39234,39639,42850,43018,28177,31400,20070,25175,6250,10551,2243,1998,21387,20422,31056,28151,31780,31389,37233,37301,40896,41068,27171,30262,19431,24257,6017,10056,328235,307722,45121,43573,77618,71355,19420,70,48
2021-09-11T23:59:59+02:00,3011,2726,24001,22967,33323,30797,33659,33599,39234,39637,42849,43018,28174,31398,20070,25175,6250,10551,2242,1996,21383,20421,31055,28148,31780,31389,37233,37299,40895,41067,27169,30262,19431,24257,6017,10056,328215,307705,45121,43573,77618,71355,19419,70,48
2021-09-10T23:59:59+02:00,2969,2684,23869,22838,33193,30681,33557,33522,39159,39553,42801,42977,28158,31381,20065,25167,6249,10549,2205,1958,21268,20316,30942,28055,31690,31334,37168,37257,40849,41034,27161,30252,19425,24247,6015,10055,327472,307160,45101,43554,77618,71354,19115,70,48
2021-09-09T23:59:59+02:00,2919,2645,23688,22690,33082,30551,33456,33420,39088,39480,42761,42929,28130,31364,20056,25161,6247,10547,2151,1901,21147,20186,30850,27957,31614,31238,37106,37201,40802,40986,27138,30236,19416,24238,6011,10052,326569,306409,45077,43535,77616,71351,18887,69,48
2021-09-08T23:59:59+02:00,2898,2614,23647,22639,33052,30512,33440,33392,39068,39459,42746,42914,28124,31355,20053,25156,6246,10547,2140,1889,21113,20155,30819,27941,31599,31213,37088,37178,40790,40972,27132,30231,19411,24233,6010,10051,326254,306181,45071,43531,77615,71350,18857,69,46
2021-09-07T23:59:59+02:00,2845,2559,23498,22494,32933,30404,33365,33306,39012,39395,42702,42880,28106,31338,20049,25151,6245,10544,2085,1848,20978,20021,30703,27854,31524,31147,37040,37126,40753,40943,27115,30206,19404,24222,6009,10049,325500,305529,45046,43508,77615,71345,18599,69,46
2021-09-06T23:59:59+02:00,2822,2544,23466,22450,32901,30370,33344,33286,38990,39382,42686,42865,28103,31334,20047,25149,6244,10541,2061,1830,20936,19977,30672,27827,31503,31120,37021,37106,40739,40931,27107,30198,19402,24213,6006,10047,325231,305224,45030,43500,77614,71343,18583,69,46
2021-09-05T23:59:59+02:00,2811,2541,23460,22445,32899,30365,33342,33281,38987,39379,42682,42859,28101,31330,20045,25148,6243,10540,2057,1827,20924,19970,30661,27821,31500,31116,37018,37104,40735,40928,27102,30196,19400,24209,6005,10047,325168,305150,45029,43500,77614,71343,18581,69,46
2021-09-04T23:59:59+02:00,2811,2541,23457,22444,32898,30365,33342,33280,38987,39378,42681,42858,28101,31330,20045,25148,6243,10540,2055,1824,20922,19970,30661,27821,31499,31115,37018,37104,40734,40928,27102,30196,19400,24209,6005,10047,325162,305143,45029,43500,77614,71343,18578,69,46
2021-09-03T23:59:59+02:00,2788,2507,23380,22366,32824,30294,33302,33237,38943,39349,42651,42845,28093,31317,20044,25146,6241,10539,2039,1807,20873,19911,30612,27782,31465,31080,36990,37078,40704,40916,27094,30188,19398,24207,6004,10047,324663,304799,45001,43491,77612,71335,18524,69,46
2021-09-02T23:59:59+02:00,2757,2475,23274,22269,32764,30204,33243,33182,38905,39316,42612,42813,28073,31305,20040,25132,6239,10536,2016,1788,20799,19851,30552,27720,31427,31049,36950,37041,40670,40888,27084,30176,19395,24196,6004,10047,324058,304371,44971,43473,77611,71330,18433,69,46
2021-09-01T23:59:59+02:00,2734,2460,23250,22232,32734,30172,33221,33156,38878,39295,42599,42797,28065,31298,20035,25130,6239,10536,1999,1773,20758,19809,30519,27692,31400,31027,36931,37025,40652,40872,27074,30167,19394,24190,6004,10047,323801,304097,44960,43467,77610,71329,18394,69,46
2021-08-31T23:59:59+02:00,2689,2417,23127,22126,32653,30071,33167,33100,38834,39254,42573,42772,28054,31292,20029,25126,6238,10532,1975,1753,20672,19714,30447,27632,31351,30986,36892,36993,40623,40847,27065,30155,19388,24185,6004,10045,323223,303681,44930,43452,77609,71322,18226,69,46
2021-08-30T23:59:59+02:00,2667,2393,23075,22083,32613,30029,33141,33063,38805,39234,42554,42754,28049,31285,20022,25117,6237,10528,1928,1713,20548,19610,30350,27537,31290,30935,36859,36966,40602,40813,27049,30140,19387,24176,6004,10043,322881,302966,44915,43443,77609,71317,18178,69,46
2021-08-29T23:59:59+02:00,2636,2363,22987,22016,32550,29972,33098,33032,38759,39198,42524,42733,28040,31278,20019,25112,6237,10527,1902,1688,20444,19541,30281,27487,31255,30901,36818,36935,40577,40795,27036,30129,19386,24171,6004,10043,322423,302534,44899,43420,77607,71307,18086,69,46
2021-08-28T23:59:59+02:00,2630,2361,22987,22016,32546,29972,33097,33032,38756,39197,42523,42733,28039,31278,20019,25112,6237,10527,1902,1686,20443,19540,30275,27487,31255,30898,36815,36933,40577,40795,27036,30129,19386,24171,6004,10043,322410,302523,44899,43419,77607,71307,18080,69,46
2021-08-27T23:59:59+02:00,2630,2361,22982,22013,32539,29971,33095,33029,38754,39195,42519,42733,28038,31278,20019,25112,6236,10527,1901,1685,20437,19539,30267,27486,31253,30896,36812,36932,40575,40795,27036,30129,19386,24170,6004,10043,322391,302508,44899,43419,77607,71305,18068,69,46
2021-08-26T23:59:59+02:00,2547,2276,22794,21806,32406,29829,32976,32921,38666,39107,42453,42664,28013,31245,20006,25094,6235,10521,1815,1604,20168,19269,30127,27320,31110,30769,36703,36838,40489,40721,26994,30088,19367,24146,5998,10041,321167,300996,44879,43395,77606,71289,17841,69,46
2021-08-25T23:59:59+02:00,2541,2268,22774,21781,32395,29807,32962,32906,38654,39092,42442,42658,28008,31242,19999,25088,6232,10519,1804,1595,20120,19225,30091,27290,31089,30732,36678,36806,40470,40705,26981,30075,19363,24138,5997,10040,320978,300632,44879,43395,77606,71287,17839,69,46
2021-08-24T23:59:59+02:00,2523,2257,22735,21739,32370,29762,32943,32874,38644,39072,42423,42644,28002,31231,19994,25080,6231,10518,1794,1586,20082,19183,30057,27249,31068,30697,36664,36785,40450,40687,26975,30065,19359,24135,5997,10036,320692,300342,44869,43390,77606,71282,17809,69,46
2021-08-23T23:59:59+02:00,2504,2225,22667,21666,32299,29705,32907,32842,38605,39041,42393,42631,27986,31222,19991,25069,6231,10516,1750,1542,19958,19061,29938,27170,31002,30650,36615,36741,40408,40658,26963,30050,19353,24125,5997,10030,320249,299602,44858,43366,77604,71274,17723,69,46
2021-08-22T23:59:59+02:00,2495,2216,22631,21634,32280,29687,32891,32834,38588,39025,42388,42622,27982,31217,19986,25069,6231,10515,1740,1529,19918,19023,29902,27136,30971,30614,36594,36725,40390,40636,26955,30046,19350,24122,5997,10028,320079,299311,44852,43363,77603,71265,17691,69,46
2021-08-21T23:59:59+02:00,2476,2203,22576,21584,32240,29650,32868,32810,38574,39002,42371,42612,27975,31209,19984,25066,6231,10514,1710,1505,19817,18925,29830,27078,30937,30570,36559,36683,40366,40615,26944,30037,19345,24118,5995,10028,319833,298803,44839,43348,77601,71259,17606,69,46
2021-08-20T23:59:59+02:00,2438,2161,22489,21476,32163,29567,32806,32762,38523,38962,42329,42584,27968,31195,19980,25051,6230,10510,1663,1468,19643,18798,29703,26975,30861,30511,36496,36637,40320,40577,26929,30018,19336,24109,5994,10024,319248,297986,44815,43322,77598,71241,17467,69,46
2021-08-19T23:59:59+02:00,2348,2093,22329,21338,32025,29442,32715,32677,38421,38882,42259,42529,27942,31162,19973,25039,6225,10501,1607,1418,19384,18591,29489,26825,30740,30402,36377,36541,40218,40492,26901,29988,19325,24093,5990,10019,318308,296712,44794,43292,77598,71216,17134,69,46
2021-08-18T23:59:59+02:00,2338,2084,22303,21316,32002,29421,32693,32654,38393,38864,42246,42514,27927,31152,19967,25034,6225,10499,1584,1400,19329,18532,29449,26791,30714,30371,36348,36520,40194,40462,26884,29977,19321,24081,5985,10015,318047,296279,44794,43291,77598,71214,17127,69,46
2021-08-17T23:59:59+02:00,2321,2068,22278,21288,31986,29391,32667,32630,38380,38853,42221,42495,27921,31139,19961,25029,6225,10499,1571,1389,19286,18483,29417,26752,30670,30345,36320,36487,40166,40438,26862,29962,19316,24064,5981,10011,317799,295881,44794,43288,77598,71210,17095,69,46
2021-08-16T23:59:59+02:00,2282,2051,22211,21245,31945,29346,32642,32609,38356,38831,42189,42478,27912,31131,19959,25019,6225,10498,1547,1364,19077,18338,29270,26636,30593,30256,36273,36433,40128,40396,26842,29946,19309,24045,5975,10009,317448,294875,44794,43282,77595,71208,17026,69,46
2021-08-15T23:59:59+02:00,2255,2028,22157,21188,31897,29305,32618,32576,38328,38812,42168,42464,27906,31126,19953,25012,6224,10498,1525,1348,18957,18220,29112,26507,30513,30172,36207,36382,40073,40339,26824,29922,19299,24036,5972,10008,317112,293947,44785,43265,77594,71200,16958,69,46
2021-08-14T23:59:59+02:00,2249,2025,22131,21172,31885,29289,32614,32570,38320,38807,42162,42461,27905,31125,19952,25011,6224,10497,1495,1320,18844,18126,29049,26443,30473,30124,36182,36350,40052,40324,26817,29916,19296,24035,5971,10005,317023,293400,44782,43246,77594,71196,16934,69,46
2021-08-13T23:59:59+02:00,2232,2014,22085,21134,31848,29265,32576,32541,38305,38793,42152,42451,27903,31121,19949,25008,6223,10497,1420,1255,18588,17866,28872,26281,30357,30033,36130,36282,40007,40288,26801,29903,19291,24026,5968,10001,316787,292032,44777,43230,77592,71186,16875,69,46
2021-08-12T23:59:59+02:00,2195,1976,21996,21039,31777,29186,32520,32491,38258,38750,42112,42416,27887,31102,19942,24998,6221,10497,1327,1195,18285,17552,28620,26052,30212,29902,36035,36188,39930,40219,26766,29856,19271,24003,5966,9998,316206,290278,44766,43178,77589,71139,16736,69,46
2021-08-11T23:59:59+02:00,2193,1971,21976,21023,31759,29165,32505,32475,38250,38741,42101,42399,27878,31099,19939,24994,6220,10493,1319,1182,18229,17497,28584,26007,30165,29864,36015,36149,39894,40186,26754,29829,19264,23993,5966,9996,316025,289801,44766,43175,77589,71136,16735,69,46
2021-08-10T23:59:59+02:00,2184,1950,21949,20986,31721,29143,32488,32454,38223,38714,42083,42389,27871,31091,19937,24991,6219,10489,1285,1148,17716,17042,28409,25852,30070,29772,35846,36026,39844,40142,26730,29806,19257,23978,5962,9995,315775,288105,44760,43147,77587,70886,16696,67,46
2021-08-09T23:59:59+02:00,2160,1936,21899,20933,31663,29096,32452,32423,38198,38693,42069,42364,27860,31082,19936,24982,6218,10487,1242,1108,17247,16588,28276,25745,30014,29717,35799,35981,39812,40106,26721,29792,19252,23972,5962,9993,315392,286626,44754,43127,77587,70874,16654,67,46
2021-08-08T23:59:59+02:00,2144,1918,21845,20887,31619,29059,32418,32397,38174,38684,42047,42343,27853,31078,19930,24978,6218,10484,1177,1046,16901,16246,28164,25660,29956,29643,35751,35943,39790,40080,26710,29778,19243,23962,5960,9988,315073,285380,44753,43106,77586,70866,16600,67,46
2021-08-07T23:59:59+02:00,2100,1875,21709,20804,31536,28991,32344,32336,38117,38635,42014,42314,27844,31051,19925,24969,6216,10482,1031,920,16390,15793,27858,25369,29728,29456,35574,35785,39649,39968,26654,29714,19224,23933,5957,9984,314442,282724,44720,42985,77580,70776,16456,67,46
2021-08-06T23:59:59+02:00,2090,1865,21658,20765,31493,28958,32311,32317,38091,38615,42002,42298,27840,31042,19921,24969,6216,10482,912,812,15363,14815,26711,24470,29437,29223,35327,35584,39332,39728,26612,29667,19214,23923,5956,9981,314210,277724,44716,42963,77580,69971,16363,67,46
2021-08-05T23:59:59+02:00,2051,1836,21552,20678,31436,28881,32250,32258,38031,38564,41957,42260,27823,31022,19913,24956,6214,10479,813,706,14472,14067,25684,23687,28720,28705,34794,35149,39014,39482,26545,29587,19182,23889,5953,9971,313650,272817,44693,42911,77579,68471,16175,67,46
2021-08-04T23:59:59+02:00,2031,1817,21480,20627,31391,28812,32216,32216,37995,38541,41920,42231,27810,31006,19908,24943,6212,10475,735,660,14098,13723,25277,23383,28508,28478,34651,35024,38914,39388,26506,29542,19159,23866,5948,9966,313198,270365,44686,42881,77579,68430,16104,67,46
2021-08-03T23:59:59+02:00,2022,1801,21453,20600,31372,28799,32203,32206,37985,38527,41904,42218,27801,31000,19903,24936,6211,10473,715,646,14014,13632,25199,23307,28441,28422,34605,34976,38867,39353,26488,29519,19149,23856,5945,9960,312990,269666,44682,42877,77577,68404,16101,67,46
2021-08-02T23:59:59+02:00,2012,1780,21408,20562,31326,28777,32176,32175,37959,38511,41891,42203,27792,30988,19903,24928,6210,10469,684,616,13811,13422,24494,22755,28157,28198,34457,34864,38789,39289,26461,29487,19141,23852,5945,9958,312699,267244,44679,42863,77577,68176,16051,67,46
2021-08-01T23:59:59+02:00,1992,1763,21356,20515,31277,28737,32149,32156,37940,38492,41870,42186,27786,30981,19900,24920,6210,10469,646,588,13642,13262,24192,22497,27917,27980,34367,34755,38721,39217,26445,29467,19135,23846,5945,9956,312395,265538,44673,42851,77576,68152,15991,67,46
2021-07-31T23:59:59+02:00,1967,1733,21274,20438,31207,28698,32094,32116,37905,38463,41847,42165,27783,30972,19895,24916,6210,10469,374,358,12697,12239,23675,22054,27571,27623,34055,34459,38289,38873,26375,29382,19109,23801,5940,9950,311971,260502,44661,42815,77574,67580,15881,67,46
2021-07-30T23:59:59+02:00,1942,1713,21249,20416,31175,28679,32079,32095,37899,38456,41839,42157,27778,30969,19894,24916,6209,10469,366,351,12610,12166,23351,21763,27294,27411,33836,34294,38127,38738,26351,29364,19107,23793,5940,9948,311781,259082,44660,42807,77574,67021,15854,67,46
2021-07-29T23:59:59+02:00,1873,1644,21017,20177,31033,28532,31976,31982,37807,38366,41745,42097,27750,30944,19881,24897,6202,10460,300,291,11981,11630,22222,20923,26253,26571,32850,33600,37744,38447,26268,29263,19078,23746,5934,9939,310563,253458,44631,42717,77566,65261,15558,67,46
2021-07-28T23:59:59+02:00,1853,1629,20976,20125,31013,28502,31960,31961,37785,38347,41722,42076,27739,30932,19875,24887,6202,10458,256,240,11697,11326,21814,20540,25822,26144,32684,33443,37630,38356,26231,29212,19059,23723,5933,9934,310239,250529,44631,42716,77554,65200,15553,67,46
2021-07-27T23:59:59+02:00,1843,1623,20937,20082,30989,28469,31926,31945,37763,38314,41698,42063,27732,30925,19874,24882,6202,10455,217,217,11450,11110,21611,20350,25679,26023,32574,33338,37547,38274,26206,29175,19051,23714,5930,9930,310002,249041,44631,42712,77553,65127,15471,67,45
2021-07-26T23:59:59+02:00,1817,1587,20811,19951,30880,28367,31867,31882,37708,38245,41655,42032,27706,30907,19863,24868,6196,10452,182,189,11155,10787,21105,19907,25429,25814,32411,33188,37415,38186,26170,29141,19038,23691,5929,9922,309234,246746,44600,42598,77546,64921,15349,67,45
2021-07-25T23:59:59+02:00,1810,1579,20787,19939,30870,28357,31855,31867,37701,38238,41645,42023,27702,30904,19862,24866,6196,10451,170,176,11048,10680,20953,19800,25195,25619,32169,32977,37269,38050,26151,29127,19031,23684,5928,9919,309117,245473,44591,42583,77538,64504,15341,67,45
2021-07-24T23:59:59+02:00,1790,1564,20705,19865,30825,28317,31820,31831,37672,38209,41623,42011,27695,30898,19859,24864,6196,10451,164,171,10985,10625,20877,19737,25123,25557,32116,32946,37239,38029,26145,29122,19029,23682,5928,9919,308766,245103,44580,42559,77534,64437,15250,67,45
2021-07-23T23:59:59+02:00,1735,1529,20512,19719,30666,28202,31734,31757,37605,38157,41585,41968,27684,30881,19854,24858,6195,10446,152,160,10725,10418,20519,19435,24316,24910,31630,32614,36669,37571,26101,29080,19013,23664,5927,9917,307934,242223,44571,42512,77517,63042,14999,67,45
2021-07-22T23:59:59+02:00,1671,1472,20203,19446,30423,28023,31604,31644,37477,38051,41487,41885,27657,30857,19844,24834,6191,10445,115,133,10261,10041,19775,18921,23362,24237,30921,32024,35630,36807,25989,28982,18979,23632,5925,9913,306457,238605,44536,41847,77512,60507,14643,67,45
2021-07-21T23:59:59+02:00,1656,1464,20165,19394,30393,27993,31580,31621,37457,38026,41466,41861,27648,30849,19839,24828,6186,10441,97,112,9951,9709,19316,18468,22487,23469,30586,31691,35395,36609,25907,28885,18949,23579,5917,9903,306129,235859,44527,40156,77510,60336,14635,67,44
2021-07-20T23:59:59+02:00,1649,1458,20131,19367,30361,27968,31555,31601,37441,38008,41454,41849,27633,30834,19839,24821,6186,10438,86,101,9683,9428,18983,18200,22214,23185,30408,31534,35230,36465,25861,28837,18933,23543,5916,9899,305869,233456,44525,40148,77509,60234,14624,67,44
2021-07-19T23:59:59+02:00,1638,1450,20017,19281,30277,27897,31495,31544,37422,37989,41439,41830,27628,30823,19833,24814,6185,10435,79,95,9486,9231,18671,17925,21752,22763,30154,31303,35112,36361,25827,28798,18915,23527,5916,9896,305290,231826,44519,39207,77507,60119,14615,67,44
2021-07-18T23:59:59+02:00,1627,1444,19948,19213,30148,27800,31431,31477,37363,37937,41395,41778,27607,30792,19824,24799,6181,10432,73,87,9375,9115,18500,17774,21560,22574,29985,31102,34998,36260,25795,28774,18904,23509,5916,9890,304503,230564,44519,38903,77504,60076,14604,67,44
2021-07-17T23:59:59+02:00,1626,1440,19941,19211,30148,27799,31431,31473,37358,37935,41390,41776,27606,30791,19823,24799,6181,10432,73,83,9354,9100,18469,17752,21542,22561,29975,31095,34980,36256,25792,28772,18904,23508,5916,9890,304471,230413,44519,38900,77504,60065,14600,67,44
2021-07-16T23:59:59+02:00,1573,1395,19668,18971,30028,27703,31349,31404,37303,37873,41349,41744,27588,30773,19816,24789,6179,10426,72,81,9236,8986,18087,17447,21239,22287,29585,30739,34844,36150,25769,28748,18897,23495,5914,9888,303493,229136,44496,38177,77503,59735,14373,67,43
2021-07-15T23:59:59+02:00,1515,1351,19411,18724,29855,27555,31238,31304,37220,37790,41279,41677,27545,30744,19800,24776,6175,10423,63,69,8871,8682,17182,16625,19684,21059,28664,29817,34220,35568,25601,28567,18841,23445,5908,9876,302215,223019,44456,36716,77495,58814,14150,67,43
2021-07-14T23:59:59+02:00,1501,1338,19381,18688,29829,27529,31214,31272,37208,37776,41260,41670,27537,30737,19791,24769,6174,10420,55,64,8581,8384,16632,16022,19188,20539,28098,29315,33829,35194,25488,28438,18801,23378,5903,9865,301934,218844,44455,36356,77493,58385,14146,67,43
2021-07-13T23:59:59+02:00,1490,1327,19343,18663,29812,27504,31190,31256,37193,37749,41236,41642,27528,30723,19789,24764,6173,10414,37,58,8273,8125,16233,15673,18911,20260,27834,29064,33558,34935,25389,28316,18768,23337,5901,9860,301647,216142,44454,36319,77492,57891,14137,67,43
2021-07-12T23:59:59+02:00,1474,1317,19292,18645,29776,27474,31173,31235,37181,37732,41220,41628,27523,30718,19787,24758,6172,10414,36,53,8013,7913,15952,15393,18211,19710,27517,28743,33146,34573,25218,28119,18709,23263,5895,9855,301380,214853,44453,34388,77492,56907,14128,67,43
2021-07-11T23:59:59+02:00,1464,1309,19260,18614,29749,27442,31156,31204,37173,37711,41205,41616,27514,30709,19785,24758,6171,10413,34,52,7968,7867,15887,15323,18121,19656,27433,28680,33030,34510,25163,28074,18689,23241,5895,9852,301126,214276,44450,34377,77490,56658,14121,67,43
2021-07-10T23:59:59+02:00,1335,1193,18756,18193,29297,27138,30872,30971,36927,37550,41001,41466,27441,30649,19759,24726,6168,10410,33,52,7840,7797,15599,15185,17903,19506,27190,28537,32864,34394,25097,28028,18673,23228,5894,9852,298905,213853,44314,34254,77461,56416,13106,67,43
2021-07-09T23:59:59+02:00,1324,1187,18728,18162,29276,27121,30859,30958,36916,37538,40990,41457,27437,30645,19757,24722,6168,10409,30,50,7798,7752,15527,15118,17838,19412,26968,28307,32614,34181,25031,27965,18651,23201,5894,9849,298759,213567,44295,34250,77460,55252,13074,67,43
2021-07-08T23:59:59+02:00,1246,1105,18461,17947,29124,26967,30720,30837,36813,37435,40891,41379,27402,30610,19738,24703,6163,10403,25,46,7632,7617,15229,14870,17407,19052,26276,27703,32339,33913,24863,27807,18592,23138,5891,9841,297479,212429,44238,32828,77452,54232,12709,67,43
2021-07-07T23:59:59+02:00,1147,1013,18149,17624,28922,26782,30589,30712,36701,37313,40784,41293,27367,30561,19724,24687,6160,10400,22,38,7436,7406,14787,14504,16940,18606,25522,27090,31930,33532,24593,27480,18498,23045,5882,9832,295902,209508,44187,31991,77442,53270,12331,67,43
2021-07-06T23:59:59+02:00,1124,996,18071,17556,28876,26732,30539,30665,36665,37278,40749,41262,27350,30535,19713,24673,6158,10397,15,32,7219,7176,14440,14142,16588,18256,24769,26442,31627,33268,24404,27265,18450,22973,5875,9825,295323,207437,44183,30584,77439,52374,12328,67,43
2021-07-05T23:59:59+02:00,1082,968,17995,17493,28832,26672,30499,30630,36640,37233,40721,41236,27344,30521,19707,24667,6158,10392,5,19,6990,6990,14135,13872,16236,17893,24210,25930,31054,32701,24123,26967,18342,22833,5867,9815,294830,205939,44181,28481,77435,51241,12278,67,43
2021-07-04T23:59:59+02:00,1060,952,17923,17443,28794,26649,30475,30601,36631,37224,40706,41224,27338,30510,19702,24664,6158,10391,5,19,6965,6971,14081,13819,16159,17832,24126,25873,30900,32609,24030,26878,18310,22792,5865,9811,294512,205542,44181,28471,77424,50727,12262,67,43
2021-07-03T23:59:59+02:00,646,581,16185,15727,27636,25729,29681,29880,35990,36613,40205,40795,27180,30343,19637,24576,6149,10374,5,19,6576,6731,13573,13520,15762,17529,23766,25597,30592,32415,23931,26782,18278,22752,5861,9807,286994,205242,44142,28394,77342,50434,9383,67,43
2021-07-02T23:59:59+02:00,607,542,16055,15582,27478,25580,29600,29821,35960,36584,40186,40782,27174,30334,19634,24573,6149,10374,5,19,6529,6657,13499,13424,15675,17398,23622,25411,30438,32250,23739,26571,18189,22674,5859,9804,286090,204558,44142,28235,77341,49551,9376,67,43
2021-07-01T23:59:59+02:00,549,494,15875,15427,27264,25424,29522,29741,35905,36532,40121,40736,27153,30316,19623,24560,6147,10370,5,18,6382,6525,13149,13150,15146,16959,22351,24420,29677,31566,23458,26281,18070,22539,5852,9788,284895,201011,44138,26557,77328,48395,9332,67,41
2021-06-30T23:59:59+02:00,519,474,15770,15320,27154,25337,29454,29668,35848,36480,40079,40701,27138,30285,19612,24543,6143,10370,4,16,6187,6344,12717,12762,14576,16410,21725,23820,29082,31035,23040,25814,17939,22356,5845,9776,284070,196744,44135,26532,77321,46828,9303,67,41
2021-06-29T23:59:59+02:00,463,423,15022,14651,26890,25119,29356,29569,35768,36397,40010,40652,27119,30260,19604,24530,6143,10368,4,14,6074,6216,12458,12500,14180,16015,20934,23194,28496,30480,22593,25290,17786,22181,5837,9766,281579,193592,44131,26022,77312,45107,9256,67,41
2021-06-28T23:59:59+02:00,427,392,14398,14015,26731,25014,29283,29502,35708,36330,39967,40617,27101,30240,19596,24519,6143,10364,3,14,6006,6120,12280,12360,13993,15839,20308,22643,28094,30105,22256,24933,17657,22018,5832,9761,279645,191909,44128,25358,77307,43713,9201,67,41
2021-06-27T23:59:59+02:00,350,325,14051,13642,26667,24956,29244,29464,35686,36308,39949,40603,27090,30233,19593,24515,6142,10363,3,14,5967,6076,12164,12244,13847,15709,19754,22164,27483,29603,21979,24594,17536,21894,5828,9760,278528,191068,44124,23828,77297,42516,9166,67,41
2021-06-26T23:59:59+02:00,349,324,14040,13630,26652,24945,29239,29457,35679,36307,39946,40602,27089,30232,19593,24515,6142,10363,3,14,5962,6074,12153,12242,13841,15706,19741,22152,27438,29568,21832,24464,17496,21837,5827,9758,278455,191045,44121,23824,77297,42033,9165,67,41
2021-06-25T23:59:59+02:00,225,211,12781,12415,25196,23793,28940,29224,35573,36221,39878,40540,27065,30204,19582,24503,6140,10361,3,14,5919,6029,12054,12161,13697,15585,19430,21912,27051,29209,21508,24068,17316,21640,5824,9749,272233,189816,44117,23539,77277,40614,9159,67,41
2021-06-24T23:59:59+02:00,160,157,11806,11582,24074,22913,28576,28871,35422,36055,39763,40434,27026,30155,19571,24479,6138,10357,3,13,5702,5800,11597,11745,13116,14989,17891,20511,25394,27612,20734,23208,16996,21233,5814,9739,266980,184824,44096,19911,77273,38197,9124,67,41
2021-06-23T23:59:59+02:00,124,131,11441,11260,23579,22543,28327,28627,35246,35928,39674,40346,26995,30128,19562,24441,6136,10345,3,13,5627,5689,11384,11530,12816,14640,17496,20101,24643,26842,19938,22456,16801,20979,5806,9723,264368,182468,44086,19292,77268,35641,9045,67,41
2021-06-22T23:59:59+02:00,103,118,11260,11051,23418,22403,28247,28554,35170,35867,39627,40301,26980,30103,19554,24432,6136,10344,2,11,5518,5568,11117,11269,12449,14270,16892,19500,23910,26072,19559,22031,16638,20800,5799,9707,263226,179426,44082,18417,77266,34200,9028,67,41
2021-06-21T23:59:59+02:00,91,106,11009,10867,22585,21735,27995,28324,35102,35805,39563,40258,26963,30084,19548,24423,6136,10343,2,10,5400,5468,10896,11052,12141,13947,16501,19154,23459,25602,19266,21714,16533,20679,5793,9705,260635,177954,44072,17402,77260,33021,8904,67,41
2021-06-20T23:59:59+02:00,85,105,10944,10776,22335,21520,27735,28123,35022,35727,39518,40213,26952,30068,19546,24418,6134,10340,2,9,5359,5416,10808,10949,12046,13844,16304,18969,23188,25361,19164,21607,16480,20621,5787,9701,259342,177639,44070,16339,77255,32769,8827,67,41
2021-06-19T23:59:59+02:00,84,101,10921,10753,22303,21497,27717,28110,35010,35723,39509,40209,26951,30067,19546,24416,6134,10340,2,9,5327,5385,10726,10856,11953,13723,16156,18818,22879,24998,19076,21520,16468,20608,5786,9701,259192,177528,44050,14839,77255,32756,8827,67,41
2021-06-18T23:59:59+02:00,81,99,10873,10702,21990,21172,27458,27891,34955,35686,39476,40186,26942,30058,19545,24413,6134,10338,2,9,5311,5376,10697,10825,11913,13675,16094,18755,22795,24901,18910,21339,16423,20542,5785,9696,257805,177133,44046,14838,77254,32209,8827,67,41
2021-06-17T23:59:59+02:00,72,91,10295,10272,20710,20208,26596,27154,34582,35359,39215,39995,26878,29976,19524,24376,6127,10333,2,9,5116,5236,10318,10570,11467,13273,15412,18143,21424,23577,18451,20846,16258,20370,5781,9682,252010,171816,44025,14263,77241,31395,8420,67,41
2021-06-16T23:59:59+02:00,64,79,9961,9964,20025,19576,25962,26552,34330,35156,39054,39845,26832,29923,19500,24351,6126,10329,2,8,4975,5090,9931,10235,11006,12822,14708,17452,20571,22636,18047,20400,16088,20156,5771,9670,248170,168027,44009,12993,77228,30353,8155,67,40
2021-06-15T23:59:59+02:00,49,73,9717,9719,19725,19331,25735,26354,34198,35047,38958,39764,26800,29887,19493,24336,6121,10325,2,8,4869,4973,9693,10019,10771,12561,14283,17024,19969,22057,17720,20005,15866,19924,5762,9658,246388,165922,43999,11901,77220,29344,7958,67,39
2021-06-14T23:59:59+02:00,45,68,9585,9592,19428,19071,25558,26210,34079,34966,38895,39724,26781,29867,19487,24325,6121,10322,2,8,4788,4909,9505,9880,10595,12425,14022,16806,19651,21762,17554,19846,15763,19790,5761,9654,245183,164454,43997,11899,77216,28668,7661,67,39
2021-06-13T23:59:59+02:00,44,64,9424,9464,19139,18888,25202,25958,33879,34798,38787,39657,26765,29855,19476,24317,6121,10318,1,8,4704,4840,9296,9707,10424,12249,13699,16458,19302,21430,17425,19696,15715,19725,5759,9652,243535,163588,43996,11898,77211,27218,7347,67,39
2021-06-12T23:59:59+02:00,44,64,9414,9446,19127,18875,25202,25953,33879,34795,38784,39656,26765,29855,19476,24317,6121,10318,1,8,4701,4826,9285,9645,10391,12147,13650,16304,19247,21294,17316,19570,15597,19623,5757,9650,243486,163559,43996,11896,77206,26182,7336,67,39
2021-06-11T23:59:59+02:00,39,60,9252,9266,18892,18664,24398,25279,33700,34637,38648,39543,26731,29821,19465,24292,6121,10313,1,8,4623,4716,9064,9386,10131,11849,13127,15751,18269,20392,17130,19372,15557,19578,5754,9647,240553,159522,43994,11895,77201,25593,7306,67,39
2021-06-10T23:59:59+02:00,37,56,8856,8937,18246,18169,23551,24607,33381,34356,38445,39377,26673,29768,19441,24263,6118,10306,1,8,4448,4539,8486,8890,9322,11125,11978,14643,16262,18469,16238,18401,15271,19210,5745,9625,236937,149803,43340,11861,77175,23888,7070,65,39
2021-06-09T23:59:59+02:00,20,38,8404,8434,17416,17447,22403,23563,32894,33887,38157,39156,26566,29663,19393,24204,6108,10293,1,7,4312,4421,8197,8629,9076,10870,11639,14274,15776,17920,15862,17968,15029,18924,5738,9615,232935,147961,41451,11820,77135,21964,6475,50,38
2021-06-08T23:59:59+02:00,12,26,8086,8114,16946,17036,21980,23196,32648,33692,37995,39026,26522,29622,19383,24182,6105,10288,0,7,4194,4340,7943,8376,8769,10525,11276,13927,15132,17214,15398,17444,14767,18645,5733,9597,230207,146246,41419,10701,77127,20246,6056,50,38
2021-06-07T23:59:59+02:00,9,22,7888,7884,16587,16714,21441,22737,32366,33423,37878,38908,26493,29574,19363,24153,6100,10287,0,7,4118,4260,7760,8233,8610,10380,11103,13755,14816,16886,15196,17186,14593,18452,5729,9592,228582,145155,40447,10608,77108,19235,5640,50,38
2021-06-06T23:59:59+02:00,7,19,7781,7776,16453,16567,21246,22531,32139,33196,37742,38802,26466,29549,19351,24136,6100,10281,0,7,4090,4223,7712,8114,8555,10249,10994,13608,14619,16665,15010,17006,14504,18331,5722,9586,227347,144663,40148,10595,77090,18192,5507,50,38
2021-06-05T23:59:59+02:00,7,19,7758,7763,16428,16542,21238,22528,32128,33189,37740,38801,26465,29549,19350,24135,6100,10281,0,7,4079,4182,7697,8048,8541,10117,10979,13436,14600,16560,14975,16951,14495,18321,5722,9585,227241,144577,40148,10595,77089,17592,5493,50,38
2021-06-04T23:59:59+02:00,7,17,7647,7661,16149,16302,20964,22278,31705,32814,37625,38678,26432,29510,19339,24122,6098,10279,0,7,4072,4172,7668,8025,8514,10086,10912,13363,14495,16425,14892,16858,14458,18277,5722,9583,225642,144236,39373,10265,77071,17499,5491,50,38
2021-06-03T23:59:59+02:00,5,17,7392,7429,15271,15511,19330,20888,30792,31888,37119,38215,26300,29375,19294,24070,6092,10261,0,7,4012,4133,7579,7954,8390,9989,10739,13180,13923,15851,14625,16541,14372,18169,5719,9570,219008,142006,37792,10144,77060,17226,5339,50,38
2021-06-02T23:59:59+02:00,5,17,7257,7284,14895,15086,18898,20483,30325,31431,36891,37952,26236,29311,19274,24041,6089,10259,0,7,3982,4103,7517,7868,8301,9893,10598,13049,13474,15417,14500,16358,14342,18131,5716,9565,215929,140205,37361,10050,77059,17193,5335,50,38
2021-06-01T23:59:59+02:00,5,14,6981,7045,14498,14776,18553,20165,29997,31119,36666,37719,26180,29232,19250,24013,6087,10248,0,7,3881,4019,7275,7694,8065,9699,10334,12773,13065,14993,14064,15903,14226,17975,5709,9557,213188,138061,37314,9796,77038,16386,4958,50,38
2021-05-31T23:59:59+02:00,5,14,6820,6857,14273,14541,17851,19564,29654,30778,36374,37456,26087,29134,19223,23960,6077,10236,0,7,3804,3910,7063,7444,7841,9415,9989,12386,12625,14471,13534,15288,14025,17744,5700,9541,211747,134866,35278,9472,77023,15605,4806,50,38
2021-05-30T23:59:59+02:00,5,14,6797,6841,14226,14501,17773,19505,29605,30739,36344,37430,26075,29122,19220,23953,6076,10234,0,7,3760,3838,6905,7230,7693,9177,9781,12064,12368,14117,13412,15116,13959,17661,5697,9534,211450,134128,35265,9370,76965,14054,4730,50,37
2021-05-29T23:59:59+02:00,5,14,6796,6840,14216,14494,17768,19499,29600,30735,36341,37429,26073,29119,19220,23952,6076,10234,0,7,3749,3826,6875,7196,7659,9126,9745,12017,12294,14018,13369,15047,13929,17636,5696,9529,211417,133986,35265,9369,76950,13597,4729,50,37
2021-05-28T23:59:59+02:00,5,14,6786,6827,14199,14482,17752,19478,29587,30722,36330,37409,26070,29115,19218,23948,6076,10234,0,6,3735,3803,6854,7156,7624,9071,9691,11912,12050,13749,13179,14855,13899,17595,5693,9526,211264,132688,35264,9368,76947,13578,4727,50,37
2021-05-27T23:59:59+02:00,5,14,6696,6744,13929,14264,17266,19131,28906,30179,36169,37277,26021,29081,19203,23932,6075,10228,0,6,3612,3640,6566,6903,7249,8761,9192,11353,11338,12849,12624,14281,13768,17401,5685,9514,210177,129151,33818,9034,76906,12351,4169,50,37
2021-05-26T23:59:59+02:00,5,14,6626,6638,13719,14062,17011,18820,28363,29665,35993,37103,25981,29031,19186,23902,6074,10221,0,6,3521,3498,6343,6613,6959,8332,8848,10874,10685,12047,12058,13664,13621,17184,5680,9492,208568,125520,33067,8850,76889,11180,3841,49,34
2021-05-25T23:59:59+02:00,5,14,6545,6542,13512,13840,16748,18608,27638,29018,35900,37006,25957,29001,19174,23886,6069,10220,0,6,3472,3405,6200,6445,6812,8141,8621,10584,10337,11680,11713,13184,13513,17021,5677,9484,207848,123665,31610,8712,76406,10113,3771,48,34
2021-05-24T23:59:59+02:00,5,14,6475,6446,13334,13641,16525,18328,27222,28588,35554,36605,25900,28933,19155,23862,6068,10218,0,6,3459,3384,6139,6363,6766,8056,8560,10488,10265,11581,11537,12950,13465,16929,5668,9463,207317,123028,29377,8662,76399,9623,3732,48,34
2021-05-23T23:59:59+02:00,5,14,6473,6445,13328,13632,16522,18318,27203,28578,35524,36571,25897,28927,19155,23856,6068,10218,0,3,3454,3380,6133,6352,6756,8049,8532,10457,10225,11522,11454,12846,13445,16895,5668,9462,207201,123014,29361,8244,76398,9615,3726,48,34
2021-05-22T23:59:59+02:00,5,14,6466,6442,13320,13620,16516,18313,27199,28576,35521,36565,25897,28927,19155,23856,6068,10218,0,3,3452,3380,6128,6349,6754,8045,8528,10455,10220,11519,11443,12832,13440,16891,5667,9462,207147,122973,29361,8244,76396,9591,3726,48,34
2021-05-21T23:59:59+02:00,5,14,6403,6385,13167,13515,16342,18163,26930,28397,35091,36299,25871,28889,19147,23850,6067,10214,0,3,3443,3370,6094,6326,6724,8011,8488,10406,10165,11469,10923,12118,13299,16731,5664,9457,206458,121207,29236,8241,75353,9555,3654,48,34
2021-05-20T23:59:59+02:00,4,13,6110,6185,12554,13099,15149,17242,25017,26896,34135,35532,25766,28743,19092,23769,6061,10199,0,3,3384,3324,5997,6210,6608,7853,8338,10240,9922,11160,10581,11659,13185,16546,5654,9443,201685,119182,27493,8158,72815,9207,3526,47,34
2021-05-19T23:59:59+02:00,4,13,5902,5943,12042,12637,14443,16536,24068,26078,33509,34927,25650,28651,19057,23710,6053,10187,0,3,3307,3249,5838,6036,6418,7608,8063,9958,9616,10778,10266,11243,13106,16401,5652,9435,195972,117252,27451,7962,72798,8587,3143,46,33
2021-05-18T23:59:59+02:00,4,12,5731,5832,11643,12318,13821,16035,22913,25127,32841,34320,25533,28516,19009,23657,6048,10177,0,3,3265,3217,5721,5925,6251,7448,7856,9742,9415,10537,10089,10990,12958,16177,5642,9426,191018,116077,26939,7892,72754,7880,2780,46,33
2021-05-17T23:59:59+02:00,4,11,5678,5789,11480,12212,13546,15814,22094,24489,32529,34004,25455,28456,18987,23627,6039,10168,0,3,3148,3143,5531,5741,6076,7233,7648,9514,9190,10292,9995,10863,12898,16113,5639,9421,189246,115309,26237,7884,72358,6727,2495,46,33
2021-05-16T23:59:59+02:00,4,11,5649,5769,11417,12155,13461,15734,21478,23939,31916,33474,25415,28412,18977,23612,6038,10168,0,3,3142,3121,5517,5672,6048,7173,7620,9415,9159,10208,9978,10841,12895,16110,5639,9421,188478,115197,24691,7877,71932,6376,2482,46,30
2021-05-15T23:59:59+02:00,4,11,5640,5759,11384,12146,13432,15725,21403,23868,31376,33098,25404,28407,18976,23609,6037,10167,0,3,3129,3106,5497,5629,6034,7098,7577,9299,8920,9953,9945,10810,12861,16059,5639,9420,188427,115192,24677,7739,71284,6008,2012,46,28
2021-05-14T23:59:59+02:00,4,11,5601,5733,11321,12107,13359,15661,20992,23555,30944,32750,25369,28361,18964,23593,6037,10165,0,3,3096,3066,5460,5541,6012,6962,7536,9095,8859,9758,9869,10700,12775,15930,5639,9417,187702,115018,24356,7403,70412,5258,2011,46,28
2021-05-13T23:59:59+02:00,4,10,5446,5578,10939,11810,12646,15074,18804,21808,29397,31281,25141,28118,18896,23522,6035,10162,0,3,3085,3031,5438,5502,5996,6905,7510,9025,8815,9697,9653,10455,12571,15622,5634,9406,183742,114658,20563,6574,68324,5092,1996,46,28
2021-05-12T23:59:59+02:00,3,10,5416,5551,10869,11751,12545,14986,18681,21684,29033,30916,25046,28020,18879,23493,6034,10157,0,3,3084,3026,5432,5496,5986,6892,7485,9010,8776,9643,9464,10221,12338,15297,5631,9399,182788,114373,19925,5702,68320,5086,1995,46,27
2021-05-11T23:59:59+02:00,3,10,5276,5445,10618,11498,12178,14618,18070,21043,28100,29942,24854,27830,18820,23417,6029,10143,0,3,3041,2985,5343,5339,5887,6705,7355,8765,8610,9420,9282,10022,12185,15108,5622,9379,178695,113307,19028,5594,68188,4186,1937,46,27
2021-05-10T23:59:59+02:00,3,9,5151,5370,10402,11307,11917,14362,17744,20708,27676,29533,24746,27723,18781,23370,6021,10139,0,3,2971,2931,5225,5223,5773,6601,7231,8624,8481,9313,9178,9897,12095,14979,5619,9370,176684,112774,18344,5582,67959,3202,1929,46,27
2021-05-09T23:59:59+02:00,3,9,5076,5325,10304,11191,11817,14243,17402,20422,27285,29156,24658,27635,18752,23334,6018,10136,0,3,2903,2899,5078,5182,5595,6558,7063,8595,8352,9277,9165,9887,12077,14958,5619,9370,176290,112694,17062,5573,67457,2375,1912,45,27
2021-05-08T23:59:59+02:00,3,9,5074,5324,10302,11186,11817,14243,17398,20420,27282,29154,24658,27635,18752,23334,6018,10136,0,3,2902,2898,5076,5182,5595,6558,7063,8595,8349,9276,9164,9886,12076,14958,5619,9370,176273,112691,17062,5572,67454,2369,1911,45,27
2021-05-07T23:59:59+02:00,3,9,5041,5298,10234,11134,11687,14119,16997,20147,26644,28597,24609,27584,18735,23302,6012,10106,0,3,2890,2890,5061,5173,5584,6542,7051,8584,8341,9265,9158,9878,12065,14938,5612,9342,175438,112676,17059,5566,65931,2323,1785,45,27
2021-05-06T23:59:59+02:00,2,9,4771,5139,9777,10791,11120,13602,15907,19124,24230,26300,24107,27053,18630,23200,6007,10092,0,3,2847,2842,4994,5096,5543,6450,6968,8465,8211,9112,9057,9763,12041,14887,5609,9339,170396,112134,14607,5510,63040,1781,1775,43,27
2021-05-05T23:59:59+02:00,2,9,4692,5056,9482,10562,10777,13276,15326,18525,23383,25333,23849,26727,18562,23095,5997,10074,0,2,2828,2805,4946,5011,5484,6329,6886,8298,8086,8895,8949,9630,11963,14800,5608,9330,166732,111183,13289,5504,62890,1362,1774,42,27
2021-05-04T23:59:59+02:00,2,9,4607,4964,9308,10363,10566,13033,14936,18129,22833,24765,23637,26452,18489,23014,5989,10060,0,2,2820,2770,4917,4936,5452,6207,6834,8156,7990,8740,8845,9517,11888,14741,5606,9327,164470,110679,12162,5492,62725,793,1757,42,27
2021-05-03T23:59:59+02:00,2,9,4536,4888,9120,10226,10391,12858,14653,17885,22420,24350,23498,26302,18462,22967,5989,10054,0,2,2747,2699,4836,4863,5376,6122,6739,8052,7808,8574,8759,9430,11847,14690,5603,9322,162957,110452,12161,5488,62631,683,819,42,27
2021-05-02T23:59:59+02:00,2,9,4523,4873,9046,10168,10267,12748,14325,17580,22117,24063,23448,26243,18443,22942,5988,10053,0,2,2741,2692,4779,4829,5288,6039,6600,7924,7689,8472,8713,9388,11823,14656,5601,9317,162069,110332,12158,5486,62527,666,42,42,27
2021-05-01T23:59:59+02:00,2,9,4523,4870,9044,10166,10266,12747,14321,17576,22115,24063,23447,26242,18443,22942,5988,10053,0,2,2741,2692,4779,4829,5288,6039,6599,7924,7689,8472,8713,9388,11823,14656,5601,9317,162048,110332,12158,5485,62527,666,42,42,27
2021-04-30T23:59:59+02:00,1,9,4451,4784,8805,9951,10004,12506,13839,17150,21272,23288,23323,26105,18427,22910,5985,10050,0,2,2737,2690,4768,4821,5278,6005,6588,7893,7656,8432,8709,9385,11822,14652,5599,9316,158454,110302,12157,5483,62199,533,8,42,27
2021-04-29T23:59:59+02:00,1,9,4305,4639,8324,9539,9303,11902,12837,16246,19418,21600,22617,25340,18289,22699,5979,10033,0,2,2714,2670,4724,4749,5233,5931,6522,7786,7574,8316,8598,9270,11754,14575,5592,9307,149242,109798,12141,5212,61648,272,8,41,27
2021-04-28T23:59:59+02:00,1,9,4274,4619,8252,9466,9227,11814,12717,16125,19201,21386,22529,25247,18262,22658,5977,10028,0,2,2711,2658,4699,4688,5205,5887,6492,7712,7526,8233,8581,9245,11737,14552,5590,9301,148853,109604,12053,5138,60838,45,7,41,25
2021-04-27T23:59:59+02:00,1,9,4236,4572,8115,9330,9112,11663,12570,15957,18750,20889,22296,24990,18197,22580,5974,10019,0,2,2708,2654,4696,4684,5195,5879,6479,7693,7491,8195,8518,9165,11655,14470,5586,9297,148121,109341,10977,4963,60114,37,7,41,19
2021-04-26T23:59:59+02:00,1,9,4194,4545,8008,9234,8965,11557,12397,15783,18338,20523,22162,24841,18161,22548,5973,10017,0,2,2708,2652,4692,4680,5190,5871,6466,7673,7458,8166,8470,9117,11599,14391,5582,9280,147341,109236,10842,4705,59026,32,6,41,18
2021-04-25T23:59:59+02:00,1,9,4180,4530,7970,9203,8901,11494,12262,15653,17994,20189,21961,24604,18121,22493,5969,10012,0,2,2708,2652,4691,4678,5187,5867,6461,7670,7456,8162,8415,9058,11576,14363,5582,9278,145956,109213,10831,4538,58712,31,6,41,18
2021-04-24T23:59:59+02:00,1,9,4172,4521,7954,9198,8886,11484,12212,15621,17936,20151,21946,24591,18119,22488,5969,10012,0,2,2707,2652,4691,4678,5187,5867,6461,7670,7456,8162,8415,9057,11576,14363,5582,9278,145856,109213,10830,4538,58539,30,6,39,17
2021-04-23T23:59:59+02:00,1,9,4152,4491,7896,9135,8800,11382,11874,15295,17501,19752,21729,24358,18054,22411,5967,10004,0,2,2704,2650,4687,4675,5180,5859,6446,7659,7433,8131,8394,9030,11567,14354,5580,9275,144587,109197,10483,4378,57697,29,5,39,17
2021-04-22T23:59:59+02:00,1,9,4104,4427,7765,8947,8616,11123,11547,14877,16587,18765,21155,23646,17919,22231,5957,9986,0,2,2696,2643,4681,4653,5158,5833,6402,7622,7359,8082,8261,8871,11419,14202,5575,9266,140856,108577,10352,4105,56411,21,5,38,17
2021-04-21T23:59:59+02:00,1,9,4061,4383,7665,8825,8458,10961,11250,14596,15848,18008,20774,23198,17844,22126,5952,9973,0,2,2687,2632,4663,4632,5141,5812,6390,7604,7330,8058,8211,8808,11379,14162,5573,9264,137922,108287,10222,4021,55747,19,5,36,16
2021-04-20T23:59:59+02:00,1,9,4036,4358,7631,8771,8381,10880,11086,14421,15413,17532,20309,22680,17740,21974,5943,9961,0,2,2678,2622,4653,4619,5117,5792,6362,7579,7290,8018,8115,8676,11302,14075,5569,9260,135766,107709,9956,3981,55363,18,5,36,16
2021-04-19T23:59:59+02:00,1,9,4006,4309,7568,8666,8289,10741,10928,14237,15160,17237,19827,22115,17573,21757,5932,9949,0,2,2673,2620,4649,4615,5103,5777,6343,7562,7263,7973,8061,8623,11275,14028,5567,9256,133696,107374,9602,3977,54967,18,5,34,16
2021-04-18T23:59:59+02:00,1,6,3986,4280,7508,8614,8184,10615,10669,13994,14668,16699,19395,21603,17449,21572,5928,9942,0,2,2672,2619,4649,4615,5103,5777,6342,7559,7260,7972,8057,8620,11272,14024,5566,9253,131271,107349,9530,3975,54273,17,5,34,16
2021-04-17T23:59:59+02:00,1,6,3983,4272,7488,8607,8173,10597,10627,13948,14556,16611,19275,21480,17427,21544,5927,9940,0,2,2672,2619,4648,4613,5096,5772,6328,7554,7235,7949,8010,8574,11253,14001,5564,9253,130832,107336,9520,3769,54071,17,5,34,16
2021-04-16T23:59:59+02:00,1,6,3972,4228,7415,8485,8070,10442,10434,13686,13886,15849,18709,20837,17302,21369,5916,9922,0,2,2669,2616,4643,4606,5091,5759,6310,7543,7197,7914,7700,8181,11159,13860,5557,9235,127988,106530,9459,3476,53044,16,4,34,16
2021-04-15T23:59:59+02:00,1,5,3928,4176,7301,8353,7892,10206,10099,13296,13160,14990,17898,19971,17061,21046,5901,9902,0,2,2668,2608,4631,4589,5077,5726,6277,7507,7125,7840,7140,7514,11029,13697,5553,9225,124338,104850,9299,3324,51511,14,4,34,16
2021-04-14T23:59:59+02:00,1,4,3901,4145,7235,8247,7785,10053,9920,13096,12741,14541,17370,19357,16909,20837,5895,9888,0,2,2634,2589,4613,4556,5049,5679,6242,7474,7067,7780,6489,6742,10764,13397,5549,9217,122939,102489,9062,3322,49889,12,4,31,16
2021-04-13T23:59:59+02:00,1,4,3897,4139,7197,8230,7728,10018,9812,13041,12367,14248,16679,18504,16671,20533,5891,9882,0,2,2608,2560,4593,4530,5022,5644,6184,7404,6979,7676,6276,6485,10172,12708,5540,9196,122229,100236,8840,3311,47738,12,4,31,16
2021-04-12T23:59:59+02:00,1,4,3884,4121,7142,8183,7670,9947,9703,12940,12118,14032,16235,17986,16483,20319,5886,9879,0,2,2579,2549,4526,4486,4916,5574,6066,7327,6861,7576,5529,5660,9719,12169,5500,9154,121890,96859,8803,3302,45806,12,4,30,16
2021-04-11T23:59:59+02:00,1,4,3869,4113,7100,8131,7611,9903,9612,12862,11880,13823,15666,17294,16207,19977,5881,9869,0,2,2503,2470,4397,4364,4765,5441,5904,7175,6712,7471,5227,5299,9587,12007,5500,9150,121294,94692,8370,3251,44105,11,4,30,16
2021-04-10T23:59:59+02:00,1,4,3851,4093,7060,8082,7569,9846,9550,12803,11789,13738,15449,17101,16158,19907,5880,9862,0,2,1942,1907,3585,3644,3894,4677,4900,6255,5857,6681,4953,4994,9458,11855,5493,9141,120827,85956,8370,3251,43512,11,4,30,16
2021-04-09T23:59:59+02:00,1,4,3830,4073,7022,8050,7508,9789,9399,12672,11459,13457,14264,15567,15712,19375,5867,9850,0,2,1085,1088,2224,2447,2386,3307,3114,4610,4226,5213,4258,4256,9206,11494,5468,9111,118923,70217,8367,3248,40576,11,3,30,16
2021-04-08T23:59:59+02:00,1,4,3804,4056,6960,7993,7404,9693,9211,12554,11052,13105,13127,14302,15291,18845,5845,9814,0,2,587,599,1302,1741,1480,2381,2013,3521,2851,3823,3008,2850,8382,10486,5310,8874,117652,55939,8283,3244,37095,10,1,30,16
2021-04-07T23:59:59+02:00,1,4,3757,4030,6882,7935,7312,9622,9083,12425,10741,12797,12395,13532,15071,18581,5839,9792,0,2,358,382,952,1394,1074,1995,1504,3058,1900,2816,1821,1560,7473,9334,5154,8614,116684,46121,8130,3244,34956,9,1,28,16
2021-04-06T23:59:59+02:00,1,4,3741,4018,6860,7897,7256,9556,8990,12345,10529,12578,12009,13035,14848,18288,5828,9779,0,2,351,369,942,1383,1060,1973,1476,3030,1841,2757,1742,1491,7054,8773,5001,8373,115409,44351,8031,3242,34096,8,1,25,16
2021-04-05T23:59:59+02:00,1,4,3735,4017,6849,7884,7242,9546,8971,12317,10465,12519,11897,12888,14749,18195,5826,9776,0,2,349,363,932,1379,1054,1964,1466,3009,1819,2723,1688,1438,6821,8462,4876,8187,115070,43266,8009,3241,33777,8,1,24,16
2021-04-04T23:59:59+02:00,1,4,3735,4017,6847,7878,7241,9545,8968,12317,10455,12514,11893,12884,14746,18194,5826,9776,0,2,349,362,930,1378,1053,1962,1465,3008,1817,2720,1685,1433,6814,8449,4871,8184,115064,43218,8008,3239,33744,8,1,24,16
2021-04-03T23:59:59+02:00,1,4,3735,4017,6847,7877,7240,9545,8968,12316,10454,12514,11893,12883,14744,18192,5826,9776,0,2,349,361,928,1374,1051,1961,1464,3003,1815,2720,1679,1421,6771,8367,4836,8148,115059,42987,8008,3239,33740,7,1,24,16
2021-04-02T23:59:59+02:00,1,4,3733,4015,6843,7874,7233,9539,8955,12308,10438,12498,11766,12767,14700,18133,5823,9767,0,2,347,359,926,1368,1045,1950,1449,2978,1774,2682,1583,1335,6003,7465,4395,7576,114929,40299,8002,2914,33441,7,1,24,16
2021-04-01T23:59:59+02:00,1,3,3694,4003,6809,7853,7191,9508,8903,12269,10364,12427,11420,12359,14319,17613,5817,9748,0,2,342,356,909,1354,1033,1929,1417,2933,1714,2614,1458,1237,5054,6338,3826,6734,114530,36317,6584,2909,33162,7,1,24,16
2021-03-31T23:59:59+02:00,0,3,3688,3998,6795,7833,7173,9490,8868,12236,10274,12355,11085,11948,13969,17113,5811,9726,0,2,339,352,901,1343,1022,1913,1397,2905,1664,2577,1391,1184,4460,5648,3463,6256,113944,33957,5574,2836,32822,7,1,24,16
2021-03-30T23:59:59+02:00,0,3,3670,3972,6759,7795,7116,9423,8779,12133,10112,12198,10827,11671,13749,16849,5804,9712,0,2,335,345,896,1332,1014,1907,1373,2898,1636,2551,1364,1158,4341,5525,3401,6161,113127,33579,5323,2636,32099,7,1,22,16
2021-03-29T23:59:59+02:00,0,3,3660,3950,6733,7773,7076,9369,8683,12038,9929,11988,10387,11200,13375,16381,5788,9679,0,2,330,342,892,1321,1008,1899,1364,2887,1622,2542,1341,1144,4206,5381,3304,6028,111445,32960,5017,2630,31527,6,1,22,16
2021-03-28T23:59:59+02:00,0,3,3619,3893,6618,7615,6959,9225,8557,11846,9775,11797,10177,10938,13198,16199,5784,9670,0,2,330,342,892,1319,1006,1898,1362,2887,1621,2540,1332,1141,4173,5337,3278,6002,111071,32914,4751,2527,30029,5,1,21,15
2021-03-27T23:59:59+01:00,0,3,3618,3881,6606,7551,6929,9112,8507,11675,9723,11643,10064,10814,13103,16110,5783,9670,0,2,330,341,892,1319,1006,1895,1362,2885,1617,2539,1330,1139,4147,5302,3265,5987,111060,32811,4751,2526,28959,5,1,21,15
2021-03-26T23:59:59+01:00,0,3,3611,3874,6578,7514,6901,9037,8459,11562,9632,11515,10015,10751,13054,16053,5775,9649,0,2,325,339,891,1316,1002,1883,1359,2864,1597,2525,1305,1122,3960,5072,3156,5832,111001,32044,4527,2485,28433,5,1,21,15
2021-03-25T23:59:59+01:00,0,3,3587,3843,6485,7389,6809,8871,8270,11331,9322,11197,9635,10366,12748,15737,5770,9638,0,2,325,338,889,1308,999,1872,1345,2851,1573,2506,1279,1102,3721,4822,2903,5491,110623,30821,4314,2485,26042,4,1,21,15
2021-03-24T23:59:59+01:00,0,3,3529,3791,6395,7205,6685,8645,8106,11093,9095,10872,9219,9875,12330,15279,5759,9627,0,2,325,337,888,1304,994,1870,1338,2847,1557,2490,1270,1092,3654,4748,2718,5265,110105,30197,4175,2485,23206,1,1,21,15
2021-03-23T23:59:59+01:00,0,3,3511,3758,6348,7150,6608,8586,7989,10965,8848,10638,8797,9407,11879,14757,5749,9613,0,2,325,337,887,1294,989,1861,1333,2838,1553,2482,1245,1067,3562,4671,2520,4942,109289,29407,4084,2485,21212,1,0,21,15
2021-03-22T23:59:59+01:00,0,3,3502,3738,6306,7122,6573,8538,7923,10890,8700,10502,8515,9055,11577,14433,5714,9574,0,2,323,332,881,1283,981,1854,1326,2827,1543,2472,1233,1058,3533,4635,2501,4909,108619,29192,4082,2485,19943,1,0,21,15
2021-03-21T23:59:59+01:00,0,3,3500,3736,6302,7112,6555,8522,7906,10871,8644,10444,8395,8938,11507,14330,5711,9571,0,2,321,331,873,1280,974,1847,1317,2825,1538,2468,1229,1055,3524,4620,2486,4899,108533,29088,4080,2485,19413,1,0,21,15
2021-03-20T23:59:59+01:00,0,3,3491,3698,6294,7040,6538,8385,7881,10687,8600,10309,8317,8852,11469,14291,5711,9571,0,2,321,331,873,1280,974,1846,1316,2825,1538,2466,1229,1055,3524,4619,2486,4899,108498,29084,3869,2484,18749,1,0,21,15
2021-03-19T23:59:59+01:00,0,3,3478,3668,6266,6954,6514,8292,7835,10570,8487,10149,7774,8244,11282,14047,5702,9553,0,2,318,330,868,1273,957,1836,1294,2794,1488,2422,1145,987,2852,3823,2067,4317,106875,26273,3568,2484,18354,1,0,21,15
2021-03-18T23:59:59+01:00,0,3,3467,3650,6225,6914,6479,8230,7771,10484,8371,10021,6812,7141,11000,13745,5690,9528,0,2,317,330,864,1268,951,1826,1279,2785,1464,2401,1106,967,2643,3582,1910,4093,103841,25288,3407,2484,18262,1,0,21,15
2021-03-17T23:59:59+01:00,0,3,3429,3612,6155,6829,6424,8126,7680,10352,8240,9863,6125,6290,10718,13430,5673,9501,0,2,316,330,856,1262,946,1813,1265,2763,1445,2374,1068,942,2514,3450,1828,3976,101037,24652,3405,2484,17987,1,0,21,13
2021-03-16T23:59:59+01:00,0,3,3410,3581,6117,6776,6379,8052,7626,10286,8149,9761,5948,6114,10006,12611,5632,9436,0,2,309,319,842,1245,934,1804,1259,2743,1433,2366,1053,922,2299,3203,1691,3778,98754,23706,3392,2482,17720,1,0,21,13
2021-03-15T23:59:59+01:00,0,3,3373,3548,6018,6694,6249,7959,7482,10166,8021,9634,5193,5278,9556,12059,5588,9366,0,2,308,318,838,1241,932,1797,1257,2730,1424,2357,1039,910,2154,3029,1599,3683,95218,23123,3383,2481,17565,1,0,21,13
2021-03-14T23:59:59+01:00,0,3,3249,3407,5739,6350,5976,7601,7166,9751,7735,9317,4862,4888,9395,11859,5584,9351,0,2,308,317,838,1241,931,1797,1254,2729,1422,2354,1036,907,2151,3026,1596,3682,92825,23099,3328,2478,16059,1,0,21,13
2021-03-13T23:59:59+01:00,0,3,2594,2753,4805,5483,4965,6675,5979,8637,6723,8369,4545,4505,9009,11335,5492,9243,0,2,308,316,837,1239,931,1791,1252,2727,1421,2354,1036,906,2127,2989,1565,3646,82165,22955,3328,2478,15601,1,0,21,13
2021-03-12T23:59:59+01:00,0,2,1772,1943,3468,4329,3458,5346,4231,6997,5084,6859,3869,3799,7752,9783,4977,8552,0,2,304,312,835,1235,925,1785,1245,2707,1397,2337,990,879,1770,2523,1291,3284,63306,21329,3325,2478,15569,1,0,21,13
2021-03-11T23:59:59+01:00,0,2,1276,1466,2563,3593,2557,4411,3138,5907,3726,5472,2693,2521,6042,7671,4202,7371,0,2,299,303,819,1227,912,1762,1227,2678,1372,2290,953,859,1611,2288,1164,3094,45996,20368,3322,2478,15272,1,0,21,13
2021-03-10T23:59:59+01:00,0,2,1055,1250,2196,3233,2183,4018,2688,5466,2814,4505,1555,1316,4679,5947,3635,6602,0,2,289,293,801,1206,890,1726,1193,2604,1333,2224,926,840,1429,2097,1067,2918,34931,19456,3321,2369,14872,0,0,20,13
2021-03-09T23:59:59+01:00,0,2,1039,1220,2133,3096,2119,3903,2604,5332,2731,4379,1521,1285,4601,5871,3593,6543,0,2,285,286,787,1185,873,1700,1167,2563,1315,2196,911,828,1352,1973,995,2802,34515,18882,3318,2325,14119,0,0,20,13
2021-03-08T23:59:59+01:00,0,2,1018,1191,2075,2996,2079,3822,2544,5220,2676,4306,1483,1264,4455,5710,3492,6400,0,2,285,282,782,1177,871,1691,1159,2555,1307,2180,886,807,1181,1747,868,2631,33822,18077,3318,2321,13573,0,0,20,13
2021-03-07T23:59:59+01:00,0,2,1013,1172,2035,2950,2037,3781,2504,5155,2635,4269,1478,1261,4448,5702,3489,6400,0,2,285,282,782,1177,871,1691,1159,2555,1306,2180,883,807,1172,1738,859,2620,33787,18076,3312,2280,13212,0,0,20,13
2021-03-06T23:59:59+01:00,0,2,1012,1169,2024,2936,2025,3762,2488,5128,2618,4247,1465,1251,4414,5656,3475,6388,0,2,285,282,782,1177,871,1690,1159,2555,1306,2180,883,807,1172,1738,859,2619,33643,18075,3311,2279,13086,0,0,20,13
2021-03-05T23:59:59+01:00,0,2,1008,1163,2009,2916,1995,3739,2445,5074,2566,4209,1429,1223,4144,5330,3323,6167,0,2,284,278,775,1170,865,1682,1156,2546,1302,2170,869,803,1164,1729,858,2617,32897,17978,2977,2279,12848,0,0,20,13
2021-03-04T23:59:59+01:00,0,2,915,1014,1920,2790,1929,3602,2368,4919,2476,4049,1398,1201,3901,5068,3056,5813,0,2,284,276,772,1165,862,1673,1155,2531,1297,2161,837,787,1151,1719,851,2604,31634,17859,2973,2255,11794,0,0,20,13
2021-03-03T23:59:59+01:00,0,2,868,905,1853,2692,1858,3499,2298,4805,2402,3965,1385,1186,3791,4961,2833,5538,0,2,282,273,771,1153,859,1654,1148,2489,1287,2135,820,783,1143,1698,843,2596,30953,17825,2853,2098,11015,0,0,20,13
2021-03-02T23:59:59+01:00,0,2,824,828,1757,2569,1774,3375,2206,4681,2342,3887,1350,1164,3661,4826,2623,5185,0,2,282,272,770,1147,855,1651,1143,2484,1282,2125,818,781,1128,1677,832,2577,30213,17716,2663,2097,10158,0,0,20,13
2021-03-01T23:59:59+01:00,0,2,801,792,1657,2426,1702,3230,2107,4508,2262,3766,1332,1152,3610,4761,2579,5125,0,2,282,270,766,1142,850,1639,1138,2472,1277,2114,811,778,1123,1665,824,2570,29958,17613,2579,2097,9255,0,0,20,13
2021-02-28T23:59:59+01:00,0,2,795,769,1639,2358,1674,3158,2084,4409,2247,3699,1326,1146,3600,4745,2564,5114,0,2,281,269,766,1141,850,1634,1138,2470,1277,2109,807,776,1115,1652,820,2560,29849,17590,2576,2064,8885,0,0,19,13
2021-02-27T23:59:59+01:00,0,2,780,752,1617,2297,1657,3047,2065,4283,2226,3604,1323,1143,3600,4743,2562,5113,0,2,281,269,766,1141,850,1634,1138,2470,1277,2108,807,776,1105,1646,803,2546,29843,17589,2575,2017,8377,0,0,19,13
2021-02-26T23:59:59+01:00,0,2,652,671,1513,2184,1606,2889,2002,4047,2125,3368,1231,1073,2944,3946,2127,4520,0,2,281,268,765,1139,849,1633,1138,2468,1275,2105,805,771,1087,1633,793,2529,27021,17513,2575,2015,7285,0,0,19,13
2021-02-25T23:59:59+01:00,0,2,504,594,1396,2079,1538,2761,1942,3920,2025,3254,1180,1038,2711,3674,1960,4276,0,2,264,253,741,1118,807,1564,1088,2367,1200,2013,749,750,1054,1595,781,2501,25942,17422,2547,1412,6346,0,0,19,13
2021-02-24T23:59:59+01:00,0,2,474,564,1326,1969,1468,2618,1872,3770,1949,3104,1142,1009,2571,3539,1881,4155,0,2,235,241,716,1072,780,1502,1058,2304,1145,1962,722,727,1007,1565,768,2470,25298,17231,2535,1032,5561,0,0,19,13
2021-02-23T23:59:59+01:00,0,2,419,524,1244,1828,1393,2473,1796,3560,1880,2983,1116,974,2365,3310,1753,3962,0,2,230,235,701,1046,768,1463,1036,2257,1119,1920,713,716,998,1551,765,2466,24361,17138,2526,835,4676,0,0,19,13
2021-02-22T23:59:59+01:00,0,2,406,490,1144,1719,1290,2376,1687,3453,1799,2911,1094,961,2221,3136,1661,3863,0,2,220,226,677,994,737,1401,1010,2163,1076,1838,669,683,928,1471,726,2407,23769,16946,2523,269,3902,0,0,19,13
2021-02-21T23:59:59+01:00,0,2,389,474,1042,1687,1140,2352,1531,3431,1694,2893,1086,959,2220,3135,1661,3863,0,2,193,220,646,986,725,1393,996,2158,1070,1836,666,680,925,1465,718,2399,23738,16812,2523,254,3279,0,0,19,12
2021-02-20T23:59:59+01:00,0,2,388,472,1041,1687,1139,2352,1530,3429,1694,2891,1086,958,2219,3135,1660,3862,0,2,192,218,643,986,722,1392,990,2155,1068,1836,666,680,925,1465,718,2398,23732,16790,2522,254,3272,0,0,19,12
2021-02-19T23:59:59+01:00,0,2,383,462,1029,1683,1129,2342,1516,3410,1661,2876,1035,929,1843,2627,1358,3469,0,2,169,208,617,982,705,1384,973,2153,1062,1834,663,679,924,1465,717,2395,21967,16666,2522,254,3246,0,0,19,12
2021-02-18T23:59:59+01:00,0,2,361,441,990,1599,1091,2256,1461,3293,1620,2784,1006,905,1666,2381,1224,3258,0,2,149,197,578,971,685,1371,939,2136,1036,1812,652,660,903,1437,703,2374,20967,16339,2522,254,2830,0,0,19,12
2021-02-17T23:59:59+01:00,0,2,338,389,907,1456,982,2059,1328,3038,1509,2564,968,875,1474,2167,1123,3077,0,2,143,190,566,940,660,1317,907,2057,989,1735,617,628,896,1410,697,2354,19885,15842,2522,254,1832,0,0,17,12
2021-02-16T23:59:59+01:00,0,2,332,349,864,1317,931,1873,1267,2818,1442,2403,957,858,1411,2070,1055,2974,0,2,137,177,552,899,645,1263,880,1992,959,1693,607,618,872,1376,683,2289,19507,15513,2521,119,878,0,0,17,12
2021-02-15T23:59:59+01:00,0,2,317,307,835,1286,914,1817,1227,2734,1403,2347,928,825,1232,1840,924,2796,0,2,129,169,531,873,627,1201,854,1919,936,1616,586,581,854,1339,674,2244,18589,15044,2520,79,610,0,0,15,12
2021-02-14T23:59:59+01:00,0,2,317,307,834,1286,913,1816,1226,2734,1403,2347,928,825,1232,1840,924,2795,0,2,128,169,530,865,623,1195,848,1913,932,1613,585,580,851,1338,672,2240,18587,14994,2520,78,607,0,0,15,12
2021-02-13T23:59:59+01:00,0,2,317,307,834,1286,913,1813,1226,2732,1403,2345,928,825,1232,1839,922,2795,0,2,128,169,530,865,623,1195,845,1910,930,1609,582,580,836,1317,660,2223,18580,14991,2517,1,607,0,0,15,12
2021-02-12T23:59:59+01:00,0,2,311,306,825,1281,909,1784,1220,2705,1375,2315,926,823,1231,1836,922,2795,0,2,128,169,528,863,622,1188,839,1898,924,1596,579,578,822,1306,654,2210,18572,14893,2517,1,462,0,0,15,12
2021-02-11T23:59:59+01:00,0,2,293,297,810,1246,903,1749,1203,2640,1352,2260,892,809,1220,1825,921,2785,0,2,125,155,510,824,600,1123,805,1798,902,1537,566,564,795,1270,639,2177,18460,14380,2516,0,216,0,0,15,12
2021-02-10T23:59:59+01:00,0,2,289,288,791,1207,890,1720,1191,2594,1337,2218,887,807,1205,1808,916,2767,0,2,121,145,443,738,554,1030,727,1672,844,1450,551,547,778,1247,626,2147,18433,13622,2411,0,59,0,0,14,0
2021-02-09T23:59:59+01:00,0,2,289,285,785,1191,878,1703,1176,2574,1322,2194,872,801,1191,1789,904,2747,0,2,105,126,386,649,500,895,646,1464,755,1257,496,467,658,1076,545,1879,18322,11906,2364,0,3,0,0,14,0
2021-02-08T23:59:59+01:00,0,2,289,284,783,1185,874,1696,1173,2570,1315,2186,866,798,1175,1765,886,2722,0,2,94,102,339,553,448,790,556,1253,647,1090,419,391,569,878,440,1546,18193,10117,2361,0,1,0,0,14,0
2021-02-07T23:59:59+01:00,0,2,288,283,782,1184,873,1696,1173,2569,1315,2183,860,796,1174,1762,884,2720,0,2,91,101,337,548,446,786,554,1243,643,1084,413,385,548,855,434,1531,18169,10001,2361,0,0,0,0,14,0
2021-02-06T23:59:59+01:00,0,2,288,282,781,1183,873,1695,1173,2569,1315,2182,859,796,1172,1756,882,2718,0,2,91,100,337,544,445,785,553,1239,641,1083,409,380,499,786,403,1485,18153,9782,2359,0,0,0,0,14,0
2021-02-05T23:59:59+01:00,0,2,288,281,781,1182,872,1694,1172,2568,1314,2177,852,790,1148,1745,875,2702,0,1,85,97,329,538,429,766,528,1203,612,1040,386,351,474,758,382,1438,18070,9417,2359,0,0,0,0,14,0
2021-02-04T23:59:59+01:00,0,2,285,273,777,1161,860,1672,1157,2540,1300,2153,829,776,1119,1714,868,2683,0,0,71,78,260,415,334,595,410,973,500,837,314,288,366,613,315,1215,17820,7584,2335,0,0,0,0,14,0
2021-02-03T23:59:59+01:00,0,2,284,268,774,1138,858,1645,1150,2489,1288,2122,810,762,1103,1692,856,2670,0,0,57,57,172,285,259,443,290,722,372,597,216,206,261,453,226,910,17722,5526,2175,0,0,0,0,14,0
2021-02-02T23:59:59+01:00,0,2,283,262,770,1129,852,1623,1142,2463,1276,2105,803,755,1095,1681,854,2662,0,0,37,35,94,145,150,256,177,452,240,377,142,136,179,276,159,587,17569,3442,2174,0,0,0,0,14,0
2021-02-01T23:59:59+01:00,0,2,281,258,765,1110,844,1604,1137,2434,1272,2070,793,742,1089,1670,849,2646,0,0,13,12,17,31,27,66,48,91,76,105,56,48,66,83,47,198,17378,984,2174,0,0,0,0,14,0
2021-01-31T23:59:59+01:00,0,2,275,256,749,1108,835,1593,1126,2423,1261,2062,787,736,1079,1652,842,2632,0,0,12,12,16,29,25,63,42,86,68,97,52,48,61,76,44,185,17341,916,2064,0,0,0,0,13,0
2021-01-30T23:59:59+01:00,0,2,275,256,749,1107,834,1593,1126,2423,1261,2062,786,736,1069,1645,825,2617,0,0,12,10,15,29,25,63,42,86,67,95,51,47,60,76,44,184,17336,906,2017,0,0,0,0,13,0
2021-01-29T23:59:59+01:00,0,2,273,256,749,1106,834,1593,1126,2423,1261,2061,785,735,1068,1643,825,2615,0,0,10,5,13,27,25,61,41,85,66,95,50,46,60,76,44,184,17327,888,2015,0,0,0,0,13,0
2021-01-28T23:59:59+01:00,0,2,269,252,737,1081,799,1537,1089,2362,1184,2001,744,721,1040,1623,809,2595,0,0,5,0,4,9,10,25,20,37,21,45,22,22,26,49,17,108,17145,420,1687,0,0,0,0,13,0
2021-01-27T23:59:59+01:00,0,2,263,245,714,1049,754,1481,1030,2281,1111,1921,709,694,1026,1600,806,2587,0,0,4,0,4,6,7,21,15,23,14,32,7,9,11,12,5,30,16697,200,1563,0,0,0,0,13,0
2021-01-26T23:59:59+01:00,0,2,239,236,699,1024,746,1433,1010,2207,1084,1856,697,680,1002,1584,796,2568,0,0,4,0,2,6,6,10,13,12,7,11,4,5,7,8,2,17,16647,114,1203,0,0,0,0,13,0
2021-01-25T23:59:59+01:00,0,2,208,221,646,952,694,1311,967,2061,1026,1721,650,624,924,1487,749,2492,0,0,4,0,2,6,6,10,13,12,7,11,4,5,7,8,2,17,16419,114,303,0,0,0,0,13,0
2021-01-24T23:59:59+01:00,0,2,191,215,620,940,676,1296,949,2044,1010,1711,643,618,913,1468,740,2479,0,0,3,0,2,5,6,10,12,12,6,11,4,5,7,8,2,17,16243,110,259,0,0,0,0,13,0
2021-01-23T23:59:59+01:00,0,2,191,215,620,940,676,1296,949,2044,1010,1711,643,618,913,1468,740,2479,0,0,3,0,2,4,6,10,10,12,6,11,4,5,7,8,2,17,16243,107,259,0,0,0,0,13,0
2021-01-22T23:59:59+01:00,0,2,144,197,562,930,658,1281,915,2034,998,1700,638,617,912,1468,740,2479,0,0,3,0,1,4,6,10,10,12,6,11,4,5,7,8,2,17,16003,106,259,0,0,0,0,13,0
2021-01-21T23:59:59+01:00,0,2,139,189,547,909,638,1240,882,1980,977,1653,626,596,900,1436,733,2460,0,0,3,0,0,4,5,10,9,12,6,11,4,5,7,8,2,16,15635,102,259,0,0,0,0,13,0
2021-01-20T23:59:59+01:00,0,2,133,172,500,844,615,1162,819,1870,940,1581,606,578,883,1413,723,2430,0,0,3,0,0,4,5,10,9,12,6,11,3,5,7,8,2,16,15001,101,257,0,0,0,0,13,0
2021-01-19T23:59:59+01:00,0,2,123,154,429,758,552,1033,735,1681,840,1422,559,528,782,1250,640,2165,0,0,3,0,0,4,5,8,9,12,6,11,3,5,7,8,2,16,13450,99,190,0,0,0,0,13,0
2021-01-18T23:59:59+01:00,0,2,105,120,360,607,461,861,604,1420,714,1213,489,462,693,1087,561,1874,0,0,1,0,0,1,1,0,0,0,0,1,0,0,0,1,0,0,11539,5,81,0,0,0,0,13,0
2021-01-17T23:59:59+01:00,0,2,100,118,356,602,460,855,602,1401,707,1203,483,452,666,1056,541,1827,0,0,1,0,0,1,0,0,0,0,0,1,0,0,0,1,0,0,11338,4,80,0,0,0,0,13,0
2021-01-16T23:59:59+01:00,0,2,100,115,354,593,457,850,590,1388,696,1191,468,438,569,931,479,1728,0,0,0,0,0,1,0,0,0,0,0,0,0,0,0,0,0,0,10933,1,3,0,0,0,0,13,0
2021-01-15T23:59:59+01:00,0,2,98,113,349,591,451,845,584,1380,679,1175,452,420,560,919,468,1704,0,0,0,0,0,0,0,0,0,0,0,0,0,0,0,0,0,0,10776,0,1,0,0,0,0,13,0
2021-01-14T23:59:59+01:00,0,0,80,90,294,489,372,680,466,1126,560,995,371,338,441,753,384,1448,0,0,0,0,0,0,0,0,0,0,0,0,0,0,0,0,0,0,8874,0,0,0,0,0,0,13,0
2021-01-13T23:59:59+01:00,0,0,66,67,209,372,296,509,353,844,430,713,261,239,325,566,295,1110,0,0,0,0,0,0,0,0,0,0,0,0,0,0,0,0,0,0,6643,0,0,0,0,0,0,12,0
2021-01-12T23:59:59+01:00,0,0,44,45,130,221,183,315,213,537,287,445,168,155,213,372,203,746,0,0,0,0,0,0,0,0,0,0,0,0,0,0,0,0,0,0,4277,0,0,0,0,0,0,0,0
2021-01-11T23:59:59+01:00,0,0,14,14,45,62,42,95,61,123,99,132,70,61,94,115,58,254,0,0,0,0,0,0,0,0,0,0,0,0,0,0,0,0,0,0,1339,0,0,0,0,0,0,0,0
2021-01-10T23:59:59+01:00,0,0,13,14,32,50,35,77,52,114,84,122,63,57,86,105,55,239,0,0,0,0,0,0,0,0,0,0,0,0,0,0,0,0,0,0,1198,0,0,0,0,0,0,0,0
2021-01-09T23:59:59+01:00,0,0,13,13,28,49,35,76,51,113,82,119,62,56,85,104,53,238,0,0,0,0,0,0,0,0,0,0,0,0,0,0,0,0,0,0,1177,0,0,0,0,0,0,0,0
2021-01-08T23:59:59+01:00,0,0,9,5,28,43,33,73,49,110,81,118,59,52,79,99,49,238,0,0,0,0,0,0,0,0,0,0,0,0,0,0,0,0,0,0,1125,0,0,0,0,0,0,0,0
2021-01-07T23:59:59+01:00,0,0,6,1,10,22,16,39,28,77,35,77,33,27,52,82,33,181,0,0,0,0,0,0,0,0,0,0,0,0,0,0,0,0,0,0,719,0,0,0,0,0,0,0,0
2021-01-06T23:59:59+01:00,0,0,6,0,5,11,11,31,25,43,21,48,27,24,38,56,23,130,0,0,0,0,0,0,0,0,0,0,0,0,0,0,0,0,0,0,499,0,0,0,0,0,0,0,0
2021-01-05T23:59:59+01:00,0,0,5,0,5,10,11,31,25,43,21,48,27,24,38,55,23,130,0,0,0,0,0,0,0,0,0,0,0,0,0,0,0,0,0,0,496,0,0,0,0,0,0,0,0
2021-01-04T23:59:59+01:00,0,0,4,0,2,5,5,11,14,12,6,12,4,5,7,9,2,18,0,0,0,0,0,0,0,0,0,0,0,0,0,0,0,0,0,0,116,0,0,0,0,0,0,0,0
2021-01-03T23:59:59+01:00,0,0,3,0,2,5,5,10,13,12,6,12,4,5,7,9,2,17,0,0,0,0,0,0,0,0,0,0,0,0,0,0,0,0,0,0,112,0,0,0,0,0,0,0,0
2021-01-02T23:59:59+01:00,0,0,3,0,2,5,5,10,11,12,6,12,4,5,7,9,2,17,0,0,0,0,0,0,0,0,0,0,0,0,0,0,0,0,0,0,110,0,0,0,0,0,0,0,0
2021-01-01T23:59:59+01:00,0,0,3,0,1,4,5,10,11,12,6,12,4,5,7,8,2,17,0,0,0,0,0,0,0,0,0,0,0,0,0,0,0,0,0,0,107,0,0,0,0,0,0,0,0
2020-12-31T23:59:59+01:00,0,0,3,0,0,4,5,10,9,12,6,12,4,5,7,8,2,17,0,0,0,0,0,0,0,0,0,0,0,0,0,0,0,0,0,0,104,0,0,0,0,0,0,0,0
2020-12-30T23:59:59+01:00,0,0,3,0,0,4,5,10,9,12,6,12,3,5,7,8,2,17,0,0,0,0,0,0,0,0,0,0,0,0,0,0,0,0,0,0,103,0,0,0,0,0,0,0,0
2020-12-29T23:59:59+01:00,0,0,3,0,0,3,5,8,9,12,6,12,3,5,7,8,2,17,0,0,0,0,0,0,0,0,0,0,0,0,0,0,0,0,0,0,100,0,0,0,0,0,0,0,0
2020-12-28T23:59:59+01:00,0,0,3,0,0,3,5,8,9,12,5,12,3,5,7,8,2,17,0,0,0,0,0,0,0,0,0,0,0,0,0,0,0,0,0,0,99,0,0,0,0,0,0,0,0
2020-12-27T23:59:59+01:00,0,0,1,0,0,0,0,0,0,0,0,1,0,0,2,4,0,8,0,0,0,0,0,0,0,0,0,0,0,0,0,0,0,0,0,0,16,0,0,0,0,0,0,0,0
