Datum,<15_m,<15_w,15-24_1_m,15-24_1_w,25-34_1_m,25-34_1_w,35-44_1_m,35-44_1_w,45-54_1_m,45-54_1_w,55-64_1_m,55-64_1_w,65-74_1_m,65-74_1_w,75-84_1_m,75-84_1_w,>84_1_m,>84_1_w,<24_2_m,<24_2_w,25-34_2_m,25-34_2_w,35-44_2_m,35-44_2_w,45-54_2_m,45-54_2_w,55-64_2_m,55-64_2_w,65-74_2_m,65-74_2_w,75-84_2_m,75-84_2_w,>84_2_m,>84_2_w,bp_1,bp_2,mo_1,mo_2,az_1,az_2,ja,unb_1,unb_2
2021-08-23T23:59:59+02:00,2449,2155,22531,21533,32149,29547,32759,32710,38449,38886,42180,42452,27785,31029,19757,24805,6010,10157,19675,18851,29620,26872,30761,30379,36344,36437,40080,40316,26672,29723,19004,23706,5763,9654,317587,295610,44691,43038,77503,70881,17501,61,27
2021-08-22T23:59:59+02:00,2440,2147,22497,21501,32130,29528,32742,32702,38434,38870,42175,42444,27782,31024,19752,24805,6010,10156,19637,18815,29586,26839,30733,30347,36324,36422,40063,40295,26665,29720,19001,23703,5763,9652,317424,295341,44684,43035,77502,70872,17468,61,27
2021-08-21T23:59:59+02:00,2421,2135,22444,21452,32091,29491,32718,32678,38420,38848,42158,42434,27775,31016,19750,24802,6010,10155,19535,18718,29516,26783,30699,30305,36291,36381,40038,40274,26654,29711,18996,23699,5761,9652,317184,294842,44671,43020,77500,70866,17382,61,27
2021-08-20T23:59:59+02:00,2397,2103,22381,21376,32042,29426,32675,32643,38389,38822,42126,42412,27769,31008,19747,24790,6009,10151,19416,18618,29425,26700,30642,30257,36245,36352,39999,40241,26640,29696,18988,23691,5761,9649,316741,294196,44656,43002,77498,70850,17310,61,27
2021-08-19T23:59:59+02:00,2323,2054,22246,21274,31945,29341,32610,32578,38313,38763,42075,42367,27750,30983,19742,24779,6007,10146,19185,18444,29268,26586,30550,30169,36146,36279,39914,40165,26618,29674,18978,23678,5759,9645,316038,293133,44637,42977,77498,70827,17063,60,27
2021-08-18T23:59:59+02:00,2314,2046,22221,21252,31923,29321,32589,32556,38285,38745,42061,42352,27736,30973,19736,24774,6007,10144,19131,18385,29229,26552,30525,30138,36120,36258,39889,40134,26602,29663,18974,23666,5754,9641,315785,292705,44637,42977,77498,70825,17055,60,27
2021-08-17T23:59:59+02:00,2297,2030,22194,21225,31906,29295,32564,32532,38273,38734,42039,42334,27731,30961,19731,24769,6007,10144,19088,18333,29196,26511,30483,30111,36095,36226,39864,40113,26585,29651,18971,23652,5752,9637,315553,292333,44637,42974,77498,70821,17018,60,27
2021-08-16T23:59:59+02:00,2267,2016,22134,21185,31870,29253,32544,32510,38250,38715,42009,42317,27722,30955,19729,24759,6007,10143,18933,18233,29094,26431,30425,30054,36056,36181,39830,40080,26571,29640,18965,23637,5746,9637,315235,291613,44637,42971,77497,70821,16956,60,27
2021-08-15T23:59:59+02:00,2252,2007,22112,21157,31851,29236,32536,32492,38236,38703,41999,42310,27720,30955,19726,24755,6007,10143,18870,18170,29014,26358,30382,30001,36018,36152,39797,40054,26566,29632,18962,23633,5745,9637,315059,291088,44634,42961,77497,70818,16947,60,27
2021-08-14T23:59:59+02:00,2246,2004,22086,21141,31839,29219,32532,32486,38228,38698,41993,42307,27719,30954,19725,24754,6007,10142,18757,18078,28953,26293,30347,29954,35994,36121,39776,40041,26558,29627,18959,23632,5744,9634,314969,290553,44631,42943,77497,70814,16923,60,27
2021-08-13T23:59:59+02:00,2229,1993,22041,21105,31803,29195,32498,32459,38212,38684,41983,42298,27717,30950,19722,24751,6006,10142,18504,17821,28775,26139,30233,29863,35941,36051,39731,40006,26542,29615,18954,23623,5741,9630,314742,289197,44626,42929,77495,70805,16865,60,27
2021-08-12T23:59:59+02:00,2193,1956,21955,21014,31732,29122,32445,32409,38165,38642,41947,42265,27700,30931,19715,24741,6005,10142,18199,17512,28522,25917,30088,29740,35847,35961,39656,39940,26508,29570,18934,23601,5739,9627,314181,287474,44615,42877,77492,70759,16731,60,27
2021-08-11T23:59:59+02:00,2191,1951,21936,20997,31715,29100,32430,32393,38157,38633,41936,42249,27692,30928,19711,24736,6004,10138,18143,17455,28485,25871,30039,29703,35826,35924,39621,39908,26497,29544,18927,23591,5739,9625,314001,286997,44615,42875,77492,70756,16729,60,27
2021-08-10T23:59:59+02:00,2183,1930,21909,20961,31685,29080,32416,32374,38133,38607,41919,42243,27687,30920,19710,24733,6003,10134,17625,17005,28313,25715,29944,29616,35658,35802,39573,39868,26476,29521,18922,23577,5735,9624,313770,285308,44612,42856,77490,70506,16695,60,27
2021-08-09T23:59:59+02:00,2159,1916,21857,20911,31629,29036,32383,32345,38108,38586,41906,42219,27676,30912,19709,24724,6002,10132,17155,16551,28180,25610,29889,29564,35613,35756,39541,39833,26467,29507,18917,23571,5735,9622,313402,283836,44607,42837,77489,70495,16652,60,27
2021-08-08T23:59:59+02:00,2144,1900,21805,20871,31588,29003,32355,32324,38086,38580,41886,42199,27669,30908,19705,24720,6002,10129,16813,16210,28069,25528,29834,29494,35567,35718,39521,39808,26456,29494,18908,23562,5733,9617,313119,282612,44606,42816,77489,70488,16600,60,27
2021-08-07T23:59:59+02:00,2099,1857,21673,20788,31506,28936,32281,32263,38030,38529,41853,42172,27661,30882,19700,24711,6000,10127,16307,15758,27769,25247,29606,29311,35389,35563,39382,39698,26402,29433,18889,23533,5730,9613,312495,279991,44574,42696,77483,70399,16456,60,27
2021-08-06T23:59:59+02:00,2089,1847,21624,20752,31466,28904,32248,32244,38004,38509,41844,42156,27655,30873,19696,24711,6000,10127,15285,14782,26624,24355,29314,29079,35142,35365,39071,39459,26358,29388,18879,23523,5729,9610,312272,275010,44571,42675,77483,69603,16363,60,26
2021-08-05T23:59:59+02:00,2052,1818,21517,20666,31408,28827,32193,32188,37949,38459,41799,42119,27638,30854,19687,24698,5998,10124,14400,14036,25608,23581,28602,28569,34616,34933,38756,39213,26290,29309,18847,23489,5726,9600,311731,270154,44548,42622,77481,68108,16174,60,26
2021-08-04T23:59:59+02:00,2033,1799,21447,20613,31366,28756,32163,32147,37917,38436,41767,42093,27626,30839,19682,24685,5996,10121,14034,13698,25213,23277,28390,28350,34477,34808,38663,39120,26252,29265,18826,23466,5722,9595,311292,267744,44542,42595,77481,68066,16111,60,26
2021-08-03T23:59:59+02:00,2024,1783,21421,20587,31349,28742,32150,32138,37908,38423,41752,42081,27619,30833,19678,24678,5995,10119,13950,13610,25135,23201,28323,28294,34432,34764,38617,39087,26237,29244,18817,23458,5720,9589,311094,267064,44539,42594,77480,68040,16107,60,26
2021-08-02T23:59:59+02:00,2014,1762,21376,20551,31306,28722,32124,32107,37883,38408,41739,42066,27610,30821,19678,24671,5994,10115,13746,13401,24431,22652,28045,28073,34282,34652,38537,39026,26210,29212,18809,23453,5720,9587,310815,264652,44536,42580,77480,67815,16056,60,26
2021-08-01T23:59:59+02:00,1997,1746,21325,20504,31255,28685,32100,32090,37864,38389,41717,42049,27605,30814,19675,24662,5994,10114,13577,13242,24130,22398,27805,27856,34190,34543,38468,38954,26194,29193,18803,23447,5720,9585,310526,262955,44530,42568,77479,67792,15990,60,26
2021-07-31T23:59:59+02:00,1972,1716,21242,20431,31190,28649,32045,32052,37828,38361,41694,42028,27601,30806,19670,24658,5994,10114,12638,12218,23611,21958,27460,27502,33881,34246,38038,38613,26124,29108,18777,23403,5715,9579,310117,257934,44519,42533,77477,67224,15878,60,26
2021-07-30T23:59:59+02:00,1947,1697,21221,20409,31159,28630,32030,32034,37822,38354,41686,42020,27596,30803,19669,24658,5993,10114,12551,12142,23282,21670,27177,27290,33664,34085,37877,38481,26100,29091,18775,23395,5715,9577,309935,256506,44518,42525,77477,66672,15852,60,26
2021-07-29T23:59:59+02:00,1878,1628,20988,20176,31020,28484,31929,31925,37730,38265,41596,41960,27568,30779,19656,24639,5987,10106,11925,11611,22153,20832,26140,26452,32686,33394,37493,38192,26018,28990,18746,23348,5710,9570,308740,250908,44491,42438,77469,64917,15554,60,26
2021-07-28T23:59:59+02:00,1858,1613,20948,20127,31001,28457,31914,31904,37710,38245,41575,41940,27557,30767,19651,24629,5987,10104,11648,11311,21742,20451,25708,26022,32522,33243,37382,38101,25981,28939,18728,23325,5709,9565,308433,247997,44490,42436,77457,64857,15548,59,26
2021-07-27T23:59:59+02:00,1848,1607,20907,20085,30977,28425,31881,31889,37689,38212,41551,41926,27550,30760,19650,24624,5987,10101,11399,11098,21544,20262,25568,25903,32413,33140,37300,38020,25956,28902,18720,23316,5706,9561,308198,246528,44490,42432,77456,64782,15466,59,26
2021-07-26T23:59:59+02:00,1822,1573,20782,19969,30873,28326,31824,31827,37637,38146,41508,41896,27526,30742,19639,24611,5981,10098,11110,10775,21040,19822,25323,25696,32252,32990,37169,37934,25922,28867,18707,23294,5705,9553,307457,244248,44461,42320,77451,64577,15352,59,26
2021-07-25T23:59:59+02:00,1815,1564,20760,19958,30863,28317,31814,31812,37631,38140,41498,41887,27522,30740,19638,24609,5981,10097,11006,10669,20890,19714,25089,25503,32014,32783,37026,37801,25904,28853,18701,23287,5704,9550,307347,242991,44451,42305,77443,64166,15346,59,26
2021-07-24T23:59:59+02:00,1795,1549,20680,19884,30821,28279,31779,31776,37605,38112,41475,41875,27515,30735,19635,24607,5981,10097,10943,10614,20814,19652,25017,25442,31961,32752,36997,37781,25898,28849,18699,23285,5704,9550,307005,242622,44440,42282,77439,64100,15257,59,26
2021-07-23T23:59:59+02:00,1740,1514,20490,19742,30657,28168,31691,31705,37538,38060,41435,41832,27504,30719,19630,24601,5980,10092,10687,10411,20452,19346,24212,24798,31478,32423,36433,37325,25855,28807,18683,23268,5703,9548,306181,239757,44431,42238,77422,62710,15005,59,25
2021-07-22T23:59:59+02:00,1677,1458,20179,19473,30418,27988,31560,31592,37409,37955,41337,41751,27478,30695,19619,24577,5976,10091,10228,10036,19708,18837,23256,24131,30771,31836,35403,36565,25744,28710,18650,23236,5701,9544,304715,236159,44396,41573,77418,60196,14645,59,25
2021-07-21T23:59:59+02:00,1662,1450,20143,19425,30390,27959,31537,31569,37389,37930,41316,41727,27469,30687,19614,24571,5971,10087,9918,9701,19248,18387,22387,23368,30437,31503,35172,36367,25661,28613,18619,23184,5693,9534,304393,233423,44390,39888,77416,60024,14638,59,22
2021-07-20T23:59:59+02:00,1656,1445,20110,19398,30363,27936,31513,31550,37373,37914,41304,41715,27454,30672,19614,24564,5971,10084,9652,9422,18917,18118,22119,23083,30262,31349,35008,36222,25615,28568,18604,23150,5692,9530,304148,231039,44388,39879,77415,59925,14626,59,22
2021-07-19T23:59:59+02:00,1645,1437,19997,19310,30283,27864,31455,31497,37354,37895,41289,41697,27449,30661,19608,24557,5970,10081,9452,9225,18604,17842,21655,22665,30008,31117,34888,36121,25581,28530,18586,23134,5692,9527,303576,229409,44382,38936,77414,59811,14618,59,22
2021-07-18T23:59:59+02:00,1634,1432,19930,19245,30157,27764,31392,31434,37292,37844,41248,41646,27429,30631,19599,24542,5966,10078,9343,9110,18439,17693,21466,22475,29840,30919,34775,36021,25551,28507,18575,23117,5692,9521,302801,228162,44382,38636,77412,59770,14609,59,22
2021-07-17T23:59:59+02:00,1633,1428,19923,19243,30157,27761,31392,31430,37287,37842,41244,41644,27428,30630,19598,24542,5966,10078,9322,9095,18406,17671,21448,22462,29830,30912,34756,36017,25548,28505,18575,23116,5692,9521,302768,228008,44382,38633,77412,59759,14605,59,22
2021-07-16T23:59:59+02:00,1580,1383,19648,18995,30032,27665,31308,31357,37230,37779,41203,41612,27409,30613,19591,24532,5964,10072,9205,8980,18035,17368,21142,22188,29441,30556,34623,35912,25525,28482,18568,23103,5690,9519,301768,226746,44360,37913,77410,59427,14376,59,21
2021-07-15T23:59:59+02:00,1522,1340,19387,18747,29851,27518,31200,31258,37148,37697,41136,41544,27366,30583,19575,24518,5960,10069,8843,8676,17119,16537,19595,20965,28524,29633,34003,35333,25359,28302,18513,23054,5684,9507,300495,220647,44318,36458,77402,58502,14145,59,21
2021-07-14T23:59:59+02:00,1508,1327,19358,18711,29828,27492,31177,31227,37137,37684,41117,41537,27358,30576,19566,24511,5959,10066,8556,8379,16567,15937,19102,20447,27961,29135,33611,34958,25247,28173,18474,22988,5679,9496,300222,216484,44316,36100,77399,58075,14143,59,21
2021-07-13T23:59:59+02:00,1496,1317,19322,18686,29811,27468,31155,31212,37122,37657,41093,41509,27349,30562,19564,24506,5958,10060,8253,8118,16169,15582,18828,20169,27698,28886,33340,34702,25149,28053,18441,22947,5677,9491,299940,213788,44315,36065,77398,57583,14135,59,21
2021-07-12T23:59:59+02:00,1480,1307,19277,18669,29777,27439,31138,31191,37110,37640,41076,41494,27346,30558,19562,24500,5957,10060,7993,7902,15889,15306,18129,19623,27385,28566,32927,34340,24982,27859,18382,22872,5671,9486,299684,212509,44314,34134,77398,56605,14126,59,21
2021-07-11T23:59:59+02:00,1470,1299,19245,18639,29747,27408,31122,31162,37102,37618,41062,41482,27337,30549,19560,24500,5956,10059,7949,7855,15824,15235,18041,19569,27301,28504,32815,34278,24928,27814,18362,22850,5671,9483,299432,211935,44312,34123,77396,56362,14118,59,21
2021-07-10T23:59:59+02:00,1341,1182,18741,18221,29305,27115,30840,30931,36858,37459,40862,41332,27264,30489,19534,24468,5953,10056,7819,7785,15541,15101,17823,19419,27061,28364,32650,34161,24862,27768,18346,22837,5670,9483,297236,211514,44179,34003,77367,56121,13110,59,21
2021-07-09T23:59:59+02:00,1330,1176,18713,18191,29285,27098,30828,30918,36848,37447,40851,41324,27260,30485,19532,24464,5953,10055,7777,7738,15471,15035,17760,19326,26841,28134,32401,33948,24798,27705,18324,22811,5670,9480,297094,211235,44160,34000,77366,54958,13079,59,21
2021-07-08T23:59:59+02:00,1252,1095,18447,17978,29138,26948,30691,30801,36746,37345,40753,41247,27226,30450,19513,24446,5948,10051,7610,7604,15175,14788,17330,18966,26149,27533,32131,33682,24630,27548,18266,22749,5667,9474,295831,210103,44106,32582,77358,53940,12721,59,21
2021-07-07T23:59:59+02:00,1153,1003,18137,17654,28941,26765,30563,30678,36633,37225,40647,41162,27192,30402,19499,24429,5945,10048,7414,7393,14734,14420,16865,18524,25395,26924,31723,33303,24365,27224,18171,22655,5658,9465,294262,207186,44057,31747,77347,52982,12351,59,21
2021-07-06T23:59:59+02:00,1130,987,18060,17588,28896,26715,30512,30632,36597,37190,40612,41130,27175,30377,19488,24416,5943,10045,7198,7161,14391,14064,16516,18175,24646,26277,31424,33039,24175,27010,18123,22584,5651,9458,293686,205132,44054,30342,77346,52090,12348,59,21
2021-07-05T23:59:59+02:00,1087,959,17987,17524,28853,26659,30473,30598,36573,37145,40584,41104,27169,30363,19482,24410,5943,10040,6969,6971,14088,13793,16164,17810,24097,25770,30856,32473,23895,26711,18015,22444,5643,9448,293202,203638,44052,28251,77342,50957,12298,59,21
2021-07-04T23:59:59+02:00,1065,943,17916,17475,28814,26638,30452,30569,36563,37135,40569,41092,27163,30352,19477,24407,5943,10039,6943,6954,14034,13747,16090,17752,24013,25714,30703,32382,23803,26622,17983,22403,5641,9444,292886,203248,44051,28242,77331,50450,12285,59,21
2021-07-03T23:59:59+02:00,649,571,16189,15757,27644,25715,29653,29852,35923,36525,40071,40662,27006,30184,19409,24321,5934,10022,6558,6714,13520,13444,15688,17449,23652,25437,30398,32188,23707,26527,17949,22365,5637,9440,285381,202957,44012,28165,77248,50161,9387,59,21
2021-07-02T23:59:59+02:00,610,533,16058,15612,27483,25569,29573,29792,35892,36498,40052,40649,27000,30174,19406,24318,5934,10022,6510,6643,13446,13343,15600,17318,23509,25254,30244,32023,23514,26316,17860,22287,5635,9437,284477,202274,44012,28006,77246,49275,9381,59,21
2021-07-01T23:59:59+02:00,552,487,15880,15458,27265,25415,29496,29714,35837,36447,39986,40604,26980,30157,19395,24306,5932,10018,6371,6514,13106,13072,15073,16880,22246,24270,29483,31342,23236,26029,17742,22153,5628,9422,283290,198749,44007,26340,77234,48135,9339,59,21
2021-06-30T23:59:59+02:00,522,467,15776,15352,27154,25329,29429,29643,35781,36396,39943,40568,26965,30126,19384,24289,5928,10018,6178,6336,12675,12689,14505,16332,21624,23677,28893,30814,22817,25565,17612,21969,5621,9410,282467,194509,44004,26316,77228,46573,9312,59,21
2021-06-29T23:59:59+02:00,465,417,15014,14684,26892,25106,29335,29544,35702,36315,39875,40521,26946,30103,19376,24276,5928,10016,6066,6209,12415,12426,14110,15936,20835,23057,28309,30263,22370,25042,17460,21794,5613,9400,279965,191359,44003,25808,77220,44861,9268,59,21
2021-06-28T23:59:59+02:00,429,386,14385,14045,26735,25002,29261,29478,35644,36250,39831,40487,26928,30083,19368,24265,5928,10012,5999,6114,12236,12287,13922,15759,20215,22509,27910,29893,22034,24685,17331,21631,5608,9396,278029,189677,43999,25153,77216,43475,9214,59,21
2021-06-27T23:59:59+02:00,352,319,14039,13667,26671,24943,29221,29442,35622,36228,39814,40474,26917,30076,19365,24261,5927,10011,5963,6071,12122,12173,13777,15630,19665,22035,27302,29396,21757,24349,17211,21508,5604,9395,276907,188845,43997,23636,77205,42286,9181,59,21
2021-06-26T23:59:59+02:00,351,319,14028,13656,26655,24932,29215,29436,35616,36227,39811,40473,26916,30075,19365,24261,5927,10011,5958,6068,12111,12170,13771,15626,19652,22024,27257,29361,21612,24219,17171,21452,5603,9393,276835,188819,43995,23632,77205,41807,9180,59,21
2021-06-25T23:59:59+02:00,227,206,12766,12437,25191,23786,28914,29202,35510,36145,39745,40411,26892,30048,19355,24250,5924,10009,5915,6021,12015,12091,13629,15504,19342,21786,26873,29002,21289,23826,16997,21255,5600,9384,270604,187596,43991,23349,77187,40397,9177,59,21
2021-06-24T23:59:59+02:00,162,152,11795,11607,24078,22907,28548,28853,35363,35979,39633,40307,26857,29998,19344,24226,5922,10005,5698,5790,11556,11675,13050,14913,17813,20391,25230,27409,20519,22972,16682,20849,5590,9374,265377,182623,43974,19731,77183,38002,9144,58,21
2021-06-23T23:59:59+02:00,126,126,11435,11284,23581,22538,28302,28612,35185,35852,39544,40219,26827,29971,19336,24189,5920,9994,5624,5677,11344,11460,12751,14562,17422,19981,24482,26643,19727,22224,16490,20597,5582,9358,262772,180272,43968,19118,77178,35458,9065,58,21
2021-06-22T23:59:59+02:00,105,113,11252,11072,23423,22396,28222,28540,35109,35790,39498,40174,26812,29947,19328,24181,5920,9993,5515,5556,11078,11202,12384,14192,16820,19385,23752,25877,19347,21800,16327,20418,5575,9342,261627,177244,43965,18254,77176,34009,9049,58,21
2021-06-21T23:59:59+02:00,92,101,11000,10887,22591,21724,27970,28314,35043,35728,39434,40133,26796,29929,19322,24172,5920,9992,5396,5452,10863,10982,12077,13871,16429,19040,23306,25410,19057,21486,16223,20299,5569,9340,259035,175787,43959,17239,77171,32834,8925,58,21
2021-06-20T23:59:59+02:00,86,100,10936,10796,22343,21508,27712,28115,34963,35650,39389,40089,26787,29915,19320,24168,5918,9989,5355,5397,10777,10881,11981,13769,16232,18856,23035,25171,18956,21380,16170,20241,5563,9336,257752,175477,43957,16175,77169,32584,8848,58,21
2021-06-19T23:59:59+02:00,85,96,10912,10772,22310,21484,27694,28102,34951,35646,39379,40085,26786,29914,19320,24166,5918,9989,5324,5365,10696,10791,11889,13648,16084,18704,22728,24810,18870,21293,16158,20228,5562,9336,257598,175373,43936,14678,77169,32571,8848,58,21
2021-06-18T23:59:59+02:00,82,94,10864,10721,21992,21162,27430,27887,34898,35609,39348,40063,26778,29905,19319,24163,5918,9987,5309,5356,10665,10761,11849,13600,16022,18641,22643,24714,18704,21112,16113,20162,5561,9331,256212,174976,43934,14677,77168,32026,8848,58,21
2021-06-17T23:59:59+02:00,73,86,10284,10291,20719,20204,26571,27156,34530,35285,39095,39875,26714,29823,19299,24127,5911,9982,5111,5217,10290,10507,11406,13201,15342,18031,21278,23404,18250,20627,15950,19991,5557,9316,250449,169692,43916,14104,77157,31221,8445,58,21
2021-06-16T23:59:59+02:00,65,74,9947,9978,20040,19573,25933,26554,34282,35085,38935,39727,26672,29770,19276,24104,5910,9978,4968,5072,9903,10173,10948,12750,14639,17340,20430,22476,17848,20181,15782,19779,5547,9304,246618,165920,43903,12834,77144,30190,8180,58,21
2021-06-15T23:59:59+02:00,50,68,9702,9737,19744,19324,25711,26356,34152,34979,38839,39647,26643,29734,19269,24089,5905,9974,4862,4962,9664,9955,10717,12492,14217,16913,19833,21901,17530,19795,15562,19550,5538,9293,244852,163854,43891,11746,77138,29185,7984,58,20
2021-06-14T23:59:59+02:00,46,63,9569,9612,19444,19064,25536,26213,34031,34900,38778,39608,26626,29714,19263,24078,5905,9971,4781,4899,9473,9816,10544,12356,13956,16697,19517,21608,17365,19638,15461,19417,5537,9289,243656,162400,43889,11744,77134,28511,7684,58,20
2021-06-13T23:59:59+02:00,44,59,9410,9482,19154,18879,25185,25959,33830,34733,38672,39541,26611,29702,19253,24071,5905,9968,4698,4833,9264,9650,10380,12185,13631,16361,19169,21277,17238,19490,15414,19352,5535,9287,242013,161553,43889,11744,77131,27084,7367,58,20
2021-06-12T23:59:59+02:00,44,59,9401,9468,19141,18866,25185,25954,33830,34730,38669,39540,26611,29702,19253,24071,5905,9968,4695,4819,9254,9589,10348,12083,13582,16207,19114,21141,17129,19365,15298,19250,5533,9285,241967,161525,43889,11742,77127,26053,7356,58,20
2021-06-11T23:59:59+02:00,39,55,9244,9286,18908,18653,24385,25281,33650,34577,38535,39428,26578,29669,19243,24048,5905,9963,4618,4704,9037,9334,10088,11789,13061,15659,18141,20250,16943,19168,15258,19206,5530,9282,239051,157518,43888,11741,77124,25467,7326,58,20
2021-06-10T23:59:59+02:00,37,51,8850,8952,18256,18162,23534,24603,33330,34297,38333,39263,26522,29615,19220,24020,5902,9956,4443,4527,8458,8840,9283,11069,11914,14558,16159,18341,16054,18210,14973,18839,5521,9260,235431,147867,43228,11708,77098,23770,7089,57,19
2021-06-09T23:59:59+02:00,20,33,8401,8448,17422,17435,22382,23559,32841,33831,38047,39045,26413,29511,19174,23964,5892,9943,4307,4412,8170,8574,9040,10815,11583,14191,15674,17795,15683,17780,14732,18554,5514,9250,231441,146044,41337,11666,77063,21858,6491,29,19
2021-06-08T23:59:59+02:00,11,21,8083,8131,16951,17018,21964,23194,32596,33638,37885,38915,26369,29471,19164,23941,5889,9938,4187,4330,7916,8320,8735,10470,11225,13844,15033,17092,15227,17257,14471,18277,5509,9232,228714,144342,41305,10545,77054,20146,6077,29,19
2021-06-07T23:59:59+02:00,8,17,7886,7899,16593,16694,21420,22739,32315,33367,37768,38799,26343,29423,19147,23915,5884,9937,4111,4250,7735,8179,8575,10328,11055,13672,14723,16766,15030,17003,14298,18086,5505,9227,227094,143264,40330,10453,77043,19152,5659,28,19
2021-06-06T23:59:59+02:00,6,14,7778,7790,16459,16549,21225,22531,32088,33143,37633,38693,26316,29398,19134,23899,5884,9931,4082,4215,7689,8061,8523,10200,10950,13526,14527,16549,14847,16824,14209,17966,5498,9221,225862,142782,40031,10443,77025,18122,5525,28,19
2021-06-05T23:59:59+02:00,6,14,7756,7776,16430,16522,21218,22528,32078,33137,37631,38692,26315,29398,19133,23898,5884,9931,4073,4176,7674,7996,8509,10067,10936,13355,14509,16444,14810,16769,14200,17956,5498,9220,225753,142701,40031,10443,77024,17522,5511,28,19
2021-06-04T23:59:59+02:00,6,12,7642,7673,16152,16285,20941,22281,31654,32764,37518,38571,26282,29359,19121,23885,5882,9929,4066,4167,7648,7973,8483,10037,10869,13282,14404,16314,14729,16676,14163,17912,5498,9218,224158,142368,39255,10114,77005,17431,5511,28,19
2021-06-03T23:59:59+02:00,4,12,7387,7445,15275,15501,19306,20889,30743,31834,37015,38112,26151,29226,19077,23834,5876,9911,4005,4129,7560,7902,8361,9939,10700,13101,13835,15745,14466,16361,14078,17804,5495,9205,217537,140152,37676,10000,76995,17157,5362,28,19
2021-06-02T23:59:59+02:00,4,12,7252,7301,14889,15072,18874,20487,30274,31379,36789,37848,26087,29162,19057,23805,5873,9909,3975,4099,7495,7815,8273,9847,10559,12970,13389,15313,14342,16178,14051,17767,5492,9200,214449,138361,37245,9906,76994,17125,5358,28,19
2021-06-01T23:59:59+02:00,4,9,6976,7056,14492,14760,18531,20169,29947,31068,36566,37614,26031,29083,19033,23776,5871,9898,3873,4013,7252,7638,8041,9654,10295,12696,12987,14891,13911,15727,13935,17615,5485,9192,211705,136243,37200,9652,76973,16317,4978,28,19
2021-05-31T23:59:59+02:00,4,9,6813,6866,14273,14527,17827,19567,29606,30729,36269,37351,25942,28986,19007,23722,5861,9885,3794,3901,7043,7392,7818,9368,9953,12313,12547,14372,13383,15114,13736,17386,5477,9177,210279,133064,35151,9328,76956,15537,4830,28,19
2021-05-30T23:59:59+02:00,4,9,6790,6851,14227,14489,17750,19508,29556,30691,36238,37328,25930,28974,19004,23716,5860,9883,3751,3827,6895,7186,7670,9138,9749,11999,12291,14022,13262,14944,13667,17304,5474,9170,209984,132345,35139,9227,76902,14007,4755,28,19
2021-05-29T23:59:59+02:00,4,9,6788,6850,14218,14483,17745,19502,29551,30687,36235,37327,25928,28971,19004,23715,5860,9883,3742,3814,6866,7153,7637,9087,9713,11952,12218,13924,13221,14876,13637,17280,5473,9165,209952,132206,35139,9226,76887,13557,4754,28,19
2021-05-28T23:59:59+02:00,4,9,6778,6838,14203,14466,17728,19481,29540,30674,36224,37309,25927,28967,19002,23711,5860,9883,3728,3791,6844,7113,7603,9033,9660,11848,11978,13654,13032,14685,13607,17240,5470,9162,209801,130916,35138,9225,76884,13538,4753,28,19
2021-05-27T23:59:59+02:00,4,9,6687,6757,13935,14249,17243,19134,28861,30131,36065,37178,25881,28933,18987,23697,5859,9877,3603,3631,6557,6861,7227,8727,9162,11289,11269,12760,12482,14117,13477,17048,5463,9150,208724,127406,33697,8895,76842,12310,4196,28,19
2021-05-26T23:59:59+02:00,4,9,6616,6649,13721,14046,16990,18827,28317,29619,35890,37003,25844,28888,18972,23673,5858,9872,3512,3487,6332,6572,6939,8300,8821,10811,10617,11962,11920,13501,13331,16833,5458,9128,207133,123793,32943,8712,76829,11138,3865,28,19
2021-05-25T23:59:59+02:00,4,9,6535,6554,13516,13825,16727,18617,27592,28973,35797,36906,25821,28860,18960,23658,5853,9871,3463,3396,6187,6403,6793,8110,8595,10520,10271,11596,11574,13027,13226,16672,5455,9120,206423,121954,31491,8573,76344,10072,3793,27,19
2021-05-24T23:59:59+02:00,4,9,6465,6457,13339,13625,16505,18334,27181,28548,35451,36507,25764,28792,18941,23634,5852,9869,3449,3374,6129,6321,6748,8027,8536,10425,10198,11499,11401,12795,13178,16581,5447,9100,205890,121330,29269,8528,76337,9580,3754,27,19
2021-05-23T23:59:59+02:00,4,9,6463,6456,13334,13616,16502,18324,27162,28538,35421,36473,25761,28786,18941,23628,5852,9869,3446,3370,6123,6311,6738,8020,8508,10395,10158,11442,11318,12694,13158,16550,5447,9099,205775,121324,29253,8116,76336,9573,3748,27,19
2021-05-22T23:59:59+02:00,4,9,6456,6452,13327,13605,16496,18320,27159,28537,35418,36467,25761,28786,18941,23628,5852,9869,3445,3370,6120,6308,6737,8016,8504,10393,10153,11439,11307,12680,13153,16546,5446,9099,205725,121284,29253,8116,76334,9552,3748,27,19
2021-05-21T23:59:59+02:00,4,9,6396,6392,13175,13499,16323,18169,26889,28359,34989,36200,25735,28749,18933,23622,5851,9865,3436,3360,6087,6287,6706,7982,8465,10344,10100,11389,10790,11967,13012,16386,5443,9094,205036,119525,29128,8113,75291,9517,3677,27,19
2021-05-20T23:59:59+02:00,3,8,6103,6191,12565,13082,15129,17247,24975,26863,34036,35430,25630,28604,18879,23541,5845,9850,3376,3315,5994,6170,6594,7826,8318,10183,9863,11083,10455,11517,12900,16205,5433,9081,200276,117537,27383,8037,72748,9175,3548,26,19
2021-05-19T23:59:59+02:00,3,8,5897,5950,12051,12624,14420,16542,24028,26049,33410,34833,25520,28514,18844,23485,5837,9838,3299,3242,5832,6000,6404,7585,8043,9902,9560,10703,10143,11102,12821,16060,5431,9073,194588,115628,27345,7841,72733,8554,3161,26,19
2021-05-18T23:59:59+02:00,3,7,5727,5841,11651,12302,13797,16043,22872,25100,32744,34227,25404,28379,18798,23435,5832,9829,3256,3210,5721,5893,6241,7427,7838,9685,9362,10463,9976,10854,12676,15839,5422,9064,189638,114486,26839,7773,72689,7853,2799,26,19
2021-05-17T23:59:59+02:00,3,6,5674,5796,11488,12195,13526,15821,22058,24465,32436,33913,25325,28320,18776,23405,5823,9820,3139,3134,5530,5709,6068,7212,7628,9458,9137,10220,9888,10730,12618,15776,5419,9059,187875,113733,26139,7767,72297,6696,2513,26,19
2021-05-16T23:59:59+02:00,3,6,5646,5776,11427,12139,13441,15741,21448,23918,31822,33383,25284,28277,18766,23390,5822,9820,3134,3112,5516,5639,6040,7153,7600,9357,9105,10136,9872,10711,12615,15773,5419,9059,187108,113623,24596,7760,71878,6342,2501,26,18
2021-05-15T23:59:59+02:00,3,6,5637,5767,11394,12130,13412,15731,21374,23847,31283,33009,25273,28272,18765,23387,5821,9819,3120,3097,5497,5597,6026,7077,7560,9242,8869,9882,9839,10680,12581,15722,5419,9058,187059,113618,24584,7622,71229,5979,2032,26,18
2021-05-14T23:59:59+02:00,3,6,5597,5742,11332,12092,13340,15666,20963,23535,30852,32664,25237,28226,18754,23370,5821,9817,3088,3057,5461,5508,6005,6942,7520,9040,8809,9687,9768,10570,12494,15597,5419,9055,186336,113449,24265,7292,70359,5233,2031,26,18
2021-05-13T23:59:59+02:00,3,6,5439,5584,10951,11796,12626,15078,18779,21787,29307,31196,25007,27983,18687,23299,5819,9814,3076,3022,5437,5469,5988,6884,7496,8969,8765,9627,9553,10327,12297,15295,5414,9045,182384,113093,20466,6477,68269,5063,2016,26,18
2021-05-12T23:59:59+02:00,2,6,5410,5557,10879,11738,12525,14990,18657,21663,28944,30832,24915,27888,18670,23270,5818,9809,3076,3018,5431,5463,5978,6870,7471,8954,8726,9573,9369,10097,12067,14973,5411,9038,181436,112812,19829,5615,68266,5057,2016,26,18
2021-05-11T23:59:59+02:00,2,6,5273,5453,10632,11491,12159,14618,18046,21027,28013,29863,24722,27699,18611,23195,5813,9794,3034,2977,5342,5308,5878,6686,7341,8712,8566,9351,9188,9902,11920,14786,5402,9020,177363,111776,18939,5506,68133,4160,1956,26,18
2021-05-10T23:59:59+02:00,2,5,5149,5375,10419,11296,11900,14363,17720,20694,27593,29456,24613,27592,18573,23148,5805,9790,2965,2924,5225,5191,5764,6583,7217,8571,8439,9244,9084,9778,11830,14658,5399,9012,175362,111247,18249,5494,67908,3180,1948,26,18
2021-05-09T23:59:59+02:00,2,5,5075,5327,10320,11182,11800,14244,17380,20411,27202,29081,24527,27506,18544,23112,5802,9787,2896,2893,5079,5148,5589,6540,7049,8542,8311,9208,9072,9768,11812,14638,5399,9012,174967,111171,16968,5484,67413,2353,1933,26,18
2021-05-08T23:59:59+02:00,2,5,5074,5326,10318,11178,11800,14244,17376,20409,27199,29078,24527,27506,18544,23112,5802,9787,2896,2892,5078,5148,5589,6540,7049,8542,8308,9208,9071,9767,11812,14638,5399,9012,174950,111168,16968,5484,67410,2349,1933,26,18
2021-05-07T23:59:59+02:00,2,5,5040,5300,10249,11125,11671,14120,16976,20134,26563,28520,24479,27455,18527,23078,5795,9758,2886,2885,5062,5139,5578,6524,7037,8531,8300,9197,9065,9759,11801,14616,5391,8985,174116,111153,16965,5478,65886,2306,1804,26,18
2021-05-06T23:59:59+02:00,1,5,4770,5139,9787,10780,11109,13604,15889,19113,24156,26229,23981,26930,18421,22975,5790,9744,2844,2841,4995,5064,5538,6432,6954,8412,8169,9046,8965,9649,11777,14565,5388,8982,169092,110611,14512,5422,63002,1780,1793,24,18
2021-05-05T23:59:59+02:00,1,5,4692,5062,9494,10550,10767,13278,15309,18508,23313,25266,23720,26606,18352,22869,5780,9726,2824,2805,4945,4978,5479,6311,6870,8247,8045,8831,8859,9518,11700,14480,5387,8974,165431,109673,13201,5417,62852,1357,1790,24,18
2021-05-04T23:59:59+02:00,1,5,4607,4971,9320,10343,10559,13036,14921,18109,22769,24702,23506,26333,18280,22790,5772,9713,2815,2771,4917,4902,5446,6192,6816,8106,7952,8676,8755,9407,11626,14422,5385,8971,163175,109175,12077,5406,62691,792,1770,24,18
2021-05-03T23:59:59+02:00,1,5,4535,4897,9128,10206,10382,12860,14638,17863,22360,24287,23367,26184,18253,22743,5772,9707,2739,2701,4830,4828,5370,6106,6720,8000,7771,8510,8669,9321,11587,14373,5382,8966,161671,108954,12076,5403,62599,682,818,24,18
2021-05-02T23:59:59+02:00,1,5,4522,4883,9051,10148,10256,12748,14312,17556,22058,24001,23317,26125,18234,22718,5771,9706,2733,2694,4770,4794,5279,6022,6583,7871,7654,8410,8623,9279,11563,14339,5380,8961,160785,108838,12073,5401,62495,665,35,24,18
2021-05-01T23:59:59+02:00,1,5,4522,4881,9049,10147,10255,12748,14308,17553,22056,24001,23316,26124,18234,22718,5771,9706,2733,2694,4770,4794,5279,6022,6582,7871,7654,8410,8623,9279,11563,14339,5380,8961,160768,108838,12073,5400,62495,665,35,24,18
2021-04-30T23:59:59+02:00,0,5,4450,4790,8807,9933,9993,12506,13826,17128,21215,23233,23190,25988,18218,22690,5768,9703,2730,2692,4759,4786,5270,5988,6570,7841,7620,8373,8619,9276,11562,14336,5378,8960,157179,108811,12072,5398,62166,533,2,24,18
2021-04-29T23:59:59+02:00,0,5,4301,4646,8324,9522,9292,11902,12825,16230,19375,21553,22484,25230,18080,22480,5762,9686,2708,2671,4718,4714,5226,5913,6507,7735,7541,8255,8508,9161,11497,14260,5372,8951,147999,108320,12058,5125,61615,274,2,23,18
2021-04-28T23:59:59+02:00,0,5,4268,4627,8253,9448,9216,11815,12706,16111,19158,21339,22396,25138,18052,22439,5760,9681,2705,2660,4692,4654,5199,5869,6477,7661,7493,8173,8491,9137,11481,14238,5371,8945,147618,108129,11968,5053,60802,48,1,23,17
2021-04-27T23:59:59+02:00,0,5,4228,4581,8115,9308,9103,11664,12561,15942,18710,20841,22167,24880,17987,22361,5757,9673,2702,2656,4690,4650,5189,5861,6464,7642,7461,8136,8433,9058,11400,14156,5367,8941,146892,107873,10886,4880,60081,40,1,23,14
2021-04-26T23:59:59+02:00,0,5,4186,4553,8009,9213,8956,11559,12387,15769,18298,20477,22033,24734,17952,22333,5757,9672,2702,2654,4686,4646,5184,5851,6450,7622,7427,8108,8385,9010,11344,14078,5363,8924,146124,107764,10751,4623,58995,35,0,23,14
2021-04-25T23:59:59+02:00,0,5,4172,4538,7974,9183,8892,11497,12252,15639,17953,20147,21833,24496,17912,22278,5753,9667,2702,2654,4685,4645,5182,5847,6445,7619,7425,8104,8329,8951,11321,14050,5363,8923,144743,107743,10740,4456,58685,34,0,23,14
2021-04-24T23:59:59+02:00,0,5,4166,4530,7959,9179,8877,11487,12204,15609,17895,20109,21817,24483,17910,22273,5753,9667,2701,2654,4685,4645,5182,5847,6445,7619,7425,8104,8329,8950,11321,14050,5363,8923,144647,107743,10740,4456,58513,33,0,23,13
2021-04-23T23:59:59+02:00,0,5,4146,4497,7902,9116,8794,11385,11864,15283,17462,19712,21603,24250,17847,22196,5751,9659,2698,2652,4682,4642,5175,5840,6431,7610,7402,8073,8308,8923,11313,14042,5361,8920,143385,107731,10392,4298,57672,32,0,23,13
2021-04-22T23:59:59+02:00,0,5,4097,4432,7770,8924,8609,11125,11537,14863,16548,18726,21030,23540,17712,22015,5742,9640,2689,2646,4677,4621,5152,5814,6388,7574,7332,8026,8175,8767,11171,13891,5357,8911,139648,107114,10264,4041,56382,25,0,21,13
2021-04-21T23:59:59+02:00,0,5,4055,4389,7668,8804,8453,10966,11243,14584,15814,17967,20651,23092,17640,21910,5737,9627,2681,2635,4659,4601,5136,5793,6376,7556,7304,8005,8125,8706,11134,13852,5355,8909,136734,106833,10134,3961,55720,23,0,17,12
2021-04-20T23:59:59+02:00,0,5,4030,4363,7633,8752,8376,10886,11081,14409,15379,17490,20189,22577,17541,21758,5729,9616,2673,2626,4649,4588,5111,5773,6348,7532,7264,7965,8031,8574,11059,13765,5351,8905,134588,106261,9870,3921,55339,22,0,17,12
2021-04-19T23:59:59+02:00,0,5,3999,4312,7571,8648,8284,10747,10923,14226,15126,17196,19711,22013,17375,21544,5718,9604,2668,2625,4643,4584,5098,5758,6329,7515,7238,7921,7978,8520,11033,13719,5348,8900,132524,105927,9516,3918,54945,22,0,17,12
2021-04-18T23:59:59+02:00,0,5,3981,4283,7511,8597,8178,10620,10664,13984,14634,16657,19281,21503,17253,21358,5714,9598,2667,2625,4643,4584,5098,5758,6327,7512,7235,7920,7974,8517,11031,13715,5347,8897,130110,105903,9445,3916,54249,21,0,17,12
2021-04-17T23:59:59+02:00,0,5,3978,4275,7491,8591,8168,10602,10622,13938,14524,16569,19160,21379,17231,21330,5713,9596,2667,2625,4642,4582,5092,5753,6313,7507,7210,7897,7928,8471,11012,13692,5346,8897,129673,105893,9436,3710,54046,21,0,17,12
2021-04-16T23:59:59+02:00,0,5,3967,4232,7418,8469,8065,10444,10428,13676,13855,15807,18592,20733,17106,21155,5702,9579,2664,2622,4637,4577,5087,5741,6295,7496,7172,7862,7621,8082,10921,13553,5338,8881,126826,105098,9376,3420,53014,21,0,17,12
2021-04-15T23:59:59+02:00,0,4,3923,4178,7305,8338,7894,10206,10093,13286,13125,14949,17784,19867,16864,20831,5689,9558,2663,2614,4625,4561,5074,5709,6265,7460,7102,7792,7064,7434,10802,13400,5334,8870,123173,103461,9218,3279,51486,19,0,17,12
2021-04-14T23:59:59+02:00,0,3,3896,4149,7239,8232,7788,10056,9918,13087,12707,14503,17258,19255,16713,20621,5684,9545,2630,2595,4607,4529,5045,5662,6230,7427,7045,7731,6431,6675,10540,13111,5330,8862,121786,101147,8984,3279,49867,14,0,17,12
2021-04-13T23:59:59+02:00,0,3,3893,4143,7202,8216,7731,10023,9810,13034,12334,14210,16569,18408,16477,20320,5680,9539,2606,2568,4587,4503,5020,5628,6171,7359,6956,7630,6218,6423,9964,12453,5322,8843,121095,98957,8766,3271,47714,14,0,17,11
2021-04-12T23:59:59+02:00,0,3,3879,4125,7149,8170,7674,9954,9702,12932,12087,13998,16126,17892,16289,20106,5675,9536,2577,2557,4521,4461,4913,5559,6056,7283,6838,7531,5473,5603,9516,11917,5282,8801,120762,95602,8730,3263,45788,14,0,17,11
2021-04-11T23:59:59+02:00,0,3,3865,4117,7107,8118,7615,9910,9609,12854,11849,13790,15562,17204,16013,19765,5670,9526,2501,2474,4392,4339,4758,5426,5893,7131,6686,7425,5170,5242,9385,11758,5282,8797,120174,93423,8302,3214,44084,13,0,17,11
2021-04-10T23:59:59+02:00,0,3,3847,4098,7068,8071,7571,9854,9549,12795,11757,13705,15345,17012,15964,19697,5669,9519,1942,1906,3573,3618,3883,4661,4888,6211,5831,6639,4897,4936,9257,11606,5276,8788,119710,84676,8302,3214,43495,13,0,17,11
2021-04-09T23:59:59+02:00,0,3,3827,4078,7030,8042,7507,9798,9396,12667,11430,13420,14162,15482,15521,19166,5657,9509,1083,1078,2216,2425,2375,3288,3102,4569,4213,5177,4214,4203,9010,11252,5252,8759,117813,68983,8300,3211,40565,13,0,17,11
2021-04-08T23:59:59+02:00,0,3,3801,4062,6969,7989,7404,9703,9209,12548,11026,13066,13029,14225,15112,18645,5638,9479,582,589,1298,1718,1468,2356,2002,3481,2829,3791,2970,2805,8209,10274,5110,8538,116569,54792,8219,3208,37103,11,0,17,11
2021-04-07T23:59:59+02:00,0,3,3754,4037,6891,7935,7312,9633,9081,12419,10717,12758,12302,13455,14895,18380,5632,9460,351,372,947,1373,1062,1970,1491,3018,1885,2784,1788,1518,7304,9134,4955,8279,115608,45006,8068,3208,34972,8,0,16,11
2021-04-06T23:59:59+02:00,0,3,3738,4025,6869,7897,7257,9566,8988,12339,10506,12540,11917,12960,14673,18084,5621,9446,344,358,937,1363,1047,1949,1464,2990,1826,2725,1709,1452,6894,8579,4805,8042,114330,43261,7969,3207,34116,7,0,14,11
2021-04-05T23:59:59+02:00,0,3,3733,4024,6858,7885,7244,9556,8969,12311,10442,12481,11806,12814,14575,17992,5619,9443,342,352,926,1359,1041,1941,1454,2970,1805,2691,1656,1399,6666,8276,4683,7860,113994,42199,7948,3206,33799,7,0,14,11
2021-04-04T23:59:59+02:00,0,3,3733,4024,6856,7879,7243,9555,8966,12311,10432,12476,11803,12810,14572,17991,5619,9443,342,351,924,1359,1040,1939,1453,2969,1803,2688,1653,1394,6659,8263,4678,7857,113989,42151,7947,3205,33766,7,0,14,11
2021-04-03T23:59:59+02:00,0,3,3733,4024,6856,7878,7242,9555,8966,12311,10431,12476,11803,12809,14570,17989,5619,9443,342,350,922,1355,1038,1938,1452,2964,1801,2688,1648,1382,6616,8182,4643,7822,113985,41922,7947,3205,33762,7,0,14,11
2021-04-02T23:59:59+02:00,0,3,3731,4022,6854,7875,7236,9549,8954,12304,10415,12460,11676,12695,14527,17932,5615,9435,340,348,920,1348,1032,1927,1437,2939,1761,2649,1553,1296,5853,7283,4211,7260,113862,39258,7942,2883,33465,7,0,14,11
2021-04-01T23:59:59+02:00,0,2,3691,4010,6820,7853,7194,9518,8902,12265,10344,12389,11336,12288,14152,17421,5611,9422,335,345,904,1333,1020,1907,1405,2893,1702,2584,1430,1203,4920,6178,3661,6438,113479,35364,6536,2878,33189,7,0,14,11
2021-03-31T23:59:59+02:00,0,2,3685,4006,6805,7834,7177,9500,8867,12233,10256,12317,11006,11882,13808,16928,5605,9401,332,342,896,1325,1010,1892,1385,2865,1652,2548,1365,1151,4347,5513,3313,5980,112906,33095,5538,2805,32854,7,0,14,11
2021-03-30T23:59:59+02:00,0,2,3667,3982,6769,7795,7120,9433,8778,12129,10093,12162,10748,11605,13585,16662,5599,9387,328,335,890,1315,1003,1886,1362,2859,1624,2522,1338,1125,4229,5391,3253,5888,112085,32723,5288,2609,32129,7,0,14,11
2021-03-29T23:59:59+02:00,0,2,3658,3960,6743,7773,7080,9380,8682,12034,9910,11955,10316,11137,13212,16194,5582,9354,323,331,886,1305,997,1878,1354,2848,1608,2513,1313,1111,4096,5248,3156,5757,110411,32106,4980,2603,31567,6,0,14,11
2021-03-28T23:59:59+02:00,0,2,3616,3904,6628,7615,6963,9239,8555,11841,9758,11764,10105,10877,13036,16008,5577,9344,323,331,886,1305,995,1877,1353,2848,1607,2511,1304,1108,4063,5206,3130,5731,110038,32063,4716,2501,30064,5,0,14,11
2021-03-27T23:59:59+01:00,0,2,3615,3893,6616,7550,6933,9125,8505,11670,9706,11610,9991,10754,12942,15920,5576,9344,323,330,886,1305,995,1874,1353,2846,1603,2510,1302,1106,4037,5171,3117,5716,110029,31960,4716,2500,28993,5,0,14,11
2021-03-26T23:59:59+01:00,0,2,3609,3885,6588,7513,6904,9052,8457,11557,9615,11482,9942,10691,12896,15866,5568,9324,318,328,885,1302,991,1862,1350,2825,1582,2496,1277,1090,3857,4948,3011,5563,109973,31212,4495,2459,28469,5,0,14,11
2021-03-25T23:59:59+01:00,0,2,3586,3854,6497,7386,6812,8887,8266,11325,9306,11165,9563,10309,12593,15551,5563,9315,318,327,883,1294,988,1851,1337,2812,1558,2477,1251,1071,3624,4706,2760,5228,109600,30013,4288,2459,26078,4,0,14,11
2021-03-24T23:59:59+01:00,0,2,3531,3803,6408,7200,6692,8661,8099,11089,9081,10840,9148,9821,12176,15092,5552,9305,318,326,882,1291,983,1849,1329,2808,1542,2461,1243,1061,3557,4633,2579,5007,109089,29400,4152,2459,23245,1,0,14,11
2021-03-23T23:59:59+01:00,0,2,3513,3770,6359,7144,6616,8602,7981,10960,8832,10607,8727,9351,11725,14573,5543,9290,318,326,881,1281,978,1840,1324,2799,1538,2453,1219,1036,3465,4557,2387,4690,108274,28623,4059,2459,21248,1,0,14,11
2021-03-22T23:59:59+01:00,0,2,3505,3750,6316,7115,6582,8555,7915,10884,8683,10471,8446,8998,11422,14247,5507,9251,316,321,875,1271,970,1833,1317,2788,1529,2443,1207,1027,3437,4522,2368,4657,107603,28413,4056,2458,19976,1,0,14,11
2021-03-21T23:59:59+01:00,0,2,3503,3748,6312,7104,6565,8539,7896,10865,8627,10413,8326,8881,11351,14145,5505,9248,314,320,866,1268,963,1826,1308,2786,1525,2439,1203,1024,3428,4507,2354,4648,107518,28311,4055,2458,19443,1,0,14,11
2021-03-20T23:59:59+01:00,0,2,3495,3710,6304,7032,6550,8402,7871,10681,8583,10277,8248,8795,11313,14106,5505,9248,314,320,866,1268,963,1825,1307,2786,1525,2437,1203,1024,3428,4506,2354,4647,107485,28306,3843,2457,18780,1,0,14,11
2021-03-19T23:59:59+01:00,0,2,3482,3680,6278,6948,6526,8309,7825,10564,8469,10116,7711,8188,11129,13865,5495,9230,311,319,861,1261,946,1815,1284,2755,1475,2392,1119,956,2764,3717,1943,4078,105871,25529,3543,2457,18389,1,0,14,11
2021-03-18T23:59:59+01:00,0,2,3471,3662,6237,6907,6493,8247,7762,10477,8354,9987,6755,7092,10850,13564,5485,9205,310,319,858,1256,940,1806,1265,2747,1450,2373,1082,939,2557,3478,1787,3857,102853,24557,3385,2457,18298,1,0,14,11
2021-03-17T23:59:59+01:00,0,2,3434,3624,6166,6823,6440,8144,7672,10349,8224,9829,6073,6250,10564,13260,5468,9179,309,319,851,1250,936,1794,1251,2725,1432,2348,1046,916,2438,3353,1708,3747,100083,23956,3384,2457,18020,1,0,14,11
2021-03-16T23:59:59+01:00,0,2,3416,3595,6127,6770,6395,8071,7619,10284,8134,9728,5897,6074,9862,12469,5429,9116,302,309,837,1234,924,1785,1245,2705,1419,2340,1032,897,2224,3114,1575,3552,97846,23029,3374,2455,17754,1,0,14,11
2021-03-15T23:59:59+01:00,0,2,3379,3563,6031,6691,6265,7979,7477,10165,8005,9603,5145,5240,9419,11921,5386,9046,301,308,833,1230,923,1778,1243,2692,1410,2331,1019,885,2082,2941,1489,3458,94336,22459,3367,2454,17600,1,0,14,11
2021-03-14T23:59:59+01:00,0,2,3254,3416,5753,6345,5989,7618,7163,9750,7720,9284,4812,4849,9262,11724,5382,9036,301,307,833,1230,922,1778,1241,2691,1408,2328,1017,883,2079,2938,1486,3457,91942,22438,3312,2451,16091,1,0,14,11
2021-03-13T23:59:59+01:00,0,2,2600,2754,4812,5477,4971,6689,5968,8631,6705,8340,4499,4466,8879,11204,5292,8928,301,307,832,1228,922,1773,1238,2689,1407,2328,1017,882,2055,2902,1456,3422,81254,22298,3312,2451,15637,1,0,14,11
2021-03-12T23:59:59+01:00,0,2,1774,1933,3474,4327,3465,5355,4221,6991,5071,6834,3832,3762,7630,9657,4792,8249,297,304,830,1224,916,1766,1230,2669,1381,2311,971,857,1707,2439,1188,3071,62438,20700,3309,2451,15608,1,0,14,11
2021-03-11T23:59:59+01:00,0,2,1274,1456,2570,3586,2560,4415,3128,5901,3709,5450,2657,2485,5933,7547,4027,7074,292,295,814,1215,903,1743,1212,2640,1356,2265,934,837,1550,2210,1065,2883,45149,19754,3307,2451,15304,1,0,14,10
2021-03-10T23:59:59+01:00,0,2,1050,1238,2201,3225,2185,4024,2677,5460,2806,4483,1529,1286,4583,5829,3471,6305,282,285,796,1196,881,1707,1178,2567,1317,2199,909,817,1371,2020,969,2710,34132,18851,3307,2344,14902,1,0,13,10
2021-03-09T23:59:59+01:00,0,2,1034,1210,2135,3084,2120,3909,2592,5326,2722,4357,1495,1256,4508,5756,3432,6248,278,278,782,1175,864,1680,1153,2527,1299,2171,894,805,1294,1896,898,2600,33727,18285,3304,2300,14142,1,0,13,10
2021-03-08T23:59:59+01:00,0,2,1012,1179,2078,2985,2080,3827,2533,5213,2666,4285,1457,1236,4362,5598,3331,6107,278,274,777,1167,862,1671,1145,2519,1291,2155,870,784,1128,1671,775,2436,33038,17498,3304,2296,13596,1,0,13,10
2021-03-07T23:59:59+01:00,0,2,1007,1160,2038,2942,2038,3786,2493,5148,2625,4248,1452,1233,4355,5590,3329,6107,278,274,777,1167,862,1671,1145,2519,1290,2155,867,784,1119,1661,767,2425,33008,17498,3298,2255,13234,0,0,13,10
2021-03-06T23:59:59+01:00,0,2,1007,1156,2027,2928,2026,3767,2477,5121,2607,4227,1439,1223,4321,5546,3315,6095,278,274,777,1167,862,1670,1145,2519,1290,2155,867,784,1119,1661,767,2424,32864,17497,3297,2254,13110,0,0,13,10
2021-03-05T23:59:59+01:00,0,2,1003,1152,2012,2908,1996,3744,2434,5069,2554,4190,1403,1195,4055,5220,3165,5874,277,271,770,1160,856,1662,1142,2510,1287,2145,853,780,1111,1652,766,2422,32124,17402,2966,2254,12873,0,0,13,10
2021-03-04T23:59:59+01:00,0,2,909,1005,1924,2780,1928,3607,2358,4915,2464,4032,1373,1174,3815,4961,2901,5525,277,269,768,1155,853,1654,1141,2496,1283,2136,821,766,1099,1641,759,2410,30878,17289,2962,2231,11820,0,0,13,10
2021-03-03T23:59:59+01:00,0,2,863,897,1859,2684,1857,3502,2289,4799,2390,3948,1361,1161,3705,4856,2679,5253,276,267,767,1145,850,1636,1135,2454,1273,2110,804,762,1091,1623,752,2403,30205,17263,2845,2077,11042,0,0,13,10
2021-03-02T23:59:59+01:00,0,2,818,822,1762,2560,1772,3378,2198,4675,2330,3870,1326,1139,3576,4721,2476,4907,276,266,766,1139,847,1633,1130,2449,1269,2100,802,760,1077,1602,741,2384,29481,17157,2656,2076,10182,0,0,13,10
2021-03-01T23:59:59+01:00,0,2,795,783,1662,2416,1701,3234,2098,4503,2250,3749,1308,1127,3526,4658,2432,4845,276,264,762,1135,846,1621,1126,2437,1264,2090,796,758,1072,1591,734,2377,29229,17065,2572,2076,9275,0,0,13,10
2021-02-28T23:59:59+01:00,0,2,789,760,1643,2350,1673,3162,2075,4403,2236,3682,1302,1121,3516,4643,2418,4835,275,263,762,1134,846,1616,1126,2435,1264,2085,792,756,1064,1578,730,2367,29122,17042,2570,2043,8905,0,0,13,10
2021-02-27T23:59:59+01:00,0,2,774,743,1621,2290,1656,3050,2056,4277,2215,3586,1299,1118,3516,4641,2417,4834,275,263,762,1134,846,1615,1126,2435,1264,2084,792,756,1054,1572,713,2353,29117,17040,2569,1996,8396,0,0,13,10
2021-02-26T23:59:59+01:00,0,2,646,662,1516,2177,1604,2891,1993,4040,2114,3350,1209,1047,2865,3848,1991,4252,275,263,761,1132,845,1614,1126,2433,1262,2081,790,751,1036,1559,703,2337,26327,16966,2569,1994,7298,0,0,13,10
2021-02-25T23:59:59+01:00,0,2,496,582,1397,2075,1537,2763,1932,3912,2014,3238,1160,1015,2635,3578,1827,4009,258,248,736,1108,803,1545,1079,2335,1188,1988,733,730,1004,1522,692,2309,25262,16874,2542,1396,6355,0,0,13,10
2021-02-24T23:59:59+01:00,0,2,466,551,1328,1962,1464,2619,1862,3759,1937,3088,1122,985,2496,3441,1748,3890,229,235,709,1063,776,1483,1049,2275,1134,1938,706,707,958,1493,681,2279,24610,16688,2531,1019,5566,0,0,13,10
2021-02-23T23:59:59+01:00,0,2,410,511,1245,1822,1389,2472,1785,3548,1866,2966,1097,951,2293,3212,1623,3704,224,229,694,1040,764,1444,1027,2232,1109,1897,697,695,949,1479,678,2275,23688,16602,2521,823,4674,0,0,13,10
2021-02-22T23:59:59+01:00,0,2,397,478,1145,1711,1287,2375,1676,3442,1785,2895,1076,938,2151,3040,1538,3608,213,220,672,989,733,1381,1001,2138,1065,1815,654,663,880,1402,642,2219,23113,16413,2517,266,3901,0,0,13,10
2021-02-21T23:59:59+01:00,0,2,378,462,1044,1679,1135,2351,1521,3419,1682,2877,1068,936,2150,3039,1538,3608,186,214,641,981,722,1373,987,2133,1060,1813,651,660,877,1398,634,2212,23084,16282,2517,252,3275,0,0,13,10
2021-02-20T23:59:59+01:00,0,2,378,460,1043,1679,1134,2351,1519,3417,1682,2875,1068,935,2149,3039,1537,3607,185,212,638,981,719,1372,981,2130,1058,1813,651,660,877,1398,634,2212,23077,16261,2516,252,3269,0,0,13,10
2021-02-19T23:59:59+01:00,0,2,373,451,1030,1675,1124,2341,1506,3398,1649,2860,1018,907,1778,2532,1240,3225,164,202,612,977,701,1364,964,2128,1052,1811,648,659,875,1398,633,2211,21335,16139,2516,252,3245,0,0,13,10
2021-02-18T23:59:59+01:00,0,2,353,431,990,1593,1086,2254,1453,3280,1608,2770,988,884,1605,2289,1111,3021,144,191,573,966,681,1351,930,2112,1027,1791,637,640,854,1370,619,2190,20355,15816,2516,252,2834,0,0,13,10
2021-02-17T23:59:59+01:00,0,2,330,378,906,1450,979,2054,1319,3026,1496,2550,951,854,1416,2077,1010,2844,138,184,561,935,655,1300,897,2034,977,1715,603,608,847,1344,614,2171,19282,15323,2516,252,1831,0,0,13,10
2021-02-16T23:59:59+01:00,0,2,324,339,862,1312,927,1866,1258,2801,1430,2389,939,837,1353,1981,943,2748,132,171,547,892,640,1246,869,1970,947,1673,593,598,825,1313,601,2111,18911,15004,2515,116,872,0,0,13,10
2021-02-15T23:59:59+01:00,0,2,308,299,834,1281,910,1810,1218,2717,1392,2333,911,805,1176,1749,814,2572,123,163,525,865,622,1184,843,1897,924,1596,572,561,807,1276,592,2069,18000,14535,2514,76,604,0,0,13,10
2021-02-14T23:59:59+01:00,0,2,308,299,833,1281,909,1810,1216,2717,1392,2333,911,805,1176,1749,814,2572,123,163,524,858,618,1179,837,1891,920,1593,571,560,805,1275,591,2066,17999,14491,2514,75,601,0,0,13,10
2021-02-13T23:59:59+01:00,0,2,308,299,833,1281,909,1807,1216,2715,1392,2331,911,805,1176,1749,814,2572,123,163,524,858,618,1179,835,1888,918,1589,569,560,790,1255,579,2050,17992,14489,2514,1,601,0,0,13,10
2021-02-12T23:59:59+01:00,0,2,304,298,823,1276,905,1777,1210,2687,1364,2302,909,803,1175,1746,814,2572,123,163,522,855,617,1172,829,1876,912,1576,566,558,776,1244,573,2037,17983,14390,2514,1,457,0,0,13,10
2021-02-11T23:59:59+01:00,0,2,285,289,808,1241,899,1743,1194,2621,1342,2247,874,790,1164,1734,813,2562,121,149,504,814,595,1107,795,1776,889,1516,552,544,752,1209,559,2005,17870,13879,2513,0,212,0,0,13,10
2021-02-10T23:59:59+01:00,0,2,282,283,789,1203,886,1713,1182,2575,1327,2205,869,788,1149,1718,808,2545,117,140,437,728,549,1014,717,1649,830,1432,537,528,738,1189,549,1978,17846,13134,2408,0,58,0,0,12,0
2021-02-09T23:59:59+01:00,0,2,282,280,785,1189,875,1696,1167,2556,1313,2181,854,783,1135,1701,797,2529,100,121,382,641,496,885,638,1449,742,1244,485,450,619,1027,481,1740,17748,11502,2362,0,3,0,0,12,0
2021-02-08T23:59:59+01:00,0,2,282,279,783,1184,875,1689,1165,2552,1307,2173,848,780,1119,1679,780,2508,90,99,336,545,443,785,549,1241,635,1079,409,376,535,837,388,1432,17633,9781,2359,0,1,0,0,12,0
2021-02-07T23:59:59+01:00,0,2,281,278,781,1183,874,1689,1165,2551,1307,2170,842,778,1117,1676,779,2506,88,98,334,540,441,781,547,1232,631,1073,404,371,514,814,382,1418,17608,9670,2359,0,0,0,0,12,0
2021-02-06T23:59:59+01:00,0,2,281,277,781,1182,874,1688,1165,2551,1307,2169,841,777,1115,1670,778,2504,88,97,334,537,440,780,546,1228,629,1072,400,366,466,745,354,1373,17592,9457,2358,0,0,0,0,12,0
2021-02-05T23:59:59+01:00,0,2,281,277,781,1181,873,1687,1164,2550,1306,2166,834,771,1092,1660,771,2488,82,95,326,531,424,762,521,1193,600,1030,377,339,446,721,340,1333,17514,9121,2358,0,0,0,0,12,0
2021-02-04T23:59:59+01:00,0,2,278,269,778,1160,861,1665,1151,2522,1292,2143,812,758,1064,1630,764,2472,68,77,256,409,329,595,404,965,487,828,304,275,335,576,277,1114,17274,7299,2335,0,0,0,0,12,0
2021-02-03T23:59:59+01:00,0,2,277,264,774,1138,859,1639,1144,2472,1279,2113,793,744,1047,1607,755,2458,54,54,170,280,255,444,284,715,363,589,208,195,237,423,194,837,17178,5302,2175,0,0,0,0,12,0
2021-02-02T23:59:59+01:00,0,2,276,259,770,1130,852,1617,1136,2448,1267,2096,789,737,1038,1596,753,2450,35,35,92,139,147,255,172,448,235,369,134,125,161,254,136,538,17029,3275,2175,0,0,0,0,12,0
2021-02-01T23:59:59+01:00,0,2,274,256,765,1111,844,1597,1130,2419,1263,2063,780,724,1031,1586,749,2437,11,12,15,27,25,65,45,88,71,102,49,45,57,74,39,178,16845,903,2175,0,0,0,0,11,0
2021-01-31T23:59:59+01:00,0,2,268,254,749,1109,836,1586,1120,2408,1252,2054,774,718,1021,1569,742,2424,10,12,14,26,23,62,39,83,64,94,46,45,53,67,36,165,16810,839,2065,0,0,0,0,11,0
2021-01-30T23:59:59+01:00,0,2,268,254,749,1108,835,1586,1120,2408,1252,2054,773,718,1011,1562,725,2410,10,10,14,26,23,62,39,83,63,92,45,44,52,67,36,164,16806,830,2018,0,0,0,0,11,0
2021-01-29T23:59:59+01:00,0,2,268,254,749,1107,835,1586,1120,2408,1252,2053,772,717,1010,1560,725,2408,9,5,12,24,23,61,37,81,62,92,44,43,52,67,36,164,16799,812,2016,0,0,0,0,11,0
2021-01-28T23:59:59+01:00,0,2,264,249,737,1082,800,1531,1083,2348,1175,1995,731,703,981,1540,709,2386,4,0,3,6,9,25,18,36,20,45,21,22,23,45,15,97,16620,389,1685,0,0,0,0,11,0
2021-01-27T23:59:59+01:00,0,2,258,242,714,1050,752,1476,1025,2267,1102,1914,696,676,967,1519,706,2379,3,0,3,4,6,21,14,22,13,32,6,9,10,10,4,27,16172,184,1562,0,0,0,0,11,0
2021-01-26T23:59:59+01:00,0,2,234,233,697,1026,744,1426,1005,2193,1075,1849,684,662,944,1503,696,2360,3,0,1,4,5,11,12,12,6,11,3,5,6,7,1,16,16121,103,1201,0,0,0,0,11,0
2021-01-25T23:59:59+01:00,0,2,202,218,644,953,692,1303,962,2047,1017,1714,636,607,866,1408,653,2287,3,0,1,4,5,11,12,12,6,11,3,5,6,7,1,16,15893,103,307,0,0,0,0,11,0
2021-01-24T23:59:59+01:00,0,2,185,212,618,941,673,1289,944,2031,1002,1704,629,601,856,1388,644,2274,3,0,1,4,5,10,11,12,5,11,3,5,6,7,1,16,15720,100,262,0,0,0,0,11,0
2021-01-23T23:59:59+01:00,0,2,185,212,618,941,673,1289,944,2031,1002,1704,629,601,856,1388,644,2274,3,0,1,4,5,10,9,12,5,11,3,5,6,7,1,16,15720,98,262,0,0,0,0,11,0
2021-01-22T23:59:59+01:00,0,2,138,194,560,931,655,1274,910,2021,990,1693,624,600,855,1388,644,2274,3,0,0,4,5,10,9,12,5,11,3,5,6,7,1,16,15480,97,262,0,0,0,0,11,0
2021-01-21T23:59:59+01:00,0,2,133,186,545,908,634,1233,877,1967,968,1645,613,579,843,1357,637,2255,3,0,0,4,4,10,9,12,5,11,3,5,6,7,1,15,15109,95,262,0,0,0,0,11,0
2021-01-20T23:59:59+01:00,0,2,128,170,498,842,611,1157,814,1857,931,1574,592,562,826,1334,627,2227,3,0,0,4,4,10,9,12,5,11,3,5,6,7,1,15,14481,95,260,0,0,0,0,11,0
2021-01-19T23:59:59+01:00,0,2,115,151,424,754,546,1027,729,1659,827,1410,546,508,725,1175,554,1979,3,0,0,4,4,8,9,12,5,11,3,5,6,7,1,15,12927,93,193,0,0,0,0,11,0
2021-01-18T23:59:59+01:00,0,2,97,119,355,601,455,855,599,1398,701,1204,478,442,641,1017,487,1712,1,0,0,1,0,0,0,0,0,0,0,0,0,1,0,0,11069,3,83,0,0,0,0,11,0
2021-01-17T23:59:59+01:00,0,2,93,117,351,595,454,850,597,1379,693,1194,473,432,614,988,471,1671,1,0,0,1,0,0,0,0,0,0,0,0,0,1,0,0,10881,3,82,0,0,0,0,11,0
2021-01-16T23:59:59+01:00,0,2,93,114,349,587,451,845,586,1366,682,1182,458,418,519,862,410,1574,0,0,0,1,0,0,0,0,0,0,0,0,0,0,0,0,10484,1,3,0,0,0,0,11,0
2021-01-15T23:59:59+01:00,0,2,92,112,344,585,445,840,580,1359,665,1166,442,400,511,850,402,1551,0,0,0,0,0,0,0,0,0,0,0,0,0,0,0,0,10334,0,1,0,0,0,0,11,0
2021-01-14T23:59:59+01:00,0,0,75,90,287,483,367,676,463,1105,545,984,363,320,401,695,332,1321,0,0,0,0,0,0,0,0,0,0,0,0,0,0,0,0,8496,0,0,0,0,0,0,11,0
2021-01-13T23:59:59+01:00,0,0,61,67,203,365,291,503,349,823,419,703,253,224,293,520,250,1015,0,0,0,0,0,0,0,0,0,0,0,0,0,0,0,0,6329,0,0,0,0,0,0,10,0
2021-01-12T23:59:59+01:00,0,0,40,44,122,216,178,313,208,529,280,436,159,142,188,337,171,682,0,0,0,0,0,0,0,0,0,0,0,0,0,0,0,0,4045,0,0,0,0,0,0,0,0
2021-01-11T23:59:59+01:00,0,0,11,14,42,58,41,93,60,119,93,129,65,58,83,103,49,223,0,0,0,0,0,0,0,0,0,0,0,0,0,0,0,0,1241,0,0,0,0,0,0,0,0
2021-01-10T23:59:59+01:00,0,0,11,14,29,47,34,75,51,110,80,119,57,54,77,93,46,209,0,0,0,0,0,0,0,0,0,0,0,0,0,0,0,0,1106,0,0,0,0,0,0,0,0
2021-01-09T23:59:59+01:00,0,0,11,13,26,46,34,75,50,109,78,116,56,53,76,92,45,208,0,0,0,0,0,0,0,0,0,0,0,0,0,0,0,0,1088,0,0,0,0,0,0,0,0
2021-01-08T23:59:59+01:00,0,0,7,6,26,41,32,72,47,107,77,115,53,49,71,87,41,208,0,0,0,0,0,0,0,0,0,0,0,0,0,0,0,0,1039,0,0,0,0,0,0,0,0
2021-01-07T23:59:59+01:00,0,0,5,1,9,20,15,38,28,77,33,77,32,27,47,74,28,162,0,0,0,0,0,0,0,0,0,0,0,0,0,0,0,0,673,0,0,0,0,0,0,0,0
2021-01-06T23:59:59+01:00,0,0,5,0,4,8,10,30,25,43,19,47,26,24,34,51,19,120,0,0,0,0,0,0,0,0,0,0,0,0,0,0,0,0,465,0,0,0,0,0,0,0,0
2021-01-05T23:59:59+01:00,0,0,5,0,4,8,10,30,25,43,19,47,26,24,34,50,19,120,0,0,0,0,0,0,0,0,0,0,0,0,0,0,0,0,464,0,0,0,0,0,0,0,0
2021-01-04T23:59:59+01:00,0,0,4,0,1,3,4,11,13,12,5,11,3,5,6,8,1,17,0,0,0,0,0,0,0,0,0,0,0,0,0,0,0,0,104,0,0,0,0,0,0,0,0
2021-01-03T23:59:59+01:00,0,0,3,0,1,3,4,10,12,12,5,11,3,5,6,8,1,16,0,0,0,0,0,0,0,0,0,0,0,0,0,0,0,0,100,0,0,0,0,0,0,0,0
2021-01-02T23:59:59+01:00,0,0,3,0,1,3,4,10,10,12,5,11,3,5,6,8,1,16,0,0,0,0,0,0,0,0,0,0,0,0,0,0,0,0,98,0,0,0,0,0,0,0,0
2021-01-01T23:59:59+01:00,0,0,3,0,0,3,4,10,10,12,5,11,3,5,6,7,1,16,0,0,0,0,0,0,0,0,0,0,0,0,0,0,0,0,96,0,0,0,0,0,0,0,0
2020-12-31T23:59:59+01:00,0,0,3,0,0,3,4,10,9,12,5,11,3,5,6,7,1,16,0,0,0,0,0,0,0,0,0,0,0,0,0,0,0,0,95,0,0,0,0,0,0,0,0
2020-12-30T23:59:59+01:00,0,0,3,0,0,3,4,10,9,12,5,11,3,5,6,7,1,16,0,0,0,0,0,0,0,0,0,0,0,0,0,0,0,0,95,0,0,0,0,0,0,0,0
2020-12-29T23:59:59+01:00,0,0,3,0,0,3,4,8,9,12,5,11,3,5,6,7,1,16,0,0,0,0,0,0,0,0,0,0,0,0,0,0,0,0,93,0,0,0,0,0,0,0,0
2020-12-28T23:59:59+01:00,0,0,3,0,0,3,4,8,9,12,5,11,3,5,6,7,1,16,0,0,0,0,0,0,0,0,0,0,0,0,0,0,0,0,93,0,0,0,0,0,0,0,0
2020-12-27T23:59:59+01:00,0,0,1,0,0,0,0,0,0,0,0,0,0,0,1,3,0,7,0,0,0,0,0,0,0,0,0,0,0,0,0,0,0,0,12,0,0,0,0,0,0,0,0
