Datum,<15_1_m,<15_1_w,15-24_1_m,15-24_1_w,25-34_1_m,25-34_1_w,35-44_1_m,35-44_1_w,45-54_1_m,45-54_1_w,55-64_1_m,55-64_1_w,65-74_1_m,65-74_1_w,75-84_1_m,75-84_1_w,>84_1_m,>84_1_w,<15_2_m,<15_2_w,15-24_2_m,15-24_2_w,25-34_2_m,25-34_2_w,35-44_2_m,35-44_2_w,45-54_2_m,45-54_2_w,55-64_2_m,55-64_2_w,65-74_2_m,65-74_2_w,75-84_2_m,75-84_2_w,>84_2_m,>84_2_w,bp_1,bp_2,mo_1,mo_2,az_1,az_2,ja,unb_1,unb_2
2021-11-07T23:59:59+01:00,4559,4236,27495,26041,36826,33884,36168,35706,41216,41322,44262,44118,28586,31817,20338,25480,6373,10747,3723,3422,24295,23299,33473,30615,33481,33100,38660,38658,42000,42000,27612,30707,19675,24569,6116,10219,353493,328129,46230,44317,77559,71302,21834,64,42
2021-11-06T23:59:59+01:00,4539,4223,27458,26007,36772,33849,36143,35692,41189,41310,44242,44097,28582,31815,20332,25478,6373,10745,3722,3419,24290,23296,33468,30611,33479,33097,38656,38656,41999,41998,27609,30707,19673,24567,6115,10218,353193,328101,46218,44317,77559,71302,21818,64,42
2021-11-05T23:59:59+01:00,4465,4147,27268,25863,36595,33661,35985,35564,41087,41200,44183,44039,28572,31801,20330,25469,6371,10744,3708,3405,24243,23267,33427,30575,33433,33067,38625,38627,41977,41979,27600,30703,19669,24560,6114,10217,351888,327823,46085,44276,77559,71302,21753,64,42
2021-11-04T23:59:59+01:00,4393,4102,27061,25717,36401,33467,35817,35452,40971,41095,44100,43981,28549,31789,20321,25455,6368,10741,3676,3359,24159,23166,33340,30476,33366,32994,38574,38568,41920,41935,27588,30680,19661,24548,6109,10210,350483,327076,46010,44240,77559,71302,21669,64,42
2021-11-03T23:59:59+01:00,4374,4071,26999,25662,36315,33387,35744,35415,40911,41050,44061,43954,28542,31779,20315,25449,6367,10741,3650,3329,24125,23125,33308,30434,33330,32970,38554,38542,41896,41914,27573,30662,19656,24540,6104,10205,349866,326679,45991,44233,77559,71302,21661,64,42
2021-11-02T23:59:59+01:00,4340,4030,26780,25524,36081,33216,35582,35302,40777,40950,43978,43886,28516,31761,20304,25440,6366,10737,3621,3302,24023,23046,33196,30358,33263,32920,38493,38488,41851,41882,27553,30641,19640,24529,6102,10198,348473,326015,45939,44207,77559,71302,21540,64,42
2021-11-01T23:59:59+01:00,4298,3993,26691,25461,35966,33142,35505,35256,40706,40899,43940,43867,28509,31752,20300,25439,6365,10736,3603,3266,23977,22997,33141,30323,33228,32890,38454,38463,41825,41857,27543,30634,19634,24521,6101,10196,347785,325612,45913,44190,77559,71300,21509,64,42
2021-10-31T23:59:59+01:00,4298,3993,26687,25461,35964,33142,35505,35256,40705,40899,43939,43866,28508,31752,20300,25439,6365,10736,3603,3266,23977,22997,33141,30323,33228,32890,38453,38463,41824,41857,27543,30634,19634,24521,6101,10196,347777,325611,45912,44190,77559,71300,21508,64,42
2021-10-30T23:59:59+02:00,4295,3991,26676,25456,35950,33134,35499,35252,40696,40895,43931,43866,28507,31752,20300,25438,6365,10735,3603,3266,23973,22994,33138,30323,33228,32887,38452,38462,41823,41857,27543,30634,19634,24521,6101,10196,347700,325595,45912,44190,77559,71300,21508,64,42
2021-10-29T23:59:59+02:00,4271,3974,26557,25386,35806,33035,35403,35194,40613,40841,43893,43848,28504,31744,20299,25436,6365,10735,3591,3259,23926,22960,33089,30272,33189,32857,38419,38431,41799,41841,27538,30626,19630,24515,6100,10196,346961,325256,45856,44172,77559,71299,21469,64,42
2021-10-28T23:59:59+02:00,4239,3932,26387,25258,35609,32901,35257,35096,40517,40766,43832,43806,28492,31733,20290,25429,6364,10733,3562,3223,23839,22874,33004,30182,33125,32807,38365,38381,41751,41812,27527,30611,19623,24506,6096,10189,345880,324642,45781,44132,77559,71299,21362,64,42
2021-10-27T23:59:59+02:00,4213,3908,26347,25225,35565,32856,35216,35046,40481,40738,43808,43788,28489,31726,20288,25423,6359,10731,3547,3204,23792,22834,32957,30143,33100,32780,38354,38357,41740,41792,27519,30595,19615,24499,6095,10187,345458,324284,45771,44126,77559,71298,21360,64,42
2021-10-26T23:59:59+02:00,4170,3879,26210,25110,35423,32753,35124,34969,40411,40689,43767,43766,28478,31715,20283,25417,6356,10729,3519,3191,23727,22753,32880,30073,33054,32730,38300,38319,41701,41769,27511,30585,19610,24490,6094,10185,344607,323779,45743,44094,77559,71295,21281,64,42
2021-10-25T23:59:59+02:00,4161,3871,26196,25092,35390,32730,35097,34955,40397,40682,43763,43762,28477,31714,20282,25417,6356,10729,3514,3184,23723,22747,32861,30054,33051,32724,38293,38316,41700,41766,27510,30584,19610,24487,6094,10185,344454,323716,45734,44086,77559,71294,21265,64,42
2021-10-24T23:59:59+02:00,4150,3866,26173,25062,35357,32702,35067,34932,40383,40664,43751,43753,28476,31710,20281,25415,6356,10729,3505,3176,23709,22730,32850,30045,33039,32716,38284,38308,41692,41758,27504,30581,19610,24482,6094,10184,344219,323580,45726,44086,77558,71294,21265,64,42
2021-10-23T23:59:59+02:00,4150,3866,26171,25058,35352,32701,35063,34929,40380,40662,43749,43753,28476,31710,20281,25415,6356,10729,3505,3176,23709,22729,32849,30045,33037,32716,38283,38307,41692,41758,27504,30581,19610,24482,6094,10184,344193,323574,45726,44086,77558,71294,21265,64,42
2021-10-22T23:59:59+02:00,4129,3835,26075,24987,35243,32604,34970,34869,40304,40620,43708,43726,28470,31706,20278,25408,6356,10728,3467,3147,23650,22666,32786,29990,32985,32678,38246,38276,41659,41733,27498,30574,19606,24479,6093,10183,343482,323092,45692,44063,77558,71294,21225,64,42
2021-10-21T23:59:59+02:00,4063,3789,25970,24894,35118,32489,34870,34798,40233,40564,43646,43690,28458,31692,20272,25402,6356,10726,3282,2995,23506,22514,32691,29899,32914,32610,38186,38221,41608,41693,27480,30555,19590,24462,6088,10174,342581,321934,45666,44031,77557,71294,21167,64,42
2021-10-20T23:59:59+02:00,4054,3773,25939,24864,35067,32442,34836,34765,40211,40543,43627,43676,28453,31687,20269,25397,6351,10722,3249,2967,23466,22474,32650,29866,32886,32582,38160,38191,41586,41671,27465,30543,19580,24451,6085,10170,342246,321534,45659,44017,77557,71294,21155,64,42
2021-10-19T23:59:59+02:00,4036,3746,25868,24819,35013,32396,34797,34726,40177,40516,43607,43662,28448,31680,20261,25389,6346,10719,3146,2854,23347,22364,32571,29798,32846,32539,38133,38147,41555,41647,27450,30526,19571,24444,6078,10165,341829,320744,45635,43976,77557,71293,21126,64,42
2021-10-18T23:59:59+02:00,4027,3728,25828,24793,34983,32359,34779,34712,40160,40502,43597,43648,28441,31673,20251,25382,6345,10719,3117,2836,23300,22326,32539,29755,32822,32503,38107,38127,41535,41624,27443,30519,19564,24435,6075,10161,341570,320382,45628,43958,77557,71293,21113,64,42
2021-10-17T23:59:59+02:00,4019,3716,25812,24787,34970,32347,34770,34706,40157,40499,43592,43640,28437,31668,20251,25377,6344,10717,3029,2757,23260,22299,32528,29741,32816,32493,38103,38120,41534,41616,27443,30516,19563,24433,6073,10161,341453,320080,45628,43958,77557,71293,21112,64,42
2021-10-16T23:59:59+02:00,4019,3716,25812,24787,34970,32347,34769,34706,40156,40498,43592,43640,28436,31667,20251,25376,6344,10716,3028,2755,23259,22299,32528,29741,32816,32492,38102,38119,41534,41615,27442,30516,19563,24432,6072,10159,341447,320068,45628,43958,77557,71293,21111,64,42
2021-10-15T23:59:59+02:00,4009,3706,25774,24756,34938,32321,34745,34683,40137,40486,43581,43633,28432,31664,20248,25373,6342,10712,2998,2731,23198,22228,32471,29691,32784,32446,38073,38092,41515,41598,27434,30509,19560,24428,6072,10155,341211,319615,45612,43931,77556,71293,21102,64,42
2021-10-14T23:59:59+02:00,3989,3676,25701,24697,34874,32254,34700,34648,40103,40453,43550,43618,28424,31655,20242,25369,6339,10707,2954,2674,23115,22142,32408,29595,32732,32389,38015,38049,41476,41561,27417,30495,19552,24419,6069,10154,340730,318932,45591,43886,77556,71293,21063,64,42
2021-10-13T23:59:59+02:00,3975,3653,25670,24676,34848,32223,34680,34632,40088,40431,43532,43598,28416,31649,20237,25360,6333,10700,2933,2653,23082,22102,32382,29556,32721,32354,37995,38029,41460,41549,27410,30481,19545,24412,6069,10149,340440,318611,45588,43878,77556,71293,21058,64,42
2021-10-12T23:59:59+02:00,3958,3633,25619,24624,34788,32159,34646,34602,40059,40404,43512,43585,28403,31634,20233,25351,6327,10693,2905,2619,22994,22005,32283,29466,32677,32306,37938,37991,41435,41512,27385,30468,19538,24402,6066,10139,340010,317920,45570,43841,77556,71291,21035,64,42
2021-10-11T23:59:59+02:00,3950,3621,25594,24598,34773,32135,34618,34584,40048,40391,43501,43572,28393,31625,20226,25346,6323,10688,2884,2608,22963,21972,32240,29431,32652,32276,37921,37974,41414,41495,27379,30462,19532,24395,6064,10135,339789,317606,45557,43833,77556,71291,21025,64,42
2021-10-10T23:59:59+02:00,3947,3619,25589,24591,34764,32124,34612,34570,40040,40386,43492,43565,28392,31620,20221,25342,6323,10684,2876,2602,22953,21956,32228,29414,32647,32269,37910,37963,41408,41490,27373,30458,19531,24394,6064,10135,339686,317483,45555,43830,77556,71291,21025,64,42
2021-10-09T23:59:59+02:00,3946,3616,25588,24589,34763,32120,34610,34569,40037,40382,43490,43565,28390,31619,20220,25339,6322,10684,2876,2601,22953,21956,32228,29414,32645,32268,37909,37963,41407,41489,27373,30458,19530,24394,6064,10134,339654,317474,45555,43830,77556,71291,21025,64,42
2021-10-08T23:59:59+02:00,3911,3592,25516,24531,34700,32065,34577,34538,40003,40354,43456,43539,28380,31609,20207,25323,6314,10680,2849,2566,22855,21889,32179,29359,32608,32220,37881,37919,41382,41465,27361,30440,19524,24386,6060,10133,339137,316923,45537,43815,77556,71290,21006,64,42
2021-10-07T23:59:59+02:00,3887,3548,25440,24450,34630,31992,34529,34499,39963,40312,43423,43512,28370,31597,20191,25313,6307,10670,2791,2504,22728,21746,32107,29271,32556,32143,37834,37871,41339,41424,27341,30422,19508,24372,6053,10121,338544,316047,45510,43789,77556,71289,20964,64,42
2021-10-06T23:59:59+02:00,3873,3528,25404,24406,34590,31953,34503,34468,39944,40295,43404,43494,28363,31588,20178,25295,6303,10658,2776,2487,22695,21704,32076,29234,32534,32112,37818,37846,41320,41409,27331,30412,19498,24360,6051,10117,338168,315706,45507,43786,77556,71289,20957,64,42
2021-10-05T23:59:59+02:00,3851,3509,25347,24344,34520,31878,34464,34429,39924,40260,43366,43471,28353,31576,20157,25275,6298,10629,2739,2445,22619,21585,31984,29142,32479,32048,37775,37805,41290,41380,27315,30402,19488,24350,6041,10107,337654,315006,45485,43760,77554,71287,20899,64,42
2021-10-04T23:59:59+02:00,3828,3487,25299,24299,34475,31842,34429,34396,39897,40239,43346,43450,28345,31567,20149,25258,6289,10615,2724,2435,22574,21539,31955,29093,32450,32024,37755,37787,41264,41364,27304,30386,19479,24341,6037,10097,337242,314655,45474,43746,77554,71284,20881,64,42
2021-10-03T23:59:59+02:00,3819,3484,25284,24292,34465,31836,34421,34389,39891,40229,43340,43446,28341,31565,20146,25249,6288,10608,2719,2429,22560,21528,31947,29083,32436,32015,37748,37781,41256,41360,27302,30381,19475,24335,6032,10091,337129,314530,45473,43744,77554,71284,20878,64,42
2021-10-02T23:59:59+02:00,3819,3484,25284,24292,34464,31836,34421,34389,39890,40229,43340,43446,28341,31565,20146,25249,6288,10608,2718,2429,22560,21528,31947,29083,32436,32015,37748,37781,41256,41360,27302,30381,19475,24335,6032,10091,337127,314529,45473,43744,77554,71284,20878,64,42
2021-10-01T23:59:59+02:00,3800,3466,25235,24226,34397,31767,34359,34348,39855,40204,43310,43428,28337,31558,20144,25247,6286,10605,2675,2387,22460,21439,31895,29012,32386,31973,37710,37733,41231,41343,27295,30376,19471,24330,6031,10089,336687,313967,45446,43717,77552,71282,20828,64,42
2021-09-30T23:59:59+02:00,3768,3424,25135,24110,34294,31689,34288,34289,39788,40146,43258,43387,28323,31539,20133,25239,6283,10594,2613,2335,22339,21321,31813,28908,32326,31902,37660,37685,41191,41317,27266,30364,19468,24317,6029,10084,335927,313172,45404,43692,77547,71282,20750,64,42
2021-09-29T23:59:59+02:00,3750,3404,25107,24064,34264,31661,34262,34263,39769,40124,43237,43369,28314,31531,20128,25233,6277,10587,2606,2321,22311,21290,31790,28888,32306,31878,37643,37668,41175,41305,27260,30352,19463,24308,6028,10080,335601,312923,45400,43688,77547,71282,20737,64,42
2021-09-28T23:59:59+02:00,3722,3372,25020,23992,34182,31592,34212,34213,39720,40083,43201,43338,28298,31512,20120,25221,6273,10578,2585,2295,22217,21216,31724,28815,32259,31831,37609,37625,41150,41280,27239,30337,19461,24299,6025,10078,335031,312418,45366,43658,77547,71281,20646,64,42
2021-09-27T23:59:59+02:00,3699,3348,24977,23965,34145,31552,34189,34183,39700,40049,43181,43317,28290,31502,20113,25216,6269,10570,2566,2281,22181,21184,31692,28775,32233,31810,37587,37607,41130,41267,27230,30332,19458,24295,6024,10074,334693,312151,45357,43642,77546,71281,20610,64,42
2021-09-26T23:59:59+02:00,3546,3244,24920,23930,34135,31544,34182,34180,39694,40043,43175,43311,28289,31500,20111,25215,6268,10569,2555,2274,22165,21165,31688,28768,32229,31806,37579,37600,41125,41261,27227,30328,19455,24293,6023,10073,334289,312046,45357,43641,77546,71280,20605,64,42
2021-09-25T23:59:59+02:00,3545,3244,24919,23930,34135,31544,34182,34180,39692,40042,43174,43311,28289,31499,20111,25215,6268,10569,2555,2273,22163,21162,31688,28768,32227,31805,37576,37598,41125,41261,27227,30327,19455,24293,6023,10073,334283,312031,45357,43641,77545,71280,20605,64,42
2021-09-24T23:59:59+02:00,3521,3212,24837,23854,34023,31465,34114,34117,39635,39995,43140,43285,28275,31488,20108,25209,6267,10567,2519,2242,22077,21073,31594,28704,32182,31768,37520,37560,41105,41239,27215,30316,19452,24290,6022,10073,333757,311575,45324,43628,77544,71279,20428,64,41
2021-09-23T23:59:59+02:00,3350,3061,24699,23705,33933,31375,34037,34057,39577,39942,43082,43241,28258,31474,20100,25197,6264,10565,2469,2198,21963,20970,31526,28627,32130,31712,37484,37526,41070,41205,27201,30296,19445,24274,6021,10070,332715,310956,45296,43610,77544,71277,20303,64,41
2021-09-22T23:59:59+02:00,3327,3036,24663,23650,33901,31342,34014,34018,39548,39926,43059,43216,28248,31465,20096,25186,6264,10560,2454,2186,21933,20939,31489,28589,32112,31683,37462,37511,41047,41194,27191,30290,19442,24270,6021,10069,332364,310692,45287,43606,77542,71276,20267,64,41
2021-09-21T23:59:59+02:00,3200,2903,24466,23493,33758,31242,33949,33935,39479,39878,43038,43174,28229,31445,20087,25180,6256,10553,2390,2155,21796,20801,31379,28484,32035,31606,37408,37463,41015,41160,27180,30278,19434,24255,6018,10064,331306,309917,45248,43578,77542,71275,20110,64,41
2021-09-20T23:59:59+02:00,3176,2881,24420,23446,33710,31202,33919,33902,39448,39847,43014,43149,28224,31435,20083,25174,6256,10549,2383,2143,21758,20760,31333,28437,32012,31570,37378,37445,41001,41151,27169,30271,19425,24249,6016,10057,330940,309612,45232,43571,77542,71273,20062,64,40
2021-09-19T23:59:59+02:00,3172,2879,24410,23440,33702,31194,33911,33895,39443,39832,43005,43148,28223,31434,20083,25172,6256,10549,2379,2139,21751,20754,31329,28429,32008,31569,37371,37437,40993,41150,27169,30271,19424,24248,6016,10057,330863,309558,45232,43570,77541,71273,20053,64,40
2021-09-18T23:59:59+02:00,3172,2879,24410,23440,33702,31194,33911,33895,39443,39832,43005,43148,28223,31434,20083,25172,6256,10549,2379,2139,21751,20754,31329,28426,32006,31569,37371,37437,40993,41150,27169,30271,19424,24247,6016,10057,330863,309552,45232,43570,77541,71273,20053,64,40
2021-09-17T23:59:59+02:00,3145,2842,24305,23325,33597,31093,33835,33827,39373,39778,42970,43121,28209,31426,20081,25165,6254,10547,2332,2096,21671,20677,31257,28363,31943,31522,37331,37403,40973,41136,27161,30256,19422,24240,6016,10056,330212,309100,45190,43550,77540,71273,19892,63,40
2021-09-16T23:59:59+02:00,3095,2794,24192,23193,33501,30985,33767,33724,39327,39718,42917,43072,28183,31405,20065,25154,6251,10539,2292,2054,21566,20579,31174,28288,31876,31456,37308,37348,40939,41097,27150,30236,19415,24232,6014,10055,329393,308494,45152,43540,77540,71267,19738,63,40
2021-09-15T23:59:59+02:00,3072,2781,24151,23145,33470,30941,33752,33693,39298,39689,42899,43054,28173,31394,20059,25148,6250,10537,2279,2039,21529,20536,31142,28242,31850,31433,37276,37314,40916,41071,27136,30227,19408,24224,6014,10051,329062,308136,45139,43539,77539,71265,19707,63,40
2021-09-14T23:59:59+02:00,3032,2749,24043,23002,33327,30802,33667,33608,39241,39638,42848,43004,28155,31378,20050,25140,6246,10532,2260,2014,21445,20454,31052,28153,31785,31371,37227,37272,40872,41045,27126,30207,19399,24216,6012,10048,328249,307613,45104,43532,77538,71261,19512,63,40
2021-09-13T23:59:59+02:00,3014,2730,23992,22949,33280,30743,33634,33558,39216,39607,42817,42980,28149,31365,20045,25138,6244,10528,2245,1998,21393,20406,31007,28103,31755,31339,37204,37252,40858,41023,27120,30201,19395,24212,6011,10047,327866,307314,45088,43519,77538,71258,19438,63,40
2021-09-12T23:59:59+02:00,3010,2723,23988,22941,33274,30738,33625,33552,39211,39604,42814,42978,28147,31363,20044,25137,6244,10527,2242,1995,21377,20397,30998,28085,31736,31331,37198,37245,40852,41017,27115,30200,19393,24209,6011,10045,327798,307192,45088,43519,77537,71257,19438,63,40
2021-09-11T23:59:59+02:00,3008,2722,23986,22939,33272,30737,33623,33551,39211,39602,42813,42978,28144,31361,20044,25137,6244,10527,2241,1993,21373,20396,30997,28082,31736,31331,37198,37243,40851,41016,27113,30200,19393,24209,6011,10045,327778,307175,45088,43519,77537,71257,19437,63,40
2021-09-10T23:59:59+02:00,2966,2680,23854,22811,33143,30621,33521,33475,39136,39518,42765,42938,28128,31344,20039,25129,6243,10525,2204,1955,21258,20293,30885,27989,31647,31278,37133,37201,40805,40983,27105,30190,19387,24199,6009,10044,327037,306634,45068,43500,77537,71256,19135,63,40
2021-09-09T23:59:59+02:00,2916,2641,23673,22663,33032,30491,33421,33374,39064,39445,42724,42890,28100,31327,20030,25123,6241,10523,2150,1898,21137,20163,30793,27892,31572,31183,37070,37145,40757,40935,27081,30174,19378,24190,6005,10041,326134,305883,45044,43481,77535,71253,18907,62,40
2021-09-08T23:59:59+02:00,2895,2610,23632,22612,33002,30452,33405,33346,39044,39423,42709,42875,28094,31318,20027,25118,6240,10523,2139,1886,21103,20132,30762,27876,31557,31158,37052,37122,40746,40921,27074,30168,19373,24185,6004,10040,325818,305654,45038,43477,77534,71252,18877,62,38
2021-09-07T23:59:59+02:00,2842,2555,23483,22467,32883,30344,33330,33260,38988,39359,42664,42841,28076,31301,20023,25113,6239,10520,2084,1845,20968,19998,30645,27789,31482,31092,37004,37070,40708,40892,27057,30143,19367,24174,6003,10038,325065,305001,45013,43455,77533,71247,18618,62,38
2021-09-06T23:59:59+02:00,2819,2540,23451,22423,32852,30311,33309,33240,38966,39346,42648,42826,28073,31297,20021,25111,6238,10517,2060,1827,20926,19955,30614,27762,31461,31067,36985,37051,40694,40880,27049,30135,19365,24165,6000,10036,324798,304699,44997,43447,77532,71246,18602,62,38
2021-09-05T23:59:59+02:00,2808,2537,23445,22418,32850,30306,33307,33235,38963,39343,42644,42820,28071,31293,20019,25110,6237,10516,2056,1824,20914,19948,30604,27756,31458,31063,36982,37049,40690,40877,27044,30133,19363,24161,5999,10036,324735,304626,44996,43447,77532,71246,18600,62,38
2021-09-04T23:59:59+02:00,2808,2537,23442,22417,32849,30306,33307,33234,38963,39342,42643,42819,28071,31293,20019,25110,6237,10516,2054,1821,20912,19948,30604,27756,31457,31062,36982,37049,40689,40877,27044,30133,19363,24161,5999,10036,324729,304619,44996,43447,77532,71246,18597,62,38
2021-09-03T23:59:59+02:00,2785,2503,23365,22339,32775,30235,33267,33191,38919,39313,42613,42806,28063,31280,20018,25108,6235,10515,2038,1804,20863,19889,30555,27717,31423,31027,36954,37023,40660,40865,27036,30125,19361,24159,5998,10036,324230,304276,44968,43438,77530,71238,18543,62,38
2021-09-02T23:59:59+02:00,2754,2471,23259,22242,32715,30145,33208,33136,38881,39280,42574,42773,28043,31268,20014,25094,6233,10512,2015,1785,20789,19829,30496,27655,31385,30996,36914,36986,40627,40836,27026,30113,19358,24148,5998,10036,323625,303850,44938,43420,77529,71233,18451,62,38
2021-09-01T23:59:59+02:00,2732,2457,23235,22205,32685,30113,33186,33110,38854,39259,42561,42757,28035,31261,20009,25092,6233,10512,1997,1770,20748,19786,30463,27627,31358,30972,36895,36970,40609,40820,27016,30104,19357,24142,5998,10036,323370,303573,44927,43413,77528,71232,18412,62,38
2021-08-31T23:59:59+02:00,2687,2414,23112,22099,32604,30013,33132,33053,38809,39218,42535,42732,28024,31255,20003,25088,6232,10508,1973,1750,20662,19691,30391,27567,31309,30930,36855,36938,40580,40795,27007,30092,19351,24137,5998,10034,322793,303157,44897,43398,77527,71225,18242,62,38
2021-08-30T23:59:59+02:00,2665,2390,23060,22056,32564,29971,33106,33016,38780,39198,42516,42714,28019,31248,19996,25079,6231,10504,1926,1710,20538,19589,30296,27472,31248,30879,36822,36911,40559,40761,26991,30077,19350,24128,5998,10032,322451,302446,44882,43389,77527,71220,18194,62,38
2021-08-29T23:59:59+02:00,2634,2360,22972,21991,32501,29914,33063,32985,38734,39162,42486,42693,28010,31241,19993,25074,6231,10503,1900,1685,20434,19521,30227,27422,31213,30845,36781,36882,40534,40743,26978,30066,19349,24123,5998,10032,321995,302017,44866,43366,77525,71210,18102,62,38
2021-08-28T23:59:59+02:00,2628,2358,22972,21991,32497,29914,33062,32985,38731,39161,42485,42693,28009,31241,19993,25074,6231,10503,1900,1683,20433,19520,30221,27422,31213,30842,36778,36880,40534,40743,26978,30066,19349,24123,5998,10032,321982,302006,44866,43365,77525,71210,18096,62,38
2021-08-27T23:59:59+02:00,2628,2358,22967,21988,32490,29913,33060,32982,38729,39159,42481,42693,28008,31241,19993,25074,6230,10503,1899,1682,20427,19519,30213,27421,31211,30840,36775,36879,40532,40743,26978,30066,19349,24122,5998,10032,321963,301991,44866,43365,77525,71208,18084,62,38
2021-08-26T23:59:59+02:00,2545,2274,22779,21782,32357,29771,32941,32875,38641,39070,42416,42624,27983,31208,19980,25056,6229,10497,1813,1601,20158,19249,30073,27256,31068,30713,36666,36784,40447,40669,26936,30025,19330,24098,5992,10030,320742,300480,44846,43341,77524,71192,17857,62,38
2021-08-25T23:59:59+02:00,2539,2266,22759,21757,32346,29750,32927,32860,38629,39056,42405,42618,27978,31205,19973,25050,6226,10495,1802,1592,20110,19205,30037,27226,31047,30677,36641,36752,40428,40653,26923,30012,19327,24090,5991,10029,320555,300117,44846,43341,77524,71191,17855,62,38
2021-08-24T23:59:59+02:00,2521,2255,22720,21715,32320,29705,32908,32828,38619,39036,42386,42604,27972,31194,19968,25042,6225,10494,1792,1583,20072,19163,30004,27185,31027,30642,36627,36731,40408,40635,26917,30002,19323,24087,5991,10025,320268,299829,44836,43336,77524,71186,17825,62,38
2021-08-23T23:59:59+02:00,2502,2223,22652,21642,32250,29648,32872,32797,38580,39005,42356,42591,27956,31185,19965,25031,6225,10492,1748,1539,19948,19041,29885,27106,30962,30595,36578,36687,40366,40606,26905,29987,19317,24077,5991,10019,319827,299090,44825,43312,77522,71178,17739,62,38
2021-08-22T23:59:59+02:00,2493,2214,22616,21610,32231,29630,32856,32789,38563,38989,42351,42582,27952,31180,19960,25031,6225,10491,1738,1526,19909,19003,29849,27073,30931,30559,36557,36671,40347,40584,26897,29983,19314,24074,5991,10017,319657,298800,44819,43309,77521,71169,17707,62,38
2021-08-21T23:59:59+02:00,2474,2201,22561,21560,32191,29593,32833,32765,38549,38966,42334,42572,27945,31172,19958,25028,6225,10490,1708,1502,19808,18905,29777,27015,30897,30515,36522,36629,40323,40563,26886,29974,19309,24070,5989,10017,319411,298292,44806,43294,77519,71163,17622,62,38
2021-08-20T23:59:59+02:00,2436,2159,22474,21453,32114,29510,32771,32717,38498,38926,42292,42544,27938,31158,19954,25013,6224,10486,1661,1465,19634,18778,29650,26912,30822,30456,36459,36583,40277,40525,26871,29955,19300,24061,5988,10013,318826,297476,44783,43268,77516,71145,17483,62,38
2021-08-19T23:59:59+02:00,2346,2091,22314,21315,31976,29385,32680,32633,38396,38846,42222,42490,27912,31125,19947,25001,6219,10477,1605,1415,19375,18571,29436,26763,30701,30347,36340,36487,40175,40440,26843,29925,19289,24045,5984,10008,317888,296203,44762,43238,77516,71120,17150,62,38
2021-08-18T23:59:59+02:00,2336,2082,22288,21293,31954,29364,32658,32610,38368,38828,42209,42475,27897,31115,19941,24996,6219,10475,1582,1397,19320,18512,29396,26729,30675,30316,36311,36466,40151,40409,26826,29914,19285,24033,5979,10004,317628,295769,44762,43237,77516,71118,17143,62,38
2021-08-17T23:59:59+02:00,2319,2066,22263,21265,31938,29334,32632,32585,38355,38816,42185,42456,27891,31102,19935,24991,6219,10475,1569,1386,19277,18463,29364,26690,30630,30289,36283,36431,40123,40385,26804,29899,19278,24016,5975,10000,317381,295367,44762,43234,77516,71114,17109,62,38
2021-08-16T23:59:59+02:00,2280,2049,22196,21222,31897,29289,32607,32564,38331,38795,42153,42439,27882,31095,19933,24981,6219,10474,1545,1361,19068,18318,29218,26575,30553,30200,36236,36377,40085,40343,26784,29883,19271,23997,5969,9998,317031,294363,44762,43228,77514,71112,17040,62,38
2021-08-15T23:59:59+02:00,2253,2026,22142,21165,31849,29248,32583,32531,38303,38776,42132,42425,27875,31090,19927,24974,6218,10474,1523,1345,18949,18200,29060,26447,30473,30118,36170,36326,40030,40286,26765,29859,19261,23988,5966,9997,316695,293439,44753,43211,77513,71104,16971,62,38
2021-08-14T23:59:59+02:00,2247,2023,22116,21149,31837,29232,32579,32525,38295,38771,42126,42422,27874,31089,19926,24973,6218,10473,1493,1317,18836,18106,28997,26383,30433,30070,36145,36295,40009,40271,26758,29853,19258,23987,5965,9994,316606,292893,44750,43192,77513,71100,16947,62,38
2021-08-13T23:59:59+02:00,2230,2012,22070,21111,31800,29208,32542,32497,38280,38757,42116,42412,27872,31084,19923,24970,6217,10473,1418,1252,18580,17846,28820,26222,30317,29979,36093,36227,39964,40235,26742,29841,19253,23978,5962,9990,316371,291527,44745,43176,77511,71090,16888,62,38
2021-08-12T23:59:59+02:00,2194,1974,21981,21016,31729,29131,32486,32447,38233,38714,42079,42378,27856,31065,19916,24960,6215,10473,1325,1192,18278,17532,28569,25994,30174,29849,35999,36134,39888,40167,26706,29794,19233,23955,5960,9987,315796,289781,44734,43124,77508,71043,16750,62,38
2021-08-11T23:59:59+02:00,2192,1969,21961,21000,31711,29110,32471,32431,38225,38705,42068,42361,27847,31062,19913,24956,6214,10469,1317,1179,18222,17477,28533,25949,30127,29811,35979,36096,39852,40134,26694,29767,19226,23945,5960,9985,315615,289305,44734,43121,77508,71040,16749,62,38
2021-08-10T23:59:59+02:00,2183,1948,21934,20963,31673,29088,32455,32411,38198,38678,42050,42352,27841,31054,19912,24953,6213,10465,1283,1145,17708,17023,28357,25793,30033,29721,35810,35973,39802,40090,26670,29744,19219,23929,5956,9984,315367,287608,44729,43092,77506,70790,16712,60,38
2021-08-09T23:59:59+02:00,2159,1934,21884,20911,31615,29041,32420,32381,38173,38658,42036,42328,27830,31045,19911,24944,6212,10463,1240,1105,17239,16569,28225,25687,29977,29666,35763,35928,39770,40055,26661,29730,19214,23923,5956,9982,314989,286132,44723,43072,77506,70778,16670,60,38
2021-08-08T23:59:59+02:00,2143,1916,21830,20866,31571,29004,32386,32355,38149,38650,42014,42307,27823,31041,19905,24940,6212,10460,1175,1043,16894,16227,28114,25603,29919,29593,35715,35890,39748,40029,26649,29717,19205,23913,5954,9977,314672,284890,44722,43051,77505,70770,16616,60,38
2021-08-07T23:59:59+02:00,2099,1873,21694,20784,31489,28936,32312,32294,38092,38601,41981,42278,27814,31014,19900,24931,6210,10458,1029,918,16385,15774,27808,25313,29691,29406,35538,35732,39607,39917,26593,29653,19186,23884,5951,9973,314043,282238,44689,42930,77499,70680,16472,60,38
2021-08-06T23:59:59+02:00,2089,1863,21643,20745,31446,28903,32280,32275,38066,38581,41969,42262,27810,31005,19896,24931,6210,10458,910,810,15358,14796,26662,24414,29400,29174,35291,35532,39290,39677,26551,29606,19176,23874,5950,9970,313812,277240,44685,42908,77499,69876,16379,60,38
2021-08-05T23:59:59+02:00,2050,1834,21537,20658,31389,28825,32219,32216,38006,38530,41924,42224,27793,30986,19888,24918,6208,10455,811,704,14466,14050,25640,23630,28684,28657,34758,35097,38972,39431,26484,29526,19144,23840,5947,9960,313253,272339,44662,42857,77498,68377,16190,60,38
2021-08-04T23:59:59+02:00,2030,1815,21465,20607,31344,28757,32185,32174,37970,38508,41887,42195,27780,30970,19883,24905,6206,10451,733,658,14093,13708,25234,23326,28472,28430,34615,34972,38873,39337,26445,29481,19122,23817,5942,9955,312803,269893,44655,42827,77498,68336,16119,60,38
2021-08-03T23:59:59+02:00,2021,1799,21438,20581,31326,28744,32172,32164,37960,38494,41871,42182,27771,30964,19878,24898,6205,10449,713,644,14009,13617,25156,23250,28404,28373,34567,34924,38821,39298,26419,29454,19110,23805,5939,9949,312597,269165,44651,42823,77496,68310,16116,60,38
2021-08-02T23:59:59+02:00,2011,1778,21393,20543,31280,28722,32145,32133,37934,38479,41858,42167,27762,30952,19878,24890,6204,10445,682,614,13806,13407,24450,22700,28120,28150,34420,34812,38743,39235,26392,29422,19102,23801,5939,9947,312307,266746,44648,42809,77496,68083,16066,60,38
2021-08-01T23:59:59+02:00,1991,1761,21341,20496,31231,28682,32118,32114,37915,38460,41837,42150,27756,30945,19875,24882,6204,10445,644,586,13637,13247,24150,22444,27881,27932,34330,34704,38675,39163,26376,29403,19096,23795,5939,9945,312003,265046,44642,42797,77495,68060,16006,60,38
2021-07-31T23:59:59+02:00,1966,1731,21261,20419,31161,28643,32063,32074,37880,38431,41813,42129,27752,30936,19870,24878,6204,10445,372,356,12693,12224,23634,22001,27536,27575,34018,34409,38242,38819,26305,29318,19070,23750,5934,9939,311582,260015,44630,42761,77493,67488,15893,60,38
2021-07-30T23:59:59+02:00,1941,1711,21236,20397,31129,28623,32048,32053,37874,38424,41805,42121,27747,30933,19869,24878,6203,10445,364,349,12606,12151,23310,21710,27259,27363,33799,34244,38080,38684,26281,29300,19069,23742,5934,9937,311391,258595,44629,42753,77493,66930,15866,60,38
2021-07-29T23:59:59+02:00,1872,1642,21004,20158,30988,28475,31944,31941,37781,38334,41710,42061,27719,30908,19856,24859,6196,10436,298,289,11977,11616,22181,20871,26218,26524,32815,33550,37696,38393,26198,29199,19040,23695,5928,9928,310174,252977,44600,42663,77485,65171,15567,60,38
2021-07-28T23:59:59+02:00,1852,1627,20964,20105,30968,28445,31928,31920,37759,38315,41687,42040,27708,30896,19851,24849,6196,10434,254,238,11694,11312,21773,20489,25787,26097,32649,33393,37583,38302,26161,29148,19021,23672,5927,9923,309852,250050,44600,42663,77473,65110,15562,59,38
2021-07-27T23:59:59+02:00,1842,1621,20925,20062,30944,28412,31893,31904,37738,38282,41663,42027,27701,30889,19850,24844,6196,10431,215,215,11447,11095,21570,20299,25642,25977,32536,33285,37494,38218,26130,29110,19011,23660,5924,9919,309616,248566,44600,42628,77472,65037,15479,59,37
2021-07-26T23:59:59+02:00,1816,1585,20799,19932,30836,28312,31834,31841,37683,38213,41620,41996,27675,30871,19839,24830,6190,10428,180,187,11152,10772,21066,19856,25392,25768,32374,33135,37362,38130,26094,29076,18998,23637,5923,9911,308852,246274,44569,42514,77465,64831,15357,59,37
2021-07-25T23:59:59+02:00,1809,1577,20776,19920,30826,28302,31822,31826,37675,38207,41610,41986,27671,30868,19838,24828,6190,10427,169,174,11046,10665,20914,19750,25159,25574,32134,32925,37216,37995,26075,29062,18992,23629,5922,9908,308734,245009,44560,42499,77457,64414,15350,59,37
2021-07-24T23:59:59+02:00,1789,1562,20694,19846,30781,28262,31787,31790,37646,38178,41588,41974,27664,30862,19835,24826,6190,10427,163,169,10983,10610,20838,19687,25087,25513,32081,32894,37186,37974,26069,29057,18990,23627,5922,9908,308383,244639,44549,42476,77453,64347,15259,59,37
2021-07-23T23:59:59+02:00,1734,1527,20501,19700,30622,28147,31701,31716,37579,38126,41549,41931,27653,30845,19830,24820,6189,10422,151,158,10722,10403,20481,19385,24281,24866,31597,32562,36617,37517,26025,29015,18974,23609,5921,9906,307551,241762,44540,42429,77436,62955,15007,59,37
2021-07-22T23:59:59+02:00,1670,1470,20192,19426,30378,27968,31571,31603,37449,38020,41452,41848,27626,30821,19819,24796,6185,10421,114,131,10259,10025,19736,18871,23326,24193,30887,31973,35581,36754,25913,28917,18940,23576,5919,9902,306074,238147,44505,41764,77431,60422,14647,59,37
2021-07-21T23:59:59+02:00,1655,1462,20154,19374,30348,27938,31547,31580,37429,37995,41431,41824,27617,30813,19814,24790,6180,10417,96,110,9949,9693,19277,18419,22453,23426,30552,31640,35345,36556,25831,28820,18909,23523,5911,9892,305746,235404,44496,40073,77429,60250,14639,59,36
2021-07-20T23:59:59+02:00,1648,1456,20120,19347,30317,27914,31522,31560,37413,37977,41419,41811,27602,30798,19814,24783,6180,10414,85,99,9681,9413,18946,18152,22180,23142,30374,31483,35180,36412,25785,28772,18893,23487,5910,9888,305487,233005,44494,40065,77428,60148,14628,59,36
2021-07-19T23:59:59+02:00,1637,1448,20006,19261,30233,27842,31463,31503,37394,37958,41404,41793,27597,30787,19808,24776,6179,10411,78,93,9484,9216,18634,17877,21718,22721,30120,31252,35062,36309,25751,28733,18874,23471,5910,9885,304908,231375,44488,39124,77426,60033,14620,59,36
2021-07-18T23:59:59+02:00,1626,1442,19937,19193,30105,27744,31399,31437,37335,37906,41360,41741,27576,30756,19799,24761,6175,10408,72,85,9373,9100,18464,17726,21526,22532,29951,31053,34948,36208,25719,28710,18863,23453,5910,9879,304121,230115,44488,38820,77423,59991,14610,59,36
2021-07-17T23:59:59+02:00,1625,1438,19930,19191,30105,27743,31399,31433,37330,37904,41356,41739,27575,30755,19798,24761,6175,10408,72,81,9352,9085,18433,17704,21507,22519,29941,31046,34930,36204,25716,28708,18863,23452,5910,9879,304090,229963,44488,38817,77423,59980,14606,59,36
2021-07-16T23:59:59+02:00,1572,1393,19657,18951,29985,27647,31317,31364,37275,37841,41315,41707,27557,30738,19791,24751,6173,10402,71,79,9234,8971,18052,17399,21204,22245,29551,30689,34794,36098,25693,28684,18856,23439,5908,9877,303113,228686,44465,38095,77422,59650,14378,59,35
2021-07-15T23:59:59+02:00,1514,1349,19400,18704,29813,27499,31206,31264,37191,37758,41245,41640,27514,30709,19775,24738,6169,10399,62,67,8869,8667,17147,16577,19651,21017,28630,29767,34170,35516,25525,28503,18800,23389,5902,9865,301836,222572,44425,36634,77414,58729,14154,59,35
2021-07-14T23:59:59+02:00,1500,1336,19370,18668,29787,27473,31182,31232,37179,37744,41226,41633,27506,30702,19766,24731,6168,10396,54,62,8579,8369,16597,15975,19156,20497,28065,29266,33779,35142,25412,28374,18760,23322,5897,9854,301554,218399,44424,36275,77412,58300,14151,59,35
2021-07-13T23:59:59+02:00,1489,1325,19332,18644,29770,27448,31158,31216,37164,37717,41202,41605,27497,30688,19764,24726,6167,10390,36,56,8271,8110,16201,15627,18879,20218,27801,29015,33509,34883,25313,28253,18727,23281,5895,9849,301268,215701,44423,36238,77411,57808,14142,59,35
2021-07-12T23:59:59+02:00,1473,1315,19281,18626,29734,27419,31141,31195,37152,37700,41186,41592,27493,30684,19762,24720,6166,10390,35,51,8011,7898,15921,15348,18179,19668,27484,28694,33097,34521,25145,28056,18668,23207,5889,9844,301004,214412,44422,34307,77411,56828,14134,59,35
2021-07-11T23:59:59+02:00,1463,1307,19249,18595,29707,27387,31124,31164,37144,37679,41172,41580,27484,30675,19760,24720,6165,10389,33,50,7966,7852,15856,15278,18089,19614,27400,28631,32982,34458,25090,28011,18648,23185,5889,9841,300751,213835,44419,34296,77409,56580,14127,59,35
2021-07-10T23:59:59+02:00,1334,1191,18745,18174,29254,27085,30839,30930,36897,37518,40968,41430,27410,30615,19734,24688,6162,10386,32,50,7838,7782,15567,15140,17870,19463,27156,28489,32815,34342,25024,27965,18632,23172,5888,9841,298533,213414,44283,34173,77380,56338,13106,59,35
2021-07-09T23:59:59+02:00,1323,1185,18717,18143,29233,27068,30826,30917,36886,37506,40957,41421,27406,30611,19732,24684,6162,10385,29,48,7796,7737,15496,15073,17805,19369,26934,28259,32565,34129,24960,27902,18610,23146,5888,9838,298387,213129,44264,34169,77379,55177,13074,59,35
2021-07-08T23:59:59+02:00,1245,1103,18450,17928,29081,26916,30688,30796,36783,37403,40858,41343,27372,30577,19713,24664,6157,10379,24,44,7630,7601,15198,14826,17374,19009,26242,27655,32290,33861,24791,27744,18551,23084,5885,9830,297112,211992,44207,32747,77371,54157,12708,59,35
2021-07-07T23:59:59+02:00,1146,1011,18139,17604,28879,26731,30558,30671,36671,37281,40751,41256,27338,30528,19699,24648,6154,10376,21,36,7434,7389,14756,14460,16907,18564,25488,27042,31881,33479,24523,27418,18457,22991,5876,9821,295537,209072,44156,31910,77361,53197,12329,59,35
2021-07-06T23:59:59+02:00,1123,994,18061,17536,28834,26681,30508,30624,36635,37246,40716,41225,27321,30502,19688,24634,6152,10373,14,30,7218,7159,14410,14098,16555,18214,24735,26395,31580,33215,24333,27204,18409,22920,5869,9814,294959,207005,44152,30503,77358,52303,12326,59,35
2021-07-05T23:59:59+02:00,1081,966,17985,17473,28790,26622,30468,30589,36610,37201,40688,41199,27315,30488,19682,24628,6152,10368,4,17,6989,6973,14105,13828,16204,17851,24177,25883,31007,32648,24053,26906,18301,22780,5861,9804,294468,205510,44150,28401,77354,51170,12275,59,35
2021-07-04T23:59:59+02:00,1059,950,17913,17423,28752,26599,30445,30560,36601,37192,40673,41187,27309,30477,19677,24625,6152,10367,4,17,6964,6954,14052,13775,16127,17791,24093,25826,30853,32556,23960,26817,18269,22739,5859,9800,294151,205115,44150,28391,77343,50656,12259,59,35
2021-07-03T23:59:59+02:00,645,580,16176,15707,27592,25679,29651,29839,35957,36579,40171,40756,27151,30310,19611,24537,6143,10350,4,17,6575,6715,13541,13476,15730,17487,23730,25547,30546,32360,23863,26721,18236,22699,5855,9796,286636,204817,44111,28314,77260,50363,9369,59,35
2021-07-02T23:59:59+02:00,606,541,16046,15562,27435,25530,29570,29780,35927,36550,40152,40743,27145,30301,19608,24534,6143,10350,4,17,6528,6641,13467,13380,15643,17356,23586,25361,30392,32195,23671,26510,18147,22621,5853,9793,285733,204133,44111,28155,77259,49480,9362,59,35
2021-07-01T23:59:59+02:00,548,493,15866,15407,27221,25374,29493,29700,35873,36499,40087,40697,27124,30282,19597,24521,6141,10346,4,16,6381,6509,13120,13106,15114,16917,22315,24370,29632,31511,23390,26221,18028,22486,5846,9777,284540,200590,44107,26477,77246,48325,9318,59,33
2021-06-30T23:59:59+02:00,518,473,15761,15300,27111,25287,29425,29627,35816,36447,40045,40662,27108,30251,19586,24504,6137,10346,3,14,6186,6328,12688,12718,14544,16369,21691,23771,29036,30980,22972,25754,17897,22303,5839,9765,283714,196325,44104,26452,77239,46759,9289,59,33
2021-06-29T23:59:59+02:00,462,422,15012,14632,26847,25068,29327,29528,35736,36364,39976,40613,27089,30226,19578,24491,6137,10344,3,12,6073,6200,12429,12456,14148,15975,20901,23146,28450,30426,22524,25230,17744,22128,5831,9755,281222,193175,44100,25942,77230,45039,9242,59,33
2021-06-28T23:59:59+02:00,426,391,14388,13996,26688,24964,29254,29462,35676,36297,39933,40579,27071,30206,19570,24480,6137,10340,2,12,6005,6104,12251,12316,13961,15799,20276,22596,28049,30052,22188,24873,17615,21965,5826,9750,279291,191494,44097,25278,77225,43648,9187,59,33
2021-06-27T23:59:59+02:00,349,324,14044,13623,26625,24906,29215,29426,35654,36275,39915,40565,27060,30199,19567,24476,6136,10339,2,12,5967,6060,12135,12200,13816,15670,19723,22119,27438,29551,21911,24534,17494,21841,5822,9749,278179,190655,44093,23751,77215,42452,9153,59,33
2021-06-26T23:59:59+02:00,348,323,14033,13611,26610,24895,29210,29419,35647,36274,39912,40564,27059,30198,19567,24476,6136,10339,2,12,5962,6058,12125,12198,13810,15667,19710,22107,27393,29516,21764,24404,17454,21785,5821,9747,278106,190632,44090,23747,77215,41971,9152,59,33
2021-06-25T23:59:59+02:00,224,210,12775,12396,25154,23743,28911,29186,35542,36189,39844,40502,27035,30170,19556,24464,6134,10337,2,12,5919,6013,12026,12117,13666,15546,19399,21867,27007,29157,21440,24009,17276,21588,5818,9738,271887,189403,44086,23462,77195,40556,9146,59,33
2021-06-24T23:59:59+02:00,159,156,11800,11565,24038,22864,28547,28832,35391,36023,39728,40396,26996,30121,19545,24440,6132,10333,2,11,5702,5784,11570,11702,13085,14954,17859,20468,25354,27561,20665,23150,16956,21181,5808,9728,266642,184415,44064,19838,77190,38142,9112,59,33
2021-06-23T23:59:59+02:00,123,130,11435,11244,23542,22495,28298,28588,35214,35896,39638,40308,26965,30094,19536,24402,6130,10321,2,11,5627,5673,11358,11487,12785,14604,17465,20058,24603,26791,19870,22400,16763,20927,5800,9712,264029,182060,44054,19219,77185,35591,9033,59,33
2021-06-22T23:59:59+02:00,102,117,11254,11035,23381,22355,28218,28515,35138,35835,39591,40263,26950,30069,19528,24393,6130,10320,1,9,5518,5552,11091,11227,12419,14235,16861,19457,23869,26022,19490,21975,16600,20748,5793,9696,262887,179020,44050,18346,77183,34148,9016,59,33
2021-06-21T23:59:59+02:00,90,105,11003,10851,22548,21689,27966,28287,35070,35772,39528,40221,26933,30050,19522,24383,6130,10319,1,8,5400,5452,10872,11011,12111,13913,16471,19112,23418,25552,19198,21660,16496,20628,5787,9694,260300,177554,44039,17332,77176,32971,8894,59,33
2021-06-20T23:59:59+02:00,84,104,10938,10760,22299,21474,27707,28086,34990,35695,39483,40176,26921,30034,19520,24378,6128,10316,1,7,5359,5400,10784,10910,12016,13810,16274,18927,23148,25312,19097,21553,16443,20570,5781,9690,259010,177241,44037,16270,77170,32721,8817,59,33
2021-06-19T23:59:59+02:00,83,100,10915,10737,22267,21451,27689,28073,34978,35691,39474,40172,26920,30033,19520,24376,6128,10316,1,7,5327,5369,10702,10818,11924,13690,16126,18776,22840,24950,19009,21466,16431,20557,5780,9690,258860,177133,44017,14772,77170,32708,8817,59,33
2021-06-18T23:59:59+02:00,80,98,10867,10686,21954,21125,27430,27854,34923,35654,39441,40149,26911,30024,19519,24373,6128,10314,1,7,5311,5360,10673,10787,11884,13642,16064,18713,22756,24854,18843,21284,16386,20491,5779,9685,257472,176738,44013,14771,77169,32161,8817,59,33
2021-06-17T23:59:59+02:00,71,90,10289,10256,20676,20165,26568,27119,34552,35329,39181,39958,26847,29942,19498,24336,6121,10309,1,7,5116,5220,10295,10534,11438,13240,15383,18102,21386,23531,18384,20793,16222,20319,5775,9671,251688,171425,43992,14197,77156,31350,8412,59,33
2021-06-16T23:59:59+02:00,63,78,9955,9947,19992,19533,25934,26517,34300,35126,39020,39808,26801,29889,19474,24311,6120,10305,1,7,4974,5075,9908,10200,10978,12789,14679,17411,20533,22591,17980,20346,16052,20105,5765,9659,247849,167641,43976,12926,77143,30308,8146,59,32
2021-06-15T23:59:59+02:00,48,72,9712,9702,19693,19288,25707,26319,34168,35017,38924,39727,26769,29853,19467,24296,6115,10301,1,7,4869,4958,9670,9985,10743,12529,14254,16983,19931,22012,17655,19954,15830,19873,5756,9647,246068,165542,43966,11836,77136,29299,7949,59,31
2021-06-14T23:59:59+02:00,44,67,9579,9575,19396,19028,25529,26175,34049,34937,38860,39687,26751,29833,19461,24285,6115,10298,1,7,4788,4894,9482,9846,10567,12393,13992,16766,19614,21717,17489,19796,15728,19739,5755,9643,244864,164077,43964,11834,77132,28625,7650,59,31
2021-06-13T23:59:59+02:00,43,63,9418,9447,19107,18845,25174,25923,33850,34769,38752,39620,26735,29821,19451,24277,6115,10294,0,7,4704,4825,9273,9673,10398,12217,13667,16419,19265,21386,17360,19646,15681,19674,5753,9641,243220,163211,43963,11833,77127,27179,7335,59,31
2021-06-12T23:59:59+02:00,43,63,9408,9429,19095,18832,25174,25918,33850,34766,38749,39619,26735,29821,19451,24277,6115,10294,0,7,4701,4811,9262,9611,10365,12115,13618,16265,19210,21250,17251,19520,15564,19572,5751,9639,243171,163182,43963,11831,77122,26144,7324,59,31
2021-06-11T23:59:59+02:00,38,59,9247,9249,18860,18622,24371,25245,33672,34609,38614,39506,26701,29787,19440,24253,6115,10289,0,7,4623,4701,9041,9352,10105,11817,13096,15713,18233,20350,17065,19322,15524,19528,5748,9636,240246,159151,43961,11830,77117,25555,7294,59,31
2021-06-10T23:59:59+02:00,36,55,8851,8920,18214,18126,23523,24573,33353,34328,38411,39340,26642,29734,19416,24225,6112,10282,0,7,4448,4524,8465,8858,9297,11094,11948,14607,16228,18427,16175,18353,15238,19161,5739,9614,236628,149445,43307,11797,77091,23852,7058,57,31
2021-06-09T23:59:59+02:00,19,37,8399,8418,17384,17404,22375,23530,32866,33859,38123,39119,26534,29629,19368,24166,6102,10269,0,7,4311,4407,8175,8597,9051,10840,11612,14238,15744,17878,15800,17922,14996,18876,5732,9604,232627,147607,41418,11756,77050,21932,6464,42,31
2021-06-08T23:59:59+02:00,11,25,8081,8098,16914,16993,21951,23163,32620,33664,37960,38989,26490,29588,19358,24144,6099,10264,0,7,4193,4326,7921,8346,8745,10495,11250,13891,15101,17173,15336,17399,14734,18597,5727,9586,229898,145894,41386,10639,77040,20217,6046,42,31
2021-06-07T23:59:59+02:00,8,21,7883,7868,16556,16671,21412,22704,32338,33394,37843,38871,26460,29540,19338,24115,6094,10263,0,7,4117,4246,7739,8203,8586,10349,11078,13718,14786,16845,15136,17142,14560,18404,5723,9581,228273,144804,40415,10546,77020,19210,5629,42,31
2021-06-06T23:59:59+02:00,6,18,7776,7760,16422,16524,21218,22498,32111,33167,37707,38765,26433,29515,19326,24098,6094,10257,0,7,4089,4209,7691,8084,8532,10218,10969,13571,14589,16624,14950,16962,14471,18283,5716,9575,227038,144312,40116,10533,77002,18167,5497,42,31
2021-06-05T23:59:59+02:00,6,18,7753,7747,16398,16500,21210,22495,32100,33160,37705,38764,26432,29515,19325,24097,6094,10257,0,7,4078,4168,7676,8018,8518,10086,10955,13399,14570,16519,14915,16907,14462,18273,5716,9574,226934,144227,40116,10533,77001,17567,5483,42,31
2021-06-04T23:59:59+02:00,6,16,7642,7645,16120,16261,20936,22245,31677,32785,37590,38642,26399,29476,19314,24084,6092,10255,0,7,4071,4158,7648,7995,8491,10055,10888,13326,14465,16386,14832,16814,14425,18229,5716,9572,225336,143887,39341,10203,76983,17474,5483,42,31
2021-06-03T23:59:59+02:00,4,16,7387,7413,15243,15472,19303,20855,30764,31859,37084,38179,26267,29340,19269,24032,6086,10237,0,7,4011,4119,7560,7924,8368,9958,10715,13143,13893,15812,14567,16497,14339,18121,5713,9559,218704,141657,37760,10083,76971,17202,5333,42,31
2021-06-02T23:59:59+02:00,4,16,7252,7268,14867,15047,18872,20450,30297,31403,36856,37916,26203,29276,19249,24003,6083,10235,0,7,3981,4089,7498,7838,8280,9863,10574,13012,13444,15380,14442,16314,14309,18083,5710,9554,215627,139860,37329,9989,76970,17169,5329,42,31
2021-06-01T23:59:59+02:00,4,13,6976,7029,14469,14737,18528,20133,29969,31091,36631,37683,26147,29197,19225,23974,6081,10224,0,7,3880,4005,7256,7663,8046,9670,10310,12736,13035,14956,14006,15859,14193,17928,5703,9546,212885,137719,37282,9735,76950,16362,4952,42,31
2021-05-31T23:59:59+02:00,4,13,6815,6841,14246,14503,17826,19531,29627,30749,36339,37419,26054,29099,19198,23921,6071,10212,0,7,3803,3896,7046,7416,7822,9387,9966,12352,12596,14435,13477,15244,13992,17697,5694,9530,211443,134531,35245,9414,76935,15581,4803,42,31
2021-05-30T23:59:59+02:00,4,13,6792,6825,14199,14463,17748,19472,29577,30710,36308,37393,26042,29087,19195,23914,6070,10210,0,7,3759,3824,6887,7202,7675,9151,9758,12031,12339,14081,13356,15073,13927,17614,5691,9523,211144,133792,35232,9313,76877,14035,4727,42,31
2021-05-29T23:59:59+02:00,4,13,6791,6824,14189,14457,17743,19466,29572,30706,36305,37392,26040,29084,19195,23913,6070,10210,0,7,3748,3812,6857,7168,7641,9100,9722,11984,12265,13982,13314,15004,13897,17589,5690,9518,211112,133650,35232,9312,76862,13579,4726,42,31
2021-05-28T23:59:59+02:00,4,13,6781,6811,14172,14445,17727,19445,29558,30693,36294,37372,26037,29079,19193,23909,6070,10210,0,6,3734,3789,6836,7128,7606,9045,9669,11879,12021,13713,13124,14813,13867,17548,5687,9515,210957,132354,35231,9311,76859,13560,4724,42,31
2021-05-27T23:59:59+02:00,4,13,6691,6728,13902,14227,17239,19099,28877,30150,36133,37239,25988,29044,19178,23893,6069,10204,0,6,3611,3626,6548,6876,7230,8736,9171,11321,11311,12816,12570,14241,13736,17354,5679,9503,209867,128826,33786,8980,76818,12333,4165,42,31
2021-05-26T23:59:59+02:00,4,13,6621,6622,13693,14025,16984,18788,28332,29635,35957,37065,25947,28994,19161,23863,6068,10197,0,6,3520,3484,6325,6587,6940,8309,8828,10843,10658,12014,12005,13625,13589,17138,5674,9481,208255,125202,33035,8796,76802,11163,3836,41,29
2021-05-25T23:59:59+02:00,4,13,6540,6526,13486,13803,16720,18576,27607,28988,35864,36968,25923,28963,19149,23847,6063,10196,0,6,3471,3392,6182,6419,6792,8118,8601,10553,10310,11647,11661,13147,13483,16976,5671,9473,207534,123353,31578,8658,76319,10097,3765,40,29
2021-05-24T23:59:59+02:00,4,13,6470,6430,13308,13604,16497,18296,27191,28558,35518,36567,25866,28895,19130,23823,6062,10194,0,6,3458,3371,6122,6338,6746,8034,8541,10457,10237,11549,11486,12914,13435,16884,5663,9452,207003,122723,29345,8609,76312,9606,3726,40,29
2021-05-23T23:59:59+02:00,4,13,6468,6429,13303,13595,16494,18286,27172,28548,35488,36533,25863,28889,19130,23817,6062,10194,0,3,3453,3367,6116,6327,6736,8027,8513,10426,10197,11490,11403,12810,13415,16851,5663,9451,206888,122709,29329,8192,76311,9598,3720,40,29
2021-05-22T23:59:59+02:00,4,13,6461,6426,13295,13583,16488,18281,27168,28546,35485,36527,25863,28889,19130,23817,6062,10194,0,3,3451,3367,6112,6324,6734,8023,8509,10424,10192,11487,11392,12796,13410,16847,5662,9451,206834,122669,29329,8192,76309,9574,3720,40,29
2021-05-21T23:59:59+02:00,4,13,6398,6369,13142,13478,16314,18132,26899,28367,35055,36261,25837,28851,19122,23811,6061,10190,0,3,3442,3357,6079,6302,6704,7989,8469,10375,10138,11438,10872,12082,13269,16687,5659,9446,206145,120906,29204,8189,75267,9539,3648,40,29
2021-05-20T23:59:59+02:00,3,12,6105,6169,12531,13062,15123,17210,24987,26866,34100,35493,25732,28707,19067,23730,6055,10175,0,3,3383,3311,5982,6186,6588,7832,8320,10209,9897,11130,10532,11625,13156,16503,5649,9432,201377,118892,27461,8106,72730,9191,3520,39,29
2021-05-19T23:59:59+02:00,3,12,5897,5927,12020,12601,14420,16504,24038,26048,33472,34889,25615,28615,19032,23670,6047,10163,0,3,3307,3236,5823,6015,6400,7587,8045,9928,9593,10749,10219,11209,13077,16358,5647,9424,195664,116972,27419,7910,72714,8572,3137,39,29
2021-05-18T23:59:59+02:00,3,11,5726,5816,11621,12283,13798,16003,22884,25099,32805,34281,25498,28480,18984,23618,6042,10153,0,3,3265,3204,5706,5904,6233,7427,7839,9713,9394,10509,10043,10957,12930,16133,5637,9415,190715,115803,26907,7841,72670,7865,2774,39,29
2021-05-17T23:59:59+02:00,3,10,5673,5773,11458,12177,13524,15782,22066,24461,32494,33965,25420,28420,18962,23588,6033,10144,0,3,3148,3130,5516,5720,6059,7212,7631,9485,9169,10264,9951,10833,12872,16069,5634,9410,188944,115042,26205,7833,72275,6712,2490,39,29
2021-05-16T23:59:59+02:00,3,10,5644,5753,11395,12120,13439,15702,21451,23911,31881,33437,25380,28376,18952,23573,6032,10144,0,3,3142,3108,5502,5651,6031,7152,7603,9386,9138,10180,9934,10812,12869,16066,5634,9410,188178,114930,24660,7827,71849,6361,2477,39,26
2021-05-15T23:59:59+02:00,3,10,5635,5744,11363,12111,13410,15693,21375,23840,31341,33062,25369,28371,18951,23570,6031,10143,0,3,3129,3093,5483,5609,6017,7077,7563,9271,8900,9926,9901,10781,12835,16015,5634,9409,188127,114925,24647,7689,71202,5999,2007,39,26
2021-05-14T23:59:59+02:00,3,10,5596,5718,11300,12072,13337,15629,20964,23527,30909,32715,25334,28325,18939,23554,6031,10141,0,3,3096,3053,5446,5521,5996,6941,7522,9069,8839,9731,9827,10671,12749,15886,5634,9406,187403,114754,24326,7353,70330,5251,2006,39,26
2021-05-13T23:59:59+02:00,3,10,5441,5563,10918,11775,12623,15042,18776,21781,29363,31246,25107,28082,18871,23482,6029,10138,0,3,3085,3018,5424,5482,5980,6884,7496,8999,8795,9671,9610,10427,12545,15579,5629,9395,183446,114394,20532,6526,68242,5085,1991,39,26
2021-05-12T23:59:59+02:00,2,10,5411,5536,10848,11717,12522,14954,18653,21657,29000,30881,25012,27985,18854,23453,6028,10133,0,3,3084,3014,5418,5476,5970,6871,7471,8984,8756,9617,9421,10194,12312,15254,5626,9388,182494,114110,19894,5654,68239,5080,1990,39,25
2021-05-11T23:59:59+02:00,2,10,5273,5430,10598,11464,12155,14586,18042,21017,28068,29909,24820,27795,18794,23377,6023,10119,0,3,3041,2973,5328,5320,5870,6685,7341,8741,8592,9395,9239,9996,12160,15065,5617,9369,178405,113053,18999,5546,68108,4180,1931,39,25
2021-05-10T23:59:59+02:00,2,9,5148,5355,10382,11273,11895,14330,17716,20683,27645,29499,24712,27687,18755,23330,6015,10115,0,3,2971,2919,5211,5204,5756,6581,7217,8600,8463,9288,9135,9872,12070,14936,5614,9360,176394,112521,18315,5534,67880,3197,1923,39,25
2021-05-09T23:59:59+02:00,2,9,5073,5310,10284,11158,11795,14211,17374,20398,27254,29122,24624,27600,18726,23294,6012,10112,0,3,2903,2888,5065,5163,5579,6538,7049,8571,8333,9252,9122,9862,12052,14916,5614,9360,176000,112445,17034,5525,67379,2369,1906,39,25
2021-05-08T23:59:59+02:00,2,9,5071,5309,10282,11153,11795,14211,17370,20396,27251,29120,24624,27600,18726,23294,6012,10112,0,3,2902,2887,5063,5163,5579,6538,7049,8571,8330,9252,9121,9861,12052,14916,5614,9360,175983,112442,17034,5525,67376,2364,1905,39,25
2021-05-07T23:59:59+02:00,2,9,5038,5283,10214,11101,11665,14087,16969,20123,26615,28563,24575,27549,18709,23262,6006,10082,0,3,2890,2880,5048,5154,5568,6522,7037,8560,8322,9241,9115,9853,12041,14896,5607,9332,175149,112427,17031,5519,65854,2319,1779,39,25
2021-05-06T23:59:59+02:00,1,9,4768,5124,9758,10758,11099,13569,15879,19100,24204,26267,24075,27019,18604,23160,6001,10068,0,3,2846,2832,4981,5077,5527,6431,6954,8441,8193,9089,9014,9739,12017,14845,5604,9329,170110,111886,14582,5463,62966,1780,1768,37,25
2021-05-05T23:59:59+02:00,1,9,4689,5042,9463,10529,10758,13244,15299,18499,23357,25300,23815,26693,18536,23055,5991,10050,0,2,2827,2795,4933,4992,5468,6311,6872,8277,8068,8873,8906,9607,11939,14758,5603,9320,166445,110940,13265,5457,62816,1362,1767,37,25
2021-05-04T23:59:59+02:00,1,9,4605,4950,9290,10331,10546,13002,14910,18103,22808,24733,23603,26420,18464,22975,5983,10036,0,2,2819,2760,4904,4916,5435,6190,6819,8138,7972,8718,8802,9494,11864,14699,5601,9317,164192,110438,12140,5445,62651,793,1749,37,25
2021-05-03T23:59:59+02:00,1,9,4534,4874,9102,10195,10372,12827,14628,17859,22396,24319,23464,26270,18437,22927,5983,10030,0,2,2746,2689,4823,4844,5361,6105,6724,8034,7790,8553,8716,9407,11825,14650,5598,9312,162679,110215,12139,5442,62558,683,814,37,25
2021-05-02T23:59:59+02:00,1,9,4521,4859,9028,10138,10248,12717,14303,17552,22094,24032,23414,26211,18418,22902,5982,10029,0,2,2740,2682,4766,4811,5273,6022,6588,7904,7671,8451,8670,9365,11801,14616,5596,9307,161792,110095,12136,5440,62454,666,39,37,25
2021-05-01T23:59:59+02:00,1,9,4521,4856,9026,10136,10247,12717,14299,17548,22092,24032,23413,26210,18418,22902,5982,10029,0,2,2740,2682,4766,4811,5273,6022,6587,7904,7671,8451,8670,9365,11801,14616,5596,9307,161772,110095,12136,5439,62454,666,39,37,25
2021-04-30T23:59:59+02:00,0,9,4449,4770,8787,9921,9986,12476,13817,17122,21249,23258,23288,26073,18402,22871,5979,10026,0,2,2736,2680,4755,4803,5264,5988,6576,7873,7638,8412,8666,9362,11800,14613,5594,9306,158180,110067,12135,5437,62126,534,5,37,25
2021-04-29T23:59:59+02:00,0,9,4303,4625,8308,9510,9285,11873,12817,16219,19396,21571,22580,25308,18263,22660,5973,10009,0,2,2713,2660,4713,4732,5221,5914,6513,7767,7556,8296,8556,9247,11734,14538,5587,9297,148973,109570,12120,5173,61575,273,5,36,25
2021-04-28T23:59:59+02:00,0,9,4272,4606,8237,9437,9209,11786,12698,16098,19179,21357,22491,25216,18236,22619,5971,10004,0,2,2710,2648,4688,4671,5193,5870,6483,7693,7508,8213,8539,9222,11717,14515,5585,9291,148588,109376,12032,5099,60765,46,4,36,23
2021-04-27T23:59:59+02:00,0,9,4234,4559,8100,9302,9094,11636,12551,15930,18728,20862,22260,24959,18171,22541,5968,9995,0,2,2707,2644,4686,4667,5183,5862,6470,7674,7473,8175,8477,9143,11635,14433,5581,9287,147859,109114,10958,4925,60042,38,4,36,18
2021-04-26T23:59:59+02:00,0,9,4193,4532,7993,9206,8947,11530,12378,15756,18316,20497,22126,24812,18135,22509,5967,9993,0,2,2707,2642,4682,4663,5178,5854,6457,7654,7440,8147,8429,9095,11579,14354,5577,9270,147082,109009,10823,4667,58955,33,3,36,18
2021-04-25T23:59:59+02:00,0,9,4179,4517,7956,9175,8884,11467,12243,15627,17973,20163,21926,24575,18095,22454,5963,9988,0,2,2707,2642,4681,4661,5175,5850,6452,7651,7438,8143,8374,9036,11556,14326,5577,9268,145700,108986,10812,4500,58643,32,3,36,18
2021-04-24T23:59:59+02:00,0,9,4171,4508,7940,9170,8869,11457,12195,15596,17915,20125,21911,24562,18093,22449,5963,9988,0,2,2706,2642,4681,4661,5175,5850,6452,7651,7438,8143,8374,9035,11556,14326,5577,9268,145601,108986,10811,4500,58470,31,3,36,17
2021-04-23T23:59:59+02:00,0,9,4151,4478,7883,9107,8784,11355,11857,15270,17480,19727,21696,24329,18028,22372,5961,9980,0,2,2703,2640,4678,4658,5169,5842,6437,7641,7415,8112,8353,9008,11547,14317,5575,9265,144333,108972,10464,4340,57631,30,3,36,17
2021-04-22T23:59:59+02:00,0,9,4103,4414,7752,8919,8600,11097,11530,14852,16566,18741,21123,23617,17893,22192,5951,9962,0,2,2695,2634,4672,4636,5147,5816,6394,7606,7346,8066,8225,8850,11404,14166,5570,9256,140604,108353,10334,4090,56345,22,3,35,17
2021-04-21T23:59:59+02:00,0,9,4060,4370,7652,8797,8443,10936,11233,14571,15828,17984,20742,23170,17818,22087,5946,9949,0,2,2686,2623,4654,4615,5130,5795,6382,7588,7317,8042,8176,8788,11364,14126,5568,9254,137673,108065,10204,4006,55682,20,3,33,16
2021-04-20T23:59:59+02:00,0,9,4035,4345,7618,8743,8366,10856,11071,14397,15394,17510,20277,22652,17714,21936,5938,9937,0,2,2677,2613,4644,4602,5106,5776,6354,7564,7277,8002,8082,8656,11288,14039,5564,9250,135525,107492,9939,3966,55298,19,3,33,16
2021-04-19T23:59:59+02:00,0,9,4005,4296,7555,8638,8274,10717,10913,14214,15141,17215,19797,22087,17547,21719,5927,9925,0,2,2672,2612,4640,4598,5092,5761,6335,7547,7250,7957,8029,8603,11261,13992,5562,9246,133456,107158,9586,3963,54903,19,3,31,16
2021-04-18T23:59:59+02:00,0,6,3985,4268,7496,8586,8170,10591,10654,13971,14649,16677,19365,21576,17424,21534,5923,9918,0,2,2671,2611,4640,4598,5092,5761,6334,7544,7247,7956,8025,8600,11259,13988,5561,9243,131034,107134,9515,3961,54210,18,3,31,16
2021-04-17T23:59:59+02:00,0,6,3982,4260,7476,8579,8159,10573,10613,13925,14537,16589,19245,21454,17402,21506,5922,9916,0,2,2671,2611,4639,4596,5085,5756,6320,7539,7222,7933,7979,8554,11240,13965,5559,9243,130597,107122,9505,3755,54008,18,3,31,16
2021-04-16T23:59:59+02:00,0,6,3971,4216,7403,8457,8056,10418,10420,13663,13867,15827,18679,20812,17277,21331,5911,9898,0,2,2668,2608,4634,4589,5080,5743,6302,7528,7184,7898,7669,8163,11145,13824,5552,9226,127755,106318,9444,3462,52980,17,2,31,16
2021-04-15T23:59:59+02:00,0,5,3927,4164,7289,8325,7879,10183,10085,13273,13141,14969,17870,19950,17036,21009,5896,9878,0,2,2667,2600,4622,4572,5066,5710,6269,7492,7112,7825,7110,7497,11016,13662,5548,9216,124115,104641,9284,3312,51447,15,2,31,16
2021-04-14T23:59:59+02:00,0,4,3900,4132,7223,8220,7772,10032,9907,13074,12723,14523,17342,19336,16884,20800,5890,9864,0,2,2633,2581,4604,4540,5038,5663,6234,7459,7054,7765,6460,6728,10751,13362,5544,9208,122724,102284,9047,3311,49824,13,2,29,16
2021-04-13T23:59:59+02:00,0,4,3896,4126,7185,8203,7715,9997,9799,13021,12350,14230,16652,18484,16646,20496,5886,9858,0,2,2607,2552,4585,4514,5011,5628,6176,7389,6966,7661,6248,6473,10161,12678,5535,9187,122018,100042,8825,3300,47674,13,2,29,16
2021-04-12T23:59:59+02:00,0,4,3883,4108,7131,8156,7657,9927,9691,12920,12104,14015,16215,17969,16458,20283,5881,9855,0,2,2578,2541,4518,4471,4905,5558,6058,7312,6848,7561,5501,5651,9709,12139,5495,9145,121683,96670,8788,3291,45756,13,2,28,16
2021-04-11T23:59:59+02:00,0,4,3868,4100,7089,8105,7598,9884,9600,12842,11866,13806,15646,17278,16182,19942,5876,9845,0,2,2502,2462,4389,4350,4754,5425,5896,7160,6699,7456,5199,5290,9577,11977,5495,9141,121090,94504,8356,3240,44055,12,2,28,16
2021-04-10T23:59:59+02:00,0,4,3850,4080,7050,8058,7555,9827,9539,12783,11775,13721,15428,17085,16133,19873,5875,9838,0,2,1942,1899,3578,3630,3883,4661,4894,6244,5844,6668,4927,4985,9448,11825,5488,9132,120625,85780,8356,3240,43463,12,2,28,16
2021-04-09T23:59:59+02:00,0,4,3829,4060,7013,8028,7494,9771,9388,12653,11448,13440,14242,15550,15688,19341,5862,9826,0,2,1085,1080,2219,2435,2376,3293,3108,4600,4217,5202,4236,4249,9196,11466,5463,9102,118724,70063,8354,3237,40530,12,1,28,16
2021-04-08T23:59:59+02:00,0,4,3803,4044,6951,7972,7390,9677,9200,12536,11043,13088,13107,14287,15270,18811,5840,9790,0,2,587,593,1297,1730,1474,2367,2007,3511,2842,3812,2989,2847,8374,10462,5305,8865,117459,55803,8271,3234,37055,11,0,28,16
2021-04-07T23:59:59+02:00,0,4,3756,4018,6873,7916,7298,9606,9072,12407,10733,12780,12377,13517,15050,18547,5834,9768,0,2,358,377,947,1384,1068,1981,1498,3049,1894,2807,1804,1558,7466,9312,5149,8606,116494,46002,8118,3234,34918,8,0,26,16
2021-04-06T23:59:59+02:00,0,4,3740,4006,6852,7878,7242,9539,8979,12328,10523,12563,11993,13022,14830,18255,5823,9755,0,2,351,364,937,1373,1054,1960,1470,3021,1835,2748,1725,1489,7047,8752,4996,8367,115229,44235,8019,3233,34060,7,0,24,16
2021-04-05T23:59:59+02:00,0,4,3734,4005,6841,7865,7228,9528,8960,12300,10459,12505,11882,12875,14731,18162,5821,9752,0,2,349,358,927,1369,1048,1952,1460,3000,1813,2714,1671,1436,6816,8444,4871,8181,114890,43156,7997,3232,33741,7,0,24,16
2021-04-04T23:59:59+02:00,0,4,3734,4005,6839,7859,7227,9527,8957,12300,10449,12500,11878,12871,14728,18161,5821,9752,0,2,349,357,925,1369,1047,1950,1459,2999,1811,2711,1668,1431,6809,8431,4866,8178,114884,43108,7996,3231,33708,7,0,24,16
2021-04-03T23:59:59+02:00,0,4,3734,4005,6839,7858,7226,9527,8957,12300,10448,12500,11878,12870,14726,18159,5821,9752,0,2,349,356,923,1365,1045,1949,1458,2994,1809,2711,1662,1419,6766,8349,4831,8142,114880,42877,7996,3231,33704,6,0,24,16
2021-04-02T23:59:59+02:00,0,4,3732,4003,6836,7855,7220,9521,8944,12293,10432,12484,11751,12755,14683,18100,5818,9743,0,2,347,354,921,1359,1039,1938,1443,2969,1768,2673,1567,1333,5999,7451,4390,7572,114754,40194,7990,2909,33406,6,0,24,16
2021-04-01T23:59:59+02:00,0,3,3693,3991,6802,7834,7178,9491,8892,12254,10359,12413,11404,12347,14302,17581,5812,9723,0,2,342,351,905,1344,1027,1917,1411,2924,1708,2607,1443,1235,5051,6330,3822,6730,114353,36223,6574,2904,33128,6,0,24,16
2021-03-31T23:59:59+02:00,0,3,3687,3986,6788,7814,7160,9473,8857,12221,10269,12341,11068,11939,13951,17081,5806,9701,0,2,339,347,897,1334,1016,1901,1391,2896,1658,2570,1377,1182,4458,5641,3459,6252,113769,33867,5563,2831,32789,6,0,24,16
2021-03-30T23:59:59+02:00,0,3,3669,3961,6752,7776,7103,9406,8768,12118,10107,12186,10809,11662,13730,16816,5799,9687,0,2,335,340,892,1323,1008,1895,1368,2889,1630,2544,1350,1156,4339,5519,3397,6157,112955,33490,5313,2632,32062,6,0,22,16
2021-03-29T23:59:59+02:00,0,3,3659,3939,6726,7754,7063,9353,8672,12023,9924,11977,10370,11193,13358,16349,5783,9654,0,2,330,337,888,1312,1002,1887,1359,2878,1616,2535,1328,1142,4204,5375,3300,6024,111280,32872,5007,2626,31491,5,0,22,16
2021-03-28T23:59:59+02:00,0,3,3618,3882,6611,7596,6946,9209,8546,11830,9770,11786,10162,10931,13182,16168,5779,9645,0,2,330,337,888,1310,1000,1886,1358,2878,1615,2533,1319,1139,4171,5332,3274,5998,110908,32827,4741,2523,29994,4,0,21,16
2021-03-27T23:59:59+01:00,0,3,3617,3870,6599,7532,6916,9096,8496,11660,9718,11632,10049,10807,13087,16079,5778,9645,0,2,330,336,888,1310,1000,1883,1358,2876,1611,2532,1317,1137,4145,5297,3261,5983,110898,32724,4741,2522,28924,4,0,21,16
2021-03-26T23:59:59+01:00,0,3,3610,3863,6571,7495,6888,9021,8448,11547,9627,11504,10000,10743,13039,16023,5770,9624,0,2,325,334,887,1307,996,1871,1355,2855,1591,2518,1292,1121,3958,5068,3152,5829,110838,31960,4517,2481,28400,4,0,21,16
2021-03-25T23:59:59+01:00,0,3,3586,3832,6478,7370,6796,8855,8259,11316,9317,11186,9620,10358,12733,15707,5765,9613,0,2,325,333,885,1299,993,1861,1342,2842,1568,2499,1267,1101,3719,4818,2899,5489,110460,30742,4304,2481,26009,3,0,21,16
2021-03-24T23:59:59+01:00,0,3,3528,3781,6388,7186,6672,8629,8094,11079,9090,10862,9204,9868,12315,15248,5754,9602,0,2,325,332,884,1295,988,1859,1335,2838,1552,2483,1258,1091,3652,4744,2715,5263,109943,30119,4166,2481,23173,0,0,21,16
2021-03-23T23:59:59+01:00,0,3,3509,3748,6341,7132,6595,8570,7976,10951,8843,10629,8783,9401,11864,14726,5744,9588,0,2,325,332,883,1285,983,1850,1330,2829,1548,2476,1233,1066,3560,4667,2518,4940,109127,29330,4075,2481,21180,0,0,21,16
2021-03-22T23:59:59+01:00,0,3,3501,3728,6299,7104,6560,8522,7910,10876,8695,10493,8502,9050,11562,14403,5709,9549,0,2,323,327,877,1275,975,1843,1323,2818,1538,2466,1221,1057,3531,4631,2499,4907,108460,29116,4073,2481,19912,0,0,21,16
2021-03-21T23:59:59+01:00,0,3,3499,3726,6295,7094,6542,8506,7893,10857,8639,10435,8382,8933,11493,14300,5706,9546,0,2,321,326,869,1272,968,1836,1314,2816,1533,2462,1217,1053,3522,4616,2484,4897,108374,29012,4071,2481,19383,0,0,21,15
2021-03-20T23:59:59+01:00,0,3,3491,3688,6287,7022,6525,8369,7868,10673,8595,10300,8304,8847,11455,14261,5706,9546,0,2,321,326,869,1272,968,1835,1313,2816,1533,2460,1217,1053,3522,4615,2484,4896,108340,29007,3860,2480,18719,0,0,21,15
2021-03-19T23:59:59+01:00,0,3,3478,3658,6259,6936,6501,8276,7822,10556,8482,10140,7762,8240,11268,14018,5697,9528,0,2,318,325,864,1265,951,1826,1291,2785,1483,2416,1135,985,2850,3820,2065,4315,106720,26201,3559,2480,18324,0,0,21,15
2021-03-18T23:59:59+01:00,0,3,3467,3640,6218,6896,6467,8214,7758,10470,8366,10012,6803,7137,10987,13717,5685,9503,0,2,317,325,860,1260,945,1816,1276,2777,1459,2396,1096,965,2642,3579,1908,4092,103692,25220,3398,2480,18232,0,0,21,15
2021-03-17T23:59:59+01:00,0,3,3429,3603,6148,6813,6412,8110,7667,10339,8235,9855,6116,6287,10703,13403,5668,9476,0,2,316,325,852,1254,940,1803,1262,2755,1440,2369,1059,940,2513,3447,1827,3975,100891,24586,3397,2480,17958,0,0,21,13
2021-03-16T23:59:59+01:00,0,3,3410,3572,6110,6760,6368,8036,7613,10273,8144,9753,5939,6110,9992,12588,5627,9412,0,2,309,314,838,1237,928,1794,1256,2735,1428,2361,1044,920,2298,3198,1690,3777,98614,23638,3384,2478,17691,0,0,21,13
2021-03-15T23:59:59+01:00,0,3,3373,3540,6012,6679,6238,7943,7469,10153,8016,9626,5186,5276,9545,12037,5583,9342,0,2,308,313,834,1233,926,1787,1254,2722,1419,2352,1030,908,2153,3024,1598,3682,95089,23056,3375,2477,17536,0,0,21,12
2021-03-14T23:59:59+01:00,0,3,3249,3399,5733,6335,5966,7585,7154,9737,7730,9309,4854,4886,9384,11838,5579,9327,0,2,308,312,834,1233,925,1787,1252,2721,1417,2349,1028,905,2150,3021,1595,3681,92695,23034,3321,2474,16031,0,0,21,12
2021-03-13T23:59:59+01:00,0,3,2594,2745,4800,5468,4955,6661,5966,8624,6717,8362,4539,4503,8998,11314,5487,9219,0,2,308,311,833,1231,925,1781,1250,2719,1416,2349,1028,904,2126,2984,1564,3645,82038,22890,3321,2474,15575,0,0,21,12
2021-03-12T23:59:59+01:00,0,2,1772,1935,3465,4315,3448,5332,4220,6986,5079,6853,3865,3797,7741,9764,4973,8530,0,2,304,308,831,1227,919,1775,1243,2699,1391,2332,983,877,1769,2518,1290,3283,63195,21265,3318,2474,15543,0,0,21,12
2021-03-11T23:59:59+01:00,0,2,1276,1458,2561,3579,2549,4396,3128,5896,3721,5467,2690,2521,6035,7656,4198,7350,0,2,299,299,815,1219,906,1752,1225,2670,1366,2285,946,857,1610,2283,1163,3093,45902,20304,3316,2474,15244,0,0,21,12
2021-03-10T23:59:59+01:00,0,2,1055,1243,2194,3219,2175,4005,2678,5455,2809,4500,1553,1316,4672,5934,3631,6582,0,2,289,289,797,1199,884,1716,1191,2596,1327,2219,919,838,1428,2092,1066,2917,34843,19392,3316,2365,14844,0,0,20,12
2021-03-09T23:59:59+01:00,0,2,1039,1213,2131,3082,2111,3890,2594,5322,2725,4374,1519,1285,4595,5861,3589,6523,0,2,285,282,783,1178,867,1690,1165,2555,1309,2191,905,826,1351,1967,994,2801,34431,18818,3313,2321,14091,0,0,20,12
2021-03-08T23:59:59+01:00,0,2,1018,1184,2073,2983,2072,3809,2534,5210,2670,4301,1481,1264,4449,5700,3487,6380,0,2,285,278,778,1170,865,1681,1157,2547,1301,2175,880,805,1180,1741,868,2630,33737,18014,3313,2317,13547,0,0,20,12
2021-03-07T23:59:59+01:00,0,2,1013,1165,2033,2937,2030,3768,2495,5145,2629,4264,1476,1261,4442,5692,3484,6380,0,2,285,278,778,1170,865,1681,1157,2547,1300,2175,877,805,1171,1732,859,2619,33703,18013,3307,2276,13186,0,0,20,12
2021-03-06T23:59:59+01:00,0,2,1012,1162,2022,2923,2018,3749,2479,5118,2612,4243,1463,1251,4408,5646,3470,6368,0,2,285,278,778,1170,865,1680,1157,2547,1300,2175,877,805,1171,1732,859,2618,33559,18012,3306,2275,13061,0,0,20,12
2021-03-05T23:59:59+01:00,0,2,1008,1157,2006,2903,1988,3726,2436,5066,2560,4205,1427,1224,4138,5320,3318,6148,0,2,284,275,771,1163,859,1672,1154,2538,1296,2165,863,801,1163,1723,858,2616,32816,17916,2972,2275,12824,0,0,20,12
2021-03-04T23:59:59+01:00,0,2,915,1009,1917,2777,1922,3589,2360,4911,2470,4045,1396,1202,3895,5058,3051,5795,0,2,284,273,769,1158,856,1663,1153,2523,1292,2156,831,785,1150,1713,851,2603,31555,17798,2968,2252,11771,0,0,20,12
2021-03-03T23:59:59+01:00,0,2,868,900,1850,2679,1851,3485,2291,4796,2396,3961,1383,1187,3785,4951,2828,5520,0,2,282,271,768,1147,853,1645,1147,2481,1282,2130,814,781,1142,1692,843,2595,30875,17767,2849,2096,10989,0,0,20,12
2021-03-02T23:59:59+01:00,0,2,824,824,1754,2556,1767,3362,2199,4672,2336,3883,1348,1165,3655,4816,2619,5169,0,2,282,270,767,1141,849,1642,1142,2476,1278,2120,812,779,1127,1671,832,2576,30138,17659,2659,2095,10134,0,0,20,12
2021-03-01T23:59:59+01:00,0,2,801,788,1654,2414,1696,3217,2100,4499,2256,3762,1330,1153,3604,4751,2575,5109,0,2,282,268,763,1137,846,1630,1138,2464,1273,2110,805,776,1122,1659,824,2569,29884,17561,2575,2095,9232,0,0,20,12
2021-02-28T23:59:59+01:00,0,2,795,765,1636,2347,1668,3145,2077,4400,2241,3695,1324,1147,3594,4736,2560,5098,0,2,281,267,763,1136,846,1625,1138,2462,1273,2105,801,774,1114,1646,820,2559,29775,17538,2573,2062,8862,0,0,20,12
2021-02-27T23:59:59+01:00,0,2,780,748,1615,2287,1651,3034,2058,4274,2220,3601,1321,1144,3594,4734,2559,5097,0,2,281,267,763,1136,846,1625,1138,2462,1273,2104,801,774,1104,1640,803,2545,29770,17537,2572,2015,8357,0,0,20,12
2021-02-26T23:59:59+01:00,0,2,652,668,1511,2174,1600,2877,1995,4038,2119,3365,1229,1074,2938,3937,2124,4505,0,2,281,266,762,1134,845,1624,1138,2460,1271,2101,800,770,1086,1627,793,2528,26949,17463,2572,2013,7267,0,0,20,12
2021-02-25T23:59:59+01:00,0,2,504,591,1395,2070,1533,2749,1936,3911,2019,3252,1178,1039,2705,3665,1957,4261,0,2,264,251,738,1113,803,1555,1088,2360,1197,2009,744,749,1053,1589,781,2500,25871,17372,2544,1412,6332,0,0,20,12
2021-02-24T23:59:59+01:00,0,2,474,561,1325,1960,1463,2606,1866,3761,1943,3102,1141,1010,2565,3530,1878,4140,0,2,235,239,713,1067,776,1493,1058,2297,1142,1958,717,726,1006,1559,768,2469,25228,17181,2532,1032,5547,0,0,20,12
2021-02-23T23:59:59+01:00,0,2,419,521,1242,1820,1388,2461,1790,3550,1875,2980,1115,975,2358,3299,1750,3947,0,2,230,234,698,1041,764,1454,1036,2250,1116,1917,708,715,997,1545,765,2465,24288,17090,2523,835,4661,0,0,20,12
2021-02-22T23:59:59+01:00,0,2,406,487,1142,1711,1285,2364,1681,3443,1796,2909,1093,962,2214,3125,1658,3848,0,2,220,225,674,989,733,1392,1010,2156,1074,1835,664,682,927,1465,726,2406,23696,16899,2520,269,3890,0,0,20,12
2021-02-21T23:59:59+01:00,0,2,389,471,1040,1679,1135,2340,1527,3421,1691,2891,1085,960,2213,3124,1658,3848,0,2,193,219,643,981,722,1384,996,2151,1068,1833,661,679,924,1459,718,2398,23666,16765,2520,254,3268,0,0,20,12
2021-02-20T23:59:59+01:00,0,2,388,469,1039,1679,1134,2340,1526,3419,1691,2889,1085,959,2212,3124,1657,3847,0,2,192,217,640,981,719,1383,990,2148,1066,1833,661,679,924,1459,718,2397,23660,16743,2519,254,3261,0,0,20,12
2021-02-19T23:59:59+01:00,0,2,383,460,1027,1675,1124,2330,1514,3400,1658,2874,1034,930,1838,2617,1355,3454,0,2,169,207,614,977,702,1375,973,2146,1060,1831,658,678,923,1459,717,2394,21899,16619,2519,254,3237,0,0,20,12
2021-02-18T23:59:59+01:00,0,2,361,439,988,1591,1086,2244,1459,3283,1617,2782,1005,906,1661,2371,1221,3243,0,2,149,196,575,966,682,1362,939,2129,1034,1810,647,659,902,1431,703,2373,20899,16293,2519,254,2821,0,0,20,12
2021-02-17T23:59:59+01:00,0,2,338,387,905,1448,977,2047,1326,3029,1506,2562,967,876,1469,2157,1120,3062,0,2,143,189,563,935,657,1309,907,2050,988,1733,612,627,895,1404,697,2353,19817,15798,2519,254,1824,0,0,18,12
2021-02-16T23:59:59+01:00,0,2,332,347,862,1309,926,1865,1265,2810,1439,2402,956,859,1408,2060,1052,2962,0,2,137,176,549,894,642,1255,880,1986,958,1691,602,617,871,1370,683,2288,19445,15470,2518,119,875,0,0,18,12
2021-02-15T23:59:59+01:00,0,2,317,305,833,1278,909,1809,1225,2726,1401,2346,926,826,1229,1830,923,2784,0,2,129,168,528,868,625,1193,854,1913,935,1614,581,580,853,1333,674,2243,18529,15002,2517,79,608,0,0,15,12
2021-02-14T23:59:59+01:00,0,2,317,305,832,1278,908,1809,1224,2726,1401,2346,926,825,1229,1830,923,2783,0,2,128,168,527,860,621,1188,848,1907,931,1611,580,579,850,1332,672,2239,18527,14953,2517,78,606,0,0,14,12
2021-02-13T23:59:59+01:00,0,2,317,305,832,1278,908,1806,1224,2724,1401,2344,926,825,1229,1829,921,2783,0,2,128,168,527,860,621,1188,845,1904,929,1607,577,579,835,1311,660,2222,18520,14950,2514,1,606,0,0,14,12
2021-02-12T23:59:59+01:00,0,2,311,304,823,1273,904,1776,1218,2697,1373,2314,924,823,1228,1826,921,2783,0,2,128,168,525,858,620,1181,839,1892,923,1594,574,577,821,1300,654,2209,18512,14852,2514,1,460,0,0,14,12
2021-02-11T23:59:59+01:00,0,2,293,295,808,1238,898,1741,1201,2632,1350,2259,890,809,1217,1815,920,2773,0,2,125,154,507,819,598,1116,805,1792,901,1535,561,563,794,1266,639,2176,18400,14341,2513,0,214,0,0,14,12
2021-02-10T23:59:59+01:00,0,2,289,286,789,1200,885,1712,1189,2587,1335,2217,885,807,1202,1798,915,2755,0,2,121,144,440,733,552,1023,727,1666,843,1448,546,546,777,1243,626,2146,18374,13583,2408,0,58,0,0,13,0
2021-02-09T23:59:59+01:00,0,2,289,283,783,1185,873,1695,1174,2567,1321,2193,870,801,1188,1779,903,2735,0,2,105,125,384,644,499,889,646,1459,754,1255,492,466,657,1074,545,1878,18264,11874,2361,0,3,0,0,13,0
2021-02-08T23:59:59+01:00,0,2,288,282,781,1180,870,1688,1172,2563,1314,2185,864,798,1172,1755,885,2710,0,2,94,101,338,549,447,787,556,1248,646,1088,415,390,568,876,440,1545,18137,10090,2358,0,1,0,0,13,0
2021-02-07T23:59:59+01:00,0,2,287,281,780,1179,869,1688,1172,2562,1314,2182,858,796,1171,1752,883,2708,0,2,91,100,336,544,445,783,554,1238,642,1082,409,384,547,853,434,1530,18113,9974,2358,0,0,0,0,13,0
2021-02-06T23:59:59+01:00,0,2,287,280,779,1178,869,1687,1172,2562,1314,2181,857,796,1169,1746,881,2706,0,2,91,99,336,540,444,782,553,1234,640,1081,406,379,498,784,403,1484,18097,9756,2356,0,0,0,0,13,0
2021-02-05T23:59:59+01:00,0,2,287,279,779,1177,868,1686,1171,2561,1313,2176,850,790,1145,1735,874,2690,0,1,85,96,328,534,428,763,528,1199,611,1038,383,351,473,756,382,1437,18014,9393,2356,0,0,0,0,13,0
2021-02-04T23:59:59+01:00,0,2,284,271,776,1156,857,1663,1157,2533,1299,2153,827,776,1116,1704,867,2671,0,0,71,77,259,411,333,593,410,969,499,835,311,288,365,611,315,1214,17766,7561,2333,0,0,0,0,13,0
2021-02-03T23:59:59+01:00,0,2,283,266,773,1133,855,1636,1150,2481,1287,2121,807,762,1100,1682,855,2658,0,0,57,56,172,283,258,442,290,719,371,596,214,206,260,451,226,909,17665,5510,2173,0,0,0,0,13,0
2021-02-02T23:59:59+01:00,0,2,282,260,769,1124,849,1614,1142,2455,1275,2104,800,755,1092,1671,853,2650,0,0,37,35,94,143,149,255,177,449,239,377,140,136,178,275,159,586,17512,3429,2172,0,0,0,0,13,0
2021-02-01T23:59:59+01:00,0,2,280,257,764,1105,841,1595,1137,2426,1271,2069,790,742,1086,1659,848,2634,0,0,13,12,17,30,27,65,48,89,76,105,54,48,65,83,47,198,17321,977,2172,0,0,0,0,13,0
2021-01-31T23:59:59+01:00,0,2,274,255,748,1103,834,1584,1126,2415,1260,2061,784,736,1076,1641,841,2620,0,0,12,12,16,28,25,62,42,84,68,97,51,48,60,76,44,185,17284,910,2063,0,0,0,0,13,0
2021-01-30T23:59:59+01:00,0,2,274,255,748,1102,833,1584,1126,2415,1260,2061,783,736,1066,1634,824,2605,0,0,12,10,15,28,25,62,42,84,67,95,50,47,59,76,44,184,17279,900,2016,0,0,0,0,13,0
2021-01-29T23:59:59+01:00,0,2,272,255,748,1101,833,1584,1126,2415,1260,2060,782,735,1065,1632,824,2603,0,0,10,5,13,26,25,60,41,83,66,95,49,46,59,76,44,184,17270,882,2014,0,0,0,0,13,0
2021-01-28T23:59:59+01:00,0,2,268,251,736,1076,798,1528,1089,2354,1184,2000,741,721,1037,1612,808,2583,0,0,5,0,4,8,10,24,20,37,21,45,21,22,25,49,17,108,17088,416,1687,0,0,0,0,13,0
2021-01-27T23:59:59+01:00,0,2,262,244,713,1044,752,1473,1030,2273,1111,1919,706,694,1022,1589,805,2575,0,0,4,0,4,5,7,20,15,23,14,32,6,9,11,12,5,30,16638,197,1563,0,0,0,0,13,0
2021-01-26T23:59:59+01:00,0,2,238,235,698,1019,744,1425,1010,2199,1084,1854,694,680,998,1573,795,2556,0,0,4,0,2,5,6,10,13,12,7,11,3,5,7,8,2,17,16588,112,1203,0,0,0,0,13,0
2021-01-25T23:59:59+01:00,0,2,207,220,645,947,692,1303,967,2053,1026,1719,647,624,920,1476,748,2480,0,0,4,0,2,5,6,10,13,12,7,11,3,5,7,8,2,17,16360,112,303,0,0,0,0,13,0
2021-01-24T23:59:59+01:00,0,2,190,214,619,935,674,1289,949,2036,1010,1709,640,618,909,1457,739,2467,0,0,3,0,2,5,6,10,12,12,6,11,3,5,7,8,2,17,16185,109,259,0,0,0,0,13,0
2021-01-23T23:59:59+01:00,0,2,190,214,619,935,674,1289,949,2036,1010,1709,640,618,909,1457,739,2467,0,0,3,0,2,4,6,10,10,12,6,11,3,5,7,8,2,17,16185,106,259,0,0,0,0,13,0
2021-01-22T23:59:59+01:00,0,2,143,196,561,925,656,1274,915,2026,998,1698,635,617,908,1457,739,2467,0,0,3,0,1,4,6,10,10,12,6,11,3,5,7,8,2,17,15945,105,259,0,0,0,0,13,0
2021-01-21T23:59:59+01:00,0,2,139,188,546,904,636,1233,882,1972,977,1651,623,596,896,1426,732,2448,0,0,3,0,0,4,5,10,9,12,6,11,3,5,7,8,2,16,15579,101,259,0,0,0,0,13,0
2021-01-20T23:59:59+01:00,0,2,133,171,499,839,613,1155,819,1862,940,1579,603,578,879,1403,722,2418,0,0,3,0,0,4,5,10,9,12,6,11,3,5,7,8,2,16,14945,101,257,0,0,0,0,13,0
2021-01-19T23:59:59+01:00,0,2,123,153,428,753,550,1026,735,1673,840,1421,556,528,781,1248,640,2162,0,0,3,0,0,4,5,8,9,12,6,11,3,5,7,8,2,16,13416,99,190,0,0,0,0,13,0
2021-01-18T23:59:59+01:00,0,2,105,119,359,603,460,856,604,1412,714,1212,486,462,692,1085,561,1872,0,0,1,0,0,1,1,0,0,0,0,1,0,0,0,1,0,0,11510,5,81,0,0,0,0,13,0
2021-01-17T23:59:59+01:00,0,2,100,117,355,598,459,850,602,1393,707,1202,480,452,665,1054,541,1825,0,0,1,0,0,1,0,0,0,0,0,1,0,0,0,1,0,0,11309,4,80,0,0,0,0,13,0
2021-01-16T23:59:59+01:00,0,2,100,114,353,589,456,845,590,1380,696,1190,465,438,568,929,479,1726,0,0,0,0,0,1,0,0,0,0,0,0,0,0,0,0,0,0,10904,1,3,0,0,0,0,13,0
2021-01-15T23:59:59+01:00,0,2,98,112,348,587,450,840,584,1373,679,1174,449,420,559,917,468,1702,0,0,0,0,0,0,0,0,0,0,0,0,0,0,0,0,0,0,10748,0,1,0,0,0,0,13,0
2021-01-14T23:59:59+01:00,0,0,80,90,294,485,371,676,466,1119,560,994,368,338,440,751,384,1446,0,0,0,0,0,0,0,0,0,0,0,0,0,0,0,0,0,0,8849,0,0,0,0,0,0,13,0
2021-01-13T23:59:59+01:00,0,0,66,67,209,368,295,506,353,838,430,713,259,239,324,564,295,1108,0,0,0,0,0,0,0,0,0,0,0,0,0,0,0,0,0,0,6622,0,0,0,0,0,0,12,0
2021-01-12T23:59:59+01:00,0,0,44,45,130,217,182,314,213,532,287,445,166,155,212,371,203,744,0,0,0,0,0,0,0,0,0,0,0,0,0,0,0,0,0,0,4260,0,0,0,0,0,0,0,0
2021-01-11T23:59:59+01:00,0,0,14,14,45,60,42,94,61,121,99,132,69,61,93,115,58,254,0,0,0,0,0,0,0,0,0,0,0,0,0,0,0,0,0,0,1332,0,0,0,0,0,0,0,0
2021-01-10T23:59:59+01:00,0,0,13,14,32,48,35,76,52,112,84,122,62,57,85,105,55,239,0,0,0,0,0,0,0,0,0,0,0,0,0,0,0,0,0,0,1191,0,0,0,0,0,0,0,0
2021-01-09T23:59:59+01:00,0,0,13,13,28,47,35,75,51,111,82,119,61,56,84,104,53,238,0,0,0,0,0,0,0,0,0,0,0,0,0,0,0,0,0,0,1170,0,0,0,0,0,0,0,0
2021-01-08T23:59:59+01:00,0,0,9,5,28,42,33,72,49,108,81,118,58,52,78,99,49,238,0,0,0,0,0,0,0,0,0,0,0,0,0,0,0,0,0,0,1119,0,0,0,0,0,0,0,0
2021-01-07T23:59:59+01:00,0,0,6,1,10,21,16,38,28,77,35,77,32,27,51,82,33,181,0,0,0,0,0,0,0,0,0,0,0,0,0,0,0,0,0,0,715,0,0,0,0,0,0,0,0
2021-01-06T23:59:59+01:00,0,0,6,0,5,10,11,30,25,43,21,48,26,24,37,56,23,130,0,0,0,0,0,0,0,0,0,0,0,0,0,0,0,0,0,0,495,0,0,0,0,0,0,0,0
2021-01-05T23:59:59+01:00,0,0,5,0,5,9,11,30,25,43,21,48,26,24,37,55,23,130,0,0,0,0,0,0,0,0,0,0,0,0,0,0,0,0,0,0,492,0,0,0,0,0,0,0,0
2021-01-04T23:59:59+01:00,0,0,4,0,2,4,5,11,14,12,6,12,3,5,7,9,2,18,0,0,0,0,0,0,0,0,0,0,0,0,0,0,0,0,0,0,114,0,0,0,0,0,0,0,0
2021-01-03T23:59:59+01:00,0,0,3,0,2,4,5,10,13,12,6,12,3,5,7,9,2,17,0,0,0,0,0,0,0,0,0,0,0,0,0,0,0,0,0,0,110,0,0,0,0,0,0,0,0
2021-01-02T23:59:59+01:00,0,0,3,0,2,4,5,10,11,12,6,12,3,5,7,9,2,17,0,0,0,0,0,0,0,0,0,0,0,0,0,0,0,0,0,0,108,0,0,0,0,0,0,0,0
2021-01-01T23:59:59+01:00,0,0,3,0,1,4,5,10,11,12,6,12,3,5,7,8,2,17,0,0,0,0,0,0,0,0,0,0,0,0,0,0,0,0,0,0,106,0,0,0,0,0,0,0,0
2020-12-31T23:59:59+01:00,0,0,3,0,0,4,5,10,9,12,6,12,3,5,7,8,2,17,0,0,0,0,0,0,0,0,0,0,0,0,0,0,0,0,0,0,103,0,0,0,0,0,0,0,0
2020-12-30T23:59:59+01:00,0,0,3,0,0,4,5,10,9,12,6,12,3,5,7,8,2,17,0,0,0,0,0,0,0,0,0,0,0,0,0,0,0,0,0,0,103,0,0,0,0,0,0,0,0
2020-12-29T23:59:59+01:00,0,0,3,0,0,3,5,8,9,12,6,12,3,5,7,8,2,17,0,0,0,0,0,0,0,0,0,0,0,0,0,0,0,0,0,0,100,0,0,0,0,0,0,0,0
2020-12-28T23:59:59+01:00,0,0,3,0,0,3,5,8,9,12,5,12,3,5,7,8,2,17,0,0,0,0,0,0,0,0,0,0,0,0,0,0,0,0,0,0,99,0,0,0,0,0,0,0,0
2020-12-27T23:59:59+01:00,0,0,1,0,0,0,0,0,0,0,0,1,0,0,2,4,0,8,0,0,0,0,0,0,0,0,0,0,0,0,0,0,0,0,0,0,16,0,0,0,0,0,0,0,0
