Datum,<15_m,<15_w,15-24_1_m,15-24_1_w,25-34_1_m,25-34_1_w,35-44_1_m,35-44_1_w,45-54_1_m,45-54_1_w,55-64_1_m,55-64_1_w,65-74_1_m,65-74_1_w,75-84_1_m,75-84_1_w,>84_1_m,>84_1_w,<24_2_m,<24_2_w,25-34_2_m,25-34_2_w,35-44_2_m,35-44_2_w,45-54_2_m,45-54_2_w,55-64_2_m,55-64_2_w,65-74_2_m,65-74_2_w,75-84_2_m,75-84_2_w,>84_2_m,>84_2_w,bp_1,bp_2,mo_1,mo_2,az_1,az_2,ja,unb_1,unb_2
2021-10-19T23:59:59+02:00,4024,3734,25870,24819,35026,32380,34780,34725,40154,40498,43582,43641,28431,31665,20247,25376,6340,10704,23341,22365,32603,29782,32833,32533,38112,38123,41516,41620,27420,30490,19538,24413,6071,10142,341583,320499,45632,43946,77580,71265,21146,60,35
2021-10-18T23:59:59+02:00,4018,3723,25830,24794,35002,32350,34763,34712,40139,40484,43573,43628,28426,31658,20238,25369,6339,10704,23300,22329,32572,29739,32810,32499,38087,38103,41496,41598,27413,30484,19531,24404,6068,10138,341357,320152,45625,43929,77580,71265,21133,60,35
2021-10-17T23:59:59+02:00,4011,3711,25814,24788,34989,32340,34754,34708,40137,40481,43568,43623,28426,31656,20238,25364,6338,10702,23261,22303,32561,29726,32804,32489,38083,38096,41495,41590,27412,30481,19530,24402,6066,10138,341256,319853,45625,43929,77580,71265,21132,60,35
2021-10-16T23:59:59+02:00,4011,3711,25814,24788,34989,32340,34753,34708,40136,40480,43568,43623,28425,31655,20238,25363,6338,10701,23260,22303,32561,29726,32804,32488,38082,38095,41495,41589,27411,30481,19530,24401,6065,10136,341250,319841,45625,43929,77580,71265,21131,60,35
2021-10-15T23:59:59+02:00,4001,3701,25776,24758,34958,32314,34730,34685,40117,40468,43556,43616,28421,31652,20235,25360,6336,10697,23200,22235,32506,29678,32774,32442,38053,38068,41475,41572,27403,30473,19528,24397,6065,10132,341016,319398,45609,43902,77579,71265,21122,60,35
2021-10-14T23:59:59+02:00,3981,3673,25703,24700,34899,32253,34687,34650,40086,40436,43526,43601,28414,31643,20229,25357,6334,10694,23117,22149,32444,29586,32724,32387,37995,38025,41438,41535,27386,30459,19520,24389,6062,10132,340560,318726,45588,43857,77579,71265,21084,60,35
2021-10-13T23:59:59+02:00,3967,3650,25673,24679,34874,32223,34668,34635,40071,40412,43507,43581,28404,31635,20223,25344,6327,10686,23085,22111,32418,29547,32713,32353,37978,38005,41421,41524,27379,30445,19513,24382,6062,10127,340262,318414,45586,43849,77579,71265,21077,60,35
2021-10-12T23:59:59+02:00,3950,3630,25623,24627,34814,32162,34636,34605,40042,40385,43487,43568,28391,31621,20219,25335,6321,10679,22998,22015,32318,29459,32670,32305,37921,37968,41396,41487,27355,30432,19506,24372,6059,10117,339838,317730,45569,43812,77579,71263,21054,60,35
2021-10-11T23:59:59+02:00,3943,3618,25598,24602,34798,32139,34607,34587,40031,40374,43476,43554,28381,31612,20212,25330,6317,10675,22968,21983,32275,29424,32645,32274,37904,37951,41375,41470,27349,30426,19500,24365,6057,10113,339622,317417,45554,43804,77579,71263,21044,60,35
2021-10-10T23:59:59+02:00,3940,3616,25594,24595,34790,32129,34601,34573,40024,40369,43468,43547,28380,31607,20207,25326,6317,10671,22956,21965,32263,29407,32640,32267,37893,37940,41369,41465,27344,30422,19499,24364,6057,10113,339524,317291,45552,43801,77579,71263,21044,60,35
2021-10-09T23:59:59+02:00,3939,3613,25593,24592,34789,32125,34599,34572,40021,40365,43466,43547,28378,31606,20206,25323,6316,10671,22956,21965,32263,29407,32638,32266,37892,37940,41368,41464,27344,30422,19498,24364,6057,10112,339491,317282,45552,43801,77579,71263,21044,60,35
2021-10-08T23:59:59+02:00,3904,3589,25524,24535,34730,32070,34566,34541,39987,40337,43432,43521,28368,31596,20194,25307,6308,10667,22857,21900,32214,29352,32601,32219,37864,37897,41343,41440,27332,30404,19493,24356,6053,10111,338985,316736,45533,43786,77579,71262,21024,60,35
2021-10-07T23:59:59+02:00,3880,3545,25449,24454,34660,31999,34518,34502,39949,40297,43402,43494,28358,31584,20178,25297,6300,10657,22731,21758,32143,29267,32549,32141,37819,37850,41300,41398,27312,30386,19477,24343,6046,10099,338399,315865,45506,43761,77579,71261,20984,60,35
2021-10-06T23:59:59+02:00,3866,3526,25412,24410,34620,31960,34492,34471,39930,40280,43384,43476,28350,31575,20165,25278,6296,10645,22698,21716,32112,29230,32527,32110,37803,37826,41281,41383,27302,30376,19467,24331,6044,10095,338022,315525,45503,43758,77579,71261,20977,60,35
2021-10-05T23:59:59+02:00,3844,3507,25355,24350,34549,31885,34453,34432,39910,40245,43346,43452,28340,31563,20145,25258,6291,10615,22622,21600,32020,29138,32472,32047,37761,37784,41251,41354,27286,30366,19457,24321,6034,10085,337508,314829,45481,43732,77577,71259,20919,60,35
2021-10-04T23:59:59+02:00,3821,3485,25308,24308,34505,31854,34419,34401,39886,40227,43326,43433,28333,31555,20137,25242,6282,10602,22577,21554,31991,29089,32442,32023,37741,37766,41225,41338,27275,30350,19448,24312,6030,10078,337121,314481,45470,43717,77577,71256,20901,60,35
2021-10-03T23:59:59+02:00,3812,3483,25293,24302,34496,31849,34413,34395,39882,40218,43321,43429,28329,31553,20134,25232,6281,10595,22563,21543,31983,29079,32428,32014,37734,37760,41217,41335,27273,30345,19444,24306,6025,10072,337018,314356,45469,43716,77577,71256,20898,60,35
2021-10-02T23:59:59+02:00,3812,3483,25293,24301,34495,31849,34413,34395,39881,40218,43321,43429,28329,31553,20134,25232,6281,10595,22563,21543,31983,29079,32428,32014,37734,37760,41217,41335,27273,30345,19444,24306,6025,10072,337015,314355,45469,43716,77577,71256,20898,60,35
2021-10-01T23:59:59+02:00,3793,3465,25245,24234,34433,31780,34351,34355,39848,40194,43291,43411,28326,31547,20132,25230,6279,10592,22463,21454,31931,29009,32378,31972,37698,37712,41192,41318,27266,30340,19440,24301,6024,10070,336579,313793,45445,43689,77576,71254,20851,60,35
2021-09-30T23:59:59+02:00,3761,3423,25145,24119,34331,31702,34280,34296,39778,40136,43240,43370,28311,31528,20117,25218,6275,10579,22343,21336,31849,28905,32318,31901,37645,37664,41152,41292,27237,30328,19437,24288,6022,10065,335809,313001,45404,43664,77571,71254,20770,60,34
2021-09-29T23:59:59+02:00,3743,3403,25117,24075,34303,31674,34254,34270,39758,40114,43220,43353,28302,31520,20112,25212,6269,10572,22315,21305,31826,28885,32297,31877,37628,37647,41136,41280,27230,30316,19433,24279,6021,10064,335490,312756,45400,43660,77571,71254,20755,60,34
2021-09-28T23:59:59+02:00,3716,3373,25030,24005,34222,31607,34206,34221,39713,40075,43185,43324,28286,31501,20104,25200,6265,10563,22222,21231,31759,28812,32250,31830,37594,37604,41111,41255,27209,30301,19431,24270,6018,10062,334941,312252,45366,43630,77571,71253,20663,60,34
2021-09-27T23:59:59+02:00,3693,3349,24990,23979,34185,31567,34184,34191,39693,40041,43165,43303,28278,31491,20096,25195,6261,10555,22186,21199,31727,28772,32224,31809,37572,37586,41092,41242,27200,30296,19428,24266,6017,10058,334607,311986,45357,43614,77570,71253,20627,60,34
2021-09-26T23:59:59+02:00,3540,3244,24932,23944,34175,31559,34177,34188,39687,40034,43159,43297,28277,31489,20094,25194,6260,10554,22170,21180,31723,28765,32220,31805,37564,37579,41087,41237,27197,30292,19425,24264,6016,10057,334200,311882,45357,43613,77570,71252,20622,60,34
2021-09-25T23:59:59+02:00,3539,3244,24931,23944,34175,31559,34177,34188,39686,40033,43158,43297,28277,31488,20094,25194,6260,10554,22168,21177,31723,28765,32218,31804,37561,37577,41087,41237,27197,30291,19425,24264,6016,10057,334194,311867,45357,43613,77570,71252,20622,60,34
2021-09-24T23:59:59+02:00,3515,3212,24850,23868,34062,31479,34109,34125,39629,39986,43124,43271,28262,31477,20091,25188,6259,10552,22082,21089,31630,28701,32171,31766,37505,37539,41067,41215,27184,30280,19422,24261,6015,10057,333668,311411,45324,43600,77569,71251,20443,60,33
2021-09-23T23:59:59+02:00,3346,3061,24712,23718,33972,31388,34033,34066,39571,39934,43066,43227,28245,31463,20083,25176,6256,10550,21968,20987,31562,28623,32121,31710,37469,37505,41032,41181,27170,30261,19415,24245,6014,10054,332629,310794,45295,43582,77569,71249,20319,60,33
2021-09-22T23:59:59+02:00,3323,3036,24676,23666,33940,31355,34010,34029,39544,39918,43043,43203,28236,31454,20079,25165,6256,10545,21940,20958,31525,28585,32103,31682,37447,37490,41009,41170,27160,30255,19412,24241,6014,10053,332285,310533,45286,43578,77567,71248,20285,60,33
2021-09-21T23:59:59+02:00,3199,2903,24479,23511,33796,31255,33946,33945,39475,39871,43021,43161,28217,31434,20070,25159,6248,10538,21803,20820,31415,28480,32026,31604,37393,37441,40976,41136,27149,30243,19404,24226,6011,10048,331232,309756,45247,43550,77567,71247,20127,60,33
2021-09-20T23:59:59+02:00,3175,2881,24434,23464,33750,31214,33916,33912,39445,39840,42997,43136,28212,31424,20066,25153,6248,10534,21766,20779,31371,28433,32004,31568,37364,37423,40962,41127,27139,30236,19395,24220,6009,10041,330868,309456,45231,43543,77567,71245,20080,60,32
2021-09-19T23:59:59+02:00,3171,2879,24424,23458,33742,31206,33909,33905,39440,39825,42988,43135,28211,31423,20066,25151,6248,10534,21759,20774,31367,28425,32001,31567,37357,37415,40954,41126,27139,30236,19394,24219,6009,10041,330791,309403,45231,43542,77566,71245,20072,60,32
2021-09-18T23:59:59+02:00,3171,2879,24424,23458,33742,31206,33909,33905,39440,39825,42988,43135,28211,31423,20066,25151,6248,10534,21759,20774,31367,28423,31999,31567,37357,37415,40954,41126,27139,30236,19394,24218,6009,10041,330791,309398,45231,43542,77566,71245,20072,60,32
2021-09-17T23:59:59+02:00,3144,2841,24319,23344,33637,31105,33833,33837,39370,39771,42953,43108,28197,31415,20064,25145,6246,10532,21679,20697,31297,28361,31934,31520,37317,37382,40934,41112,27131,30221,19392,24211,6009,10040,330142,308949,45189,43522,77565,71245,19910,59,32
2021-09-16T23:59:59+02:00,3094,2792,24206,23212,33541,30996,33765,33732,39324,39711,42900,43059,28171,31394,20048,25134,6243,10524,21574,20601,31214,28289,31869,31455,37294,37327,40901,41074,27120,30201,19385,24203,6007,10039,329321,308354,45150,43513,77565,71239,19755,59,32
2021-09-15T23:59:59+02:00,3071,2779,24165,23164,33510,30952,33750,33701,39294,39683,42882,43041,28161,31383,20042,25128,6242,10522,21537,20558,31182,28242,31842,31432,37262,37293,40878,41048,27106,30192,19378,24195,6007,10035,328990,307994,45137,43512,77564,71237,19724,59,32
2021-09-14T23:59:59+02:00,3031,2747,24059,23022,33366,30811,33666,33617,39237,39631,42831,42991,28143,31367,20033,25120,6238,10517,21452,20476,31091,28152,31778,31370,37213,37250,40834,41022,27096,30172,19369,24187,6005,10032,328180,307470,45102,43505,77563,71233,19527,59,32
2021-09-13T23:59:59+02:00,3013,2728,24008,22969,33320,30751,33634,33567,39212,39600,42800,42967,28137,31354,20028,25118,6236,10513,21400,20429,31046,28101,31749,31338,37190,37230,40820,41000,27090,30166,19365,24183,6004,10031,327798,307170,45086,43492,77563,71232,19453,59,32
2021-09-12T23:59:59+02:00,3009,2721,24004,22961,33315,30747,33625,33561,39207,39597,42797,42965,28135,31352,20027,25117,6236,10512,21384,20420,31037,28083,31730,31330,37184,37223,40814,40994,27085,30165,19363,24180,6004,10029,327732,307048,45086,43492,77562,71231,19453,59,32
2021-09-11T23:59:59+02:00,3007,2720,24002,22959,33313,30746,33623,33560,39207,39595,42796,42965,28132,31350,20027,25117,6236,10512,21380,20419,31036,28080,31730,31330,37184,37222,40813,40993,27083,30165,19363,24180,6004,10029,327712,307032,45086,43492,77562,71231,19452,59,32
2021-09-10T23:59:59+02:00,2965,2678,23869,22831,33184,30630,33521,33485,39133,39511,42748,42925,28116,31333,20022,25109,6235,10510,21263,20316,30924,27987,31641,31277,37121,37180,40767,40960,27075,30155,19357,24170,6002,10028,326971,306490,45066,43473,77562,71230,19151,59,32
2021-09-09T23:59:59+02:00,2915,2639,23693,22682,33075,30502,33423,33385,39062,39439,42708,42878,28089,31315,20013,25103,6233,10508,21143,20185,30831,27890,31565,31182,37058,37124,40718,40912,27051,30139,19348,24161,5998,10025,326088,305738,45042,43453,77560,71227,18922,54,32
2021-09-08T23:59:59+02:00,2894,2608,23653,22633,33045,30463,33407,33357,39042,39417,42693,42863,28083,31306,20010,25098,6232,10508,21110,20153,30800,27874,31550,31157,37040,37101,40707,40898,27044,30133,19343,24156,5997,10024,325773,305508,45036,43449,77560,71226,18893,54,30
2021-09-07T23:59:59+02:00,2841,2553,23503,22488,32925,30356,33332,33271,38986,39353,42649,42829,28065,31289,20006,25093,6231,10505,20974,20019,30682,27789,31475,31091,36992,37049,40669,40869,27027,30108,19337,24145,5996,10022,325022,304857,45011,43427,77559,71221,18632,54,30
2021-09-06T23:59:59+02:00,2818,2538,23472,22444,32894,30323,33311,33251,38965,39340,42633,42814,28062,31285,20004,25091,6230,10502,20933,19976,30651,27762,31455,31066,36973,37030,40655,40857,27019,30100,19335,24136,5993,10020,324757,304557,44995,43419,77558,71220,18616,54,30
2021-09-05T23:59:59+02:00,2807,2535,23465,22438,32892,30318,33309,33246,38962,39337,42629,42808,28060,31281,20002,25090,6229,10501,20921,19969,30641,27756,31452,31062,36970,37028,40650,40854,27014,30098,19333,24132,5992,10020,324692,304483,44994,43419,77558,71220,18614,54,30
2021-09-04T23:59:59+02:00,2807,2535,23462,22437,32891,30318,33309,33245,38962,39336,42628,42807,28060,31281,20002,25090,6229,10501,20919,19969,30641,27756,31451,31061,36970,37028,40649,40854,27014,30098,19333,24132,5992,10020,324686,304476,44994,43419,77558,71220,18611,54,30
2021-09-03T23:59:59+02:00,2784,2501,23385,22360,32819,30247,33269,33202,38918,39307,42598,42794,28052,31268,20001,25088,6227,10500,20870,19911,30593,27717,31418,31026,36942,37003,40620,40842,27006,30090,19331,24130,5991,10020,324187,304133,44966,43411,77556,71212,18560,54,30
2021-09-02T23:59:59+02:00,2754,2469,23279,22263,32758,30156,33210,33147,38880,39274,42559,42761,28032,31256,19997,25074,6225,10497,20796,19850,30534,27655,31380,30995,36903,36966,40587,40813,26996,30078,19328,24119,5991,10020,323582,303707,44936,43394,77555,71207,18467,54,30
2021-09-01T23:59:59+02:00,2732,2455,23255,22226,32729,30124,33188,33121,38853,39253,42546,42745,28024,31249,19992,25072,6225,10497,20755,19806,30503,27627,31353,30970,36884,36950,40569,40797,26986,30069,19327,24113,5991,10020,323327,303429,44925,43387,77554,71206,18429,54,30
2021-08-31T23:59:59+02:00,2687,2412,23132,22121,32648,30024,33134,33063,38808,39211,42520,42720,28013,31243,19986,25068,6224,10493,20667,19712,30432,27567,31304,30927,36844,36918,40540,40772,26977,30057,19321,24108,5991,10018,322749,303012,44895,43372,77553,71199,18259,54,30
2021-08-30T23:59:59+02:00,2665,2388,23079,22078,32608,29982,33110,33026,38779,39191,42501,42702,28008,31236,19979,25059,6223,10489,20541,19611,30335,27472,31244,30876,36811,36890,40519,40738,26962,30043,19320,24099,5991,10016,322409,302301,44880,43363,77553,71194,18210,54,30
2021-08-29T23:59:59+02:00,2634,2358,22992,22015,32545,29925,33067,32995,38733,39155,42471,42681,27999,31229,19976,25054,6223,10488,20438,19543,30266,27422,31209,30842,36770,36861,40494,40720,26949,30032,19319,24094,5991,10016,321956,301873,44864,43340,77551,71184,18118,54,30
2021-08-28T23:59:59+02:00,2628,2356,22992,22015,32541,29925,33066,32995,38730,39154,42470,42681,27998,31229,19976,25054,6223,10488,20437,19542,30261,27421,31209,30839,36767,36859,40494,40720,26949,30032,19319,24094,5991,10016,321943,301862,44864,43339,77551,71184,18112,54,30
2021-08-27T23:59:59+02:00,2628,2356,22987,22011,32536,29925,33065,32992,38728,39152,42466,42681,27997,31229,19976,25054,6222,10488,20431,19540,30252,27420,31208,30837,36764,36858,40492,40720,26949,30032,19319,24093,5991,10016,321927,301847,44864,43339,77551,71181,18100,54,30
2021-08-26T23:59:59+02:00,2545,2272,22797,21805,32403,29783,32947,32885,38640,39063,42401,42612,27972,31196,19963,25036,6221,10482,20159,19270,30110,27253,31066,30711,36655,36763,40407,40646,26907,29991,19300,24069,5985,10014,320706,300332,44844,43315,77550,71165,17872,54,30
2021-08-25T23:59:59+02:00,2539,2264,22777,21780,32392,29762,32933,32870,38628,39049,42390,42606,27967,31193,19956,25030,6218,10480,20111,19226,30074,27223,31045,30675,36629,36731,40389,40630,26894,29978,19297,24061,5984,10013,320519,299969,44844,43315,77550,71164,17870,54,30
2021-08-24T23:59:59+02:00,2521,2253,22738,21738,32366,29717,32914,32837,38618,39029,42371,42592,27961,31182,19951,25022,6217,10479,20073,19184,30041,27182,31024,30640,36615,36710,40369,40612,26888,29968,19293,24058,5984,10009,320231,299680,44834,43310,77550,71159,17840,54,30
2021-08-23T23:59:59+02:00,2502,2221,22667,21665,32295,29660,32878,32806,38579,38998,42341,42579,27945,31173,19948,25011,6217,10477,19947,19062,29923,27102,30959,30593,36566,36667,40327,40583,26876,29955,19287,24048,5984,10003,319788,298945,44823,43285,77548,71152,17752,54,30
2021-08-22T23:59:59+02:00,2493,2212,22631,21633,32276,29642,32862,32798,38562,38982,42336,42570,27941,31168,19943,25011,6217,10476,19908,19024,29887,27069,30928,30557,36545,36651,40308,40561,26868,29951,19284,24045,5984,10001,319618,298655,44817,43282,77547,71143,17720,54,30
2021-08-21T23:59:59+02:00,2474,2199,22576,21583,32236,29605,32838,32774,38548,38959,42319,42560,27934,31160,19941,25008,6217,10475,19806,18925,29815,27011,30894,30513,36510,36609,40284,40540,26857,29942,19279,24041,5982,10001,319372,298146,44804,43267,77545,71137,17634,54,30
2021-08-20T23:59:59+02:00,2436,2157,22487,21476,32159,29522,32775,32726,38498,38919,42277,42532,27927,31146,19937,24993,6216,10471,19632,18798,29689,26908,30819,30453,36447,36563,40238,40502,26842,29923,19270,24032,5981,9997,318785,297330,44781,43241,77542,71119,17495,54,30
2021-08-19T23:59:59+02:00,2346,2089,22325,21340,32021,29398,32686,32643,38397,38841,42207,42478,27901,31113,19930,24981,6211,10462,19373,18592,29477,26758,30699,30343,36328,36468,40136,40417,26814,29893,19259,24016,5977,9992,317850,296057,44761,43211,77542,71094,17165,54,30
2021-08-18T23:59:59+02:00,2336,2080,22299,21318,31999,29377,32664,32620,38369,38823,42194,42462,27886,31103,19924,24976,6211,10460,19318,18532,29437,26724,30673,30312,36300,36447,40112,40386,26797,29882,19255,24004,5972,9988,317589,295622,44761,43211,77542,71092,17158,54,30
2021-08-17T23:59:59+02:00,2319,2064,22274,21290,31983,29347,32638,32595,38356,38811,42170,42443,27880,31090,19918,24971,6211,10460,19275,18481,29406,26685,30628,30285,36272,36412,40084,40362,26775,29867,19248,23987,5968,9984,317342,295219,44761,43208,77542,71088,17124,54,30
2021-08-16T23:59:59+02:00,2280,2047,22208,21247,31942,29303,32615,32574,38332,38790,42138,42426,27871,31083,19916,24961,6211,10459,19067,18336,29260,26571,30551,30196,36224,36360,40047,40320,26755,29851,19241,23968,5962,9982,316994,294217,44761,43202,77540,71086,17057,54,30
2021-08-15T23:59:59+02:00,2253,2024,22154,21190,31894,29263,32591,32541,38304,38771,42117,42412,27864,31078,19910,24954,6210,10459,18948,18219,29101,26443,30471,30113,36156,36309,39992,40263,26736,29827,19231,23959,5959,9981,316659,293290,44752,43185,77539,71078,16988,54,30
2021-08-14T23:59:59+02:00,2247,2021,22128,21174,31882,29247,32587,32535,38296,38766,42111,42409,27863,31077,19909,24953,6210,10458,18835,18125,29038,26379,30431,30065,36132,36278,39971,40248,26728,29821,19228,23958,5958,9978,316570,292745,44749,43165,77539,71074,16964,54,30
2021-08-13T23:59:59+02:00,2230,2010,22082,21136,31845,29223,32550,32507,38281,38752,42101,42399,27861,31072,19906,24950,6209,10458,18579,17865,28858,26219,30315,29973,36080,36209,39926,40212,26712,29809,19223,23949,5955,9974,316334,291374,44744,43149,77537,71064,16906,54,30
2021-08-12T23:59:59+02:00,2194,1972,21995,21042,31774,29147,32493,32457,38234,38709,42064,42365,27845,31053,19899,24940,6207,10458,18272,17550,28606,25991,30171,29844,35986,36116,39850,40144,26676,29762,19203,23926,5953,9971,315762,289622,44733,43096,77534,71017,16768,54,30
2021-08-11T23:59:59+02:00,2192,1967,21975,21026,31756,29127,32478,32441,38226,38700,42053,42349,27836,31050,19896,24936,6206,10454,18217,17494,28570,25946,30123,29805,35965,36078,39814,40111,26664,29735,19196,23916,5953,9969,315583,289143,44733,43093,77534,71014,16767,54,30
2021-08-10T23:59:59+02:00,2183,1946,21947,20989,31719,29105,32462,32421,38199,38673,42035,42340,27830,31042,19895,24933,6205,10450,17696,17040,28394,25787,30029,29715,35796,35955,39764,40068,26640,29712,19189,23900,5949,9968,315335,287438,44728,43064,77532,70764,16730,52,30
2021-08-09T23:59:59+02:00,2159,1932,21896,20938,31662,29058,32428,32391,38174,38653,42021,42316,27819,31033,19894,24924,6204,10448,17223,16579,28262,25680,29974,29661,35749,35910,39730,40033,26631,29698,19184,23894,5949,9966,314959,285952,44722,43044,77532,70751,16688,52,30
2021-08-08T23:59:59+02:00,2143,1914,21842,20894,31617,29021,32393,32365,38150,38645,41999,42295,27812,31029,19888,24920,6204,10445,16878,16238,28151,25597,29917,29588,35701,35872,39708,40007,26619,29685,19175,23885,5947,9961,314641,284714,44721,43023,77531,70743,16634,52,30
2021-08-07T23:59:59+02:00,2099,1871,21706,20812,31534,28953,32319,32304,38093,38595,41966,42267,27803,31002,19883,24911,6202,10443,16366,15786,27847,25307,29689,29401,35521,35715,39568,39895,26563,29621,19156,23856,5944,9957,314011,282060,44688,42901,77525,70655,16490,52,30
2021-08-06T23:59:59+02:00,2089,1861,21655,20773,31493,28921,32287,32285,38067,38575,41954,42251,27799,30993,19879,24911,6202,10443,15339,14806,26693,24410,29399,29170,35272,35515,39253,39655,26521,29575,19146,23846,5943,9954,313782,277055,44684,42879,77525,69852,16398,52,30
2021-08-05T23:59:59+02:00,2050,1832,21547,20686,31434,28843,32226,32226,38008,38524,41909,42213,27782,30974,19870,24898,6200,10440,14446,14061,25669,23627,28684,28654,34742,35079,38935,39409,26454,29495,19113,23812,5940,9944,313220,272157,44661,42828,77524,68353,16208,52,30
2021-08-04T23:59:59+02:00,2030,1813,21475,20635,31390,28771,32192,32183,37971,38502,41875,42184,27769,30958,19865,24885,6198,10436,14075,13719,25261,23319,28471,28427,34599,34953,38837,39316,26415,29450,19091,23789,5935,9939,312767,269707,44654,42798,77524,68311,16138,52,30
2021-08-03T23:59:59+02:00,2021,1797,21448,20609,31374,28757,32179,32173,37961,38488,41859,42171,27760,30952,19860,24878,6197,10434,13991,13627,25182,23242,28403,28370,34551,34906,38785,39277,26388,29423,19079,23777,5932,9933,312563,268976,44650,42795,77522,68285,16134,52,30
2021-08-02T23:59:59+02:00,2011,1776,21403,20570,31328,28735,32152,32142,37935,38473,41846,42156,27751,30940,19860,24870,6196,10430,13788,13417,24475,22693,28120,28147,34402,34794,38707,39214,26361,29391,19071,23773,5932,9931,312273,266558,44647,42781,77522,68057,16083,52,30
2021-08-01T23:59:59+02:00,1991,1759,21350,20523,31279,28696,32125,32123,37916,38454,41825,42139,27745,30933,19857,24862,6196,10430,13617,13255,24175,22439,27881,27929,34311,34686,38639,39143,26345,29372,19065,23767,5932,9929,311970,264857,44641,42769,77521,68034,16022,52,30
2021-07-31T23:59:59+02:00,1966,1729,21270,20446,31208,28657,32069,32083,37881,38425,41801,42118,27741,30925,19852,24858,6196,10430,12672,12229,23656,21997,27535,27572,34000,34390,38205,38799,26274,29287,19039,23722,5927,9923,311549,259819,44629,42733,77519,67462,15908,52,30
2021-07-30T23:59:59+02:00,1941,1709,21248,20425,31176,28638,32054,32065,37875,38418,41793,42110,27736,30922,19851,24858,6195,10430,12585,12156,23329,21707,27255,27360,33781,34226,38043,38664,26250,29269,19038,23714,5927,9921,311366,258394,44628,42725,77519,66905,15881,52,30
2021-07-29T23:59:59+02:00,1872,1640,21016,20187,31034,28489,31951,31953,37782,38328,41698,42049,27708,30897,19838,24839,6188,10421,11956,11622,22197,20866,26212,26520,32797,33533,37659,38372,26167,29168,19009,23667,5921,9912,310150,252771,44599,42635,77511,65146,15580,52,30
2021-07-28T23:59:59+02:00,1852,1625,20976,20134,31015,28459,31935,31932,37761,38309,41675,42028,27697,30885,19833,24829,6188,10419,11676,11320,21786,20483,25780,26094,32632,33377,37547,38280,26130,29117,18990,23644,5920,9907,309830,249847,44599,42635,77499,65085,15575,51,30
2021-07-27T23:59:59+02:00,1842,1619,20936,20091,30991,28426,31901,31916,37740,38275,41651,42015,27690,30878,19832,24824,6188,10416,11430,11104,21583,20294,25637,25974,32520,33270,37458,38197,26099,29079,18980,23632,5917,9903,309592,248368,44599,42601,77498,65013,15493,51,29
2021-07-26T23:59:59+02:00,1816,1583,20809,19961,30882,28325,31842,31851,37684,38207,41609,41984,27664,30860,19821,24810,6182,10413,11137,10779,21076,19851,25387,25765,32358,33119,37327,38109,26063,29045,18967,23609,5916,9895,308825,246073,44567,42487,77491,64808,15371,51,29
2021-07-25T23:59:59+02:00,1809,1575,20786,19949,30871,28315,31830,31836,37676,38201,41599,41974,27660,30857,19820,24808,6182,10412,11032,10672,20926,19744,25153,25570,32118,32909,37183,37976,26045,29031,18961,23601,5915,9892,308707,244810,44558,42472,77482,64394,15364,51,29
2021-07-24T23:59:59+02:00,1789,1560,20704,19874,30827,28275,31795,31800,37647,38172,41577,41962,27653,30851,19817,24806,6182,10412,10969,10617,20851,19682,25081,25509,32065,32878,37153,37955,26039,29026,18959,23599,5915,9892,308355,244441,44547,42449,77478,64327,15274,51,29
2021-07-23T23:59:59+02:00,1734,1525,20511,19728,30666,28161,31707,31726,37580,38120,41538,41919,27642,30834,19812,24800,6181,10407,10710,10413,20493,19382,24273,24864,31582,32546,36585,37498,25996,28984,18943,23581,5914,9890,307523,241577,44538,42401,77461,62935,15019,51,29
2021-07-22T23:59:59+02:00,1670,1468,20200,19454,30425,27979,31577,31612,37450,38013,41441,41836,27615,30810,19801,24776,6177,10406,10249,10034,19748,18868,23318,24194,30872,31958,35550,36736,25885,28885,18909,23548,5912,9886,306043,237966,44502,41736,77456,60405,14659,51,29
2021-07-21T23:59:59+02:00,1655,1460,20162,19402,30395,27948,31553,31589,37430,37988,41420,41812,27606,30802,19796,24770,6172,10402,9939,9700,19285,18415,22442,23427,30537,31625,35315,36538,25802,28788,18878,23495,5904,9876,305714,235216,44493,40043,77454,60232,14651,51,28
2021-07-20T23:59:59+02:00,1648,1454,20129,19375,30365,27924,31528,31569,37414,37970,41408,41799,27591,30787,19796,24763,6172,10399,9671,9422,18952,18148,22169,23143,30360,31468,35150,36394,25756,28741,18862,23459,5903,9872,305457,232818,44491,40035,77453,60131,14640,51,28
2021-07-19T23:59:59+02:00,1637,1446,20015,19289,30281,27852,31469,31514,37395,37951,41393,41781,27586,30776,19790,24756,6171,10396,9474,9226,18640,17874,21707,22722,30106,31237,35031,36291,25722,28702,18844,23443,5903,9869,304880,231190,44485,39096,77451,60016,14632,51,28
2021-07-18T23:59:59+02:00,1626,1440,19946,19222,30152,27753,31404,31448,37333,37899,41349,41729,27565,30745,19781,24741,6167,10393,9365,9111,18472,17723,21516,22533,29936,31039,34916,36190,25690,28679,18833,23425,5903,9863,304086,229932,44485,38793,77449,59975,14623,51,28
2021-07-17T23:59:59+02:00,1625,1436,19939,19220,30152,27752,31404,31444,37328,37897,41345,41727,27564,30744,19780,24741,6167,10393,9345,9096,18441,17701,21497,22520,29926,31032,34898,36186,25687,28677,18833,23424,5903,9863,304055,229781,44485,38790,77449,59964,14619,51,28
2021-07-16T23:59:59+02:00,1572,1391,19664,18974,30030,27656,31322,31374,37272,37834,41304,41695,27545,30727,19773,24731,6165,10387,9227,8981,18062,17398,21194,22247,29536,30675,34763,36079,25663,28653,18826,23411,5901,9861,303064,228506,44462,38068,77448,59634,14392,51,27
2021-07-15T23:59:59+02:00,1514,1348,19404,18727,29855,27509,31212,31275,37188,37751,41234,41628,27502,30697,19757,24718,6161,10384,8864,8679,17154,16572,19646,21020,28615,29753,34140,35499,25495,28471,18770,23361,5895,9849,301787,222397,44421,36609,77440,58713,14166,51,27
2021-07-14T23:59:59+02:00,1500,1335,19374,18690,29829,27483,31187,31243,37176,37737,41215,41621,27493,30690,19748,24711,6160,10381,8575,8382,16604,15970,19153,20500,28051,29253,33749,35123,25382,28342,18730,23294,5890,9838,301503,218227,44420,36252,77437,58283,14163,51,27
2021-07-13T23:59:59+02:00,1489,1324,19337,18665,29812,27458,31163,31227,37161,37710,41191,41593,27484,30676,19746,24706,6159,10375,8267,8120,16208,15622,18876,20221,27789,29003,33478,34865,25283,28221,18697,23253,5888,9833,301217,215528,44419,36217,77436,57790,14154,51,27
2021-07-12T23:59:59+02:00,1473,1314,19288,18647,29776,27429,31146,31206,37149,37693,41175,41580,27480,30672,19744,24700,6158,10375,8007,7908,15928,15345,18176,19673,27473,28681,33065,34503,25115,28024,18638,23179,5882,9828,300956,214244,44418,34284,77436,56811,14145,51,27
2021-07-11T23:59:59+02:00,1463,1306,19256,18616,29748,27397,31129,31175,37141,37672,41161,41568,27471,30663,19742,24700,6157,10374,7963,7861,15862,15275,18086,19619,27388,28618,32951,34440,25060,27979,18618,23157,5882,9825,300703,213665,44415,34273,77434,56565,14137,51,27
2021-07-10T23:59:59+02:00,1334,1190,18750,18197,29298,27096,30844,30941,36892,37512,40957,41418,27397,30603,19716,24668,6154,10371,7833,7792,15574,15137,17869,19468,27145,28476,32784,34324,24994,27933,18602,23144,5881,9825,298488,213244,44276,34151,77406,56323,13118,51,27
2021-07-09T23:59:59+02:00,1323,1184,18722,18166,29276,27079,30831,30928,36881,37500,40946,41409,27393,30599,19714,24664,6154,10370,7791,7746,15504,15070,17804,19374,26924,28246,32534,34111,24930,27870,18580,23118,5881,9822,298340,212959,44257,34148,77405,55161,13087,51,27
2021-07-08T23:59:59+02:00,1245,1102,18453,17950,29125,26927,30692,30807,36778,37397,40847,41331,27359,30565,19695,24644,6149,10364,7621,7608,15205,14822,17372,19014,26232,27642,32259,33844,24761,27713,18521,23056,5878,9814,297066,211818,44200,32726,77397,54142,12717,51,27
2021-07-07T23:59:59+02:00,1146,1010,18142,17627,28924,26741,30561,30682,36666,37276,40740,41244,27325,30516,19681,24628,6146,10361,7424,7397,14765,14456,16906,18570,25478,27030,31850,33462,24494,27388,18427,22963,5869,9805,295490,208901,44149,31891,77386,53181,12341,51,27
2021-07-06T23:59:59+02:00,1123,993,18065,17558,28878,26691,30511,30635,36630,37241,40705,41213,27308,30490,19670,24614,6144,10358,7207,7166,14420,14095,16555,18220,24726,26383,31549,33198,24303,27173,18379,22892,5862,9798,294911,206835,44145,30485,77383,52285,12338,51,27
2021-07-05T23:59:59+02:00,1081,965,17989,17494,28835,26633,30471,30600,36605,37196,40677,41187,27302,30476,19664,24608,6144,10353,6978,6980,14116,13823,16204,17857,24169,25872,30977,32631,24023,26875,18271,22752,5854,9788,294420,205340,44143,28384,77379,51152,12288,51,27
2021-07-04T23:59:59+02:00,1059,949,17917,17443,28797,26611,30448,30571,36595,37187,40662,41175,27296,30465,19659,24605,6144,10352,6953,6961,14064,13773,16127,17797,24085,25815,30822,32539,23930,26786,18239,22711,5852,9784,294101,204946,44143,28374,77368,50639,12273,51,27
2021-07-03T23:59:59+02:00,645,579,16177,15722,27632,25694,29652,29850,35951,36573,40159,40745,27138,30298,19593,24517,6135,10335,6565,6719,13552,13475,15729,17493,23722,25536,30517,32343,23834,26690,18206,22671,5848,9780,286579,204651,44104,28298,77284,50347,9378,51,27
2021-07-02T23:59:59+02:00,606,540,16047,15576,27474,25546,29572,29791,35920,36546,40140,40732,27132,30289,19590,24514,6135,10335,6518,6645,13478,13378,15642,17361,23578,25353,30363,32178,23642,26479,18117,22593,5846,9777,285676,203968,44104,28139,77283,49463,9372,51,27
2021-07-01T23:59:59+02:00,548,492,15868,15422,27262,25391,29493,29712,35866,36495,40075,40686,27111,30270,19579,24501,6133,10331,6375,6514,13131,13104,15111,16922,22307,24363,29602,31494,23361,26191,17998,22458,5839,9761,284486,200427,44100,26462,77270,48308,9329,51,25
2021-06-30T23:59:59+02:00,518,472,15763,15314,27150,25305,29425,29639,35809,36443,40033,40651,27096,30239,19568,24484,6129,10331,6179,6332,12699,12717,14541,16374,21682,23764,29009,30963,22942,25725,17867,22275,5832,9749,283657,196163,44097,26437,77264,46741,9301,51,25
2021-06-29T23:59:59+02:00,462,422,15007,14645,26883,25081,29328,29540,35729,36362,39964,40603,27077,30214,19560,24471,6129,10329,6066,6206,12440,12456,14146,15978,20891,23139,28423,30409,22494,25201,17714,22101,5824,9739,281152,193013,44094,25926,77255,45023,9255,51,25
2021-06-28T23:59:59+02:00,426,391,14379,14001,26725,24976,29256,29474,35669,36296,39921,40569,27059,30194,19552,24460,6129,10325,5999,6109,12261,12316,13959,15802,20266,22588,28023,30034,22158,24844,17585,21938,5819,9734,279210,191330,44091,25262,77250,43631,9201,51,25
2021-06-27T23:59:59+02:00,349,324,14035,13629,26662,24918,29218,29438,35647,36274,39902,40555,27048,30187,19549,24456,6128,10324,5961,6066,12145,12199,13813,15673,19712,22110,27414,29532,21881,24505,17464,21814,5815,9733,278100,190490,44087,23736,77239,42433,9167,51,25
2021-06-26T23:59:59+02:00,348,323,14024,13617,26647,24907,29212,29431,35640,36273,39899,40554,27047,30186,19549,24456,6128,10324,5956,6063,12135,12197,13807,15670,19699,22098,27369,29497,21734,24375,17424,21758,5814,9731,278026,190466,44084,23732,77239,41952,9166,51,25
2021-06-25T23:59:59+02:00,224,210,12764,12399,25181,23756,28913,29198,35534,36188,39831,40492,27023,30159,19538,24444,6126,10322,5913,6016,12036,12115,13663,15549,19388,21859,26983,29138,21412,23981,17247,21561,5811,9722,271793,189238,44080,23447,77219,40538,9160,51,25
2021-06-24T23:59:59+02:00,159,156,11789,11568,24066,22876,28550,28844,35385,36021,39714,40386,26984,30110,19527,24420,6124,10318,5695,5785,11580,11700,13082,14957,17847,20459,25330,27541,20638,23121,16929,21154,5801,9712,266548,184244,44058,19824,77215,38125,9126,51,25
2021-06-23T23:59:59+02:00,123,130,11424,11247,23569,22503,28301,28601,35208,35893,39624,40297,26953,30083,19518,24382,6122,10306,5621,5674,11368,11485,12782,14607,17453,20049,24581,26771,19842,22371,16736,20900,5793,9696,263927,181891,44050,19204,77210,35575,9047,51,25
2021-06-22T23:59:59+02:00,102,117,11242,11037,23408,22363,28221,28528,35132,35831,39577,40251,26938,30058,19510,24373,6122,10305,5511,5553,11100,11226,12415,14237,16850,19448,23847,26003,19462,21946,16573,20721,5786,9680,262780,178852,44047,18332,77208,34129,9030,51,25
2021-06-21T23:59:59+02:00,90,105,10991,10854,22575,21699,27968,28299,35064,35768,39514,40208,26921,30039,19504,24363,6122,10304,5393,5453,10882,11012,12107,13914,16460,19102,23397,25535,19170,21631,16468,20601,5780,9678,260193,177390,44036,17317,77201,32952,8908,51,25
2021-06-20T23:59:59+02:00,84,104,10926,10763,22326,21484,27709,28098,34984,35691,39469,40164,26909,30023,19502,24358,6120,10301,5352,5400,10795,10911,12012,13811,16263,18918,23127,25294,19069,21524,16415,20543,5774,9674,258903,177079,44035,16253,77195,32702,8831,51,25
2021-06-19T23:59:59+02:00,83,100,10903,10740,22294,21461,27691,28085,34972,35687,39460,40160,26908,30022,19502,24356,6120,10301,5321,5368,10713,10821,11920,13691,16115,18767,22819,24932,18981,21437,16403,20530,5773,9674,258753,176973,44015,14755,77195,32689,8831,51,25
2021-06-18T23:59:59+02:00,80,98,10855,10691,21977,21136,27429,27867,34918,35650,39428,40137,26899,30013,19501,24353,6120,10299,5306,5359,10684,10790,11880,13642,16053,18704,22735,24836,18815,21255,16358,20464,5772,9669,257364,176577,44011,14754,77194,32143,8831,51,25
2021-06-17T23:59:59+02:00,71,90,10274,10261,20699,20178,26566,27132,34547,35325,39169,39946,26835,29931,19480,24316,6113,10294,5109,5219,10308,10537,11436,13240,15372,18092,21365,23517,18357,20765,16194,20292,5768,9655,251579,171272,43991,14179,77181,31333,8425,51,25
2021-06-16T23:59:59+02:00,63,78,9937,9953,20014,19545,25933,26531,34296,35122,39008,39796,26789,29878,19456,24291,6112,10290,4965,5075,9919,10204,10976,12788,14668,17402,20512,22579,17953,20318,16023,20079,5758,9643,247739,167484,43975,12908,77167,30293,8160,51,25
2021-06-15T23:59:59+02:00,48,72,9696,9709,19715,19299,25708,26333,34165,35015,38912,39715,26757,29842,19449,24276,6107,10286,4861,4960,9679,9988,10741,12528,14243,16975,19910,22000,17629,19926,15801,19847,5749,9631,245965,165389,43965,11818,77160,29282,7963,51,24
2021-06-14T23:59:59+02:00,44,67,9564,9583,19414,19040,25530,26190,34045,34935,38848,39675,26739,29822,19443,24265,6107,10283,4780,4897,9489,9850,10566,12392,13980,16757,19594,21705,17463,19768,15699,19713,5748,9627,244761,163925,43963,11816,77156,28608,7663,51,24
2021-06-13T23:59:59+02:00,43,63,9404,9455,19124,18856,25174,25936,33846,34767,38740,39608,26723,29810,19433,24257,6107,10279,4697,4828,9278,9677,10397,12216,13654,16410,19245,21374,17335,19620,15652,19648,5746,9625,243114,163059,43963,11815,77151,27165,7346,51,24
2021-06-12T23:59:59+02:00,43,63,9395,9437,19112,18843,25174,25931,33846,34764,38737,39607,26723,29810,19433,24257,6107,10279,4694,4814,9266,9615,10364,12114,13605,16256,19190,21238,17226,19494,15535,19546,5744,9623,243066,163029,43963,11813,77146,26130,7335,51,24
2021-06-11T23:59:59+02:00,38,59,9236,9256,18879,18633,24372,25258,33668,34608,38602,39494,26690,29776,19422,24233,6107,10274,4616,4704,9045,9356,10104,11816,13083,15704,18214,20339,17040,19296,15495,19502,5741,9620,240147,159000,43961,11812,77141,25541,7305,51,24
2021-06-10T23:59:59+02:00,36,55,8842,8926,18231,18137,23523,24586,33349,34327,38399,39329,26631,29721,19398,24205,6104,10267,4441,4527,8471,8861,9294,11094,11932,14597,16211,18417,16150,18329,15209,19135,5732,9598,236525,149291,43307,11779,77115,23841,7070,49,24
2021-06-09T23:59:59+02:00,19,37,8390,8425,17396,17412,22371,23542,32863,33858,38112,39108,26521,29616,19350,24146,6094,10254,4304,4410,8180,8598,9049,10840,11598,14228,15727,17868,15775,17897,14967,18850,5725,9588,232522,147453,41412,11738,77073,21922,6474,33,24
2021-06-08T23:59:59+02:00,11,25,8070,8106,16926,17001,21949,23176,32619,33663,37949,38978,26477,29575,19340,24124,6091,10249,4185,4328,7926,8347,8743,10496,11239,13881,15086,17163,15312,17373,14705,18571,5720,9570,229794,145744,41381,10621,77063,20205,6058,33,24
2021-06-07T23:59:59+02:00,8,21,7873,7876,16568,16678,21410,22719,32337,33393,37831,38861,26448,29527,19320,24095,6086,10248,4109,4248,7745,8204,8584,10350,11068,13708,14771,16835,15112,17117,14531,18378,5716,9565,228173,144657,40410,10528,77043,19199,5640,33,24
2021-06-06T23:59:59+02:00,6,18,7766,7767,16434,16531,21214,22512,32108,33168,37695,38755,26421,29502,19308,24078,6086,10242,4081,4212,7697,8084,8530,10218,10960,13561,14574,16614,14926,16937,14442,18257,5709,9559,226937,144167,40110,10515,77025,18156,5506,33,24
2021-06-05T23:59:59+02:00,6,18,7744,7753,16408,16507,21206,22509,32097,33161,37693,38754,26420,29502,19307,24077,6086,10242,4071,4172,7682,8019,8516,10086,10946,13389,14555,16509,14891,16882,14433,18247,5709,9558,226831,144085,40110,10515,77024,17556,5492,33,24
2021-06-04T23:59:59+02:00,6,16,7633,7651,16129,16268,20932,22259,31674,32786,37578,38632,26387,29463,19296,24064,6084,10240,4064,4163,7654,7996,8489,10055,10879,13316,14450,16376,14809,16789,14396,18203,5709,9556,225232,143747,39336,10185,77005,17463,5492,33,24
2021-06-03T23:59:59+02:00,4,16,7378,7422,15253,15477,19300,20869,30762,31859,37073,38171,26255,29327,19251,24012,6078,10222,4004,4124,7566,7925,8366,9958,10707,13133,13878,15803,14545,16472,14310,18095,5706,9543,218602,141518,37758,10066,76993,17191,5343,33,24
2021-06-02T23:59:59+02:00,4,16,7244,7278,14875,15052,18869,20464,30295,31403,36845,37907,26191,29263,19231,23983,6075,10220,3975,4095,7504,7839,8278,9863,10567,13002,13429,15370,14420,16289,14280,18057,5703,9538,215524,139723,37327,9972,76992,17158,5339,33,24
2021-06-01T23:59:59+02:00,4,13,6970,7034,14477,14742,18525,20147,29968,31091,36621,37674,26135,29183,19207,23954,6073,10209,3874,4011,7263,7663,8044,9670,10303,12726,13021,14945,13985,15835,14164,17902,5696,9530,212778,137585,37283,9718,76971,16350,4962,33,24
2021-05-31T23:59:59+02:00,4,13,6808,6848,14255,14508,17824,19546,29626,30748,36327,37410,26042,29085,19180,23901,6063,10197,3797,3901,7053,7416,7820,9387,9959,12342,12582,14424,13456,15220,13963,17672,5688,9515,211338,134398,35244,9397,76956,15569,4814,33,24
2021-05-30T23:59:59+02:00,4,13,6785,6832,14210,14467,17746,19487,29576,30709,36295,37384,26030,29073,19177,23894,6062,10195,3753,3829,6895,7201,7673,9151,9752,12020,12326,14069,13335,15049,13897,17589,5685,9508,211039,133660,35231,9295,76898,14022,4738,33,24
2021-05-29T23:59:59+02:00,4,13,6783,6831,14201,14461,17741,19481,29571,30705,36292,37383,26028,29070,19177,23893,6062,10195,3743,3817,6865,7168,7639,9100,9716,11973,12252,13970,13293,14980,13867,17565,5684,9503,211007,133518,35231,9294,76883,13569,4737,33,24
2021-05-28T23:59:59+02:00,4,13,6773,6818,14184,14449,17725,19459,29558,30692,36281,37363,26025,29065,19175,23889,6062,10195,3729,3794,6844,7128,7604,9045,9664,11868,12009,13700,13102,14789,13837,17524,5681,9500,210851,132221,35230,9293,76880,13550,4736,33,24
2021-05-27T23:59:59+02:00,4,13,6682,6737,13915,14229,17236,19113,28877,30148,36120,37230,25975,29029,19160,23873,6061,10189,3605,3632,6556,6876,7228,8737,9166,11310,11300,12803,12548,14218,13707,17330,5673,9488,209759,128696,33785,8965,76838,12322,4176,33,24
2021-05-26T23:59:59+02:00,4,13,6612,6630,13705,14027,16983,18803,28333,29635,35944,37054,25934,28980,19143,23844,6060,10182,3514,3490,6333,6587,6939,8309,8824,10832,10646,12002,11984,13602,13560,17114,5668,9466,208147,125074,33035,8781,76823,11151,3848,33,22
2021-05-25T23:59:59+02:00,4,13,6531,6535,13498,13807,16719,18590,27609,28987,35851,36957,25910,28949,19131,23828,6055,10181,3465,3397,6189,6417,6792,8118,8598,10541,10298,11636,11639,13124,13455,16951,5665,9458,207428,123226,31579,8643,76340,10082,3776,32,22
2021-05-24T23:59:59+02:00,4,13,6461,6439,13320,13607,16496,18310,27193,28556,35505,36556,25853,28881,19112,23804,6054,10179,3452,3376,6130,6336,6747,8034,8538,10446,10225,11538,11464,12891,13407,16859,5657,9437,206896,122597,29345,8595,76333,9592,3737,32,22
2021-05-23T23:59:59+02:00,4,13,6459,6438,13315,13599,16493,18300,27174,28546,35475,36522,25850,28874,19112,23798,6054,10179,3447,3372,6124,6326,6737,8027,8510,10415,10185,11479,11381,12790,13387,16827,5657,9436,206782,122583,29328,8182,76332,9585,3731,32,22
2021-05-22T23:59:59+02:00,4,13,6452,6434,13307,13587,16487,18295,27170,28544,35472,36516,25850,28874,19112,23798,6054,10179,3445,3372,6120,6323,6735,8023,8506,10413,10180,11476,11370,12776,13382,16823,5656,9436,206727,122543,29328,8182,76330,9561,3731,32,22
2021-05-21T23:59:59+02:00,4,13,6390,6375,13154,13481,16312,18146,26899,28366,35041,36250,25824,28836,19104,23792,6053,10175,3436,3362,6087,6302,6705,7989,8467,10364,10126,11427,10852,12063,13241,16663,5653,9431,206037,120784,29203,8179,75284,9527,3659,32,22
2021-05-20T23:59:59+02:00,3,12,6095,6173,12542,13066,15120,17224,24986,26865,34087,35482,25719,28692,19049,23710,6047,10160,3377,3316,5990,6186,6590,7832,8318,10202,9887,11119,10513,11607,13128,16479,5643,9417,201267,118775,27459,8097,72745,9183,3530,31,22
2021-05-19T23:59:59+02:00,3,12,5888,5931,12029,12606,14414,16517,24039,26048,33460,34879,25605,28600,19014,23650,6039,10148,3300,3242,5828,6017,6400,7588,8044,9921,9583,10738,10201,11191,13049,16334,5641,9409,195559,116857,27418,7901,72729,8564,3145,31,22
2021-05-18T23:59:59+02:00,3,11,5718,5820,11631,12288,13792,16015,22882,25099,32793,34272,25489,28464,18966,23597,6034,10138,3258,3211,5712,5905,6233,7428,7839,9705,9384,10498,10027,10940,12903,16110,5631,9400,190608,115694,26907,7833,72685,7857,2781,31,22
2021-05-17T23:59:59+02:00,3,10,5665,5776,11467,12182,13519,15793,22064,24461,32483,33956,25410,28404,18944,23567,6025,10129,3141,3137,5520,5721,6059,7212,7630,9477,9159,10253,9934,10815,12845,16046,5628,9395,188837,114931,26204,7825,72290,6701,2496,31,22
2021-05-16T23:59:59+02:00,3,10,5637,5756,11405,12124,13434,15713,21449,23910,31870,33427,25370,28360,18934,23552,6024,10129,3136,3115,5506,5652,6031,7152,7602,9378,9128,10169,9918,10796,12842,16043,5628,9395,188069,114820,24658,7819,71865,6350,2484,31,21
2021-05-15T23:59:59+02:00,3,10,5628,5747,11372,12115,13405,15704,21373,23839,31330,33053,25359,28355,18933,23549,6023,10128,3123,3100,5487,5610,6017,7077,7562,9263,8890,9915,9885,10765,12808,15992,5628,9394,188018,114815,24645,7681,71218,5988,2014,31,21
2021-05-14T23:59:59+02:00,3,10,5589,5722,11310,12075,13332,15640,20962,23528,30898,32706,25324,28309,18921,23533,6023,10126,3091,3060,5450,5521,5996,6942,7521,9061,8829,9720,9812,10655,12722,15863,5628,9391,187296,114644,24324,7346,70347,5241,2013,31,21
2021-05-13T23:59:59+02:00,3,10,5434,5566,10928,11780,12618,15052,18773,21781,29352,31237,25097,28066,18853,23461,6021,10123,3080,3025,5427,5482,5980,6885,7495,8991,8785,9660,9594,10411,12519,15557,5623,9380,183337,114285,20530,6519,68259,5074,1998,31,21
2021-05-12T23:59:59+02:00,2,10,5404,5539,10858,11722,12517,14964,18650,21657,28989,30872,25004,27971,18836,23432,6020,10118,3079,3021,5421,5476,5970,6872,7470,8976,8746,9606,9405,10179,12286,15233,5620,9373,182388,114001,19893,5649,68256,5069,1997,31,20
2021-05-11T23:59:59+02:00,2,10,5267,5434,10608,11469,12150,14596,18040,21017,28057,29900,24812,27781,18776,23356,6015,10104,3036,2980,5331,5321,5870,6686,7340,8733,8583,9384,9223,9981,12134,15044,5611,9354,178301,112946,18999,5541,68125,4169,1938,31,20
2021-05-10T23:59:59+02:00,2,9,5142,5359,10393,11278,11890,14340,17714,20683,27635,29491,24704,27673,18737,23309,6007,10100,2965,2926,5214,5205,5755,6582,7216,8592,8454,9277,9119,9857,12044,14915,5608,9345,176293,112414,18315,5529,67897,3184,1930,31,20
2021-05-09T23:59:59+02:00,2,9,5068,5313,10295,11162,11790,14221,17373,20397,27244,29114,24617,27586,18708,23273,6004,10097,2897,2894,5068,5163,5579,6539,7049,8563,8324,9241,9107,9847,12026,14895,5608,9345,175897,112338,17034,5519,67397,2357,1914,31,20
2021-05-08T23:59:59+02:00,2,9,5067,5312,10292,11158,11790,14221,17369,20395,27241,29112,24617,27586,18708,23273,6004,10097,2897,2893,5066,5163,5579,6539,7049,8563,8321,9241,9106,9846,12026,14895,5608,9345,175881,112335,17034,5519,67394,2353,1913,31,20
2021-05-07T23:59:59+02:00,2,9,5034,5286,10224,11106,11659,14097,16969,20122,26605,28555,24568,27535,18691,23241,5998,10067,2886,2886,5051,5155,5568,6523,7037,8552,8313,9230,9100,9838,12015,14875,5601,9317,175046,112320,17031,5513,65873,2310,1787,31,20
2021-05-06T23:59:59+02:00,1,9,4764,5125,9770,10763,11095,13579,15880,19098,24195,26262,24068,27006,18585,23139,5993,10053,2843,2840,4984,5079,5527,6431,6955,8434,8183,9077,8999,9724,11991,14824,5598,9314,170013,111777,14580,5456,62987,1777,1776,29,20
2021-05-05T23:59:59+02:00,1,9,4683,5044,9475,10534,10754,13253,15301,18496,23348,25295,23808,26679,18517,23034,5983,10035,2824,2803,4935,4994,5468,6311,6873,8270,8059,8861,8891,9592,11913,14737,5597,9305,166347,110831,13262,5450,62836,1359,1775,29,20
2021-05-04T23:59:59+02:00,1,9,4599,4952,9301,10334,10542,13012,14913,18100,22800,24729,23597,26407,18445,22953,5975,10021,2816,2769,4907,4918,5435,6190,6820,8130,7963,8706,8787,9479,11838,14678,5595,9302,164095,110329,12137,5439,62672,790,1757,29,20
2021-05-03T23:59:59+02:00,1,9,4528,4877,9111,10200,10366,12836,14633,17854,22389,24315,23458,26257,18418,22905,5975,10015,2742,2698,4823,4847,5359,6104,6726,8024,7781,8541,8701,9392,11799,14629,5592,9297,162588,110106,12136,5436,62579,680,815,29,20
2021-05-02T23:59:59+02:00,1,9,4515,4863,9035,10143,10242,12726,14306,17548,22087,24029,23408,26198,18399,22880,5974,10014,2736,2691,4764,4814,5270,6021,6589,7895,7663,8440,8655,9350,11775,14595,5590,9292,161702,109987,12133,5434,62475,663,38,29,20
2021-05-01T23:59:59+02:00,1,9,4515,4860,9033,10142,10241,12726,14302,17544,22085,24029,23407,26197,18399,22880,5974,10014,2736,2691,4764,4814,5270,6021,6588,7895,7663,8440,8655,9350,11775,14595,5590,9292,161683,109987,12133,5433,62475,663,38,29,20
2021-04-30T23:59:59+02:00,0,9,4443,4774,8794,9927,9980,12485,13820,17118,21243,23256,23282,26060,18383,22849,5971,10011,2732,2689,4753,4806,5261,5987,6577,7864,7630,8401,8651,9347,11774,14592,5588,9291,158092,109959,12132,5431,62148,531,4,29,20
2021-04-29T23:59:59+02:00,0,9,4296,4629,8315,9516,9278,11882,12816,16214,19392,21570,22574,25297,18244,22638,5965,9994,2710,2670,4713,4735,5218,5913,6515,7758,7548,8285,8541,9232,11708,14517,5581,9282,148883,109465,12117,5168,61597,271,4,28,20
2021-04-28T23:59:59+02:00,0,9,4264,4610,8244,9443,9202,11795,12696,16093,19175,21357,22485,25206,18217,22597,5963,9989,2707,2658,4688,4675,5190,5869,6485,7684,7500,8203,8524,9207,11691,14495,5579,9276,148498,109271,12029,5095,60787,45,3,28,19
2021-04-27T23:59:59+02:00,0,9,4226,4564,8107,9308,9087,11645,12549,15925,18726,20861,22254,24948,18152,22519,5960,9980,2704,2654,4686,4671,5180,5861,6472,7665,7465,8165,8463,9128,11609,14413,5575,9272,147771,109009,10954,4922,60064,37,3,28,14
2021-04-26T23:59:59+02:00,0,9,4185,4537,8000,9212,8940,11539,12376,15751,18314,20496,22120,24801,18116,22487,5959,9978,2704,2652,4682,4667,5175,5853,6459,7645,7432,8137,8415,9080,11553,14334,5571,9255,146994,108904,10819,4664,58977,32,2,28,14
2021-04-25T23:59:59+02:00,0,9,4171,4522,7963,9181,8877,11476,12241,15622,17971,20162,21920,24564,18076,22432,5955,9973,2704,2652,4681,4665,5172,5849,6454,7642,7430,8133,8359,9021,11530,14306,5571,9253,145612,108881,10808,4496,58665,31,2,28,14
2021-04-24T23:59:59+02:00,0,9,4164,4514,7947,9176,8862,11466,12193,15591,17913,20124,21905,24551,18074,22427,5955,9973,2703,2652,4681,4665,5172,5849,6454,7642,7430,8133,8359,9020,11530,14306,5571,9253,145515,108881,10807,4496,58492,30,2,28,13
2021-04-23T23:59:59+02:00,0,9,4144,4484,7890,9113,8777,11364,11855,15265,17478,19725,21690,24318,18009,22350,5953,9965,2700,2650,4678,4662,5166,5841,6440,7633,7407,8102,8338,8993,11521,14297,5569,9250,144247,108869,10460,4336,57652,29,2,28,13
2021-04-22T23:59:59+02:00,0,9,4095,4420,7759,8924,8593,11106,11528,14847,16562,18740,21118,23607,17873,22170,5943,9947,2692,2644,4672,4640,5144,5814,6398,7599,7339,8057,8209,8835,11380,14146,5564,9241,140518,108252,10330,4088,56364,21,2,27,13
2021-04-21T23:59:59+02:00,0,9,4053,4377,7659,8803,8437,10945,11233,14566,15825,17981,20737,23160,17798,22065,5938,9934,2683,2633,4654,4619,5128,5793,6386,7581,7310,8035,8160,8773,11340,14106,5562,9239,137592,107966,10200,4005,55701,19,2,25,12
2021-04-20T23:59:59+02:00,0,9,4028,4351,7625,8750,8361,10865,11070,14392,15391,17506,20273,22642,17694,21913,5930,9922,2675,2624,4644,4606,5104,5773,6358,7557,7270,7995,8066,8641,11264,14019,5558,9235,135442,107393,9935,3966,55318,18,2,25,12
2021-04-19T23:59:59+02:00,0,9,3998,4300,7562,8645,8269,10726,10912,14209,15138,17211,19794,22077,17527,21697,5920,9910,2670,2623,4640,4602,5091,5758,6339,7540,7244,7950,8013,8587,11237,13973,5556,9231,133374,107060,9582,3964,54923,18,2,23,12
2021-04-18T23:59:59+02:00,0,6,3978,4272,7503,8593,8164,10600,10653,13966,14646,16673,19362,21565,17404,21512,5916,9904,2669,2623,4640,4602,5091,5758,6338,7537,7241,7949,8009,8584,11235,13969,5555,9228,130954,107037,9511,3962,54227,17,2,23,12
2021-04-17T23:59:59+02:00,0,6,3975,4264,7483,8587,8153,10582,10612,13920,14534,16585,19242,21443,17382,21484,5915,9902,2669,2623,4639,4600,5085,5753,6324,7532,7216,7926,7963,8538,11216,13946,5553,9228,130517,107026,9502,3756,54025,17,2,23,12
2021-04-16T23:59:59+02:00,0,6,3964,4220,7410,8463,8050,10427,10419,13658,13865,15823,18675,20801,17257,21309,5904,9884,2666,2620,4634,4593,5080,5740,6306,7521,7178,7891,7652,8147,11122,13805,5546,9211,127674,106222,9441,3462,52996,17,1,23,12
2021-04-15T23:59:59+02:00,0,5,3920,4167,7296,8331,7874,10192,10084,13269,13139,14964,17865,19940,17016,20987,5889,9864,2665,2612,4622,4576,5067,5707,6274,7485,7106,7818,7094,7483,10993,13644,5542,9201,124035,104549,9281,3314,51462,15,1,23,12
2021-04-14T23:59:59+02:00,0,4,3893,4135,7230,8225,7767,10041,9907,13070,12721,14518,17337,19328,16864,20778,5883,9850,2631,2593,4604,4544,5039,5660,6239,7452,7048,7758,6449,6717,10729,13348,5538,9193,122643,102205,9044,3313,49840,13,1,23,12
2021-04-13T23:59:59+02:00,0,4,3889,4129,7192,8208,7710,10006,9799,13017,12348,14225,16647,18475,16628,20474,5879,9844,2606,2565,4585,4518,5011,5624,6180,7382,6960,7654,6237,6464,10143,12667,5529,9172,121939,99970,8822,3303,47689,13,1,23,12
2021-04-12T23:59:59+02:00,0,4,3876,4111,7137,8162,7652,9936,9691,12916,12101,14010,16204,17957,16440,20260,5874,9841,2577,2554,4518,4476,4905,5554,6062,7305,6842,7554,5490,5642,9692,12128,5489,9130,121603,96600,8786,3294,45760,13,1,22,12
2021-04-11T23:59:59+02:00,0,4,3861,4103,7095,8110,7592,9893,9600,12839,11865,13801,15635,17269,16164,19920,5869,9831,2501,2474,4389,4355,4754,5422,5900,7153,6692,7449,5188,5281,9560,11966,5489,9126,121011,94433,8358,3243,44059,12,1,22,12
2021-04-10T23:59:59+02:00,0,4,3843,4083,7056,8063,7549,9836,9539,12780,11774,13716,15417,17076,16115,19851,5868,9824,1941,1910,3578,3634,3884,4658,4897,6237,5837,6661,4916,4976,9431,11814,5482,9117,120546,85707,8358,3243,43467,12,1,22,12
2021-04-09T23:59:59+02:00,0,4,3822,4063,7018,8033,7488,9780,9388,12651,11447,13435,14233,15542,15670,19319,5855,9812,1083,1085,2218,2439,2376,3289,3111,4594,4212,5195,4227,4240,9180,11456,5457,9087,118646,69987,8356,3240,40536,12,0,22,12
2021-04-08T23:59:59+02:00,0,4,3796,4048,6957,7980,7385,9686,9200,12534,11044,13083,13097,14277,15253,18789,5833,9776,583,596,1296,1732,1474,2363,2009,3506,2836,3804,2980,2840,8359,10453,5300,8850,117387,55723,8274,3237,37059,11,0,22,12
2021-04-07T23:59:59+02:00,0,4,3748,4022,6879,7924,7293,9616,9072,12405,10734,12776,12367,13510,15034,18525,5827,9754,354,379,947,1386,1068,1977,1499,3044,1889,2799,1797,1551,7450,9306,5144,8591,116424,45926,8121,3237,34924,8,0,21,12
2021-04-06T23:59:59+02:00,0,4,3732,4010,6858,7886,7237,9549,8979,12326,10522,12559,11982,13014,14814,18232,5816,9741,347,365,937,1376,1053,1956,1471,3016,1830,2740,1718,1482,7032,8747,4991,8352,115154,44160,8022,3236,34066,7,0,19,12
2021-04-05T23:59:59+02:00,0,4,3726,4009,6847,7873,7224,9538,8960,12298,10458,12500,11871,12866,14716,18139,5814,9738,345,359,927,1372,1047,1948,1461,2995,1808,2706,1665,1429,6802,8440,4866,8166,114814,43084,8001,3235,33747,7,0,19,12
2021-04-04T23:59:59+02:00,0,4,3726,4009,6845,7867,7223,9537,8957,12298,10448,12495,11868,12862,14713,18138,5814,9738,345,358,925,1372,1046,1946,1460,2994,1806,2703,1662,1424,6795,8426,4861,8163,114809,43035,8000,3234,33714,7,0,19,12
2021-04-03T23:59:59+02:00,0,4,3726,4009,6845,7866,7222,9537,8957,12298,10447,12495,11868,12861,14711,18136,5814,9738,345,357,923,1368,1044,1945,1459,2989,1804,2703,1656,1412,6752,8344,4826,8127,114805,42804,8000,3234,33710,6,0,19,12
2021-04-02T23:59:59+02:00,0,4,3724,4007,6843,7863,7216,9531,8944,12291,10431,12479,11741,12746,14668,18077,5811,9729,343,355,921,1362,1038,1934,1444,2964,1763,2665,1562,1326,5986,7446,4385,7557,114679,40123,7995,2912,33412,6,0,19,12
2021-04-01T23:59:59+02:00,0,3,3685,3995,6809,7842,7174,9501,8892,12252,10359,12408,11393,12338,14287,17559,5805,9712,338,352,905,1347,1026,1913,1412,2919,1703,2600,1438,1230,5037,6324,3817,6715,114281,36153,6579,2907,33135,6,0,19,12
2021-03-31T23:59:59+02:00,0,3,3679,3990,6794,7822,7157,9481,8858,12219,10269,12336,11057,11930,13935,17060,5799,9689,335,348,897,1337,1015,1898,1392,2891,1654,2563,1372,1177,4447,5638,3456,6240,113695,33810,5569,2834,32795,6,0,19,12
2021-03-30T23:59:59+02:00,0,3,3661,3966,6758,7785,7099,9415,8769,12116,10107,12181,10798,11653,13714,16795,5792,9675,331,341,892,1326,1008,1892,1369,2884,1625,2537,1345,1151,4328,5516,3394,6145,112882,33433,5319,2635,32069,6,0,17,12
2021-03-29T23:59:59+02:00,0,3,3651,3944,6732,7763,7059,9362,8673,12021,9924,11972,10359,11184,13342,16326,5776,9642,326,337,888,1315,1002,1884,1360,2873,1611,2528,1323,1137,4192,5372,3296,6012,111207,32812,5011,2629,31498,5,0,17,12
2021-03-28T23:59:59+02:00,0,3,3610,3888,6616,7604,6942,9219,8547,11828,9771,11781,10151,10923,13166,16144,5772,9633,326,337,888,1313,1000,1883,1359,2873,1610,2526,1314,1134,4159,5329,3270,5986,110837,32767,4744,2526,30000,4,0,17,12
2021-03-27T23:59:59+01:00,0,3,3609,3877,6604,7540,6912,9106,8497,11658,9719,11627,10038,10799,13071,16056,5771,9633,326,336,888,1313,1000,1880,1359,2871,1606,2525,1312,1132,4133,5294,3257,5971,110828,32664,4744,2525,28931,4,0,17,12
2021-03-26T23:59:59+01:00,0,3,3603,3870,6576,7503,6884,9031,8449,11545,9628,11499,9989,10735,13023,16000,5763,9612,321,334,887,1310,996,1868,1356,2850,1586,2511,1287,1116,3947,5065,3148,5817,110768,31901,4520,2484,28408,4,0,17,12
2021-03-25T23:59:59+01:00,0,3,3580,3839,6484,7377,6792,8865,8260,11314,9318,11182,9608,10350,12717,15684,5758,9601,321,333,885,1302,993,1858,1343,2837,1563,2492,1262,1096,3709,4815,2895,5477,110390,30684,4308,2484,26017,3,0,17,12
2021-03-24T23:59:59+01:00,0,3,3523,3789,6394,7193,6669,8639,8095,11077,9091,10857,9194,9860,12298,15225,5747,9590,321,332,884,1298,988,1856,1336,2833,1547,2476,1253,1086,3642,4741,2710,5253,109874,30062,4170,2484,23183,0,0,17,12
2021-03-23T23:59:59+01:00,0,3,3505,3756,6346,7139,6592,8579,7977,10949,8843,10624,8774,9393,11847,14703,5737,9576,321,332,883,1288,983,1847,1331,2824,1543,2469,1229,1061,3550,4664,2514,4930,109059,29275,4079,2484,21188,0,0,17,12
2021-03-22T23:59:59+01:00,0,3,3497,3736,6304,7111,6557,8531,7911,10874,8695,10488,8493,9042,11545,14379,5702,9537,319,327,877,1278,975,1840,1324,2813,1533,2459,1217,1051,3521,4628,2495,4897,108392,29061,4077,2483,19919,0,0,17,12
2021-03-21T23:59:59+01:00,0,3,3495,3734,6300,7101,6540,8515,7894,10855,8639,10430,8373,8925,11476,14277,5699,9534,317,326,869,1275,968,1833,1315,2811,1528,2455,1213,1048,3512,4613,2480,4887,108307,28957,4076,2483,19390,0,0,17,12
2021-03-20T23:59:59+01:00,0,3,3487,3696,6292,7029,6524,8378,7869,10671,8595,10295,8295,8839,11438,14238,5699,9534,317,326,869,1275,968,1832,1314,2811,1528,2453,1213,1048,3512,4612,2480,4886,108274,28952,3865,2482,18726,0,0,17,12
2021-03-19T23:59:59+01:00,0,3,3474,3666,6264,6943,6500,8285,7823,10554,8482,10135,7752,8232,11251,13995,5690,9516,314,325,864,1268,951,1823,1292,2780,1478,2409,1131,980,2842,3818,2061,4305,106654,26149,3563,2482,18331,0,0,17,12
2021-03-18T23:59:59+01:00,0,3,3463,3648,6223,6903,6466,8223,7759,10468,8366,10006,6792,7130,10971,13694,5678,9491,313,325,860,1263,945,1813,1277,2772,1454,2390,1092,960,2636,3578,1905,4083,103626,25174,3402,2482,18239,0,0,17,12
2021-03-17T23:59:59+01:00,0,3,3426,3609,6153,6820,6411,8118,7668,10337,8235,9848,6106,6281,10686,13383,5661,9464,312,325,852,1257,940,1801,1263,2750,1435,2363,1055,935,2509,3447,1823,3965,100826,24540,3401,2482,17965,0,0,17,12
2021-03-16T23:59:59+01:00,0,3,3408,3579,6114,6767,6367,8044,7614,10272,8144,9746,5930,6106,9977,12574,5620,9400,305,314,838,1240,928,1792,1257,2730,1423,2355,1041,916,2294,3198,1686,3768,98561,23595,3390,2480,17697,0,0,17,12
2021-03-15T23:59:59+01:00,0,3,3371,3547,6015,6687,6237,7951,7470,10152,8016,9620,5176,5272,9530,12024,5576,9330,304,313,834,1236,926,1785,1255,2717,1414,2346,1028,904,2149,3024,1595,3673,95037,23014,3381,2479,17542,0,0,17,12
2021-03-14T23:59:59+01:00,0,3,3247,3404,5736,6341,5966,7591,7156,9736,7729,9302,4844,4881,9369,11825,5572,9315,304,312,834,1236,925,1785,1253,2716,1412,2343,1026,901,2146,3021,1592,3672,92640,22992,3326,2476,16034,0,0,17,12
2021-03-13T23:59:59+01:00,0,3,2592,2749,4803,5473,4956,6667,5967,8623,6716,8355,4529,4498,8983,11301,5480,9207,304,311,833,1234,925,1779,1251,2714,1411,2343,1026,900,2122,2984,1561,3636,81981,22848,3326,2476,15578,0,0,17,12
2021-03-12T23:59:59+01:00,0,2,1769,1932,3468,4320,3448,5336,4220,6985,5079,6846,3857,3792,7728,9752,4965,8517,300,308,831,1230,919,1773,1244,2694,1386,2326,981,873,1765,2518,1286,3275,63130,21223,3323,2476,15546,0,0,17,12
2021-03-11T23:59:59+01:00,0,2,1270,1455,2562,3580,2548,4401,3127,5895,3721,5460,2682,2516,6022,7645,4190,7337,295,299,815,1221,906,1750,1226,2665,1361,2279,944,853,1607,2283,1159,3085,45831,20262,3321,2476,15244,0,0,17,12
2021-03-10T23:59:59+01:00,0,2,1049,1239,2196,3220,2174,4009,2676,5454,2811,4493,1546,1311,4662,5925,3625,6572,285,289,797,1201,884,1714,1192,2591,1322,2213,917,834,1425,2092,1062,2909,34784,19350,3321,2367,14843,0,0,16,12
2021-03-09T23:59:59+01:00,0,2,1033,1210,2132,3080,2110,3894,2592,5321,2726,4367,1512,1280,4585,5852,3583,6513,281,282,783,1180,867,1688,1166,2550,1304,2185,903,822,1348,1966,990,2793,34371,18775,3318,2323,14087,0,0,16,12
2021-03-08T23:59:59+01:00,0,2,1012,1180,2075,2980,2071,3813,2532,5208,2671,4294,1474,1259,4438,5690,3480,6370,281,278,778,1172,865,1679,1158,2542,1296,2169,878,801,1177,1740,864,2622,33672,17971,3318,2319,13543,0,0,16,12
2021-03-07T23:59:59+01:00,0,2,1007,1161,2035,2934,2029,3772,2493,5143,2630,4257,1469,1256,4431,5682,3477,6370,281,278,778,1172,865,1679,1158,2542,1295,2169,875,801,1168,1730,855,2611,33638,17970,3312,2277,13182,0,0,16,12
2021-03-06T23:59:59+01:00,0,2,1007,1158,2024,2920,2017,3753,2477,5116,2613,4236,1456,1246,4397,5636,3463,6358,281,278,778,1172,865,1678,1158,2542,1295,2169,875,801,1168,1730,855,2610,33494,17969,3311,2276,13058,0,0,16,12
2021-03-05T23:59:59+01:00,0,2,1003,1154,2008,2900,1987,3730,2434,5064,2561,4198,1420,1219,4127,5310,3311,6138,280,275,771,1165,859,1670,1155,2533,1291,2159,861,797,1160,1721,854,2608,32751,17873,2977,2276,12822,0,0,16,12
2021-03-04T23:59:59+01:00,0,2,909,1006,1919,2775,1921,3593,2358,4910,2471,4038,1390,1198,3885,5048,3046,5785,280,273,769,1160,856,1661,1154,2519,1287,2150,829,782,1147,1711,847,2595,31495,17757,2973,2253,11770,0,0,16,12
2021-03-03T23:59:59+01:00,0,2,862,898,1852,2679,1850,3489,2289,4795,2397,3954,1377,1185,3775,4941,2822,5510,279,271,768,1149,853,1643,1148,2477,1277,2124,812,778,1139,1691,839,2587,30816,17728,2854,2097,10991,0,0,16,12
2021-03-02T23:59:59+01:00,0,2,818,821,1756,2556,1766,3365,2199,4671,2337,3876,1342,1163,3645,4806,2614,5159,279,270,767,1143,849,1640,1143,2472,1273,2114,810,776,1124,1670,828,2568,30081,17620,2664,2096,10135,0,0,16,12
2021-03-01T23:59:59+01:00,0,2,795,785,1656,2414,1695,3219,2099,4499,2257,3755,1324,1151,3594,4741,2570,5099,279,268,763,1139,846,1628,1139,2460,1268,2104,803,773,1119,1658,820,2561,29828,17522,2580,2096,9231,0,0,16,12
2021-02-28T23:59:59+01:00,0,2,789,762,1638,2348,1667,3147,2076,4400,2242,3688,1318,1145,3584,4726,2555,5088,278,267,763,1138,846,1623,1138,2458,1268,2099,799,771,1111,1645,816,2551,29719,17499,2578,2062,8862,0,0,16,12
2021-02-27T23:59:59+01:00,0,2,774,745,1617,2288,1650,3036,2057,4274,2221,3593,1315,1142,3584,4725,2555,5087,278,267,763,1138,846,1623,1138,2458,1268,2098,799,771,1101,1639,799,2537,29716,17498,2577,2015,8356,0,0,16,12
2021-02-26T23:59:59+01:00,0,2,645,666,1513,2175,1599,2878,1994,4038,2120,3357,1225,1072,2930,3929,2120,4494,278,266,762,1136,845,1622,1138,2456,1266,2095,798,767,1083,1626,789,2520,26899,17424,2577,2013,7265,0,0,16,12
2021-02-25T23:59:59+01:00,0,2,497,589,1396,2071,1532,2750,1935,3911,2020,3245,1175,1037,2700,3659,1955,4253,261,251,738,1114,803,1553,1089,2355,1193,2002,742,746,1050,1588,777,2492,25833,17332,2549,1412,6329,0,0,16,12
2021-02-24T23:59:59+01:00,0,2,468,559,1326,1961,1462,2607,1865,3761,1944,3095,1138,1008,2561,3524,1875,4131,232,238,713,1068,776,1491,1059,2292,1138,1951,715,724,1003,1558,764,2461,25189,17142,2537,1031,5545,0,0,16,12
2021-02-23T23:59:59+01:00,0,2,413,519,1243,1821,1387,2462,1789,3550,1875,2973,1113,974,2354,3293,1747,3939,227,233,698,1044,764,1452,1037,2245,1112,1910,706,713,994,1544,761,2457,24252,17052,2527,835,4659,0,0,16,12
2021-02-22T23:59:59+01:00,0,2,400,485,1142,1712,1284,2365,1680,3443,1794,2902,1091,960,2210,3119,1656,3840,217,224,675,992,733,1389,1011,2151,1070,1828,662,680,924,1465,722,2398,23661,16862,2523,269,3885,0,0,16,12
2021-02-21T23:59:59+01:00,0,2,381,468,1041,1679,1134,2341,1525,3421,1689,2884,1083,958,2209,3118,1656,3840,190,218,644,984,722,1381,997,2146,1064,1826,659,677,921,1459,714,2390,23632,16728,2523,254,3258,0,0,16,12
2021-02-20T23:59:59+01:00,0,2,381,466,1040,1679,1133,2341,1524,3419,1689,2882,1083,957,2208,3118,1655,3839,189,216,641,984,719,1380,991,2143,1062,1826,659,677,921,1459,714,2389,23626,16706,2522,254,3252,0,0,16,12
2021-02-19T23:59:59+01:00,0,2,376,457,1028,1675,1123,2331,1512,3400,1656,2867,1032,928,1834,2612,1352,3448,167,206,615,980,701,1372,974,2141,1056,1824,656,676,920,1459,713,2386,21867,16582,2522,254,3228,0,0,16,12
2021-02-18T23:59:59+01:00,0,2,356,436,989,1592,1085,2245,1458,3284,1615,2775,1003,904,1657,2366,1218,3237,147,195,576,969,681,1359,940,2124,1030,1804,645,657,899,1431,699,2365,20866,16257,2522,254,2818,0,0,16,12
2021-02-17T23:59:59+01:00,0,2,333,384,905,1449,976,2048,1325,3030,1504,2555,965,874,1466,2153,1117,3056,141,188,564,938,656,1306,908,2045,984,1727,610,625,892,1404,693,2345,19784,15762,2522,254,1820,0,0,16,12
2021-02-16T23:59:59+01:00,0,2,327,345,862,1311,925,1865,1264,2809,1437,2395,954,857,1405,2056,1050,2956,135,175,550,896,641,1252,880,1981,954,1685,600,615,868,1370,679,2280,19413,15432,2521,119,870,0,0,16,12
2021-02-15T23:59:59+01:00,0,2,312,303,833,1280,908,1809,1224,2725,1399,2339,925,824,1226,1826,920,2778,127,167,529,870,624,1190,854,1908,931,1608,579,578,850,1333,670,2235,18496,14964,2520,79,603,0,0,14,12
2021-02-14T23:59:59+01:00,0,2,312,303,832,1280,907,1809,1223,2725,1399,2339,925,824,1226,1826,920,2777,126,167,528,862,620,1185,848,1902,927,1605,578,577,848,1332,668,2231,18494,14916,2520,78,601,0,0,14,12
2021-02-13T23:59:59+01:00,0,2,312,303,832,1280,907,1806,1223,2723,1399,2337,925,824,1226,1825,918,2777,126,167,528,862,620,1185,845,1899,925,1601,575,577,833,1311,656,2214,18487,14913,2517,1,601,0,0,14,12
2021-02-12T23:59:59+01:00,0,2,308,302,823,1275,903,1776,1217,2696,1371,2307,923,822,1225,1822,918,2777,126,167,526,860,619,1178,839,1887,919,1588,572,575,819,1300,650,2201,18479,14815,2517,1,457,0,0,14,12
2021-02-11T23:59:59+01:00,0,2,289,293,808,1240,897,1741,1201,2631,1348,2252,889,808,1214,1811,917,2767,124,153,508,821,597,1113,805,1787,897,1529,559,561,792,1266,635,2168,18367,14305,2516,0,211,0,0,14,12
2021-02-10T23:59:59+01:00,0,2,286,286,789,1203,884,1712,1189,2586,1333,2210,884,806,1199,1794,912,2749,120,143,441,735,551,1020,727,1661,839,1443,544,544,775,1243,622,2138,18342,13548,2411,0,58,0,0,13,0
2021-02-09T23:59:59+01:00,0,2,286,283,783,1188,872,1695,1174,2566,1319,2186,869,800,1185,1775,900,2729,104,124,384,646,498,886,646,1454,750,1250,491,464,655,1074,543,1871,18232,11842,2364,0,3,0,0,13,0
2021-02-08T23:59:59+01:00,0,2,285,282,781,1183,869,1688,1172,2562,1312,2178,863,797,1169,1752,882,2704,93,100,338,551,446,784,556,1243,642,1084,414,388,566,875,438,1539,18106,10059,2361,0,1,0,0,13,0
2021-02-07T23:59:59+01:00,0,2,284,281,780,1182,868,1688,1172,2561,1312,2175,857,795,1168,1749,880,2702,91,99,336,546,444,780,554,1234,638,1078,408,382,545,852,432,1524,18082,9945,2361,0,0,0,0,13,0
2021-02-06T23:59:59+01:00,0,2,284,280,779,1181,868,1687,1172,2561,1312,2174,856,795,1166,1743,878,2700,91,98,336,542,443,779,553,1230,636,1077,405,377,496,783,401,1478,18066,9727,2359,0,0,0,0,13,0
2021-02-05T23:59:59+01:00,0,2,284,279,779,1180,867,1686,1171,2560,1311,2169,849,789,1142,1732,871,2684,85,95,328,536,427,760,528,1195,607,1034,382,349,472,755,381,1431,17983,9366,2359,0,0,0,0,13,0
2021-02-04T23:59:59+01:00,0,2,281,271,776,1159,856,1663,1157,2532,1297,2146,827,776,1113,1701,864,2665,71,76,259,413,332,591,410,966,495,831,310,286,364,610,314,1208,17737,7536,2336,0,0,0,0,13,0
2021-02-03T23:59:59+01:00,0,2,280,266,773,1136,853,1635,1150,2480,1284,2114,807,762,1097,1680,852,2649,57,55,172,285,258,441,290,716,368,594,213,204,259,450,225,905,17632,5492,2175,0,0,0,0,13,0
2021-02-02T23:59:59+01:00,0,2,279,260,769,1127,847,1614,1142,2454,1272,2097,800,755,1089,1669,850,2641,37,34,94,143,149,254,177,447,238,375,139,134,177,274,158,582,17480,3412,2174,0,0,0,0,13,0
2021-02-01T23:59:59+01:00,0,2,277,257,764,1108,839,1594,1137,2424,1268,2062,790,742,1083,1658,845,2625,13,11,17,30,27,64,48,89,75,103,53,48,65,82,47,198,17288,970,2174,0,0,0,0,13,0
2021-01-31T23:59:59+01:00,0,2,271,255,748,1106,831,1583,1126,2413,1257,2054,784,736,1073,1640,838,2611,12,11,16,28,25,61,42,84,68,95,50,48,60,75,44,185,17251,904,2064,0,0,0,0,13,0
2021-01-30T23:59:59+01:00,0,2,271,255,748,1105,831,1583,1126,2413,1257,2054,783,736,1063,1633,821,2596,12,9,15,28,25,61,42,84,67,93,49,47,59,75,44,184,17247,894,2017,0,0,0,0,13,0
2021-01-29T23:59:59+01:00,0,2,270,255,748,1104,831,1583,1126,2413,1257,2053,782,735,1062,1631,821,2594,10,4,13,26,25,60,40,83,66,93,48,46,59,75,44,184,17239,876,2015,0,0,0,0,13,0
2021-01-28T23:59:59+01:00,0,2,266,250,737,1079,797,1527,1089,2352,1181,1994,741,721,1034,1611,805,2574,5,0,4,8,10,24,19,37,21,45,21,22,25,49,17,108,17059,415,1688,0,0,0,0,13,0
2021-01-27T23:59:59+01:00,0,2,260,243,714,1047,751,1472,1030,2271,1108,1913,706,694,1019,1588,802,2566,4,0,4,5,7,20,15,23,14,32,6,9,11,12,5,30,16609,197,1564,0,0,0,0,13,0
2021-01-26T23:59:59+01:00,0,2,236,234,699,1023,743,1424,1010,2197,1081,1848,694,680,995,1572,792,2547,4,0,2,5,6,10,13,12,7,11,3,5,7,8,2,17,16559,112,1205,0,0,0,0,13,0
2021-01-25T23:59:59+01:00,0,2,205,219,646,951,691,1302,967,2051,1023,1713,647,624,917,1475,745,2471,4,0,2,5,6,10,13,12,7,11,3,5,7,8,2,17,16332,112,304,0,0,0,0,13,0
2021-01-24T23:59:59+01:00,0,2,188,213,620,939,672,1288,949,2034,1007,1703,640,618,907,1455,736,2458,3,0,2,5,6,10,12,12,6,11,3,5,7,8,2,17,16157,109,259,0,0,0,0,13,0
2021-01-23T23:59:59+01:00,0,2,188,213,620,939,672,1288,949,2034,1007,1703,640,618,907,1455,736,2458,3,0,2,4,6,10,10,12,6,11,3,5,7,8,2,17,16157,106,259,0,0,0,0,13,0
2021-01-22T23:59:59+01:00,0,2,141,195,562,929,654,1273,915,2024,995,1692,635,617,906,1455,736,2458,3,0,1,4,6,10,10,12,6,11,3,5,7,8,2,17,15917,105,259,0,0,0,0,13,0
2021-01-21T23:59:59+01:00,0,2,137,187,547,908,634,1232,882,1970,974,1645,623,596,894,1424,729,2439,3,0,0,4,5,10,9,12,6,11,3,5,7,8,2,16,15551,101,259,0,0,0,0,13,0
2021-01-20T23:59:59+01:00,0,2,131,170,500,843,611,1154,819,1860,937,1574,603,578,877,1401,719,2409,3,0,0,4,5,10,9,12,6,11,3,5,7,8,2,16,14918,101,257,0,0,0,0,13,0
2021-01-19T23:59:59+01:00,0,2,121,152,428,756,548,1025,735,1671,837,1416,556,528,778,1246,638,2153,3,0,0,4,5,8,9,12,6,11,3,5,7,8,2,16,13387,99,190,0,0,0,0,13,0
2021-01-18T23:59:59+01:00,0,2,103,118,359,606,458,855,604,1410,711,1207,486,462,690,1083,560,1868,1,0,0,1,1,0,0,0,0,1,0,0,0,1,0,0,11488,5,81,0,0,0,0,13,0
2021-01-17T23:59:59+01:00,0,2,99,116,355,601,457,849,602,1391,704,1197,480,452,663,1052,540,1821,1,0,0,1,0,0,0,0,0,1,0,0,0,1,0,0,11288,4,80,0,0,0,0,13,0
2021-01-16T23:59:59+01:00,0,2,99,113,353,592,454,844,590,1378,693,1185,465,438,566,927,478,1722,0,0,0,1,0,0,0,0,0,0,0,0,0,0,0,0,10883,1,3,0,0,0,0,13,0
2021-01-15T23:59:59+01:00,0,2,97,111,348,590,448,839,584,1371,676,1169,449,420,558,915,468,1698,0,0,0,0,0,0,0,0,0,0,0,0,0,0,0,0,10729,0,1,0,0,0,0,13,0
2021-01-14T23:59:59+01:00,0,0,80,89,294,488,370,674,466,1118,557,989,368,338,439,749,384,1443,0,0,0,0,0,0,0,0,0,0,0,0,0,0,0,0,8833,0,0,0,0,0,0,13,0
2021-01-13T23:59:59+01:00,0,0,66,66,209,371,294,504,353,837,428,710,259,239,323,563,295,1107,0,0,0,0,0,0,0,0,0,0,0,0,0,0,0,0,6612,0,0,0,0,0,0,12,0
2021-01-12T23:59:59+01:00,0,0,44,44,129,220,182,313,213,532,285,443,165,154,211,370,203,743,0,0,0,0,0,0,0,0,0,0,0,0,0,0,0,0,4251,0,0,0,0,0,0,0,0
2021-01-11T23:59:59+01:00,0,0,14,13,45,61,42,93,61,120,97,130,68,61,92,114,58,253,0,0,0,0,0,0,0,0,0,0,0,0,0,0,0,0,1322,0,0,0,0,0,0,0,0
2021-01-10T23:59:59+01:00,0,0,13,13,32,49,35,75,52,111,84,120,61,57,85,104,55,238,0,0,0,0,0,0,0,0,0,0,0,0,0,0,0,0,1184,0,0,0,0,0,0,0,0
2021-01-09T23:59:59+01:00,0,0,13,12,28,48,35,75,51,110,82,117,60,56,84,103,53,237,0,0,0,0,0,0,0,0,0,0,0,0,0,0,0,0,1164,0,0,0,0,0,0,0,0
2021-01-08T23:59:59+01:00,0,0,9,4,28,42,33,72,48,108,81,116,57,52,78,98,49,237,0,0,0,0,0,0,0,0,0,0,0,0,0,0,0,0,1112,0,0,0,0,0,0,0,0
2021-01-07T23:59:59+01:00,0,0,6,1,10,21,16,38,27,77,35,77,32,27,51,82,33,180,0,0,0,0,0,0,0,0,0,0,0,0,0,0,0,0,713,0,0,0,0,0,0,0,0
2021-01-06T23:59:59+01:00,0,0,6,0,5,10,11,30,24,43,21,48,26,24,37,56,23,129,0,0,0,0,0,0,0,0,0,0,0,0,0,0,0,0,493,0,0,0,0,0,0,0,0
2021-01-05T23:59:59+01:00,0,0,5,0,5,9,11,30,24,43,21,48,26,24,37,55,23,129,0,0,0,0,0,0,0,0,0,0,0,0,0,0,0,0,490,0,0,0,0,0,0,0,0
2021-01-04T23:59:59+01:00,0,0,4,0,2,4,5,11,13,12,6,12,3,5,7,9,2,18,0,0,0,0,0,0,0,0,0,0,0,0,0,0,0,0,113,0,0,0,0,0,0,0,0
2021-01-03T23:59:59+01:00,0,0,3,0,2,4,5,10,12,12,6,12,3,5,7,9,2,17,0,0,0,0,0,0,0,0,0,0,0,0,0,0,0,0,109,0,0,0,0,0,0,0,0
2021-01-02T23:59:59+01:00,0,0,3,0,2,4,5,10,10,12,6,12,3,5,7,9,2,17,0,0,0,0,0,0,0,0,0,0,0,0,0,0,0,0,107,0,0,0,0,0,0,0,0
2021-01-01T23:59:59+01:00,0,0,3,0,1,4,5,10,10,12,6,12,3,5,7,8,2,17,0,0,0,0,0,0,0,0,0,0,0,0,0,0,0,0,105,0,0,0,0,0,0,0,0
2020-12-31T23:59:59+01:00,0,0,3,0,0,4,5,10,9,12,6,12,3,5,7,8,2,17,0,0,0,0,0,0,0,0,0,0,0,0,0,0,0,0,103,0,0,0,0,0,0,0,0
2020-12-30T23:59:59+01:00,0,0,3,0,0,4,5,10,9,12,6,12,3,5,7,8,2,17,0,0,0,0,0,0,0,0,0,0,0,0,0,0,0,0,103,0,0,0,0,0,0,0,0
2020-12-29T23:59:59+01:00,0,0,3,0,0,3,5,8,9,12,6,12,3,5,7,8,2,17,0,0,0,0,0,0,0,0,0,0,0,0,0,0,0,0,100,0,0,0,0,0,0,0,0
2020-12-28T23:59:59+01:00,0,0,3,0,0,3,5,8,9,12,5,12,3,5,7,8,2,17,0,0,0,0,0,0,0,0,0,0,0,0,0,0,0,0,99,0,0,0,0,0,0,0,0
2020-12-27T23:59:59+01:00,0,0,1,0,0,0,0,0,0,0,0,1,0,0,2,4,0,8,0,0,0,0,0,0,0,0,0,0,0,0,0,0,0,0,16,0,0,0,0,0,0,0,0
