Datum,<15_m,<15_w,15-24_1_m,15-24_1_w,25-34_1_m,25-34_1_w,35-44_1_m,35-44_1_w,45-54_1_m,45-54_1_w,55-64_1_m,55-64_1_w,65-74_1_m,65-74_1_w,75-84_1_m,75-84_1_w,>84_1_m,>84_1_w,<24_2_m,<24_2_w,25-34_2_m,25-34_2_w,35-44_2_m,35-44_2_w,45-54_2_m,45-54_2_w,55-64_2_m,55-64_2_w,65-74_2_m,65-74_2_w,75-84_2_m,75-84_2_w,>84_2_m,>84_2_w,bp_1,bp_2,mo_1,mo_2,az_1,az_2,ja,unb_1,unb_2
2021-09-08T23:59:59+02:00,2887,2592,23619,22608,33006,30437,33369,33324,38991,39368,42602,42788,27974,31203,19839,24923,6035,10199,21070,20117,30757,27836,31487,31093,36948,36999,40583,40763,26924,29998,19118,23881,5793,9696,324306,303764,44976,43324,77563,71088,18863,56,29
2021-09-07T23:59:59+02:00,2834,2538,23468,22466,32889,30331,33294,33239,38936,39306,42559,42754,27957,31186,19836,24918,6034,10196,20936,19982,30643,27753,31410,31030,36902,36949,40545,40736,26908,29972,19112,23870,5792,9694,323565,303123,44953,43305,77562,71082,18605,56,29
2021-09-06T23:59:59+02:00,2811,2524,23437,22423,32858,30298,33273,33219,38916,39293,42544,42739,27954,31182,19835,24916,6033,10193,20895,19939,30613,27726,31390,31004,36883,36931,40532,40724,26900,29964,19110,23861,5789,9692,323305,302826,44937,43297,77561,71081,18589,56,29
2021-09-05T23:59:59+02:00,2800,2521,23429,22417,32856,30293,33272,33215,38913,39290,42540,42733,27952,31178,19833,24915,6032,10192,20882,19931,30605,27721,31388,31001,36880,36930,40528,40722,26895,29962,19108,23857,5788,9692,323241,302760,44936,43297,77561,71080,18587,56,29
2021-09-04T23:59:59+02:00,2800,2521,23426,22417,32855,30293,33271,33213,38912,39289,42539,42732,27952,31178,19833,24915,6032,10192,20880,19931,30605,27720,31386,30999,36879,36930,40527,40722,26895,29962,19108,23857,5788,9692,323236,302752,44936,43297,77561,71080,18581,56,29
2021-09-03T23:59:59+02:00,2777,2486,23352,22343,32787,30225,33232,33171,38868,39261,42509,42720,27944,31165,19832,24913,6030,10191,20831,19875,30558,27681,31354,30964,36851,36905,40500,40711,26888,29954,19106,23855,5787,9692,322756,302417,44908,43289,77557,71072,18529,56,29
2021-09-02T23:59:59+02:00,2747,2454,23246,22248,32731,30137,33178,33117,38831,39228,42471,42688,27925,31154,19828,24899,6028,10188,20756,19817,30505,27621,31319,30936,36813,36868,40470,40682,26878,29942,19103,23844,5787,9692,322170,302007,44877,43273,77555,71067,18440,56,29
2021-09-01T23:59:59+02:00,2726,2440,23224,22212,32703,30106,33158,33089,38806,39207,42458,42673,27916,31146,19823,24897,6028,10188,20715,19776,30477,27595,31300,30914,36794,36852,40453,40666,26869,29933,19102,23838,5787,9692,321921,301748,44866,43269,77554,71067,18403,56,29
2021-08-31T23:59:59+02:00,2681,2397,23106,22107,32624,30007,33104,33030,38760,39166,42432,42648,27905,31140,19817,24893,6027,10185,20628,19683,30405,27538,31253,30871,36755,36820,40425,40642,26860,29923,19096,23833,5787,9690,321349,301338,44835,43254,77553,71061,18236,56,29
2021-08-30T23:59:59+02:00,2659,2373,23054,22064,32584,29967,33081,32993,38731,39148,42413,42630,27900,31134,19810,24885,6026,10181,20504,19585,30311,27446,31196,30821,36722,36792,40405,40608,26845,29911,19095,23824,5787,9688,321018,300646,44820,43246,77553,71057,18186,56,29
2021-08-29T23:59:59+02:00,2628,2343,22972,22000,32525,29912,33037,32964,38685,39112,42383,42609,27891,31127,19807,24880,6026,10180,20400,19518,30246,27398,31160,30788,36681,36762,40380,40589,26832,29900,19094,23819,5787,9688,320572,300218,44804,43224,77551,71047,18098,56,29
2021-08-28T23:59:59+02:00,2622,2341,22972,22000,32523,29912,33035,32964,38682,39111,42382,42609,27890,31127,19807,24880,6026,10180,20399,19517,30242,27397,31160,30785,36678,36760,40380,40589,26832,29900,19094,23819,5787,9688,320559,300206,44803,43223,77551,71047,18094,56,29
2021-08-27T23:59:59+02:00,2622,2341,22967,21996,32519,29912,33034,32962,38680,39109,42378,42609,27889,31127,19807,24880,6025,10180,20394,19515,30230,27395,31159,30783,36676,36759,40378,40589,26832,29900,19094,23818,5787,9688,320545,300189,44803,43223,77551,71044,18082,56,29
2021-08-26T23:59:59+02:00,2540,2257,22785,21791,32393,29774,32919,32860,38594,39021,42313,42541,27864,31094,19794,24862,6024,10174,20122,19249,30089,27231,31023,30661,36568,36665,40297,40516,26790,29861,19075,23795,5781,9687,319348,298693,44783,43200,77550,71028,17863,56,29
2021-08-25T23:59:59+02:00,2534,2249,22765,21766,32383,29755,32906,32845,38583,39007,42303,42536,27859,31092,19787,24856,6021,10172,20075,19207,30050,27201,31002,30625,36542,36633,40279,40500,26777,29848,19072,23787,5780,9686,319169,298332,44783,43199,77550,71027,17861,56,29
2021-08-24T23:59:59+02:00,2516,2238,22727,21724,32357,29714,32887,32812,38575,38988,42285,42522,27853,31081,19782,24848,6020,10171,20037,19165,30017,27161,30981,30589,36528,36612,40259,40483,26772,29838,19068,23784,5780,9682,318889,298045,44773,43193,77550,71022,17832,56,29
2021-08-23T23:59:59+02:00,2496,2206,22657,21654,32293,29658,32852,32782,38536,38957,42255,42510,27837,31072,19779,24838,6020,10169,19915,19044,29902,27083,30917,30541,36479,36569,40218,40454,26760,29825,19062,23775,5780,9676,318460,297322,44762,43168,77548,71017,17745,56,29
2021-08-22T23:59:59+02:00,2487,2197,22623,21622,32274,29640,32835,32774,38520,38941,42250,42502,27833,31067,19774,24838,6020,10168,19876,19007,29867,27050,30886,30505,36459,36553,40200,40432,26752,29821,19059,23772,5780,9674,318295,297037,44755,43165,77547,71008,17712,56,29
2021-08-21T23:59:59+02:00,2468,2185,22569,21573,32235,29603,32811,32750,38506,38919,42233,42492,27826,31059,19772,24835,6020,10167,19774,18910,29797,26994,30852,30463,36425,36511,40175,40411,26741,29812,19054,23768,5778,9674,318054,296536,44742,43150,77545,71002,17626,56,29
2021-08-20T23:59:59+02:00,2432,2145,22481,21470,32161,29523,32749,32703,38459,38880,42192,42464,27819,31046,19768,24821,6019,10163,19604,18785,29671,26890,30777,30405,36366,36467,40129,40374,26726,29794,19045,23760,5777,9670,317488,295730,44719,43128,77542,70984,17490,56,29
2021-08-19T23:59:59+02:00,2345,2079,22323,21341,32032,29405,32660,32620,38359,38805,42124,42411,27794,31014,19761,24809,6014,10155,19346,18579,29469,26741,30661,30297,36247,36372,40029,40288,26699,29764,19034,23744,5773,9665,316587,294468,44699,43099,77542,70959,17168,55,29
2021-08-18T23:59:59+02:00,2336,2071,22298,21319,32011,29385,32639,32598,38331,38787,42111,42396,27780,31004,19755,24804,6014,10153,19292,18520,29430,26707,30636,30266,36221,36351,40005,40257,26682,29753,19030,23732,5768,9661,316335,294039,44699,43099,77542,70957,17161,55,29
2021-08-17T23:59:59+02:00,2319,2055,22271,21292,31994,29358,32614,32574,38319,38775,42089,42378,27775,30992,19750,24799,6014,10153,19249,18467,29397,26666,30594,30239,36196,36319,39980,40236,26665,29741,19027,23718,5766,9657,316101,293666,44699,43096,77542,70953,17124,55,29
2021-08-16T23:59:59+02:00,2286,2038,22205,21250,31955,29313,32590,32552,38295,38755,42058,42361,27766,30985,19748,24789,6014,10152,19042,18326,29256,26552,30516,30152,36149,36266,39942,40195,26646,29726,19020,23700,5760,9655,315760,292678,44699,43090,77540,70952,17058,55,29
2021-08-15T23:59:59+02:00,2259,2016,22150,21193,31911,29274,32567,32519,38267,38736,42040,42348,27759,30980,19743,24782,6013,10152,18925,18209,29101,26423,30435,30069,36081,36215,39885,40140,26629,29702,19011,23691,5757,9654,315433,291756,44691,43074,77540,70944,16990,55,29
2021-08-14T23:59:59+02:00,2253,2013,22124,21177,31899,29257,32563,32513,38259,38731,42034,42345,27758,30979,19742,24781,6013,10151,18812,18116,29040,26358,30400,30022,36057,36184,39864,40127,26621,29696,19008,23690,5756,9651,315343,291219,44688,43056,77540,70940,16966,55,29
2021-08-13T23:59:59+02:00,2236,2002,22079,21141,31862,29233,32528,32486,38243,38717,42024,42336,27756,30975,19739,24778,6012,10151,18557,17857,28861,26202,30285,29929,36004,36114,39819,40091,26605,29684,19003,23681,5753,9647,315116,289855,44683,43042,77538,70930,16906,55,29
2021-08-12T23:59:59+02:00,2199,1965,21993,21048,31791,29159,32475,32436,38196,38675,41987,42303,27739,30956,19732,24768,6011,10151,18252,17543,28606,25979,30140,29802,35909,36022,39744,40025,26570,29639,18983,23659,5751,9644,314552,288115,44672,42989,77535,70884,16770,55,29
2021-08-11T23:59:59+02:00,2197,1960,21974,21031,31774,29137,32460,32420,38188,38666,41976,42287,27731,30953,19728,24763,6010,10147,18196,17486,28568,25933,30091,29765,35888,35985,39709,39992,26559,29613,18976,23649,5751,9642,314372,287637,44672,42986,77535,70881,16768,55,29
2021-08-10T23:59:59+02:00,2189,1939,21947,20995,31743,29117,32446,32401,38164,38640,41958,42281,27726,30945,19727,24760,6009,10143,17675,17035,28396,25776,29996,29678,35719,35862,39660,39952,26538,29590,18971,23635,5747,9641,314140,285940,44669,42967,77533,70631,16733,55,29
2021-08-09T23:59:59+02:00,2165,1925,21895,20945,31686,29073,32413,32372,38139,38619,41945,42257,27715,30936,19726,24751,6008,10141,17203,16578,28263,25671,29941,29624,35674,35816,39628,39917,26529,29576,18966,23629,5747,9639,313770,284462,44664,42948,77532,70619,16690,55,29
2021-08-08T23:59:59+02:00,2150,1908,21843,20905,31645,29040,32384,32350,38117,38612,41925,42237,27708,30932,19721,24747,6008,10138,16860,16235,28152,25589,29885,29553,35628,35778,39607,39891,26518,29563,18957,23620,5745,9634,313482,283229,44663,42927,77532,70612,16638,55,29
2021-08-07T23:59:59+02:00,2105,1865,21711,20822,31563,28973,32310,32289,38061,38561,41892,42209,27700,30906,19716,24738,6006,10136,16353,15781,27851,25308,29657,29369,35450,35623,39468,39781,26463,29502,18938,23591,5742,9630,312857,280604,44631,42805,77526,70523,16494,55,29
2021-08-06T23:59:59+02:00,2095,1855,21661,20785,31522,28941,32277,32270,38035,38541,41883,42193,27694,30897,19712,24738,6006,10136,15327,14803,26703,24415,29365,29137,35201,35425,39154,39540,26419,29456,18928,23581,5741,9627,312632,275612,44627,42783,77526,69720,16401,55,28
2021-08-05T23:59:59+02:00,2056,1826,21554,20699,31464,28865,32220,32214,37978,38491,41838,42156,27677,30878,19703,24725,6004,10133,14438,14057,25682,23638,28651,28623,34672,34993,38838,39294,26352,29377,18896,23547,5738,9617,312087,270739,44604,42730,77525,68223,16210,55,28
2021-08-04T23:59:59+02:00,2035,1807,21482,20646,31418,28794,32189,32172,37945,38468,41804,42130,27665,30863,19698,24712,6002,10130,14069,13717,25277,23333,28438,28401,34532,34867,38744,39201,26314,29333,18875,23524,5734,9612,311640,268311,44598,42702,77525,68181,16142,55,28
2021-08-03T23:59:59+02:00,2026,1791,21456,20620,31401,28780,32176,32163,37936,38455,41789,42118,27656,30857,19694,24705,6001,10128,13985,13628,25198,23257,28371,28345,34486,34821,38698,39168,26299,29311,18866,23516,5732,9606,311440,267624,44595,42701,77524,68155,16138,55,28
2021-08-02T23:59:59+02:00,2016,1770,21411,20584,31358,28759,32149,32132,37910,38440,41776,42103,27647,30845,19694,24698,6000,10124,13781,13419,24491,22708,28092,28124,34336,34709,38618,39106,26272,29279,18858,23512,5732,9604,311158,265208,44592,42687,77524,67930,16087,55,28
2021-08-01T23:59:59+02:00,1997,1754,21360,20537,31306,28721,32124,32113,37891,38421,41754,42086,27641,30838,19691,24689,6000,10123,13611,13260,24189,22453,27851,27906,34244,34600,38549,39034,26256,29260,18852,23506,5732,9602,310861,263506,44586,42675,77523,67907,16021,55,28
2021-07-31T23:59:59+02:00,1972,1724,21278,20460,31240,28685,32069,32075,37855,38393,41731,42065,27637,30830,19686,24685,6000,10123,12666,12234,23669,22010,27506,27552,33935,34303,38117,38691,26186,29175,18826,23462,5727,9596,310449,258472,44574,42640,77521,67335,15909,55,28
2021-07-30T23:59:59+02:00,1947,1705,21257,20438,31208,28666,32054,32057,37849,38386,41723,42057,27632,30827,19685,24685,5999,10123,12579,12158,23338,21722,27223,27340,33718,34140,37956,38557,26162,29157,18824,23454,5727,9594,310267,257042,44573,42632,77521,66779,15882,55,28
2021-07-29T23:59:59+02:00,1878,1636,21024,20204,31069,28520,31953,31948,37757,38297,41632,41997,27604,30803,19672,24666,5992,10115,11952,11626,22208,20881,26185,26502,32738,33449,37572,38267,26080,29056,18795,23407,5721,9585,309069,251432,44546,42545,77513,65022,15584,55,28
2021-07-28T23:59:59+02:00,1858,1621,20984,20155,31049,28491,31938,31927,37737,38278,41610,41976,27593,30791,19667,24656,5992,10113,11674,11325,21797,20499,25750,26072,32574,33297,37461,38176,26043,29005,18777,23384,5720,9580,308758,248512,44545,42545,77501,64962,15578,54,28
2021-07-27T23:59:59+02:00,1848,1615,20943,20113,31025,28458,31905,31912,37716,38245,41586,41962,27586,30784,19666,24651,5992,10110,11425,11111,21599,20310,25610,25951,32465,33194,37378,38094,26018,28968,18769,23375,5717,9576,308522,247036,44545,42541,77500,64887,15496,54,28
2021-07-26T23:59:59+02:00,1822,1580,20817,19990,30920,28359,31847,31848,37662,38177,41543,41931,27562,30766,19655,24637,5986,10107,11131,10785,21093,19868,25364,25743,32303,33043,37246,38006,25983,28934,18756,23352,5716,9568,307770,244744,44514,42427,77495,64682,15376,54,28
2021-07-25T23:59:59+02:00,1815,1571,20795,19979,30910,28349,31836,31833,37656,38171,41533,41922,27558,30764,19654,24635,5986,10106,11026,10679,20942,19760,25130,25550,32065,32836,37103,37873,25965,28920,18750,23345,5715,9565,307658,243485,44504,42412,77487,64271,15370,54,28
2021-07-24T23:59:59+02:00,1795,1556,20715,19905,30868,28311,31801,31797,37630,38143,41510,41910,27551,30759,19651,24633,5986,10106,10963,10624,20865,19698,25058,25489,32012,32805,37074,37853,25959,28916,18748,23343,5715,9565,307316,243115,44493,42389,77483,64205,15281,54,28
2021-07-23T23:59:59+02:00,1740,1521,20524,19762,30704,28198,31713,31725,37563,38091,41470,41867,27540,30743,19646,24627,5985,10101,10707,10421,20502,19391,24252,24843,31528,32475,36508,37396,25916,28874,18732,23326,5714,9563,306488,240243,44484,42343,77466,62815,15028,54,27
2021-07-22T23:59:59+02:00,1676,1464,20212,19491,30464,28017,31582,31612,37433,37985,41372,41785,27514,30719,19635,24603,5981,10100,10247,10046,19757,18881,23295,24175,30819,31888,35475,36637,25805,28777,18699,23294,5712,9559,305013,236642,44449,41677,77462,60297,14667,54,27
2021-07-21T23:59:59+02:00,1661,1456,20174,19442,30436,27988,31559,31589,37413,37960,41351,41761,27505,30711,19630,24597,5976,10096,9936,9711,19296,18429,22423,23410,30483,31554,35241,36439,25722,28680,18668,23241,5704,9549,304688,233893,44443,39989,77460,60125,14660,54,24
2021-07-20T23:59:59+02:00,1655,1451,20140,19415,30409,27965,31535,31570,37396,37943,41339,41749,27490,30696,19630,24590,5976,10093,9668,9432,18965,18160,22154,23125,30307,31400,35077,36294,25676,28635,18652,23207,5703,9545,304440,231505,44441,39980,77459,60025,14648,54,24
2021-07-19T23:59:59+02:00,1644,1443,20028,19327,30327,27893,31477,31517,37377,37924,41324,41731,27485,30685,19624,24583,5975,10090,9468,9235,18650,17884,21690,22707,30053,31168,34957,36193,25642,28597,18634,23191,5703,9542,303867,229873,44435,39037,77458,59911,14640,54,24
2021-07-18T23:59:59+02:00,1633,1438,19960,19261,30201,27793,31412,31452,37315,37872,41282,41679,27464,30654,19615,24568,5971,10087,9358,9120,18482,17731,21499,22517,29885,30970,34844,36092,25612,28574,18623,23174,5703,9536,303081,228615,44435,38737,77456,59870,14631,54,24
2021-07-17T23:59:59+02:00,1632,1434,19953,19259,30201,27790,31412,31448,37310,37870,41278,41677,27463,30653,19614,24568,5971,10087,9337,9105,18449,17709,21480,22504,29875,30963,34825,36088,25609,28572,18623,23173,5703,9536,303048,228460,44435,38734,77456,59859,14627,54,24
2021-07-16T23:59:59+02:00,1579,1389,19678,19011,30076,27694,31328,31375,37253,37807,41237,41645,27444,30636,19607,24558,5969,10081,9220,8990,18074,17406,21175,22230,29485,30606,34690,35982,25586,28549,18616,23160,5701,9534,302048,227194,44413,38012,77454,59526,14398,54,23
2021-07-15T23:59:59+02:00,1521,1346,19417,18762,29894,27548,31220,31276,37170,37725,41170,41577,27401,30606,19591,24544,5965,10078,8857,8686,17158,16575,19628,21004,28568,29683,34070,35403,25420,28369,18561,23111,5695,9522,300772,221091,44371,36556,77446,58601,14168,54,23
2021-07-14T23:59:59+02:00,1507,1333,19388,18726,29871,27522,31196,31245,37159,37712,41150,41570,27393,30599,19582,24537,5964,10075,8570,8388,16605,15975,19135,20485,28003,29185,33679,35027,25308,28240,18522,23045,5690,9511,300497,216923,44369,36199,77443,58173,14166,54,23
2021-07-13T23:59:59+02:00,1495,1323,19352,18701,29854,27498,31174,31230,37144,37685,41126,41542,27384,30585,19580,24532,5963,10069,8266,8127,16207,15620,18861,20207,27740,28936,33408,34771,25210,28120,18489,23004,5688,9506,300215,214226,44368,36164,77442,57681,14158,54,23
2021-07-12T23:59:59+02:00,1479,1313,19306,18684,29820,27469,31157,31209,37132,37668,41109,41527,27381,30581,19578,24526,5962,10069,8006,7910,15927,15343,18159,19659,27427,28616,32993,34409,25042,27925,18430,22929,5682,9501,299958,212944,44367,34225,77442,56703,14149,54,23
2021-07-11T23:59:59+02:00,1469,1305,19274,18654,29790,27438,31141,31179,37124,37646,41095,41515,27372,30572,19576,24526,5961,10068,7962,7863,15862,15272,18071,19605,27343,28554,32881,34347,24988,27880,18410,22907,5682,9498,299706,212370,44364,34214,77440,56460,14141,54,23
2021-07-10T23:59:59+02:00,1340,1188,18769,18236,29347,27145,30857,30948,36880,37487,40894,41365,27299,30512,19550,24494,5958,10065,7832,7793,15579,15138,17851,19455,27103,28414,32715,34230,24922,27834,18394,22894,5681,9498,297509,211950,44230,34093,77411,56219,13130,54,23
2021-07-09T23:59:59+02:00,1329,1182,18741,18205,29326,27128,30845,30935,36870,37475,40883,41357,27295,30508,19548,24490,5958,10064,7790,7746,15509,15072,17788,19362,26883,28184,32466,34017,24858,27771,18372,22868,5681,9495,297365,211671,44211,34090,77410,55056,13099,54,23
2021-07-08T23:59:59+02:00,1251,1101,18474,17990,29178,26977,30708,30817,36768,37373,40785,41280,27261,30473,19529,24472,5953,10060,7622,7611,15212,14825,17358,19002,26190,27582,32196,33751,24690,27614,18314,22806,5678,9489,296098,210539,44157,32668,77402,54039,12739,54,23
2021-07-07T23:59:59+02:00,1152,1009,18164,17665,28978,26794,30580,30694,36655,37253,40679,41194,27227,30425,19515,24455,5950,10057,7425,7400,14771,14457,16892,18560,25436,26972,31788,33371,24424,27290,18219,22712,5669,9480,294527,207621,44106,31831,77391,53080,12368,54,23
2021-07-06T23:59:59+02:00,1129,993,18087,17599,28933,26744,30529,30647,36619,37218,40643,41161,27210,30400,19504,24442,5948,10054,7209,7168,14428,14099,16541,18211,24686,26324,31489,33107,24234,27076,18171,22641,5662,9473,293948,205564,44103,30425,77390,52186,12365,54,23
2021-07-05T23:59:59+02:00,1086,965,18014,17535,28890,26688,30490,30613,36595,37173,40615,41135,27204,30386,19498,24436,5948,10049,6980,6978,14125,13828,16189,17845,24134,25816,30920,32540,23954,26777,18063,22501,5654,9463,293464,204070,44101,28327,77386,51053,12315,54,23
2021-07-04T23:59:59+02:00,1064,949,17943,17486,28851,26667,30469,30584,36585,37163,40600,41123,27198,30375,19493,24433,5948,10048,6954,6961,14071,13782,16114,17787,24050,25760,30767,32449,23862,26688,18031,22460,5652,9459,293148,203679,44100,28318,77375,50546,12302,54,23
2021-07-03T23:59:59+02:00,648,577,16213,15766,27679,25742,29670,29866,35944,36553,40102,40693,27041,30207,19425,24346,5939,10031,6568,6721,13556,13479,15712,17484,23689,25483,30462,32254,23765,26593,17997,22421,5648,9455,285634,203387,44061,28241,77292,50256,9401,54,23
2021-07-02T23:59:59+02:00,609,539,16081,15620,27518,25595,29590,29806,35913,36526,40083,40680,27035,30198,19422,24343,5939,10031,6520,6650,13482,13378,15624,17353,23546,25300,30308,32089,23572,26381,17908,22343,5646,9452,284727,202704,44061,28082,77291,49369,9395,54,23
2021-07-01T23:59:59+02:00,551,491,15903,15466,27301,25441,29513,29728,35858,36475,40017,40635,27015,30181,19411,24331,5937,10027,6380,6521,13142,13107,15096,16911,22281,24312,29546,31407,23293,26093,17790,22209,5639,9436,283539,199175,44056,26410,77279,48224,9353,54,21
2021-06-30T23:59:59+02:00,521,471,15799,15359,27190,25356,29446,29657,35802,36424,39974,40599,27000,30150,19400,24314,5933,10027,6186,6343,12711,12723,14528,16363,21658,23716,28954,30877,22874,25629,17660,22025,5632,9424,282716,194926,44053,26386,77273,46661,9326,54,21
2021-06-29T23:59:59+02:00,464,421,15036,14691,26928,25132,29352,29558,35723,36343,39906,40552,26981,30127,19392,24301,5933,10025,6074,6216,12450,12460,14133,15967,20866,23096,28370,30325,22427,25105,17508,21851,5624,9414,280212,191774,44052,25877,77265,44947,9282,54,21
2021-06-28T23:59:59+02:00,428,390,14407,14052,26771,25028,29277,29492,35665,36278,39862,40518,26963,30107,19384,24290,5933,10021,6007,6121,12271,12321,13945,15790,20246,22545,27970,29954,22091,24748,17379,21688,5619,9410,278275,190091,44048,25220,77261,43559,9228,54,21
2021-06-27T23:59:59+02:00,351,323,14061,13674,26707,24969,29237,29456,35643,36256,39845,40505,26952,30100,19381,24286,5932,10020,5970,6078,12157,12206,13800,15661,19695,22067,27362,29455,21814,24411,17259,21565,5615,9409,277153,189256,44046,23698,77250,42368,9195,54,21
2021-06-26T23:59:59+02:00,350,322,14050,13663,26691,24958,29231,29450,35637,36255,39842,40504,26951,30099,19381,24286,5932,10020,5965,6075,12146,12203,13794,15658,19682,22056,27317,29420,21669,24281,17219,21509,5614,9407,277080,189231,44044,23694,77250,41889,9194,54,21
2021-06-25T23:59:59+02:00,226,209,12785,12444,25227,23811,28930,29216,35531,36173,39776,40442,26927,30072,19371,24275,5929,10018,5922,6028,12050,12123,13652,15536,19372,21818,26933,29061,21346,23888,17045,21312,5611,9398,270845,188007,44040,23411,77232,40479,9191,54,21
2021-06-24T23:59:59+02:00,161,155,11811,11614,24114,22930,28564,28866,35384,36007,39664,40338,26892,30022,19360,24251,5927,10014,5705,5796,11591,11707,13073,14945,17837,20420,25286,27466,20575,23031,16729,20904,5601,9388,265611,183026,44023,19789,77228,38073,9158,54,21
2021-06-23T23:59:59+02:00,125,129,11449,11289,23613,22558,28316,28624,35206,35879,39574,40250,26862,29995,19352,24214,5925,10003,5631,5683,11378,11492,12774,14594,17447,20010,24538,26699,19781,22281,16537,20651,5593,9372,262990,180677,44017,19173,77223,35524,9079,54,21
2021-06-22T23:59:59+02:00,104,116,11266,11077,23453,22416,28236,28552,35130,35817,39528,40205,26847,29971,19344,24206,5925,10002,5522,5562,11111,11231,12407,14224,16845,19414,23806,25933,19401,21857,16374,20472,5586,9356,261844,177648,44014,18306,77221,34074,9062,54,21
2021-06-21T23:59:59+02:00,91,104,11014,10892,22619,21744,27983,28326,35064,35755,39464,40164,26831,29953,19338,24197,5925,10001,5403,5458,10896,11011,12100,13902,16453,19068,23358,25466,19111,21543,16269,20353,5580,9354,259249,176188,44008,17288,77216,32899,8938,54,21
2021-06-20T23:59:59+02:00,85,103,10950,10801,22369,21527,27725,28125,34984,35677,39419,40120,26822,29939,19336,24193,5923,9998,5362,5403,10809,10910,12004,13799,16256,18884,23087,25225,19010,21436,16216,20295,5574,9350,257963,175878,44006,16220,77213,32649,8860,54,21
2021-06-19T23:59:59+02:00,84,99,10926,10777,22336,21503,27707,28112,34972,35673,39409,40116,26821,29938,19336,24191,5923,9998,5331,5371,10728,10820,11912,13678,16108,18732,22780,24864,18924,21349,16204,20282,5573,9350,257809,175774,43985,14723,77213,32636,8860,54,21
2021-06-18T23:59:59+02:00,81,97,10878,10726,22017,21181,27443,27896,34919,35636,39378,40094,26812,29929,19335,24188,5923,9996,5316,5362,10697,10790,11872,13630,16046,18669,22695,24768,18758,21168,16159,20216,5572,9345,256420,175377,43983,14722,77212,32091,8860,54,21
2021-06-17T23:59:59+02:00,72,89,10298,10294,20743,20221,26583,27165,34551,35312,39125,39906,26748,29847,19315,24152,5916,9991,5118,5223,10322,10536,11428,13228,15365,18057,21328,23454,18303,20681,15996,20045,5568,9330,250653,170080,43964,14149,77201,31284,8456,54,21
2021-06-16T23:59:59+02:00,64,77,9960,9981,20062,19590,25945,26562,34303,35112,38965,39758,26706,29794,19292,24129,5915,9987,4975,5078,9935,10202,10969,12776,14661,17366,20479,22521,17900,20235,15826,19832,5558,9318,246820,166299,43949,12879,77188,30249,8191,54,21
2021-06-15T23:59:59+02:00,49,71,9715,9740,19766,19340,25722,26365,34173,35006,38869,39678,26677,29758,19285,24114,5910,9983,4869,4967,9695,9984,10737,12517,14239,16938,19881,21944,17578,19845,15605,19603,5549,9307,245053,164219,43937,11789,77182,29243,7995,54,20
2021-06-14T23:59:59+02:00,45,66,9582,9615,19466,19079,25547,26222,34052,34927,38808,39639,26660,29738,19279,24103,5910,9980,4788,4904,9504,9845,10564,12381,13977,16722,19565,21650,17412,19688,15504,19470,5548,9303,243856,162762,43935,11787,77178,28569,7695,54,20
2021-06-13T23:59:59+02:00,43,62,9422,9486,19175,18893,25195,25968,33851,34760,38702,39572,26644,29726,19269,24095,5910,9977,4705,4838,9294,9677,10398,12210,13652,16384,19217,21319,17285,19540,15457,19405,5546,9301,242211,161913,43935,11787,77174,27139,7376,54,20
2021-06-12T23:59:59+02:00,43,62,9413,9472,19162,18880,25195,25963,33851,34757,38699,39571,26644,29726,19269,24095,5910,9977,4702,4824,9284,9616,10366,12108,13603,16229,19162,21183,17176,19415,15340,19303,5544,9299,242165,161885,43935,11785,77170,26106,7365,54,20
2021-06-11T23:59:59+02:00,38,58,9255,9289,18929,18667,24395,25288,33671,34603,38565,39458,26611,29693,19258,24072,5910,9972,4624,4709,9064,9360,10106,11813,13082,15681,18187,20291,16990,19218,15300,19259,5541,9296,239243,157869,43933,11784,77167,25520,7335,54,20
2021-06-10T23:59:59+02:00,36,54,8861,8955,18277,18175,23543,24609,33351,34323,38363,39294,26555,29639,19235,24044,5907,9965,4449,4532,8482,8865,9299,11092,11934,14577,16195,18378,16100,18257,15014,18892,5532,9274,235622,148190,43272,11751,77141,23821,7098,53,19
2021-06-09T23:59:59+02:00,19,36,8412,8450,17441,17448,22391,23565,32861,33856,38077,39075,26446,29535,19189,23988,5897,9952,4313,4415,8193,8599,9056,10838,11602,14210,15711,17831,15729,17827,14773,18607,5525,9264,231625,146365,41379,11709,77106,21909,6498,30,19
2021-06-08T23:59:59+02:00,11,24,8094,8133,16970,17031,21972,23200,32616,33663,37915,38945,26402,29495,19179,23965,5894,9947,4193,4333,7939,8344,8751,10493,11243,13863,15068,17128,15272,17304,14511,18329,5520,9246,228898,144661,41347,10583,77097,20197,6084,30,19
2021-06-07T23:59:59+02:00,8,20,7896,7901,16612,16707,21428,22745,32335,33392,37798,38828,26376,29447,19162,23939,5889,9946,4117,4253,7758,8203,8591,10350,11072,13691,14755,16802,15075,17048,14338,18138,5516,9241,227276,143581,40372,10491,77086,19198,5666,29,19
2021-06-06T23:59:59+02:00,6,17,7788,7792,16477,16560,21233,22537,32108,33168,37663,38722,26349,29422,19149,23923,5889,9940,4088,4218,7710,8085,8537,10219,10965,13544,14559,16583,14891,16869,14249,18017,5509,9235,226041,143094,40073,10481,77068,18159,5532,29,19
2021-06-05T23:59:59+02:00,6,17,7766,7778,16448,16533,21225,22534,32098,33162,37660,38721,26348,29422,19148,23922,5889,9940,4079,4179,7695,8020,8523,10086,10951,13373,14540,16478,14854,16814,14240,18007,5509,9234,225931,143013,40073,10481,77067,17559,5517,29,19
2021-06-04T23:59:59+02:00,6,15,7652,7675,16170,16295,20948,22287,31674,32788,37545,38600,26315,29383,19136,23909,5887,9938,4072,4170,7669,7997,8497,10055,10884,13300,14435,16348,14773,16721,14203,17963,5509,9232,224332,142679,39297,10152,77048,17468,5517,29,19
2021-06-03T23:59:59+02:00,4,15,7396,7447,15293,15510,19313,20895,30763,31858,37042,38141,26184,29250,19092,23858,5881,9920,4011,4132,7580,7926,8374,9957,10714,13119,13865,15778,14508,16405,14118,17855,5506,9219,217710,140457,37717,10036,77038,17194,5368,29,19
2021-06-02T23:59:59+02:00,4,15,7261,7303,14907,15082,18881,20493,30293,31403,36816,37877,26120,29186,19072,23829,5878,9918,3981,4102,7515,7838,8286,9864,10573,12988,13417,15346,14384,16222,14090,17817,5503,9214,214622,138660,37286,9942,77037,17162,5364,29,19
2021-06-01T23:59:59+02:00,4,12,6985,7058,14510,14770,18538,20175,29966,31092,36593,37644,26064,29107,19048,23800,5876,9907,3879,4016,7272,7661,8054,9671,10309,12714,13014,14922,13951,15770,13974,17664,5496,9206,211879,136535,37241,9688,77016,16354,4984,29,19
2021-05-31T23:59:59+02:00,4,12,6821,6868,14291,14536,17834,19573,29625,30751,36296,37381,25974,29010,19022,23746,5866,9894,3800,3904,7063,7412,7831,9385,9965,12331,12573,14402,13422,15157,13775,17434,5488,9191,210450,133348,35191,9364,76999,15574,4835,29,19
2021-05-30T23:59:59+02:00,4,12,6798,6853,14245,14498,17757,19514,29575,30713,36265,37358,25962,28998,19019,23740,5865,9892,3757,3830,6906,7198,7683,9150,9758,12012,12316,14049,13301,14987,13706,17352,5485,9184,210155,132613,35179,9263,76945,14026,4760,29,19
2021-05-29T23:59:59+02:00,4,12,6796,6852,14236,14492,17752,19508,29570,30709,36262,37357,25960,28995,19019,23739,5865,9892,3748,3817,6877,7165,7650,9099,9722,11965,12243,13951,13260,14919,13676,17328,5484,9179,210123,132474,35179,9262,76930,13576,4759,29,19
2021-05-28T23:59:59+02:00,4,12,6786,6840,14221,14475,17735,19487,29559,30696,36251,37339,25959,28991,19017,23735,5865,9892,3734,3794,6855,7125,7616,9045,9669,11861,12003,13681,13070,14728,13646,17287,5481,9176,209972,131182,35178,9261,76927,13557,4758,29,19
2021-05-27T23:59:59+02:00,4,12,6695,6759,13953,14258,17250,19140,28880,30153,36092,37208,25913,28957,19002,23721,5864,9886,3609,3634,6568,6873,7240,8737,9171,11302,11293,12786,12518,14159,13516,17095,5473,9164,208895,127665,33737,8930,76885,12329,4201,29,19
2021-05-26T23:59:59+02:00,4,12,6624,6651,13739,14055,16997,18833,28336,29641,35917,37033,25876,28912,18987,23697,5863,9881,3518,3490,6342,6584,6952,8310,8830,10824,10639,11987,11956,13543,13370,16879,5468,9142,207304,124047,32983,8747,76872,11157,3870,29,19
2021-05-25T23:59:59+02:00,4,12,6543,6556,13534,13834,16734,18622,27611,28993,35824,36936,25852,28883,18975,23682,5858,9880,3469,3399,6197,6415,6806,8120,8604,10533,10293,11621,11610,13067,13265,16718,5465,9134,206592,122206,31528,8608,76387,10091,3798,28,19
2021-05-24T23:59:59+02:00,4,12,6473,6459,13357,13634,16512,18339,27198,28565,35478,36536,25795,28815,18956,23658,5857,9878,3455,3377,6139,6333,6761,8036,8545,10438,10220,11524,11437,12834,13217,16626,5457,9114,206058,121580,29301,8562,76380,9599,3759,28,19
2021-05-23T23:59:59+02:00,4,12,6471,6458,13352,13625,16509,18329,27179,28555,35448,36502,25792,28809,18956,23652,5857,9878,3450,3373,6133,6323,6751,8029,8517,10407,10180,11467,11354,12733,13197,16595,5457,9113,205943,121568,29285,8150,76379,9592,3753,28,19
2021-05-22T23:59:59+02:00,4,12,6464,6454,13345,13614,16503,18325,27176,28554,35445,36496,25792,28809,18956,23652,5857,9878,3449,3373,6130,6320,6750,8025,8513,10405,10175,11464,11343,12719,13192,16591,5456,9113,205893,121528,29285,8150,76377,9571,3753,28,19
2021-05-21T23:59:59+02:00,4,12,6402,6394,13192,13508,16330,18175,26905,28376,35015,36228,25766,28771,18948,23646,5856,9874,3440,3363,6097,6299,6719,7991,8474,10356,10122,11414,10825,12006,13051,16431,5453,9108,205204,119768,29160,8147,75328,9536,3682,28,19
2021-05-20T23:59:59+02:00,3,11,6109,6193,12582,13091,15136,17253,24991,26879,34062,35458,25661,28626,18894,23565,5850,9859,3380,3318,6004,6182,6606,7835,8327,10195,9885,11106,10486,11549,12938,16249,5443,9095,200444,117769,27414,8066,72785,9194,3553,27,19
2021-05-19T23:59:59+02:00,3,11,5903,5952,12068,12632,14427,16548,24044,26065,33435,34858,25551,28536,18859,23509,5842,9847,3303,3245,5842,6012,6416,7594,8052,9914,9582,10725,10174,11134,12859,16104,5441,9087,194751,115859,27376,7870,72770,8573,3166,27,19
2021-05-18T23:59:59+02:00,3,10,5733,5843,11668,12309,13804,16049,22888,25117,32769,34252,25435,28401,18813,23459,5837,9838,3260,3213,5729,5901,6251,7435,7847,9696,9384,10485,10005,10884,12714,15883,5432,9078,189801,114709,26870,7802,72726,7866,2804,27,19
2021-05-17T23:59:59+02:00,3,9,5680,5798,11505,12202,13533,15827,22072,24482,32460,33938,25355,28342,18791,23429,5828,9829,3143,3137,5538,5716,6077,7219,7637,9468,9159,10242,9916,10760,12656,15820,5429,9073,188035,113952,26170,7796,72333,6708,2518,27,19
2021-05-16T23:59:59+02:00,3,9,5652,5778,11444,12145,13448,15747,21462,23933,31846,33408,25314,28299,18781,23414,5827,9829,3138,3114,5524,5646,6049,7159,7609,9368,9127,10158,9900,10741,12653,15817,5429,9073,187268,113840,24624,7789,71914,6355,2506,27,18
2021-05-15T23:59:59+02:00,3,9,5643,5768,11411,12136,13419,15737,21388,23862,31306,33032,25303,28294,18780,23411,5826,9828,3124,3099,5505,5604,6035,7083,7569,9253,8890,9904,9867,10710,12619,15766,5429,9072,187218,113835,24612,7651,71262,5991,2037,27,18
2021-05-14T23:59:59+02:00,3,9,5603,5743,11349,12098,13347,15672,20977,23550,30875,32685,25267,28248,18769,23394,5826,9826,3092,3059,5469,5515,6014,6947,7529,9051,8830,9709,9796,10600,12532,15639,5429,9069,186495,113666,24293,7319,70390,5244,2036,27,18
2021-05-13T23:59:59+02:00,3,9,5446,5585,10967,11802,12633,15083,18791,21801,29329,31217,25037,28005,18702,23323,5824,9823,3080,3024,5444,5476,5997,6889,7505,8980,8786,9649,9579,10356,12335,15336,5424,9059,182541,113309,20491,6500,68300,5074,2021,27,18
2021-05-12T23:59:59+02:00,2,9,5417,5558,10895,11744,12532,14995,18669,21677,28966,30852,24945,27910,18685,23294,5823,9818,3080,3020,5438,5470,5987,6875,7480,8965,8747,9595,9392,10126,12103,15013,5421,9052,181593,113025,19853,5635,68297,5068,2021,27,18
2021-05-11T23:59:59+02:00,2,9,5280,5454,10647,11496,12166,14623,18058,21041,28033,29882,24752,27721,18626,23219,5818,9803,3038,2979,5349,5315,5887,6691,7350,8723,8586,9373,9211,9931,11955,14825,5412,9034,177517,111986,18961,5526,68164,4171,1961,27,18
2021-05-10T23:59:59+02:00,2,8,5157,5376,10434,11301,11907,14368,17732,20706,27613,29475,24643,27614,18588,23172,5810,9799,2970,2926,5232,5198,5772,6588,7226,8582,8458,9266,9107,9807,11865,14697,5409,9026,175516,111457,18269,5514,67939,3189,1954,27,18
2021-05-09T23:59:59+02:00,2,8,5083,5328,10334,11187,11807,14249,17392,20423,27222,29098,24557,27527,18559,23136,5807,9796,2901,2895,5085,5154,5596,6545,7058,8553,8330,9230,9095,9797,11847,14677,5409,9026,175121,111381,16984,5504,67444,2359,1939,27,18
2021-05-08T23:59:59+02:00,2,8,5082,5327,10332,11183,11807,14249,17388,20421,27219,29095,24557,27527,18559,23136,5807,9796,2901,2894,5084,5154,5596,6545,7058,8553,8327,9230,9094,9796,11847,14677,5409,9026,175104,111378,16984,5504,67441,2355,1939,27,18
2021-05-07T23:59:59+02:00,2,8,5048,5301,10262,11130,11678,14125,16987,20146,26582,28537,24509,27476,18542,23102,5800,9767,2891,2887,5068,5145,5585,6529,7046,8542,8319,9219,9088,9788,11836,14655,5401,8999,174269,111363,16981,5498,65915,2312,1810,27,18
2021-05-06T23:59:59+02:00,1,8,4778,5140,9799,10785,11116,13608,15898,19124,24174,26246,24010,26951,18436,22999,5795,9753,2849,2842,5001,5071,5545,6437,6963,8422,8189,9068,8988,9677,11812,14604,5398,8996,169240,110823,14528,5442,63029,1783,1799,25,18
2021-05-05T23:59:59+02:00,1,8,4700,5063,9506,10555,10774,13282,15317,18519,23330,25281,23749,26627,18367,22893,5785,9735,2829,2806,4951,4986,5486,6316,6879,8257,8065,8853,8881,9546,11734,14519,5397,8988,165576,109883,13216,5437,62879,1361,1796,25,18
2021-05-04T23:59:59+02:00,1,8,4615,4972,9332,10348,10566,13040,14929,18119,22786,24717,23535,26354,18295,22814,5777,9722,2820,2772,4923,4910,5453,6196,6825,8116,7972,8698,8777,9435,11659,14460,5395,8985,163320,109384,12091,5426,62718,794,1776,25,18
2021-05-03T23:59:59+02:00,1,8,4542,4898,9139,10211,10389,12864,14646,17872,22377,24302,23396,26204,18268,22767,5777,9716,2743,2702,4835,4836,5377,6110,6728,8010,7791,8532,8690,9348,11620,14411,5392,8980,161815,109161,12090,5423,62626,684,821,25,18
2021-05-02T23:59:59+02:00,1,8,4529,4884,9062,10153,10263,12752,14319,17565,22074,24015,23346,26145,18249,22742,5776,9715,2737,2695,4775,4802,5286,6026,6590,7881,7673,8431,8644,9306,11596,14377,5390,8975,160928,109044,12087,5421,62522,667,36,25,18
2021-05-01T23:59:59+02:00,1,8,4529,4882,9060,10152,10262,12752,14315,17562,22072,24015,23345,26144,18249,22742,5776,9715,2737,2695,4775,4802,5286,6026,6589,7881,7673,8431,8644,9306,11596,14377,5390,8975,160911,109044,12087,5420,62522,667,36,25,18
2021-04-30T23:59:59+02:00,0,8,4455,4791,8818,9938,10000,12510,13833,17137,21231,23247,23219,26008,18233,22713,5773,9712,2733,2693,4764,4794,5277,5992,6577,7851,7639,8394,8640,9303,11595,14374,5388,8974,157320,109017,12086,5418,62193,535,2,25,18
2021-04-29T23:59:59+02:00,0,8,4306,4647,8333,9525,9297,11906,12831,16236,19387,21566,22513,25248,18095,22503,5767,9695,2710,2672,4722,4722,5233,5916,6514,7745,7559,8276,8529,9187,11529,14298,5382,8965,148123,108522,12072,5144,61642,275,2,24,18
2021-04-28T23:59:59+02:00,0,8,4273,4628,8262,9451,9221,11819,12712,16117,19169,21352,22425,25156,18067,22462,5765,9690,2707,2661,4696,4662,5205,5872,6483,7671,7511,8194,8512,9163,11513,14276,5381,8959,147741,108329,11982,5072,60829,49,1,24,17
2021-04-27T23:59:59+02:00,0,8,4233,4582,8124,9311,9108,11668,12567,15948,18720,20855,22196,24898,18002,22384,5762,9682,2704,2657,4694,4658,5195,5864,6470,7652,7477,8157,8454,9084,11432,14194,5377,8955,147016,108071,10899,4899,60108,41,1,24,14
2021-04-26T23:59:59+02:00,0,8,4191,4554,8018,9216,8961,11563,12393,15775,18308,20491,22062,24752,17967,22356,5762,9681,2704,2655,4690,4654,5190,5855,6456,7632,7442,8129,8406,9036,11376,14115,5373,8938,146248,107962,10764,4641,59022,36,0,24,14
2021-04-25T23:59:59+02:00,0,8,4177,4538,7982,9186,8897,11500,12258,15645,17963,20161,21862,24514,17927,22301,5758,9676,2704,2655,4689,4653,5188,5851,6451,7629,7440,8125,8350,8977,11352,14087,5373,8937,144864,107940,10753,4474,58712,35,0,24,14
2021-04-24T23:59:59+02:00,0,8,4171,4530,7967,9182,8882,11490,12210,15615,17905,20123,21846,24501,17925,22296,5758,9676,2703,2655,4689,4653,5188,5851,6451,7629,7440,8125,8350,8976,11352,14087,5373,8937,144768,107940,10753,4474,58540,34,0,24,13
2021-04-23T23:59:59+02:00,0,8,4151,4497,7910,9119,8799,11388,11870,15289,17472,19725,21632,24268,17862,22219,5756,9668,2700,2653,4686,4650,5181,5844,6437,7620,7417,8094,8329,8949,11344,14079,5371,8934,143505,107928,10405,4316,57699,33,0,24,13
2021-04-22T23:59:59+02:00,0,8,4102,4432,7778,8928,8614,11128,11543,14869,16558,18739,21057,23557,17727,22038,5747,9649,2691,2647,4680,4628,5158,5818,6393,7584,7344,8046,8196,8791,11202,13928,5366,8925,139767,107310,10275,4051,56410,25,0,22,13
2021-04-21T23:59:59+02:00,0,8,4060,4389,7675,8807,8458,10968,11248,14590,15822,17980,20678,23109,17655,21932,5742,9636,2683,2636,4662,4608,5142,5797,6381,7566,7316,8025,8146,8730,11165,13889,5364,8923,136846,107029,10145,3971,55747,23,0,19,12
2021-04-20T23:59:59+02:00,0,8,4035,4363,7640,8755,8383,10888,11085,14415,15387,17503,20214,22593,17556,21780,5734,9625,2675,2627,4652,4595,5117,5777,6353,7542,7276,7985,8052,8598,11090,13802,5360,8919,134699,106457,9881,3931,55365,22,0,19,12
2021-04-19T23:59:59+02:00,0,8,4004,4312,7578,8651,8291,10749,10927,14232,15134,17209,19735,22029,17390,21565,5723,9613,2670,2626,4646,4591,5104,5762,6334,7525,7250,7941,7999,8544,11064,13756,5357,8914,132633,106123,9527,3928,54971,22,0,19,12
2021-04-18T23:59:59+02:00,0,5,3984,4283,7518,8600,8185,10622,10668,13989,14642,16670,19305,21518,17268,21379,5719,9607,2669,2626,4646,4591,5104,5762,6332,7522,7247,7940,7995,8541,11062,13752,5356,8911,130212,106099,9456,3926,54275,21,0,19,12
2021-04-17T23:59:59+02:00,0,5,3981,4275,7498,8594,8175,10604,10626,13943,14532,16582,19184,21394,17246,21351,5718,9605,2669,2626,4645,4589,5098,5757,6318,7517,7222,7917,7949,8495,11043,13729,5354,8911,129775,106088,9447,3720,54072,21,0,19,12
2021-04-16T23:59:59+02:00,0,5,3970,4232,7425,8472,8072,10446,10432,13681,13863,15819,18616,20748,17121,21176,5707,9588,2666,2623,4640,4584,5093,5744,6300,7506,7184,7882,7639,8106,10952,13590,5346,8895,126928,105290,9387,3429,53039,21,0,19,12
2021-04-15T23:59:59+02:00,0,4,3926,4178,7312,8341,7901,10208,10097,13291,13133,14960,17807,19882,16879,20851,5694,9567,2665,2615,4628,4566,5080,5712,6269,7470,7113,7809,7077,7448,10828,13430,5342,8884,123273,103622,9228,3285,51511,19,0,19,12
2021-04-14T23:59:59+02:00,0,3,3899,4149,7246,8235,7795,10058,9922,13092,12715,14514,17281,19270,16728,20641,5689,9554,2632,2596,4610,4534,5051,5665,6234,7437,7056,7748,6442,6685,10565,13138,5338,8876,121886,101298,8994,3285,49892,14,0,19,12
2021-04-13T23:59:59+02:00,0,3,3896,4143,7208,8219,7738,10024,9814,13039,12341,14221,16592,18422,16492,20340,5685,9548,2608,2569,4590,4508,5026,5631,6175,7369,6967,7646,6229,6433,9981,12474,5330,8857,121191,99093,8776,3277,47739,14,0,19,11
2021-04-12T23:59:59+02:00,0,3,3882,4125,7155,8173,7681,9955,9706,12937,12094,14009,16148,17906,16304,20126,5680,9545,2579,2558,4523,4466,4919,5562,6060,7293,6849,7547,5484,5610,9533,11938,5290,8815,120857,95734,8740,3269,45813,14,0,19,11
2021-04-11T23:59:59+02:00,0,3,3867,4117,7113,8121,7622,9911,9613,12859,11856,13801,15583,17217,16028,19785,5675,9535,2503,2475,4394,4344,4764,5429,5897,7141,6697,7441,5181,5249,9402,11778,5290,8811,120268,93555,8312,3219,44107,13,0,19,11
2021-04-10T23:59:59+02:00,0,3,3849,4098,7074,8074,7578,9855,9553,12800,11765,13716,15366,17025,15979,19717,5674,9528,1944,1907,3575,3623,3889,4664,4891,6221,5842,6654,4907,4943,9274,11626,5284,8802,119805,84805,8312,3219,43518,13,0,19,11
2021-04-09T23:59:59+02:00,0,3,3829,4078,7036,8045,7514,9799,9400,12672,11438,13431,14182,15493,15536,19186,5662,9518,1084,1079,2217,2430,2381,3291,3105,4579,4222,5189,4222,4209,9027,11272,5260,8773,117906,69102,8310,3216,40587,13,0,19,11
2021-04-08T23:59:59+02:00,0,3,3803,4062,6975,7992,7411,9704,9213,12553,11034,13077,13049,14233,15127,18665,5643,9488,582,590,1299,1722,1474,2359,2005,3490,2838,3802,2976,2811,8222,10292,5118,8552,116660,54899,8229,3213,37124,11,0,19,11
2021-04-07T23:59:59+02:00,0,3,3756,4037,6897,7938,7318,9634,9085,12424,10725,12769,12321,13463,14910,18399,5637,9469,351,373,948,1377,1067,1973,1494,3027,1892,2794,1794,1523,7317,9150,4963,8293,115698,45106,8078,3213,34991,8,0,18,11
2021-04-06T23:59:59+02:00,0,3,3740,4025,6875,7900,7263,9567,8992,12344,10512,12551,11936,12968,14688,18103,5626,9455,344,359,938,1367,1052,1952,1467,2999,1833,2735,1715,1456,6905,8592,4812,8055,114419,43353,7979,3212,34134,7,0,16,11
2021-04-05T23:59:59+02:00,0,3,3735,4024,6864,7888,7250,9557,8973,12316,10448,12492,11826,12821,14590,18011,5624,9452,342,353,927,1363,1046,1944,1457,2979,1812,2701,1661,1403,6676,8287,4690,7871,114083,42285,7958,3211,33817,7,0,16,11
2021-04-04T23:59:59+02:00,0,3,3735,4024,6862,7882,7249,9556,8970,12316,10438,12487,11823,12817,14587,18010,5624,9452,342,352,925,1363,1045,1942,1456,2978,1810,2698,1658,1398,6669,8274,4685,7868,114078,42237,7957,3210,33784,7,0,16,11
2021-04-03T23:59:59+02:00,0,3,3735,4024,6862,7881,7248,9556,8970,12316,10437,12487,11823,12816,14585,18008,5624,9452,342,351,923,1359,1043,1941,1455,2973,1808,2698,1653,1386,6626,8193,4650,7833,114074,42008,7957,3210,33780,7,0,16,11
2021-04-02T23:59:59+02:00,0,3,3733,4022,6860,7878,7242,9550,8958,12309,10421,12471,11696,12702,14542,17951,5620,9444,340,349,921,1352,1037,1930,1440,2948,1768,2659,1558,1300,5863,7293,4217,7271,113951,39342,7952,2888,33483,7,0,16,11
2021-04-01T23:59:59+02:00,0,2,3693,4010,6826,7856,7200,9519,8906,12270,10350,12400,11354,12294,14166,17438,5616,9431,335,346,905,1337,1025,1909,1408,2902,1709,2593,1435,1207,4930,6188,3667,6449,113568,35446,6541,2883,33206,7,0,16,11
2021-03-31T23:59:59+02:00,0,2,3687,4006,6811,7837,7183,9501,8871,12238,10262,12328,11023,11888,13820,16945,5610,9410,332,343,897,1329,1015,1894,1388,2874,1659,2557,1370,1155,4350,5514,3315,5981,112995,33147,5540,2810,32871,7,0,16,11
2021-03-30T23:59:59+02:00,0,2,3669,3982,6775,7798,7126,9434,8782,12134,10099,12173,10765,11611,13597,16679,5604,9396,328,336,891,1318,1008,1888,1365,2867,1631,2531,1343,1129,4232,5392,3255,5889,112174,32774,5290,2613,32146,7,0,16,11
2021-03-29T23:59:59+02:00,0,2,3660,3960,6749,7776,7086,9381,8686,12039,9916,11966,10332,11143,13224,16210,5587,9363,323,332,887,1308,1002,1880,1357,2856,1615,2522,1318,1115,4099,5248,3158,5758,110498,32156,4982,2607,31584,6,0,16,11
2021-03-28T23:59:59+02:00,0,2,3618,3904,6634,7617,6969,9240,8559,11845,9764,11775,10121,10883,13048,16024,5582,9353,323,332,887,1308,1000,1879,1356,2856,1614,2520,1309,1112,4066,5206,3132,5732,110125,32113,4718,2505,30079,5,0,16,11
2021-03-27T23:59:59+01:00,0,2,3617,3893,6622,7552,6939,9126,8509,11674,9712,11621,10007,10760,12953,15936,5581,9353,323,331,887,1308,1000,1876,1356,2854,1610,2519,1307,1110,4040,5171,3119,5717,110116,32010,4718,2504,29007,5,0,16,11
2021-03-26T23:59:59+01:00,0,2,3611,3885,6594,7515,6910,9053,8461,11561,9621,11493,9958,10697,12907,15881,5573,9333,318,329,886,1305,996,1864,1353,2833,1589,2505,1282,1094,3859,4945,3013,5564,110060,31258,4496,2463,28483,5,0,16,11
2021-03-25T23:59:59+01:00,0,2,3588,3854,6503,7388,6818,8888,8270,11329,9312,11176,9578,10315,12604,15566,5568,9324,318,328,884,1297,993,1853,1340,2820,1565,2486,1256,1075,3626,4703,2762,5229,109687,30059,4289,2463,26091,4,0,16,11
2021-03-24T23:59:59+01:00,0,2,3533,3803,6414,7202,6698,8662,8103,11093,9086,10851,9163,9827,12186,15107,5557,9314,318,327,883,1294,988,1851,1332,2816,1549,2470,1247,1065,3559,4630,2581,5007,109176,29444,4153,2463,23256,1,0,16,11
2021-03-23T23:59:59+01:00,0,2,3515,3770,6365,7146,6621,8603,7985,10964,8837,10618,8742,9357,11735,14587,5548,9299,318,327,882,1284,983,1842,1327,2807,1545,2462,1223,1040,3467,4554,2388,4689,108361,28665,4060,2463,21257,1,0,16,11
2021-03-22T23:59:59+01:00,0,2,3507,3750,6322,7117,6587,8556,7919,10888,8688,10482,8461,9004,11432,14261,5512,9260,316,322,876,1274,975,1835,1320,2796,1535,2452,1211,1030,3438,4519,2369,4656,107690,28452,4057,2462,19985,1,0,16,11
2021-03-21T23:59:59+01:00,0,2,3505,3748,6318,7106,6570,8540,7900,10869,8632,10424,8341,8888,11361,14159,5510,9257,314,321,867,1271,968,1828,1311,2794,1531,2448,1207,1027,3429,4504,2355,4647,107605,28350,4056,2462,19453,1,0,16,11
2021-03-20T23:59:59+01:00,0,2,3497,3710,6310,7034,6555,8403,7875,10685,8588,10288,8263,8802,11323,14120,5510,9257,314,321,867,1271,968,1827,1310,2794,1531,2446,1207,1027,3429,4503,2355,4646,107572,28345,3844,2461,18790,1,0,16,11
2021-03-19T23:59:59+01:00,0,2,3484,3680,6284,6950,6531,8310,7829,10568,8474,10127,7723,8195,11139,13879,5500,9239,311,320,862,1264,951,1817,1287,2763,1481,2401,1123,959,2765,3714,1943,4077,105955,25567,3544,2461,18399,1,0,16,11
2021-03-18T23:59:59+01:00,0,2,3473,3662,6243,6909,6498,8248,7766,10481,8359,9998,6765,7098,10860,13578,5490,9214,310,320,859,1259,945,1808,1268,2755,1456,2382,1086,942,2558,3475,1787,3856,102934,24595,3386,2461,18308,1,0,16,11
2021-03-17T23:59:59+01:00,0,2,3436,3624,6172,6825,6445,8145,7675,10353,8229,9840,6082,6255,10574,13272,5473,9188,309,320,852,1253,940,1796,1254,2733,1437,2356,1049,918,2439,3350,1708,3746,100159,23989,3385,2461,18030,1,0,16,11
2021-03-16T23:59:59+01:00,0,2,3418,3595,6133,6772,6400,8072,7622,10288,8139,9738,5906,6079,9868,12477,5434,9125,302,310,838,1237,928,1787,1248,2713,1424,2348,1035,899,2225,3109,1575,3551,97913,23060,3375,2459,17764,1,0,16,11
2021-03-15T23:59:59+01:00,0,2,3381,3563,6036,6693,6270,7980,7480,10169,8010,9613,5154,5245,9425,11929,5391,9055,301,309,834,1233,926,1780,1246,2700,1415,2339,1022,887,2083,2936,1489,3457,94402,22489,3368,2458,17610,1,0,16,11
2021-03-14T23:59:59+01:00,0,2,3256,3416,5755,6347,5994,7619,7165,9754,7725,9292,4820,4854,9268,11732,5387,9045,301,308,834,1233,925,1780,1244,2699,1413,2336,1020,885,2080,2933,1486,3456,92006,22468,3313,2455,16096,1,0,16,11
2021-03-13T23:59:59+01:00,0,2,2601,2754,4814,5479,4976,6690,5970,8635,6710,8347,4506,4471,8884,11212,5297,8937,301,308,833,1231,925,1775,1241,2697,1412,2336,1020,884,2056,2897,1456,3421,81314,22328,3313,2455,15642,1,0,16,11
2021-03-12T23:59:59+01:00,0,2,1775,1933,3475,4329,3469,5355,4223,6996,5074,6838,3836,3766,7635,9663,4796,8258,297,305,831,1227,919,1768,1233,2677,1386,2319,974,859,1708,2434,1188,3070,62485,20730,3310,2455,15612,1,0,16,11
2021-03-11T23:59:59+01:00,0,2,1274,1456,2571,3588,2564,4415,3130,5906,3712,5453,2660,2489,5938,7551,4031,7083,292,296,815,1218,906,1745,1215,2648,1361,2273,937,839,1550,2205,1065,2882,45191,19783,3308,2455,15308,1,0,16,10
2021-03-10T23:59:59+01:00,0,2,1050,1238,2202,3227,2189,4024,2678,5465,2807,4486,1532,1289,4588,5833,3475,6314,282,286,797,1199,884,1709,1181,2575,1322,2207,912,819,1371,2015,969,2709,34170,18880,3308,2348,14906,1,0,15,10
2021-03-09T23:59:59+01:00,0,2,1034,1210,2136,3086,2124,3909,2593,5331,2723,4360,1498,1259,4513,5760,3436,6257,278,279,783,1178,867,1683,1156,2535,1304,2179,897,807,1293,1891,898,2599,33765,18314,3305,2304,14146,1,0,15,10
2021-03-08T23:59:59+01:00,0,2,1012,1179,2079,2987,2084,3827,2534,5218,2667,4288,1460,1239,4367,5602,3335,6116,278,275,778,1170,865,1674,1148,2527,1296,2163,872,786,1127,1666,775,2435,33076,17526,3305,2300,13600,1,0,15,10
2021-03-07T23:59:59+01:00,0,2,1007,1160,2039,2944,2042,3786,2494,5153,2626,4251,1455,1236,4360,5594,3333,6116,278,275,778,1170,865,1674,1148,2527,1295,2163,869,786,1118,1656,767,2424,33045,17526,3299,2259,13239,0,0,15,10
2021-03-06T23:59:59+01:00,0,2,1007,1156,2028,2930,2030,3767,2478,5126,2608,4230,1442,1226,4326,5549,3319,6104,278,275,778,1170,865,1673,1148,2527,1295,2163,869,786,1118,1656,767,2423,32900,17525,3298,2258,13115,0,0,15,10
2021-03-05T23:59:59+01:00,0,2,1003,1152,2013,2910,2000,3744,2435,5074,2555,4193,1406,1198,4060,5223,3169,5883,277,272,771,1163,859,1665,1145,2518,1292,2153,855,782,1110,1647,766,2421,32160,17430,2967,2258,12878,0,0,15,10
2021-03-04T23:59:59+01:00,0,2,909,1005,1925,2782,1932,3607,2359,4920,2465,4035,1376,1177,3820,4964,2905,5534,277,270,769,1158,856,1657,1144,2504,1288,2144,822,767,1098,1636,759,2409,30914,17315,2963,2235,11825,0,0,15,10
2021-03-03T23:59:59+01:00,0,2,863,897,1860,2686,1861,3502,2290,4804,2391,3951,1363,1164,3710,4859,2683,5262,276,268,768,1148,853,1639,1138,2462,1278,2118,805,763,1090,1618,752,2402,30240,17289,2846,2081,11047,0,0,15,10
2021-03-02T23:59:59+01:00,0,2,818,822,1763,2562,1776,3378,2200,4680,2331,3873,1328,1142,3580,4724,2480,4915,276,267,767,1142,849,1636,1133,2457,1274,2108,803,761,1076,1597,741,2383,29513,17182,2657,2080,10189,0,0,15,10
2021-03-01T23:59:59+01:00,0,2,795,783,1663,2418,1705,3234,2100,4508,2251,3752,1310,1130,3529,4661,2436,4853,276,265,763,1138,848,1624,1129,2445,1269,2098,797,759,1071,1586,734,2376,29260,17090,2573,2080,9282,0,0,15,10
2021-02-28T23:59:59+01:00,0,2,789,760,1644,2352,1677,3162,2077,4408,2237,3685,1304,1124,3519,4646,2422,4843,275,264,763,1137,848,1619,1129,2443,1269,2093,793,757,1063,1573,730,2366,29153,17067,2571,2047,8912,0,0,15,10
2021-02-27T23:59:59+01:00,0,2,774,743,1622,2292,1660,3050,2058,4282,2216,3589,1301,1121,3519,4644,2421,4842,275,264,763,1137,848,1618,1129,2443,1269,2092,793,757,1053,1567,713,2352,29148,17065,2570,2000,8403,0,0,15,10
2021-02-26T23:59:59+01:00,0,2,646,662,1517,2179,1608,2891,1995,4045,2115,3353,1211,1050,2868,3851,1995,4260,275,264,762,1135,847,1617,1129,2441,1267,2089,791,752,1035,1554,703,2336,26358,16991,2570,1998,7305,0,0,15,10
2021-02-25T23:59:59+01:00,0,2,496,582,1398,2077,1541,2763,1935,3917,2015,3241,1162,1018,2638,3581,1830,4017,258,249,737,1111,805,1547,1080,2343,1193,1996,734,731,1003,1517,692,2308,25293,16897,2543,1399,6362,0,0,15,10
2021-02-24T23:59:59+01:00,0,2,466,551,1329,1964,1468,2619,1865,3764,1938,3091,1123,988,2499,3444,1751,3898,229,236,710,1066,778,1484,1050,2283,1138,1945,707,708,956,1488,681,2278,24640,16710,2532,1019,5573,0,0,15,10
2021-02-23T23:59:59+01:00,0,2,410,511,1246,1824,1393,2472,1788,3553,1867,2969,1098,954,2296,3214,1626,3712,224,230,695,1042,766,1445,1028,2236,1112,1904,698,696,947,1474,678,2274,23717,16618,2522,823,4681,0,0,15,10
2021-02-22T23:59:59+01:00,0,2,397,478,1146,1713,1290,2375,1679,3447,1786,2898,1077,941,2154,3042,1541,3616,213,221,673,991,735,1382,1002,2142,1068,1822,655,664,878,1397,642,2218,23141,16429,2518,266,3908,0,0,15,10
2021-02-21T23:59:59+01:00,0,2,378,462,1044,1680,1137,2351,1523,3424,1682,2880,1069,939,2153,3041,1541,3616,186,215,642,983,724,1374,988,2137,1063,1820,652,661,875,1393,634,2211,23112,16298,2518,252,3277,0,0,15,10
2021-02-20T23:59:59+01:00,0,2,378,460,1043,1680,1136,2351,1521,3422,1682,2878,1069,938,2152,3041,1540,3615,185,213,639,983,721,1373,982,2134,1061,1820,652,661,875,1393,634,2211,23105,16277,2517,252,3271,0,0,15,10
2021-02-19T23:59:59+01:00,0,2,373,451,1031,1676,1126,2341,1508,3403,1649,2863,1019,910,1781,2534,1243,3233,164,203,613,978,703,1365,965,2132,1055,1818,649,660,873,1393,633,2210,21364,16154,2517,252,3247,0,0,15,10
2021-02-18T23:59:59+01:00,0,2,353,431,991,1594,1088,2254,1455,3285,1608,2773,989,887,1608,2291,1114,3029,144,192,574,967,683,1352,931,2115,1030,1798,638,641,852,1365,619,2189,20384,15830,2517,252,2836,0,0,15,10
2021-02-17T23:59:59+01:00,0,2,330,378,907,1451,981,2054,1320,3031,1496,2553,952,857,1419,2079,1013,2852,138,185,562,936,657,1301,898,2037,980,1722,603,609,845,1339,614,2170,19311,15336,2517,252,1832,0,0,15,10
2021-02-16T23:59:59+01:00,0,2,324,339,863,1313,929,1867,1259,2806,1430,2392,940,840,1356,1983,946,2756,132,172,548,893,642,1247,870,1973,950,1680,593,599,823,1308,601,2110,18941,15017,2516,116,873,0,0,15,10
2021-02-15T23:59:59+01:00,0,2,308,299,835,1282,912,1811,1219,2722,1392,2336,911,807,1179,1751,817,2580,123,164,526,866,624,1185,844,1900,927,1603,572,562,805,1271,592,2068,18030,14548,2515,76,605,0,0,13,10
2021-02-14T23:59:59+01:00,0,2,308,299,834,1282,911,1811,1217,2722,1392,2336,911,807,1179,1751,817,2580,123,164,525,859,620,1180,838,1894,923,1600,571,561,803,1270,591,2065,18029,14504,2515,75,602,0,0,13,10
2021-02-13T23:59:59+01:00,0,2,308,299,834,1282,911,1808,1217,2720,1392,2334,911,807,1179,1751,817,2580,123,164,525,859,620,1180,836,1891,921,1596,569,561,788,1250,579,2049,18022,14502,2515,1,602,0,0,13,10
2021-02-12T23:59:59+01:00,0,2,304,298,824,1277,907,1778,1211,2692,1364,2305,909,805,1178,1748,817,2580,123,164,523,856,619,1173,830,1879,915,1583,566,559,774,1239,573,2036,18013,14403,2515,1,458,0,0,13,10
2021-02-11T23:59:59+01:00,0,2,285,289,809,1242,901,1743,1195,2626,1342,2250,874,791,1167,1736,816,2570,121,150,505,815,597,1108,796,1779,892,1523,552,545,750,1204,559,2004,17899,13892,2514,0,212,0,0,13,10
2021-02-10T23:59:59+01:00,0,2,282,283,790,1204,888,1713,1183,2580,1327,2208,869,789,1152,1720,811,2553,117,141,438,728,551,1015,718,1652,833,1438,537,529,735,1184,549,1977,17875,13144,2409,0,58,0,0,12,0
2021-02-09T23:59:59+01:00,0,2,282,280,786,1190,876,1696,1168,2561,1313,2184,854,784,1138,1703,800,2537,100,122,383,641,498,886,639,1450,744,1248,485,451,616,1022,481,1739,17776,11507,2363,0,3,0,0,12,0
2021-02-08T23:59:59+01:00,0,2,282,279,784,1185,876,1689,1166,2557,1307,2176,848,781,1122,1681,783,2516,90,100,337,545,445,786,550,1241,636,1083,409,377,532,832,388,1429,17661,9782,2360,0,1,0,0,12,0
2021-02-07T23:59:59+01:00,0,2,281,278,782,1184,875,1689,1166,2556,1307,2173,842,779,1120,1678,782,2514,88,99,335,540,443,782,548,1232,632,1077,404,372,511,809,382,1415,17636,9671,2360,0,0,0,0,12,0
2021-02-06T23:59:59+01:00,0,2,281,277,781,1183,875,1688,1166,2556,1307,2172,841,778,1118,1672,781,2512,88,98,335,537,442,781,547,1228,630,1076,400,367,463,740,354,1370,17619,9458,2359,0,0,0,0,12,0
2021-02-05T23:59:59+01:00,0,2,281,277,781,1182,874,1686,1165,2555,1306,2169,834,772,1095,1662,774,2496,82,96,327,531,426,763,522,1193,601,1033,377,339,441,714,337,1324,17540,9107,2359,0,0,0,0,12,0
2021-02-04T23:59:59+01:00,0,2,278,269,778,1161,862,1664,1151,2527,1292,2146,812,759,1067,1632,767,2480,68,78,256,409,331,596,405,965,488,830,304,275,336,578,277,1114,17299,7310,2336,0,0,0,0,12,0
2021-02-03T23:59:59+01:00,0,2,277,264,774,1139,860,1638,1144,2477,1279,2116,793,745,1050,1609,758,2466,54,55,170,280,257,445,285,715,363,590,208,195,238,424,194,837,17203,5310,2176,0,0,0,0,12,0
2021-02-02T23:59:59+01:00,0,2,276,259,770,1131,853,1616,1136,2451,1267,2099,789,738,1041,1598,756,2458,35,35,92,139,148,256,173,448,235,370,134,125,161,255,136,538,17052,3280,2176,0,0,0,0,12,0
2021-02-01T23:59:59+01:00,0,2,274,256,765,1112,845,1596,1130,2422,1263,2066,780,725,1034,1588,752,2445,11,12,15,27,26,66,46,88,71,102,49,45,57,75,39,178,16868,907,2176,0,0,0,0,11,0
2021-01-31T23:59:59+01:00,0,2,268,254,749,1110,837,1585,1120,2411,1252,2057,774,719,1024,1571,745,2432,10,12,14,26,24,63,40,83,64,94,46,45,53,68,36,165,16833,843,2066,0,0,0,0,11,0
2021-01-30T23:59:59+01:00,0,2,268,254,749,1109,836,1585,1120,2411,1252,2057,773,719,1014,1564,728,2418,10,10,14,26,24,63,40,83,63,92,45,44,52,68,36,164,16829,834,2019,0,0,0,0,11,0
2021-01-29T23:59:59+01:00,0,2,268,254,749,1108,836,1585,1120,2411,1252,2056,772,718,1013,1562,728,2416,9,5,12,24,24,62,38,81,62,92,44,43,52,68,36,164,16822,816,2017,0,0,0,0,11,0
2021-01-28T23:59:59+01:00,0,2,264,249,737,1083,801,1530,1083,2350,1175,1998,731,704,984,1542,712,2394,4,0,3,6,9,26,19,36,20,45,21,22,23,45,15,97,16642,391,1686,0,0,0,0,11,0
2021-01-27T23:59:59+01:00,0,2,258,242,714,1051,753,1475,1025,2269,1102,1917,696,677,970,1521,709,2387,3,0,3,4,6,22,15,22,13,32,6,9,10,10,4,27,16194,186,1563,0,0,0,0,11,0
2021-01-26T23:59:59+01:00,0,2,234,233,697,1026,745,1425,1005,2195,1075,1852,684,663,947,1505,699,2368,3,0,1,4,5,12,13,12,6,11,3,5,6,7,1,16,16142,105,1202,0,0,0,0,11,0
2021-01-25T23:59:59+01:00,0,2,202,218,644,953,693,1302,962,2049,1017,1716,636,608,869,1410,656,2295,3,0,1,4,5,12,13,12,6,11,3,5,6,7,1,16,15914,105,307,0,0,0,0,11,0
2021-01-24T23:59:59+01:00,0,2,185,212,618,941,674,1288,944,2033,1002,1706,629,602,859,1390,647,2282,3,0,1,4,5,11,12,12,5,11,3,5,6,7,1,16,15741,102,262,0,0,0,0,11,0
2021-01-23T23:59:59+01:00,0,2,185,212,618,941,674,1288,944,2033,1002,1706,629,602,859,1390,647,2282,3,0,1,4,5,11,10,12,5,11,3,5,6,7,1,16,15741,100,262,0,0,0,0,11,0
2021-01-22T23:59:59+01:00,0,2,138,194,560,931,656,1273,910,2023,990,1695,624,601,858,1390,647,2282,3,0,0,4,5,11,10,12,5,11,3,5,6,7,1,16,15501,99,262,0,0,0,0,11,0
2021-01-21T23:59:59+01:00,0,2,133,186,545,908,635,1232,877,1969,968,1647,613,580,846,1359,640,2263,3,0,0,4,4,11,9,12,5,11,3,5,6,7,1,15,15130,96,262,0,0,0,0,11,0
2021-01-20T23:59:59+01:00,0,2,128,170,498,842,612,1156,814,1859,931,1576,592,563,829,1336,630,2235,3,0,0,4,4,11,9,12,5,11,3,5,6,7,1,15,14502,96,260,0,0,0,0,11,0
2021-01-19T23:59:59+01:00,0,2,117,152,427,756,550,1029,730,1671,831,1418,548,513,732,1184,558,1989,3,0,0,4,4,9,9,12,5,11,3,5,6,7,1,15,13003,94,193,0,0,0,0,11,0
2021-01-18T23:59:59+01:00,0,2,99,120,358,603,459,857,600,1410,705,1212,480,447,648,1026,491,1720,1,0,0,1,0,1,0,0,0,0,0,0,0,1,0,0,11143,4,83,0,0,0,0,11,0
2021-01-17T23:59:59+01:00,0,2,95,118,354,597,458,852,598,1391,697,1202,475,437,621,997,475,1679,1,0,0,1,0,1,0,0,0,0,0,0,0,1,0,0,10955,4,82,0,0,0,0,11,0
2021-01-16T23:59:59+01:00,0,2,95,115,352,589,455,847,587,1378,686,1190,460,423,526,871,414,1582,0,0,0,1,0,1,0,0,0,0,0,0,0,0,0,0,10558,2,3,0,0,0,0,11,0
2021-01-15T23:59:59+01:00,0,2,94,113,347,587,449,843,581,1371,669,1174,444,405,518,859,406,1559,0,0,0,0,0,0,0,0,0,0,0,0,0,0,0,0,10409,0,1,0,0,0,0,11,0
2021-01-14T23:59:59+01:00,0,0,77,91,290,485,371,679,464,1117,549,992,365,324,406,702,333,1323,0,0,0,0,0,0,0,0,0,0,0,0,0,0,0,0,8557,0,0,0,0,0,0,11,0
2021-01-13T23:59:59+01:00,0,0,63,68,206,367,295,506,350,835,423,710,255,228,298,527,251,1017,0,0,0,0,0,0,0,0,0,0,0,0,0,0,0,0,6389,0,0,0,0,0,0,10,0
2021-01-12T23:59:59+01:00,0,0,41,45,125,216,181,313,209,532,282,441,160,145,192,344,172,683,0,0,0,0,0,0,0,0,0,0,0,0,0,0,0,0,4081,0,0,0,0,0,0,0,0
2021-01-11T23:59:59+01:00,0,0,11,14,42,58,42,93,60,119,93,129,65,58,83,103,49,223,0,0,0,0,0,0,0,0,0,0,0,0,0,0,0,0,1242,0,0,0,0,0,0,0,0
2021-01-10T23:59:59+01:00,0,0,11,14,29,47,35,75,51,110,80,119,57,54,77,93,46,209,0,0,0,0,0,0,0,0,0,0,0,0,0,0,0,0,1107,0,0,0,0,0,0,0,0
2021-01-09T23:59:59+01:00,0,0,11,13,26,46,35,75,50,109,78,116,56,53,76,92,45,208,0,0,0,0,0,0,0,0,0,0,0,0,0,0,0,0,1089,0,0,0,0,0,0,0,0
2021-01-08T23:59:59+01:00,0,0,7,6,26,41,33,72,47,107,77,115,53,49,71,87,41,208,0,0,0,0,0,0,0,0,0,0,0,0,0,0,0,0,1040,0,0,0,0,0,0,0,0
2021-01-07T23:59:59+01:00,0,0,5,1,9,20,15,38,28,77,33,77,32,27,47,74,28,162,0,0,0,0,0,0,0,0,0,0,0,0,0,0,0,0,673,0,0,0,0,0,0,0,0
2021-01-06T23:59:59+01:00,0,0,5,0,4,8,10,30,25,43,19,47,26,24,34,51,19,120,0,0,0,0,0,0,0,0,0,0,0,0,0,0,0,0,465,0,0,0,0,0,0,0,0
2021-01-05T23:59:59+01:00,0,0,5,0,4,8,10,30,25,43,19,47,26,24,34,50,19,120,0,0,0,0,0,0,0,0,0,0,0,0,0,0,0,0,464,0,0,0,0,0,0,0,0
2021-01-04T23:59:59+01:00,0,0,4,0,1,3,4,11,13,12,5,11,3,5,6,8,1,17,0,0,0,0,0,0,0,0,0,0,0,0,0,0,0,0,104,0,0,0,0,0,0,0,0
2021-01-03T23:59:59+01:00,0,0,3,0,1,3,4,10,12,12,5,11,3,5,6,8,1,16,0,0,0,0,0,0,0,0,0,0,0,0,0,0,0,0,100,0,0,0,0,0,0,0,0
2021-01-02T23:59:59+01:00,0,0,3,0,1,3,4,10,10,12,5,11,3,5,6,8,1,16,0,0,0,0,0,0,0,0,0,0,0,0,0,0,0,0,98,0,0,0,0,0,0,0,0
2021-01-01T23:59:59+01:00,0,0,3,0,0,3,4,10,10,12,5,11,3,5,6,7,1,16,0,0,0,0,0,0,0,0,0,0,0,0,0,0,0,0,96,0,0,0,0,0,0,0,0
2020-12-31T23:59:59+01:00,0,0,3,0,0,3,4,10,9,12,5,11,3,5,6,7,1,16,0,0,0,0,0,0,0,0,0,0,0,0,0,0,0,0,95,0,0,0,0,0,0,0,0
2020-12-30T23:59:59+01:00,0,0,3,0,0,3,4,10,9,12,5,11,3,5,6,7,1,16,0,0,0,0,0,0,0,0,0,0,0,0,0,0,0,0,95,0,0,0,0,0,0,0,0
2020-12-29T23:59:59+01:00,0,0,3,0,0,3,4,8,9,12,5,11,3,5,6,7,1,16,0,0,0,0,0,0,0,0,0,0,0,0,0,0,0,0,93,0,0,0,0,0,0,0,0
2020-12-28T23:59:59+01:00,0,0,3,0,0,3,4,8,9,12,5,11,3,5,6,7,1,16,0,0,0,0,0,0,0,0,0,0,0,0,0,0,0,0,93,0,0,0,0,0,0,0,0
2020-12-27T23:59:59+01:00,0,0,1,0,0,0,0,0,0,0,0,0,0,0,1,3,0,7,0,0,0,0,0,0,0,0,0,0,0,0,0,0,0,0,12,0,0,0,0,0,0,0,0
