Datum,<15_1_m,<15_1_w,15-24_1_m,15-24_1_w,25-34_1_m,25-34_1_w,35-44_1_m,35-44_1_w,45-54_1_m,45-54_1_w,55-64_1_m,55-64_1_w,65-74_1_m,65-74_1_w,75-84_1_m,75-84_1_w,>84_1_m,>84_1_w,<15_2_m,<15_2_w,15-24_2_m,15-24_2_w,25-34_2_m,25-34_2_w,35-44_2_m,35-44_2_w,45-54_2_m,45-54_2_w,55-64_2_m,55-64_2_w,65-74_2_m,65-74_2_w,75-84_2_m,75-84_2_w,>84_2_m,>84_2_w,bp_1,bp_2,mo_1,mo_2,az_1,az_2,ja,unb_1,unb_2
2021-12-02T23:59:59+01:00,8055,7607,30767,28826,40127,37227,38681,38221,43252,43364,45895,45668,29177,32570,20647,25919,6464,10980,4350,4083,26357,24970,35786,32721,35252,34675,40151,40083,43241,43101,28174,31303,19986,24964,6192,10352,386310,346815,46972,45030,77700,71440,22405,71,51
2021-12-01T23:59:59+01:00,7896,7444,30740,28791,40098,37180,38650,38168,43219,43330,45863,45632,29155,32545,20636,25905,6461,10966,4290,4019,26280,24894,35719,32605,35187,34602,40101,40026,43184,43048,28149,31270,19964,24941,6189,10346,385559,345903,46957,45017,77700,71440,22403,71,51
2021-11-30T23:59:59+01:00,7643,7182,30695,28744,40046,37112,38603,38123,43194,43298,45830,45587,29135,32528,20626,25892,6455,10955,4252,3982,26157,24778,35555,32482,35085,34504,39993,39923,43106,42976,28112,31245,19950,24928,6185,10341,384542,344676,46947,44988,77700,71440,22399,71,51
2021-11-29T23:59:59+01:00,7471,7018,30670,28720,40017,37071,38578,38081,43159,43253,45799,45555,29121,32516,20618,25878,6452,10938,4219,3952,26063,24700,35448,32385,34991,34425,39922,39856,43052,42931,28091,31228,19939,24908,6184,10335,383815,343781,46944,44961,77700,71440,22396,71,51
2021-11-28T23:59:59+01:00,7391,6957,30651,28702,39990,37045,38556,38049,43141,43229,45784,45535,29115,32495,20616,25870,6450,10933,4199,3943,25992,24654,35363,32320,34931,34385,39873,39811,43024,42903,28076,31218,19929,24894,6183,10334,383419,343195,46935,44951,77700,71440,22395,71,51
2021-11-27T23:59:59+01:00,7062,6631,30581,28646,39922,36964,38488,37986,43079,43184,45741,45486,29103,32471,20611,25860,6446,10928,4179,3925,25914,24600,35275,32258,34884,34344,39818,39761,42977,42863,28065,31200,19923,24886,6181,10333,382160,342605,46896,44917,77700,71440,22373,71,51
2021-11-26T23:59:59+01:00,6651,6305,30488,28570,39831,36863,38412,37913,43017,43127,45673,45425,29079,32439,20594,25832,6438,10921,4129,3865,25767,24478,35130,32134,34740,34239,39728,39682,42911,42799,28033,31174,19913,24867,6175,10329,380569,341360,46885,44878,77700,71440,22364,71,51
2021-11-25T23:59:59+01:00,6239,5923,30360,28451,39705,36710,38324,37817,42939,43027,45584,45342,29041,32392,20572,25811,6431,10907,4072,3800,25603,24333,34953,31964,34606,34111,39606,39562,42811,42718,28002,31130,19900,24847,6170,10326,378599,339864,46873,44817,77699,71440,22342,71,51
2021-11-24T23:59:59+01:00,6074,5724,30298,28404,39650,36644,38260,37748,42885,42974,45527,45282,29022,32366,20562,25784,6423,10891,4052,3775,25530,24282,34859,31893,34537,34054,39536,39501,42762,42654,27974,31099,19885,24831,6167,10319,377566,339093,46866,44801,77699,71440,22325,71,51
2021-11-23T23:59:59+01:00,5869,5515,30220,28323,39572,36542,38190,37659,42814,42904,45463,45225,29003,32317,20534,25761,6419,10880,4019,3746,25427,24211,34721,31773,34438,33970,39452,39435,42698,42585,27937,31070,19864,24814,6163,10313,376293,338067,46839,44762,77699,71440,22316,71,51
2021-11-22T23:59:59+01:00,5711,5344,30167,28261,39501,36476,38131,37603,42773,42854,45428,45169,28985,32291,20518,25738,6417,10866,4001,3730,25373,24170,34638,31703,34389,33934,39408,39396,42654,42557,27920,31049,19860,24806,6160,10305,375328,337495,46829,44753,77699,71440,22314,71,51
2021-11-21T23:59:59+01:00,5667,5303,30128,28227,39455,36431,38089,37573,42730,42822,45403,45144,28967,32272,20510,25724,6415,10859,3995,3726,25339,24140,34608,31670,34360,33908,39378,39372,42633,42542,27910,31037,19859,24799,6158,10304,374827,337189,46821,44749,77699,71440,22309,71,51
2021-11-20T23:59:59+01:00,5628,5275,30076,28195,39392,36383,38053,37543,42706,42789,45386,45126,28962,32264,20508,25721,6415,10859,3994,3723,25323,24126,34583,31650,34340,33888,39368,39361,42624,42532,27906,31030,19857,24797,6158,10304,374409,337028,46808,44743,77699,71440,22302,71,51
2021-11-19T23:59:59+01:00,5476,5118,29948,28069,39276,36253,37957,37447,42631,42697,45337,45060,28940,32242,20503,25713,6414,10855,3962,3698,25189,24038,34466,31569,34264,33830,39292,39313,42577,42500,27886,31013,19853,24791,6156,10304,373131,336233,46768,44702,77699,71440,22275,71,51
2021-11-18T23:59:59+01:00,5326,4958,29779,27891,39104,36032,37795,37280,42503,42574,45259,44979,28895,32190,20489,25692,6409,10841,3911,3647,25036,23912,34323,31450,34144,33724,39220,39213,42505,42434,27860,30985,19834,24775,6151,10300,371277,335044,46722,44655,77699,71440,22234,71,51
2021-11-17T23:59:59+01:00,5267,4895,29681,27827,39012,35918,37721,37195,42426,42512,45195,44910,28877,32159,20480,25673,6403,10827,3892,3629,25010,23859,34262,31393,34099,33676,39178,39178,42445,42386,27847,30961,19828,24764,6151,10296,370278,334488,46708,44646,77699,71440,22229,71,51
2021-11-16T23:59:59+01:00,5179,4825,29494,27673,38831,35728,37576,37053,42300,42400,45102,44820,28845,32119,20462,25652,6399,10815,3872,3612,24901,23783,34147,31293,34016,33600,39112,39117,42394,42338,27819,30933,19812,24737,6137,10283,368664,333616,46670,44622,77698,71440,22177,71,51
2021-11-15T23:59:59+01:00,5126,4784,29347,27577,38674,35623,37488,36954,42234,42326,45043,44769,28820,32099,20450,25637,6397,10806,3864,3606,24848,23761,34098,31248,33977,33572,39080,39093,42368,42320,27809,30921,19802,24720,6134,10278,367578,333239,46647,44602,77698,71440,22167,71,51
2021-11-14T23:59:59+01:00,5093,4752,29274,27512,38577,35524,37434,36902,42185,42268,45004,44735,28811,32083,20441,25621,6395,10800,3856,3596,24819,23743,34063,31207,33949,33549,39063,39069,42349,42302,27798,30914,19796,24711,6133,10278,366852,332953,46639,44593,77698,71440,22158,71,51
2021-11-13T23:59:59+01:00,5033,4710,29126,27408,38455,35387,37321,36825,42111,42194,44962,44697,28799,32069,20437,25619,6393,10798,3850,3591,24783,23723,34041,31187,33928,33527,39043,39051,42341,42295,27794,30912,19795,24710,6133,10277,365822,332757,46618,44591,77698,71440,22142,71,51
2021-11-12T23:59:59+01:00,4929,4620,28770,27104,38186,35134,37139,36612,41964,42042,44845,44605,28769,32047,20431,25605,6392,10798,3832,3561,24680,23641,33933,31095,33836,33450,38975,39002,42293,42263,27777,30894,19789,24705,6132,10277,363621,332010,46536,44561,77698,71440,22073,71,51
2021-11-11T23:59:59+01:00,4810,4487,28478,26834,37895,34833,36913,36390,41784,41872,44712,44491,28728,31992,20417,25585,6386,10787,3796,3517,24571,23546,33837,30978,33724,33367,38896,38922,42227,42206,27757,30871,19780,24689,6130,10275,361154,331079,46470,44512,77698,71440,22007,71,51
2021-11-10T23:59:59+01:00,4753,4426,28332,26729,37771,34688,36805,36285,41717,41794,44643,44418,28714,31971,20407,25571,6381,10776,3782,3498,24529,23505,33783,30925,33678,33331,38864,38891,42201,42176,27740,30861,19770,24679,6127,10264,359997,330634,46440,44499,77698,71439,21981,71,51
2021-11-09T23:59:59+01:00,4688,4367,28088,26524,37545,34479,36658,36148,41588,41672,44564,44347,28693,31941,20392,25550,6378,10769,3765,3477,24464,23448,33704,30850,33629,33286,38825,38849,42162,42146,27730,30835,19758,24666,6124,10256,358307,330081,46382,44463,77697,71439,21940,71,51
2021-11-08T23:59:59+01:00,4629,4317,27865,26340,37290,34277,36478,36010,41465,41559,44466,44266,28661,31906,20381,25536,6375,10766,3749,3457,24399,23397,33645,30793,33596,33242,38789,38803,42128,42107,27714,30820,19744,24654,6123,10249,356574,329556,46336,44448,77697,71439,21915,71,51
2021-11-07T23:59:59+01:00,4592,4282,27663,26186,37076,34094,36334,35865,41344,41460,44382,44206,28644,31888,20372,25527,6373,10758,3742,3449,24360,23369,33590,30754,33567,33216,38762,38777,42106,42084,27709,30808,19738,24647,6121,10246,355127,329266,46301,44433,77697,71439,21856,71,51
2021-11-06T23:59:59+01:00,4572,4266,27614,26148,37013,34054,36305,35847,41307,41444,44357,44183,28640,31886,20366,25525,6373,10756,3741,3446,24354,23365,33583,30750,33564,33212,38757,38775,42103,42083,27706,30808,19736,24645,6120,10245,354765,329230,46289,44433,77697,71439,21840,71,51
2021-11-05T23:59:59+01:00,4477,4168,27360,25954,36781,33817,36098,35688,41178,41307,44275,44113,28625,31869,20363,25513,6371,10755,3724,3425,24286,23328,33531,30700,33512,33177,38718,38737,42076,42062,27695,30802,19732,24638,6118,10243,353030,328856,46146,44385,77697,71439,21773,71,51
2021-11-04T23:59:59+01:00,4401,4117,27131,25788,36552,33604,35915,35564,41056,41190,44188,44049,28605,31854,20354,25502,6369,10752,3692,3376,24193,23214,33423,30584,33431,33094,38651,38672,42012,42005,27675,30776,19722,24625,6113,10234,351457,327971,46088,44348,77697,71439,21683,71,51
2021-11-03T23:59:59+01:00,4382,4086,27069,25732,36469,33524,35844,35526,40997,41146,44151,44020,28598,31845,20348,25496,6368,10752,3666,3346,24159,23173,33390,30541,33394,33070,38631,38645,41987,41984,27660,30758,19715,24616,6108,10229,350846,327568,46069,44340,77697,71438,21675,71,51
2021-11-02T23:59:59+01:00,4348,4045,26842,25594,36230,33351,35681,35414,40860,41047,44068,43953,28571,31828,20337,25487,6367,10748,3637,3318,24056,23090,33276,30464,33325,33020,38570,38589,41941,41950,27640,30737,19699,24605,6106,10222,349436,326892,46019,44312,77697,71437,21553,71,51
2021-11-01T23:59:59+01:00,4306,4008,26752,25531,36112,33271,35603,35366,40787,40997,44029,43933,28564,31819,20332,25485,6366,10747,3619,3281,24008,23040,33221,30429,33289,32990,38531,38564,41915,41924,27630,30730,19693,24596,6105,10220,348730,326482,45993,44295,77697,71435,21522,71,51
2021-10-31T23:59:59+01:00,4306,4008,26748,25531,36110,33271,35603,35366,40786,40997,44028,43932,28563,31819,20332,25485,6366,10747,3619,3281,24008,23040,33221,30429,33289,32990,38530,38564,41914,41924,27630,30730,19693,24596,6105,10220,348722,326481,45992,44295,77697,71435,21521,71,51
2021-10-30T23:59:59+02:00,4303,4006,26737,25526,36095,33263,35597,35362,40777,40993,44020,43932,28562,31819,20332,25484,6366,10746,3619,3281,24004,23037,33218,30429,33289,32987,38529,38563,41913,41924,27630,30730,19693,24596,6105,10220,348644,326465,45992,44295,77697,71435,21521,71,51
2021-10-29T23:59:59+02:00,4279,3987,26594,25432,35910,33142,35483,35291,40677,40924,43973,43908,28559,31809,20331,25482,6366,10746,3606,3273,23950,23000,33165,30374,33242,32952,38487,38524,41887,41905,27625,30722,19688,24589,6104,10220,347713,326073,45937,44275,77697,71434,21480,71,51
2021-10-28T23:59:59+02:00,4247,3945,26421,25303,35702,33007,35336,35189,40579,40846,43909,43867,28547,31797,20322,25474,6365,10744,3577,3237,23861,22911,33078,30280,33180,32898,38432,38475,41839,41877,27614,30707,19680,24578,6100,10212,346608,325447,45860,44235,77697,71434,21369,71,51
2021-10-27T23:59:59+02:00,4222,3920,26381,25270,35656,32962,35293,35138,40541,40816,43885,43849,28544,31790,20319,25468,6361,10742,3562,3218,23814,22871,33032,30240,33154,32871,38421,38451,41825,41857,27605,30691,19672,24571,6099,10210,346177,325084,45850,44229,77697,71433,21367,71,51
2021-10-26T23:59:59+02:00,4179,3891,26239,25154,35509,32856,35194,35059,40470,40767,43844,43827,28533,31779,20314,25462,6358,10740,3534,3205,23748,22788,32953,30170,33107,32821,38366,38412,41786,41834,27597,30681,19667,24562,6098,10208,345303,324570,45820,44197,77697,71430,21289,71,51
2021-10-25T23:59:59+02:00,4170,3883,26225,25136,35476,32833,35167,35045,40456,40760,43840,43823,28532,31778,20313,25462,6358,10740,3529,3198,23744,22782,32934,30151,33104,32815,38359,38408,41785,41831,27595,30680,19667,24559,6098,10208,345150,324505,45811,44189,77697,71429,21273,71,51
2021-10-24T23:59:59+02:00,4160,3878,26200,25105,35442,32804,35136,35021,40442,40742,43828,43814,28531,31774,20312,25460,6358,10740,3519,3189,23730,22765,32922,30142,33092,32807,38349,38399,41777,41823,27589,30677,19667,24554,6098,10207,344909,324364,45803,44189,77696,71429,21273,71,51
2021-10-23T23:59:59+02:00,4160,3878,26198,25100,35437,32803,35132,35018,40439,40740,43826,43814,28531,31774,20312,25460,6358,10740,3519,3189,23730,22764,32921,30142,33090,32807,38348,38398,41777,41823,27589,30677,19667,24554,6098,10207,344882,324358,45803,44189,77696,71429,21273,71,51
2021-10-22T23:59:59+02:00,4139,3847,26101,25028,35324,32706,35038,34956,40363,40697,43785,43787,28524,31769,20309,25453,6358,10739,3481,3160,23670,22702,32857,30086,33038,32769,38312,38367,41743,41798,27583,30670,19663,24551,6097,10206,344161,323875,45768,44166,77696,71429,21232,71,51
2021-10-21T23:59:59+02:00,4073,3799,25996,24935,35196,32590,34938,34884,40294,40641,43724,43751,28512,31755,20302,25447,6358,10737,3294,3008,23525,22548,32763,29995,32968,32701,38253,38313,41691,41758,27565,30651,19647,24534,6092,10197,343253,322713,45742,44134,77695,71429,21176,71,51
2021-10-20T23:59:59+02:00,4064,3782,25964,24905,35147,32542,34900,34851,40272,40618,43704,43737,28507,31750,20298,25442,6353,10733,3260,2980,23483,22508,32723,29962,32940,32672,38225,38283,41669,41736,27550,30639,19637,24523,6089,10193,342910,322308,45734,44120,77695,71429,21164,71,51
2021-10-19T23:59:59+02:00,4044,3754,25893,24860,35092,32495,34861,34812,40238,40590,43683,43723,28503,31744,20290,25432,6348,10730,3155,2865,23364,22398,32645,29895,32901,32629,38198,38239,41638,41712,27535,30622,19628,24516,6082,10188,342486,321517,45710,44079,77695,71428,21135,71,51
2021-10-18T23:59:59+02:00,4035,3736,25853,24833,35061,32457,34842,34798,40220,40576,43673,43709,28496,31736,20280,25425,6347,10730,3126,2847,23317,22360,32614,29851,32878,32593,38171,38218,41618,41690,27528,30615,19621,24507,6079,10184,342221,321153,45702,44062,77695,71428,21123,71,51
2021-10-17T23:59:59+02:00,4028,3724,25837,24827,35048,32444,34833,34793,40216,40572,43668,43701,28495,31732,20280,25420,6346,10728,3037,2767,23277,22333,32603,29838,32872,32583,38167,38211,41617,41680,27527,30610,19620,24505,6077,10184,342107,320845,45702,44062,77695,71428,21122,71,51
2021-10-16T23:59:59+02:00,4028,3724,25837,24827,35048,32444,34833,34793,40215,40571,43668,43701,28494,31731,20280,25419,6346,10727,3036,2765,23276,22333,32603,29838,32872,32582,38165,38210,41616,41679,27526,30610,19620,24504,6076,10182,342102,320831,45702,44062,77695,71428,21121,71,51
2021-10-15T23:59:59+02:00,4018,3715,25799,24797,35016,32417,34810,34770,40196,40559,43657,43694,28490,31728,20277,25416,6344,10723,3005,2740,23215,22261,32547,29787,32839,32534,38137,38183,41596,41662,27518,30603,19617,24500,6076,10178,341867,320371,45687,44036,77694,71428,21112,71,51
2021-10-14T23:59:59+02:00,3998,3685,25727,24737,34948,32351,34763,34733,40162,40525,43625,43679,28482,31719,20271,25412,6341,10718,2961,2683,23132,22175,32483,29691,32786,32476,38079,38140,41557,41625,27500,30588,19609,24491,6073,10177,341381,319686,45663,43989,77694,71428,21072,71,51
2021-10-13T23:59:59+02:00,3983,3662,25697,24716,34921,32320,34743,34717,40148,40503,43607,43659,28474,31713,20267,25404,6335,10711,2940,2662,23099,22136,32457,29650,32775,32441,38059,38120,41541,41613,27493,30574,19602,24484,6073,10172,341094,319363,45658,43981,77694,71428,21068,71,51
2021-10-12T23:59:59+02:00,3966,3640,25646,24664,34861,32256,34708,34686,40119,40476,43587,43646,28461,31698,20264,25395,6329,10705,2912,2628,23011,22038,32357,29560,32731,32392,38002,38082,41516,41576,27468,30561,19595,24474,6070,10162,340663,318671,45640,43943,77694,71426,21044,71,51
2021-10-11T23:59:59+02:00,3958,3628,25618,24639,34846,32233,34677,34668,40108,40463,43576,43633,28451,31689,20257,25390,6325,10700,2891,2617,22980,22004,32314,29525,32706,32362,37985,38065,41495,41559,27462,30555,19589,24467,6068,10158,340440,318356,45625,43935,77694,71426,21034,71,51
2021-10-10T23:59:59+02:00,3955,3626,25613,24632,34837,32223,34670,34654,40099,40458,43567,43625,28450,31684,20252,25386,6325,10696,2883,2611,22970,21988,32302,29508,32701,32355,37974,38054,41489,41554,27456,30551,19588,24465,6068,10158,340335,318232,45623,43932,77694,71426,21034,71,51
2021-10-09T23:59:59+02:00,3954,3623,25612,24630,34836,32219,34667,34653,40096,40454,43565,43625,28448,31683,20251,25383,6324,10696,2883,2610,22970,21988,32302,29508,32699,32354,37973,38054,41488,41553,27456,30551,19587,24465,6068,10157,340302,318223,45623,43932,77694,71426,21034,71,51
2021-10-08T23:59:59+02:00,3919,3599,25538,24570,34771,32165,34634,34623,40062,40425,43531,43599,28438,31673,20240,25368,6316,10693,2856,2574,22873,21920,32252,29452,32662,32306,37945,38010,41463,41528,27445,30533,19581,24457,6064,10156,339784,317670,45606,43917,77694,71425,21014,71,51
2021-10-07T23:59:59+02:00,3895,3555,25457,24489,34699,32092,34587,34582,40020,40383,43498,43572,28431,31663,20225,25357,6309,10683,2798,2512,22743,21777,32180,29363,32611,32227,37895,37962,41420,41487,27426,30515,19565,24443,6057,10144,339190,316792,45579,43890,77694,71424,20968,71,51
2021-10-06T23:59:59+02:00,3880,3535,25419,24445,34660,32052,34561,34552,40002,40365,43479,43554,28424,31654,20213,25339,6305,10671,2783,2495,22710,21735,32149,29326,32590,32197,37879,37937,41401,41472,27416,30505,19555,24431,6055,10140,338812,316452,45576,43887,77694,71424,20962,71,51
2021-10-05T23:59:59+02:00,3858,3516,25362,24382,34589,31979,34522,34514,39983,40328,43441,43531,28414,31642,20198,25330,6301,10655,2746,2453,22631,21615,32056,29235,32535,32134,37837,37896,41371,41443,27400,30495,19545,24421,6045,10130,338328,315750,45554,43860,77692,71422,20905,71,51
2021-10-04T23:59:59+02:00,3835,3494,25314,24337,34542,31943,34486,34481,39956,40307,43420,43510,28406,31633,20190,25314,6292,10641,2731,2443,22587,21569,32027,29186,32506,32110,37817,37879,41345,41427,27389,30479,19536,24412,6041,10120,337913,315401,45543,43846,77692,71419,20887,71,51
2021-10-03T23:59:59+02:00,3826,3491,25299,24327,34532,31936,34478,34474,39950,40297,43414,43506,28401,31631,20187,25305,6291,10634,2726,2437,22574,21558,32019,29176,32492,32101,37810,37871,41337,41423,27387,30474,19532,24406,6036,10114,337795,315275,45542,43844,77692,71419,20884,71,51
2021-10-02T23:59:59+02:00,3826,3491,25299,24327,34531,31936,34478,34474,39949,40297,43414,43506,28401,31631,20187,25305,6291,10634,2725,2437,22574,21558,32019,29176,32492,32101,37810,37871,41337,41423,27387,30474,19532,24406,6036,10114,337793,315274,45542,43844,77692,71419,20884,71,51
2021-10-01T23:59:59+02:00,3807,3473,25250,24262,34465,31867,34416,34433,39913,40273,43384,43488,28397,31624,20185,25303,6289,10631,2682,2395,22475,21470,31968,29105,32441,32059,37773,37823,41312,41406,27380,30469,19528,24401,6035,10112,337354,314713,45515,43818,77690,71417,20835,71,51
2021-09-30T23:59:59+02:00,3774,3431,25146,24140,34349,31779,34332,34368,39837,40211,43326,43436,28380,31603,20174,25294,6286,10621,2620,2342,22353,21353,31887,29001,32381,31989,37723,37775,41272,41380,27352,30457,19525,24388,6033,10107,336507,313921,45473,43793,77685,71417,20756,71,51
2021-09-29T23:59:59+02:00,3756,3411,25118,24092,34318,31751,34306,34342,39817,40190,43305,43418,28371,31595,20169,25288,6280,10614,2613,2328,22325,21323,31864,28981,32361,31965,37706,37757,41255,41368,27347,30446,19520,24379,6032,10103,336178,313673,45469,43789,77685,71417,20743,71,51
2021-09-28T23:59:59+02:00,3727,3379,25031,24020,34238,31682,34256,34292,39768,40150,43269,43387,28355,31576,20161,25276,6276,10605,2592,2302,22230,21249,31798,28907,32316,31919,37672,37714,41230,41343,27326,30431,19518,24370,6029,10101,335611,313170,45435,43759,77685,71416,20651,71,51
2021-09-27T23:59:59+02:00,3704,3356,24988,23992,34201,31642,34233,34262,39747,40116,43248,43366,28347,31566,20154,25271,6272,10599,2573,2288,22194,21217,31766,28866,32288,31899,37650,37696,41210,41330,27317,30426,19515,24366,6028,10097,335274,312901,45425,43743,77684,71416,20615,71,51
2021-09-26T23:59:59+02:00,3552,3252,24930,23957,34191,31634,34226,34259,39741,40110,43242,43360,28346,31564,20152,25270,6271,10598,2561,2281,22178,21198,31761,28859,32284,31895,37642,37689,41204,41324,27314,30422,19512,24364,6027,10096,334870,312793,45425,43742,77684,71415,20610,71,51
2021-09-25T23:59:59+02:00,3551,3252,24929,23957,34191,31634,34226,34259,39739,40109,43241,43360,28346,31563,20152,25270,6271,10598,2561,2280,22176,21195,31761,28859,32282,31894,37639,37687,41204,41324,27314,30421,19512,24364,6027,10096,334864,312778,45425,43742,77683,71415,20610,71,51
2021-09-24T23:59:59+02:00,3527,3220,24847,23881,34077,31555,34158,34197,39683,40062,43207,43334,28332,31552,20149,25264,6270,10596,2525,2249,22090,21107,31668,28795,32237,31857,37584,37648,41184,41302,27302,30410,19509,24361,6026,10096,334337,312324,45392,43728,77682,71414,20434,71,50
2021-09-23T23:59:59+02:00,3356,3068,24708,23733,33987,31465,34081,34137,39625,40010,43149,43290,28314,31538,20141,25252,6267,10594,2474,2204,21975,21004,31598,28718,32184,31801,37548,37612,41149,41268,27288,30390,19502,24345,6025,10093,333296,311699,45364,43710,77682,71412,20307,71,50
2021-09-22T23:59:59+02:00,3333,3043,24672,23678,33954,31431,34057,34098,39596,39994,43126,43265,28304,31529,20137,25241,6267,10589,2459,2192,21945,20973,31560,28680,32166,31772,37525,37596,41126,41257,27279,30384,19499,24341,6025,10092,332943,311434,45355,43706,77680,71411,20270,71,50
2021-09-21T23:59:59+02:00,3205,2909,24474,23519,33808,31332,33993,34013,39527,39946,43105,43223,28285,31509,20128,25235,6259,10582,2394,2161,21807,20835,31449,28576,32087,31695,37470,37548,41094,41223,27268,30372,19491,24326,6022,10086,331882,310657,45315,43678,77680,71410,20109,71,50
2021-09-20T23:59:59+02:00,3181,2887,24428,23472,33760,31291,33963,33980,39496,39915,43081,43198,28280,31499,20124,25229,6259,10578,2386,2149,21769,20793,31402,28528,32065,31659,37440,37529,41081,41213,27257,30365,19483,24320,6020,10079,331514,310348,45300,43671,77680,71408,20061,71,50
2021-09-19T23:59:59+02:00,3177,2885,24418,23466,33751,31283,33955,33973,39491,39900,43072,43197,28279,31498,20124,25227,6259,10578,2382,2145,21762,20786,31396,28520,32061,31658,37433,37521,41073,41212,27257,30365,19482,24319,6020,10079,331437,310292,45300,43670,77679,71408,20051,71,50
2021-09-18T23:59:59+02:00,3177,2885,24418,23466,33751,31283,33955,33973,39491,39900,43072,43197,28279,31498,20124,25227,6259,10578,2382,2145,21762,20786,31396,28518,32059,31658,37433,37521,41073,41212,27257,30365,19482,24318,6020,10079,331437,310287,45300,43670,77679,71408,20051,71,50
2021-09-17T23:59:59+02:00,3150,2847,24313,23351,33646,31182,33878,33904,39423,39846,43037,43170,28265,31490,20122,25220,6257,10576,2335,2102,21683,20707,31323,28455,31996,31611,37394,37487,41054,41198,27249,30350,19480,24311,6020,10078,330784,309836,45258,43649,77678,71408,19890,71,50
2021-09-16T23:59:59+02:00,3099,2799,24200,23216,33548,31074,33809,33798,39376,39785,42983,43121,28239,31469,20106,25209,6254,10568,2294,2060,21577,20608,31239,28379,31929,31545,37371,37431,41020,41159,27238,30330,19473,24303,6018,10077,329952,309224,45220,43639,77678,71402,19736,71,50
2021-09-15T23:59:59+02:00,3076,2786,24159,23169,33517,31030,33794,33767,39346,39756,42965,43103,28229,31458,20100,25204,6253,10566,2281,2045,21541,20567,31208,28337,31903,31522,37339,37397,40996,41132,27224,30321,19466,24295,6018,10073,329621,308871,45207,43638,77677,71400,19706,71,50
2021-09-14T23:59:59+02:00,3036,2754,24050,23027,33373,30891,33710,33683,39289,39703,42914,43053,28210,31442,20091,25196,6249,10561,2262,2020,21455,20486,31117,28248,31838,31460,37290,37354,40952,41106,27213,30301,19457,24287,6016,10070,328810,308346,45170,43631,77676,71396,19509,71,50
2021-09-13T23:59:59+02:00,3018,2734,23999,22974,33326,30832,33677,33633,39265,39672,42883,43029,28204,31428,20086,25194,6247,10557,2247,2004,21403,20438,31072,28197,31808,31428,37268,37334,40938,41084,27207,30295,19453,24283,6015,10069,328425,308046,45154,43618,77676,71393,19436,71,50
2021-09-12T23:59:59+02:00,3014,2727,23995,22966,33320,30827,33668,33626,39260,39669,42880,43026,28202,31426,20085,25193,6247,10556,2244,2001,21387,20429,31062,28179,31788,31419,37260,37326,40932,41077,27202,30294,19450,24280,6015,10067,328357,307919,45154,43618,77675,71391,19434,71,50
2021-09-11T23:59:59+02:00,3012,2726,23993,22964,33318,30826,33666,33625,39260,39667,42879,43026,28199,31424,20085,25193,6247,10556,2243,1999,21383,20428,31060,28175,31788,31419,37260,37324,40931,41076,27200,30294,19450,24280,6015,10067,328337,307902,45154,43616,77675,71391,19433,71,50
2021-09-10T23:59:59+02:00,2970,2684,23861,22835,33188,30709,33564,33548,39186,39583,42831,42985,28183,31407,20080,25185,6246,10554,2206,1961,21268,20323,30947,28082,31700,31364,37196,37282,40885,41043,27192,30284,19444,24269,6013,10066,327592,307357,45134,43597,77675,71390,19131,71,50
2021-09-09T23:59:59+02:00,2921,2645,23682,22688,33077,30579,33465,33446,39115,39509,42791,42937,28156,31390,20071,25179,6244,10552,2152,1904,21147,20194,30855,27984,31624,31268,37134,37226,40838,40995,27169,30269,19435,24260,6009,10063,326694,306607,45110,43578,77673,71387,18904,70,50
2021-09-08T23:59:59+02:00,2900,2614,23640,22638,33045,30540,33449,33418,39095,39488,42776,42922,28150,31381,20068,25174,6243,10552,2141,1892,21113,20163,30825,27968,31609,31243,37116,37203,40825,40982,27163,30264,19430,24255,6008,10062,326378,306380,45104,43574,77671,71386,18874,70,48
2021-09-07T23:59:59+02:00,2847,2559,23492,22494,32926,30431,33375,33333,39040,39424,42732,42888,28132,31363,20064,25169,6242,10549,2086,1851,20978,20029,30709,27882,31535,31177,37069,37151,40788,40953,27146,30239,19423,24244,6007,10060,325626,305730,45079,43551,77671,71381,18617,70,48
2021-09-06T23:59:59+02:00,2824,2544,23460,22450,32894,30397,33354,33313,39018,39411,42716,42873,28129,31359,20062,25167,6241,10546,2062,1833,20936,19985,30678,27855,31515,31150,37050,37130,40774,40941,27138,30231,19421,24235,6004,10058,325357,305425,45063,43543,77670,71379,18601,70,48
2021-09-05T23:59:59+02:00,2813,2541,23455,22445,32892,30391,33352,33308,39015,39408,42712,42867,28127,31355,20060,25166,6240,10545,2058,1830,20925,19978,30667,27849,31512,31146,37047,37128,40770,40938,27133,30229,19419,24231,6003,10058,325293,305351,45062,43543,77670,71379,18600,70,48
2021-09-04T23:59:59+02:00,2813,2541,23452,22444,32891,30391,33352,33307,39015,39407,42711,42866,28127,31355,20060,25166,6240,10545,2056,1827,20923,19978,30667,27849,31511,31145,37047,37128,40769,40938,27133,30229,19419,24231,6003,10058,325287,305344,45062,43543,77670,71379,18597,70,48
2021-09-03T23:59:59+02:00,2790,2507,23373,22366,32817,30319,33311,33264,38971,39378,42681,42853,28119,31342,20059,25164,6238,10544,2040,1810,20874,19919,30617,27810,31478,31110,37019,37101,40738,40926,27125,30221,19417,24229,6002,10058,324784,304998,45034,43534,77668,71371,18543,70,48
2021-09-02T23:59:59+02:00,2759,2475,23267,22269,32758,30229,33253,33210,38933,39344,42642,42821,28099,31330,20055,25150,6236,10541,2018,1791,20800,19859,30557,27748,31440,31079,36979,37064,40704,40898,27115,30209,19414,24218,6002,10058,324181,304571,45004,43516,77667,71366,18452,70,48
2021-09-01T23:59:59+02:00,2736,2460,23243,22232,32728,30197,33231,33184,38907,39323,42628,42805,28090,31323,20050,25148,6236,10541,2001,1776,20759,19817,30524,27719,31413,31058,36960,37047,40686,40882,27104,30200,19413,24212,6002,10058,323924,304296,44993,43510,77666,71365,18412,70,48
2021-08-31T23:59:59+02:00,2691,2417,23120,22126,32646,30097,33175,33128,38863,39282,42602,42781,28079,31317,20044,25144,6235,10537,1977,1756,20672,19722,30452,27659,31364,31018,36921,37015,40657,40857,27095,30188,19407,24207,6002,10056,323346,303881,44963,43496,77665,71357,18243,70,48
2021-08-30T23:59:59+02:00,2669,2393,23068,22083,32605,30054,33149,33091,38834,39261,42583,42763,28074,31310,20037,25135,6234,10533,1929,1715,20549,19618,30354,27563,31303,30966,36888,36987,40636,40823,27079,30173,19406,24198,6002,10054,323002,303162,44948,43487,77665,71352,18194,70,48
2021-08-29T23:59:59+02:00,2638,2363,22981,22017,32542,29997,33105,33060,38788,39225,42553,42742,28065,31303,20034,25130,6234,10532,1903,1690,20446,19549,30286,27514,31268,30932,36847,36956,40611,40805,27066,30162,19405,24193,6002,10054,322545,302733,44932,43464,77663,71342,18102,70,48
2021-08-28T23:59:59+02:00,2632,2361,22981,22017,32538,29997,33104,33060,38785,39224,42552,42742,28064,31303,20034,25130,6234,10532,1903,1688,20445,19548,30280,27514,31268,30929,36844,36954,40611,40805,27066,30162,19405,24193,6002,10054,322532,302722,44932,43463,77663,71342,18096,70,48
2021-08-27T23:59:59+02:00,2632,2361,22976,22014,32531,29996,33102,33057,38783,39222,42549,42742,28063,31302,20034,25130,6233,10532,1902,1687,20439,19547,30272,27513,31266,30927,36841,36952,40609,40805,27066,30162,19405,24192,6002,10054,322513,302706,44932,43463,77663,71340,18084,70,48
2021-08-26T23:59:59+02:00,2549,2277,22788,21806,32395,29854,32982,32949,38695,39134,42483,42673,28039,31269,20021,25112,6232,10526,1817,1606,20170,19277,30131,27346,31124,30802,36733,36858,40524,40732,27024,30121,19386,24168,5996,10052,321287,301200,44912,43439,77662,71324,17856,70,48
2021-08-25T23:59:59+02:00,2543,2269,22768,21781,32383,29833,32969,32934,38683,39118,42472,42667,28034,31266,20014,25106,6229,10524,1806,1597,20122,19234,30095,27315,31103,30764,36708,36826,40505,40716,27011,30109,19382,24160,5995,10051,321098,300836,44912,43439,77662,71322,17854,70,48
2021-08-24T23:59:59+02:00,2525,2258,22729,21739,32357,29788,32950,32902,38673,39098,42453,42653,28028,31255,20009,25098,6228,10523,1796,1588,20084,19192,30062,27274,31082,30729,36694,36805,40485,40698,27005,30099,19378,24157,5995,10047,320811,300547,44902,43434,77662,71317,17824,70,48
2021-08-23T23:59:59+02:00,2505,2226,22659,21666,32286,29731,32914,32870,38634,39067,42423,42640,28013,31246,20006,25087,6228,10521,1752,1544,19959,19069,29944,27195,31017,30681,36644,36762,40443,40669,26993,30084,19372,24147,5995,10041,320367,299807,44891,43410,77660,71309,17737,70,48
2021-08-22T23:59:59+02:00,2496,2217,22623,21634,32266,29713,32898,32862,38617,39051,42418,42631,28008,31241,20001,25087,6228,10520,1742,1531,19919,19031,29908,27161,30986,30645,36623,36746,40425,40647,26985,30080,19369,24144,5995,10039,320195,299516,44885,43407,77659,71300,17705,70,48
2021-08-21T23:59:59+02:00,2477,2204,22570,21586,32227,29676,32875,32838,38604,39028,42401,42621,28001,31233,19999,25084,6228,10519,1712,1507,19818,18932,29837,27102,30952,30601,36588,36704,40401,40626,26974,30072,19364,24140,5993,10039,319956,299008,44871,43392,77657,71294,17620,70,48
2021-08-20T23:59:59+02:00,2439,2162,22483,21478,32150,29593,32813,32790,38553,38988,42359,42593,27994,31219,19995,25069,6227,10515,1665,1470,19644,18806,29710,26999,30876,30542,36525,36658,40355,40589,26959,30053,19355,24131,5992,10035,319371,298192,44847,43367,77654,71276,17481,70,48
2021-08-19T23:59:59+02:00,2349,2094,22322,21340,32013,29468,32722,32706,38449,38908,42289,42538,27968,31186,19988,25057,6222,10506,1609,1420,19385,18599,29497,26849,30755,30434,36404,36562,40253,40504,26931,30023,19344,24115,5988,10030,318431,296920,44826,43337,77654,71250,17147,70,48
2021-08-18T23:59:59+02:00,2339,2085,22296,21319,31991,29447,32700,32683,38421,38890,42276,42524,27953,31176,19982,25052,6222,10504,1586,1402,19331,18539,29457,26815,30729,30403,36375,36541,40229,40473,26914,30012,19339,24103,5983,10026,318173,296486,44826,43335,77654,71248,17140,70,48
2021-08-17T23:59:59+02:00,2322,2069,22271,21291,31975,29419,32675,32659,38407,38879,42251,42506,27947,31163,19976,25047,6222,10504,1573,1391,19288,18489,29425,26776,30686,30377,36350,36510,40203,40452,26897,30000,19336,24089,5981,10022,317928,296113,44826,43332,77654,71244,17108,70,48
2021-08-16T23:59:59+02:00,2283,2052,22204,21248,31935,29374,32651,32638,38383,38857,42219,42489,27938,31155,19974,25036,6222,10503,1549,1366,19079,18345,29277,26660,30610,30288,36303,36456,40165,40410,26877,29984,19329,24070,5975,10020,317578,295108,44826,43326,77651,71242,17039,70,48
2021-08-15T23:59:59+02:00,2256,2029,22150,21191,31887,29333,32627,32605,38355,38838,42197,42475,27932,31150,19968,25029,6221,10503,1527,1350,18959,18225,29120,26531,30530,30204,36236,36405,40110,40353,26859,29960,19319,24061,5972,10019,317241,294178,44817,43309,77650,71234,16971,70,48
2021-08-14T23:59:59+02:00,2250,2026,22124,21175,31875,29317,32623,32599,38347,38833,42191,42472,27931,31149,19967,25028,6221,10502,1497,1322,18846,18131,29058,26466,30491,30157,36211,36373,40089,40338,26852,29954,19316,24060,5971,10016,317152,293632,44814,43291,77650,71230,16947,70,48
2021-08-13T23:59:59+02:00,2233,2015,22078,21137,31839,29293,32586,32570,38332,38818,42181,42462,27929,31145,19964,25025,6220,10502,1422,1257,18590,17871,28881,26304,30375,30065,36159,36305,40044,40302,26836,29941,19311,24051,5968,10012,316917,292263,44809,43275,77648,71220,16888,70,48
2021-08-12T23:59:59+02:00,2196,1977,21989,21043,31770,29213,32528,32520,38285,38773,42140,42427,27913,31126,19957,25015,6218,10502,1329,1197,18288,17559,28631,26074,30231,29935,36064,36211,39966,40234,26801,29894,19291,24028,5966,10009,316334,290516,44798,43223,77645,71173,16748,70,48
2021-08-11T23:59:59+02:00,2194,1972,21969,21027,31752,29192,32513,32504,38277,38764,42129,42411,27904,31123,19954,25011,6217,10498,1321,1184,18233,17504,28595,26029,30183,29896,36044,36172,39930,40201,26789,29867,19284,24018,5966,10007,316154,290039,44798,43220,77645,71170,16747,70,47
2021-08-10T23:59:59+02:00,2185,1951,21942,20990,31714,29169,32497,32483,38250,38737,42111,42403,27898,31115,19952,25008,6216,10494,1287,1150,17721,17049,28420,25873,30089,29808,35875,36049,39881,40159,26768,29844,19278,24003,5962,10006,315905,288345,44794,43202,77643,70920,16708,68,47
2021-08-09T23:59:59+02:00,2161,1937,21892,20937,31655,29122,32461,32454,38224,38716,42097,42378,27887,31106,19951,24999,6215,10492,1244,1110,17249,16596,28285,25765,30033,29754,35828,36004,39848,40123,26759,29830,19273,23996,5962,10004,315522,286860,44788,43183,77643,70907,16666,68,47
2021-08-08T23:59:59+02:00,2144,1919,21838,20891,31610,29085,32427,32428,38200,38707,42075,42357,27880,31102,19945,24995,6215,10489,1179,1047,16903,16257,28175,25678,29974,29680,35780,35966,39824,40097,26748,29816,19264,23986,5960,9999,315201,285613,44787,43162,77642,70899,16612,68,47
2021-08-07T23:59:59+02:00,2100,1876,21702,20809,31527,29017,32353,32368,38143,38658,42042,42328,27871,31075,19940,24986,6213,10487,1033,921,16391,15804,27868,25388,29745,29493,35603,35808,39682,39985,26693,29753,19245,23957,5957,9995,314573,282958,44754,43040,77636,70809,16467,68,47
2021-08-06T23:59:59+02:00,2090,1866,21651,20770,31484,28984,32321,32349,38117,38637,42031,42312,27866,31066,19936,24986,6213,10487,914,813,15364,14825,26721,24488,29456,29260,35356,35608,39366,39745,26650,29706,19236,23947,5956,9992,314341,277958,44750,43019,77636,70006,16374,68,46
2021-08-05T23:59:59+02:00,2052,1837,21545,20683,31428,28907,32262,32289,38057,38586,41986,42274,27849,31046,19928,24973,6211,10484,815,707,14472,14078,25695,23707,28741,28744,34824,35173,39048,39500,26583,29626,19204,23913,5953,9982,313784,273059,44727,42967,77635,68507,16186,68,46
2021-08-04T23:59:59+02:00,2032,1818,21474,20632,31384,28840,32228,32247,38020,38562,41949,42245,27836,31031,19923,24960,6209,10480,737,661,14099,13736,25290,23399,28529,28517,34681,35048,38947,39406,26544,29581,19181,23890,5948,9977,313336,270608,44720,42937,77635,68466,16114,68,46
2021-08-03T23:59:59+02:00,2023,1802,21447,20605,31365,28827,32215,32237,38010,38548,41933,42232,27827,31025,19918,24953,6208,10478,717,647,14017,13644,25212,23323,28463,28462,34635,35000,38900,39374,26528,29559,19172,23881,5946,9971,313128,269921,44716,42933,77633,68440,16111,68,46
2021-08-02T23:59:59+02:00,2013,1781,21402,20568,31319,28805,32188,32206,37983,38532,41920,42217,27818,31013,19918,24945,6207,10474,686,617,13814,13433,24508,22770,28179,28238,34487,34889,38822,39310,26501,29527,19164,23877,5946,9969,312837,267499,44713,42919,77633,68212,16061,68,46
2021-08-01T23:59:59+02:00,1993,1764,21350,20520,31270,28764,32161,32187,37964,38513,41899,42200,27812,31006,19915,24937,6207,10474,648,589,13645,13274,24206,22513,27941,28021,34397,34779,38755,39238,26485,29507,19158,23871,5946,9967,312531,265798,44707,42907,77632,68188,16001,68,46
2021-07-31T23:59:59+02:00,1968,1734,21268,20443,31201,28725,32107,32147,37929,38484,41876,42179,27809,30997,19910,24933,6207,10474,376,359,12699,12250,23690,22072,27595,27664,34085,34483,38323,38894,26415,29422,19132,23826,5941,9961,312109,260763,44695,42871,77630,67616,15891,68,46
2021-07-30T23:59:59+02:00,1943,1714,21243,20421,31169,28707,32092,32126,37923,38477,41868,42170,27804,30994,19909,24933,6206,10474,368,352,12611,12177,23370,21780,27320,27453,33865,34318,38161,38759,26391,29404,19130,23818,5941,9959,311918,259347,44694,42862,77630,67057,15865,68,46
2021-07-29T23:59:59+02:00,1874,1645,21011,20183,31025,28558,31988,32013,37831,38387,41774,42110,27776,30969,19896,24914,6199,10465,302,292,11982,11641,22242,20940,26279,26614,32879,33623,37779,38468,26308,29303,19102,23771,5935,9950,310696,253729,44666,42772,77622,65295,15568,68,46
2021-07-28T23:59:59+02:00,1854,1630,20971,20132,31005,28528,31972,31992,37809,38368,41751,42089,27765,30957,19890,24904,6199,10463,258,241,11698,11338,21833,20557,25845,26186,32712,33466,37665,38377,26271,29252,19083,23748,5934,9945,310374,250795,44666,42771,77610,65234,15563,68,46
2021-07-27T23:59:59+02:00,1844,1624,20931,20089,30980,28495,31938,31976,37787,38336,41727,42076,27758,30950,19889,24899,6199,10460,219,218,11450,11122,21631,20366,25702,26064,32604,33363,37582,38295,26246,29215,19075,23739,5931,9941,310136,249309,44666,42767,77609,65161,15481,68,45
2021-07-26T23:59:59+02:00,1818,1588,20805,19957,30872,28393,31878,31912,37732,38267,41684,42045,27732,30932,19878,24885,6193,10457,184,190,11154,10797,21127,19922,25453,25855,32441,33213,37450,38207,26210,29181,19062,23715,5930,9933,309367,247013,44635,42653,77602,64955,15358,68,45
2021-07-25T23:59:59+02:00,1812,1580,20782,19944,30862,28383,31866,31898,37726,38260,41674,42037,27728,30929,19877,24883,6193,10456,172,177,11047,10690,20975,19816,25219,25660,32199,33002,37304,38071,26191,29167,19055,23708,5929,9930,309253,245740,44626,42638,77594,64538,15351,68,45
2021-07-24T23:59:59+02:00,1792,1565,20701,19869,30817,28342,31831,31862,37697,38231,41652,42025,27721,30923,19874,24881,6193,10456,166,172,10983,10635,20901,19753,25146,25598,32147,32971,37275,38050,26185,29162,19053,23706,5929,9930,308901,245372,44615,42614,77590,64471,15260,68,45
2021-07-23T23:59:59+02:00,1737,1530,20509,19723,30656,28227,31745,31788,37630,38179,41614,41984,27710,30906,19869,24875,6192,10451,154,161,10724,10427,20542,19450,24338,24951,31659,32639,36704,37593,26141,29120,19037,23688,5928,9928,308069,242487,44606,42566,77573,63076,15010,68,45
2021-07-22T23:59:59+02:00,1673,1473,20201,19451,30414,28048,31616,31675,37501,38073,41516,41901,27683,30882,19859,24851,6188,10450,117,134,10260,10050,19796,18938,23386,24278,30951,32049,35664,36830,26029,29022,19003,23656,5926,9924,306596,238872,44571,41902,77568,60541,14653,68,45
2021-07-21T23:59:59+02:00,1658,1465,20163,19399,30386,28018,31591,31651,37481,38048,41495,41877,27674,30874,19853,24845,6183,10446,99,113,9951,9717,19333,18485,22513,23509,30617,31715,35428,36632,25947,28925,18973,23603,5918,9914,306268,236119,44561,40214,77566,60370,14645,68,44
2021-07-20T23:59:59+02:00,1651,1459,20129,19372,30354,27992,31566,31631,37465,38030,41483,41865,27659,30859,19853,24838,6183,10443,88,102,9684,9438,19000,18216,22241,23225,30439,31558,35263,36487,25901,28877,18957,23567,5917,9910,306008,233719,44559,40206,77565,60268,14633,68,44
2021-07-19T23:59:59+02:00,1640,1451,20014,19286,30269,27920,31507,31574,37446,38011,41468,41846,27654,30848,19847,24831,6182,10440,81,96,9487,9240,18689,17940,21779,22802,30185,31327,35146,36383,25867,28838,18939,23551,5917,9907,305427,232089,44553,39264,77563,60153,14624,68,44
2021-07-18T23:59:59+02:00,1629,1445,19945,19217,30141,27823,31443,31507,37386,37959,41423,41794,27633,30817,19838,24816,6178,10437,75,88,9376,9124,18518,17789,21586,22613,30016,31126,35032,36283,25835,28814,18928,23533,5917,9901,304638,230827,44553,38960,77560,60110,14613,68,44
2021-07-17T23:59:59+02:00,1628,1441,19938,19214,30141,27822,31443,31503,37381,37957,41418,41792,27632,30816,19837,24816,6178,10437,75,84,9355,9109,18487,17767,21568,22600,30006,31119,35014,36279,25832,28812,18928,23532,5917,9901,304605,230676,44553,38957,77560,60099,14609,68,44
2021-07-16T23:59:59+02:00,1575,1396,19665,18974,30021,27727,31362,31433,37328,37895,41377,41760,27614,30798,19830,24807,6177,10431,74,82,9238,8994,18105,17466,21266,22326,29617,30763,34878,36173,25809,28788,18921,23520,5916,9899,303627,229401,44530,38236,77559,59768,14387,68,43
2021-07-15T23:59:59+02:00,1517,1352,19409,18727,29847,27577,31251,31334,37245,37812,41307,41693,27571,30769,19814,24794,6173,10428,65,70,8873,8690,17197,16646,19711,21100,28695,29841,34254,35589,25640,28607,18865,23470,5910,9887,302351,223283,44490,36775,77551,58847,14162,67,43
2021-07-14T23:59:59+02:00,1503,1339,19379,18691,29820,27551,31226,31302,37233,37798,41287,41686,27563,30762,19805,24787,6172,10425,57,65,8584,8394,16647,16042,19215,20580,28131,29340,33863,35216,25528,28477,18825,23403,5905,9876,302067,219113,44489,36416,77549,58418,14158,67,43
2021-07-13T23:59:59+02:00,1492,1328,19341,18666,29803,27526,31202,31286,37218,37771,41263,41658,27554,30748,19803,24782,6171,10419,39,59,8276,8134,16247,15694,18936,20301,27867,29089,33592,34957,25429,28355,18792,23361,5903,9871,301780,216408,44488,36379,77548,57923,14149,67,43
2021-07-12T23:59:59+02:00,1476,1318,19290,18648,29767,27495,31185,31265,37206,37754,41247,41643,27549,30743,19801,24776,6170,10419,38,54,8016,7921,15965,15413,18235,19749,27552,28766,33181,34595,25258,28158,18733,23287,5897,9866,301511,215112,44487,34448,77548,56941,14140,67,43
2021-07-11T23:59:59+02:00,1466,1310,19258,18617,29740,27462,31168,31234,37198,37733,41232,41631,27540,30734,19799,24776,6169,10418,36,53,7971,7875,15900,15342,18145,19695,27468,28703,33065,34532,25203,28113,18713,23265,5897,9863,301256,214534,44484,34437,77546,56692,14133,67,43
2021-07-10T23:59:59+02:00,1337,1194,18753,18199,29291,27159,30886,31002,36951,37571,41030,41481,27468,30675,19773,24744,6166,10415,35,53,7843,7805,15614,15204,17928,19544,27223,28559,32901,34417,25137,28067,18697,23252,5896,9863,299041,214110,44350,34314,77517,56450,13121,67,43
2021-07-09T23:59:59+02:00,1326,1188,18724,18168,29270,27142,30874,30989,36940,37559,41019,41472,27464,30671,19771,24740,6166,10414,32,51,7801,7760,15542,15137,17863,19450,27000,28330,32651,34204,25071,28003,18675,23225,5896,9860,298895,213824,44331,34310,77516,55285,13089,67,43
2021-07-08T23:59:59+02:00,1248,1106,18457,17954,29116,26987,30734,30868,36837,37457,40920,41394,27429,30636,19752,24721,6161,10408,27,47,7635,7624,15243,14890,17430,19088,26309,27726,32377,33936,24903,27845,18616,23162,5893,9852,297616,212684,44274,32890,77508,54265,12721,67,43
2021-07-07T23:59:59+02:00,1149,1014,18145,17631,28916,26802,30602,30743,36725,37335,40812,41307,27394,30587,19738,24704,6158,10405,24,39,7439,7414,14801,14524,16964,18643,25555,27113,31968,33555,24634,27519,18522,23069,5884,9843,296036,209765,44223,32051,77498,53307,12344,67,43
2021-07-06T23:59:59+02:00,1126,997,18068,17563,28869,26751,30552,30695,36688,37300,40777,41276,27377,30561,19727,24690,6156,10402,17,33,7220,7184,14453,14162,16612,18295,24801,26465,31664,33290,24445,27302,18474,22997,5877,9836,295454,207690,44220,30646,77495,52408,12340,67,43
2021-07-05T23:59:59+02:00,1084,969,17992,17501,28824,26690,30511,30661,36663,37254,40749,41250,27371,30547,19721,24684,6156,10397,7,20,6991,6997,14146,13891,16255,17932,24238,25954,31089,32723,24164,27005,18366,22857,5869,9824,294964,206187,44218,28540,77490,51272,12286,67,43
2021-07-04T23:59:59+02:00,1062,953,17920,17451,28786,26667,30487,30632,36654,37245,40734,41238,27365,30536,19716,24681,6156,10396,7,20,6966,6978,14093,13838,16179,17871,24153,25897,30935,32629,24070,26915,18334,22816,5867,9820,294646,205790,44218,28530,77479,50755,12270,67,43
2021-07-03T23:59:59+02:00,648,582,16186,15733,27637,25746,29691,29912,36013,36635,40235,40810,27208,30369,19651,24593,6147,10379,7,20,6579,6738,13590,13541,15782,17568,23794,25622,30629,32436,23972,26819,18302,22776,5863,9816,287128,205490,44179,28453,77397,50463,9405,67,43
2021-07-02T23:59:59+02:00,609,543,16055,15588,27479,25597,29609,29853,35982,36606,40217,40797,27202,30360,19648,24590,6147,10379,7,20,6533,6665,13516,13445,15695,17437,23650,25436,30475,32271,23779,26608,18213,22698,5861,9813,286222,204808,44179,28294,77396,49579,9398,67,43
2021-07-01T23:59:59+02:00,551,495,15875,15435,27266,25443,29532,29774,35927,36554,40152,40751,27181,30342,19637,24577,6145,10375,7,19,6387,6531,13165,13170,15165,16994,22378,24443,29713,31586,23498,26318,18094,22562,5854,9797,285034,201251,44175,26615,77383,48420,9354,67,41
2021-06-30T23:59:59+02:00,521,475,15770,15327,27156,25355,29464,29700,35870,36501,40109,40716,27166,30311,19626,24560,6141,10375,6,17,6192,6350,12729,12781,14595,16444,21752,23843,29118,31054,23080,25851,17963,22378,5847,9785,284204,196977,44172,26590,77376,46852,9325,67,41
2021-06-29T23:59:59+02:00,465,423,15023,14658,26893,25135,29365,29600,35790,36418,40041,40667,27147,30286,19617,24547,6141,10373,6,15,6079,6222,12468,12517,14199,16048,20961,23217,28534,30501,22633,25326,17809,22203,5839,9775,281711,193822,44168,26081,77367,45131,9277,67,41
2021-06-28T23:59:59+02:00,429,392,14397,14021,26730,25031,29292,29534,35730,36351,39998,40632,27129,30266,19609,24536,6141,10369,5,15,6013,6125,12292,12378,14012,15871,20335,22665,28132,30125,22296,24969,17680,22040,5834,9770,279772,192139,44165,25418,77362,43737,9222,67,41
2021-06-27T23:59:59+02:00,352,325,14051,13651,26667,24973,29253,29496,35707,36329,39980,40617,27118,30259,19606,24532,6140,10368,5,15,5974,6081,12176,12262,13866,15741,19779,22187,27521,29624,22018,24630,17559,21916,5830,9769,278660,191298,44159,23888,77352,42539,9187,67,41
2021-06-26T23:59:59+02:00,351,324,14040,13638,26651,24962,29248,29489,35700,36328,39977,40616,27117,30258,19606,24532,6140,10368,5,15,5969,6079,12166,12260,13860,15738,19766,22175,27476,29589,21871,24500,17519,21858,5829,9767,278585,191276,44156,23884,77352,42055,9186,67,41
2021-06-25T23:59:59+02:00,227,211,12782,12421,25197,23811,28950,29256,35593,36243,39909,40554,27093,30230,19595,24520,6138,10366,5,15,5925,6034,12067,12179,13717,15617,19456,21935,27089,29230,21547,24103,17339,21661,5826,9758,272367,190046,44151,23599,77332,40637,9180,67,41
2021-06-24T23:59:59+02:00,162,157,11807,11589,24078,22929,28585,28905,35443,36077,39794,40449,27054,30181,19584,24496,6136,10362,5,14,5708,5806,11609,11763,13136,15020,17916,20534,25433,27633,20772,23242,17020,21254,5815,9748,267119,185054,44130,19970,77328,38218,9145,67,41
2021-06-23T23:59:59+02:00,126,131,11442,11267,23584,22555,28336,28661,35268,35950,39705,40361,27023,30154,19575,24458,6134,10350,5,14,5632,5694,11395,11548,12835,14671,17522,20124,24681,26862,19977,22489,16826,21001,5807,9732,264504,182696,44120,19351,77323,35660,9067,67,41
2021-06-22T23:59:59+02:00,105,118,11262,11057,23424,22416,28256,28587,35194,35890,39658,40316,27008,30130,19567,24449,6134,10349,4,12,5523,5574,11125,11283,12469,14299,16918,19521,23948,26092,19598,22063,16663,20822,5800,9715,263367,179649,44116,18471,77321,34218,9050,67,41
2021-06-21T23:59:59+02:00,93,106,11011,10873,22592,21748,28003,28358,35126,35829,39594,40273,26991,30112,19561,24440,6134,10348,4,11,5405,5474,10904,11062,12162,13976,16525,19175,23496,25622,19305,21743,16558,20701,5794,9713,260778,178172,44107,17453,77315,33038,8926,67,41
2021-06-20T23:59:59+02:00,87,105,10945,10781,22340,21533,27745,28158,35047,35751,39549,40228,26980,30096,19559,24435,6132,10345,4,10,5364,5423,10817,10955,12064,13873,16329,18989,23225,25381,19203,21636,16505,20643,5788,9709,259487,177855,44104,16388,77310,32786,8848,67,41
2021-06-19T23:59:59+02:00,86,101,10922,10758,22308,21510,27727,28145,35035,35746,39540,40224,26979,30095,19559,24433,6132,10345,4,10,5332,5392,10734,10861,11971,13750,16181,18838,22916,25018,19115,21549,16492,20630,5787,9709,259337,177743,44083,14884,77310,32773,8848,67,41
2021-06-18T23:59:59+02:00,83,99,10874,10707,21998,21184,27470,27926,34980,35709,39506,40201,26970,30086,19558,24430,6132,10343,4,10,5316,5383,10705,10830,11931,13702,16118,18775,22830,24921,18948,21367,16447,20565,5786,9704,257954,177346,44079,14883,77309,32225,8847,67,41
2021-06-17T23:59:59+02:00,74,91,10297,10278,20722,20222,26609,27188,34607,35382,39246,40011,26906,30004,19537,24393,6125,10338,4,10,5120,5243,10324,10577,11484,13301,15439,18162,21460,23597,18489,20873,16282,20392,5782,9690,252166,172028,44059,14307,77296,31411,8442,67,41
2021-06-16T23:59:59+02:00,66,79,9964,9967,20038,19591,25974,26587,34354,35178,39084,39862,26861,29951,19513,24368,6124,10334,3,8,4978,5095,9934,10241,11024,12848,14732,17471,20608,22656,18082,20426,16112,20178,5772,9678,248326,168223,44043,13037,77282,30369,8177,67,40
2021-06-15T23:59:59+02:00,51,73,9719,9723,19740,19344,25747,26389,34221,35069,38988,39781,26829,29915,19506,24353,6119,10330,3,8,4872,4979,9697,10026,10789,12588,14307,17043,20006,22076,17754,20031,15888,19946,5763,9666,246544,166119,44032,11944,77273,29359,7981,67,39
2021-06-14T23:59:59+02:00,47,68,9587,9596,19446,19083,25568,26245,34102,34988,38925,39741,26810,29895,19500,24342,6119,10327,3,8,4791,4915,9510,9886,10611,12452,14045,16825,19687,21781,17588,19871,15784,19811,5762,9662,245341,164647,44030,11942,77269,28682,7682,67,39
2021-06-13T23:59:59+02:00,46,64,9426,9468,19157,18901,25213,25993,33905,34820,38817,39674,26794,29883,19489,24334,6119,10323,2,8,4705,4846,9301,9713,10440,12276,13723,16477,19338,21448,17459,19722,15736,19747,5760,9660,243697,163779,44029,11941,77264,27233,7369,67,39
2021-06-12T23:59:59+02:00,46,64,9417,9450,19146,18888,25213,25988,33905,34817,38814,39673,26794,29883,19489,24334,6119,10323,2,8,4702,4832,9290,9651,10407,12173,13674,16322,19283,21312,17350,19596,15619,19645,5758,9658,243650,163750,44029,11938,77259,26197,7358,67,39
2021-06-11T23:59:59+02:00,41,60,9256,9270,18911,18677,24410,25313,33727,34659,38678,39560,26760,29849,19478,24309,6119,10318,2,8,4622,4721,9069,9392,10146,11874,13151,15767,18304,20409,17166,19398,15579,19600,5755,9655,240719,159705,44027,11937,77254,25609,7328,67,39
2021-06-10T23:59:59+02:00,39,56,8861,8942,18264,18184,23567,24642,33408,34379,38475,39394,26704,29796,19454,24280,6116,10311,2,8,4447,4544,8492,8898,9335,11150,12001,14659,16294,18489,16272,18426,15293,19232,5746,9633,237112,149981,43375,11903,77228,23906,7092,65,39
2021-06-09T23:59:59+02:00,22,38,8408,8438,17435,17459,22418,23598,32921,33911,38187,39173,26597,29691,19406,24221,6106,10298,2,7,4310,4426,8202,8635,9088,10895,11662,14289,15807,17939,15896,17993,15050,18946,5739,9623,233109,148134,41484,11862,77188,21979,6496,50,38
2021-06-08T23:59:59+02:00,13,26,8091,8119,16965,17046,21997,23231,32675,33715,38025,39043,26553,29650,19396,24199,6103,10293,0,7,4192,4346,7947,8382,8781,10550,11298,13942,15163,17233,15432,17469,14788,18667,5734,9605,230383,146415,41451,10745,77179,20261,6077,50,38
2021-06-07T23:59:59+02:00,10,22,7893,7888,16605,16723,21457,22770,32393,33446,37908,38925,26524,29602,19377,24169,6098,10292,0,7,4115,4266,7764,8239,8621,10404,11125,13771,14845,16904,15230,17211,14613,18473,5730,9600,228753,145322,40479,10652,77161,19247,5659,50,38
2021-06-06T23:59:59+02:00,8,19,7785,7780,16471,16577,21262,22564,32166,33219,37772,38820,26497,29577,19364,24152,6098,10286,0,7,4086,4229,7716,8119,8566,10273,11016,13624,14647,16683,15044,17031,14524,18352,5723,9594,227519,144830,40180,10638,77143,18203,5525,50,38
2021-06-05T23:59:59+02:00,8,19,7763,7767,16445,16552,21254,22560,32155,33212,37770,38819,26496,29577,19363,24151,6098,10286,0,7,4075,4188,7701,8052,8552,10140,11001,13452,14628,16577,15009,16976,14515,18342,5723,9593,227412,144741,40180,10638,77142,17603,5511,50,38
2021-06-04T23:59:59+02:00,8,17,7652,7665,16166,16315,20980,22311,31733,32837,37655,38696,26463,29538,19352,24138,6096,10284,0,7,4068,4178,7672,8028,8524,10109,10934,13379,14523,16442,14927,16883,14478,18298,5723,9591,225816,144400,39407,10307,77124,17510,5509,50,38
2021-06-03T23:59:59+02:00,6,17,7399,7433,15288,15522,19345,20923,30819,31911,37149,38233,26330,29403,19307,24086,6090,10266,0,7,4008,4139,7583,7956,8400,10011,10761,13195,13951,15868,14660,16566,14391,18190,5720,9578,219188,142167,37819,10186,77113,17236,5357,50,38
2021-06-02T23:59:59+02:00,6,17,7265,7289,14911,15097,18913,20518,30352,31454,36921,37970,26267,29338,19287,24057,6087,10264,0,7,3980,4109,7521,7871,8311,9915,10619,13064,13503,15434,14535,16383,14361,18152,5717,9573,216110,140370,37388,10092,77112,17202,5353,50,38
2021-06-01T23:59:59+02:00,6,14,6989,7048,14516,14789,18569,20198,30024,31140,36696,37737,26211,29259,19263,24029,6085,10253,0,7,3879,4026,7278,7695,8074,9720,10354,12788,13094,15008,14099,15928,14244,17995,5710,9565,213367,138219,37343,9838,77091,16394,4975,50,38
2021-05-31T23:59:59+02:00,6,14,6829,6859,14291,14554,17867,19597,29680,30797,36404,37475,26116,29159,19236,23976,6075,10241,0,7,3803,3918,7066,7442,7850,9436,10009,12401,12654,14486,13568,15312,14043,17764,5701,9549,211919,135022,35308,9514,77076,15612,4823,50,38
2021-05-30T23:59:59+02:00,6,14,6806,6843,14244,14512,17790,19539,29631,30757,36374,37449,26104,29147,19233,23969,6074,10239,0,7,3759,3846,6907,7228,7702,9197,9799,12078,12397,14133,13446,15140,13976,17681,5698,9542,211619,134283,35295,9410,77020,14059,4747,50,37
2021-05-29T23:59:59+02:00,6,14,6805,6842,14234,14505,17786,19533,29626,30752,36371,37448,26102,29144,19233,23968,6074,10239,0,7,3748,3834,6876,7194,7668,9146,9763,12030,12323,14034,13403,15071,13945,17656,5697,9537,211587,134140,35295,9409,77005,13601,4745,50,37
2021-05-28T23:59:59+02:00,6,14,6795,6829,14216,14492,17770,19511,29612,30739,36360,37428,26099,29140,19231,23964,6074,10239,0,6,3734,3810,6855,7153,7633,9091,9708,11925,12078,13765,13213,14879,13915,17615,5694,9534,211433,132841,35294,9408,77002,13582,4740,50,37
2021-05-27T23:59:59+02:00,6,14,6704,6747,13945,14275,17285,19162,28932,30196,36199,37296,26051,29106,19216,23948,6073,10233,0,6,3611,3647,6566,6901,7258,8780,9209,11365,11366,12863,12655,14305,13783,17421,5686,9522,210343,129300,33850,9069,76961,12354,4184,50,37
2021-05-26T23:59:59+02:00,6,14,6633,6641,13732,14073,17030,18851,28389,29682,36023,37121,26011,29057,19199,23919,6072,10226,0,6,3520,3504,6343,6614,6969,8352,8865,10884,10713,12060,12089,13687,13636,17202,5681,9500,208731,125667,33097,8884,76944,11182,3858,49,34
2021-05-25T23:59:59+02:00,6,14,6551,6544,13522,13853,16767,18638,27665,29034,35929,37023,25987,29026,19187,23903,6067,10225,0,6,3472,3409,6200,6446,6822,8161,8638,10592,10365,11693,11742,13207,13528,17039,5678,9492,208003,123810,31643,8746,76461,10114,3786,48,34
2021-05-24T23:59:59+02:00,6,14,6482,6448,13345,13653,16542,18358,27248,28605,35583,36622,25930,28958,19168,23879,6066,10223,0,6,3459,3388,6139,6363,6774,8076,8577,10496,10293,11594,11566,12973,13479,16947,5669,9471,207473,123172,29409,8695,76454,9623,3746,48,34
2021-05-23T23:59:59+02:00,6,14,6480,6447,13339,13644,16539,18348,27229,28595,35553,36588,25927,28952,19168,23873,6066,10223,0,3,3454,3384,6133,6352,6763,8069,8548,10465,10254,11535,11481,12870,13458,16913,5669,9470,207357,123157,29393,8276,76453,9614,3740,48,34
2021-05-22T23:59:59+02:00,6,14,6473,6444,13331,13632,16533,18343,27225,28593,35550,36582,25927,28952,19168,23873,6066,10223,0,3,3452,3384,6128,6349,6761,8065,8544,10463,10249,11532,11470,12856,13453,16909,5668,9470,207303,123116,29393,8276,76451,9590,3740,48,34
2021-05-21T23:59:59+02:00,6,14,6408,6387,13177,13528,16360,18193,26957,28414,35119,36316,25901,28915,19160,23867,6065,10219,0,3,3443,3374,6094,6326,6730,8031,8503,10414,10194,11482,10950,12141,13312,16749,5665,9465,206614,121348,29268,8273,75408,9553,3668,48,34
2021-05-20T23:59:59+02:00,5,13,6115,6187,12562,13112,15167,17271,25044,26912,34165,35548,25794,28768,19105,23785,6059,10203,0,3,3384,3328,5997,6211,6614,7873,8352,10249,9951,11172,10605,11681,13198,16564,5655,9451,201835,119321,27523,8191,72871,9203,3539,47,34
2021-05-19T23:59:59+02:00,5,13,5905,5945,12047,12650,14460,16565,24095,26094,33537,34943,25678,28676,19070,23727,6051,10191,0,3,3307,3253,5839,6037,6422,7628,8076,9966,9642,10788,10289,11264,13119,16417,5653,9443,196118,117386,27481,7991,72853,8582,3154,46,33
2021-05-18T23:59:59+02:00,5,12,5734,5833,11646,12331,13839,16064,22942,25143,32869,34337,25561,28541,19022,23675,6046,10181,0,3,3265,3221,5722,5925,6256,7468,7869,9750,9441,10547,10111,11011,12971,16192,5643,9434,191165,116208,26969,7921,72809,7875,2792,46,33
2021-05-17T23:59:59+02:00,5,11,5681,5790,11484,12225,13564,15843,22123,24506,32557,34022,25484,28481,19000,23645,6037,10171,0,3,3148,3147,5534,5741,6081,7252,7661,9523,9215,10302,10017,10883,12911,16128,5640,9429,189393,115437,26268,7913,72413,6723,2509,46,33
2021-05-16T23:59:59+02:00,5,11,5652,5770,11419,12168,13478,15763,21507,23957,31944,33494,25444,28436,18990,23630,6036,10171,0,3,3142,3125,5521,5672,6052,7191,7633,9423,9184,10217,10000,10861,12908,16124,5640,9429,188623,115323,24723,7905,71988,6372,2495,46,30
2021-05-15T23:59:59+02:00,5,11,5643,5761,11386,12159,13449,15754,21432,23886,31404,33118,25433,28431,18989,23627,6035,10170,0,3,3129,3110,5500,5629,6038,7116,7589,9306,8945,9962,9967,10830,12874,16073,5640,9428,188573,115317,24709,7767,71341,6003,2024,46,28
2021-05-14T23:59:59+02:00,5,11,5603,5735,11322,12120,13375,15689,21021,23572,30970,32770,25398,28385,18977,23611,6035,10168,0,3,3096,3070,5462,5541,6016,6979,7548,9102,8883,9767,9891,10720,12788,15944,5640,9425,187844,115142,24388,7431,70467,5252,2022,46,28
2021-05-13T23:59:59+02:00,5,10,5446,5579,10941,11824,12660,15102,18833,21826,29424,31300,25170,28142,18910,23540,6033,10165,0,3,3085,3035,5440,5502,6000,6922,7522,9032,8839,9705,9671,10475,12584,15636,5635,9414,183881,114779,20598,6599,68378,5087,2007,46,28
2021-05-12T23:59:59+02:00,3,10,5416,5552,10872,11765,12559,15014,18710,21702,29059,30935,25076,28044,18893,23511,6032,10160,0,3,3084,3027,5433,5496,5990,6908,7497,9017,8799,9650,9482,10241,12350,15312,5632,9407,182925,114487,19961,5727,68375,5081,2006,46,27
2021-05-11T23:59:59+02:00,3,10,5277,5446,10620,11510,12191,14646,18096,21056,28125,29961,24884,27854,18834,23436,6027,10146,0,3,3041,2986,5344,5339,5891,6721,7365,8770,8632,9427,9300,10042,12198,15121,5623,9386,178825,113415,19061,5618,68244,4183,1946,46,27
2021-05-10T23:59:59+02:00,3,9,5152,5371,10404,11317,11931,14390,17766,20721,27701,29552,24776,27747,18796,23390,6019,10142,0,3,2971,2932,5225,5223,5777,6617,7241,8629,8503,9320,9196,9917,12108,14992,5620,9377,176813,112881,18376,5606,68014,3199,1938,46,27
2021-05-09T23:59:59+02:00,3,9,5076,5326,10308,11197,11830,14271,17423,20435,27310,29175,24688,27660,18767,23354,6016,10139,0,3,2903,2900,5079,5182,5600,6574,7073,8600,8374,9284,9183,9907,12090,14971,5620,9377,176418,112801,17092,5597,67509,2373,1922,46,27
2021-05-08T23:59:59+02:00,3,9,5074,5325,10306,11191,11830,14270,17419,20433,27307,29172,24688,27660,18766,23354,6016,10139,0,3,2902,2899,5077,5182,5600,6574,7073,8600,8371,9283,9182,9906,12089,14971,5620,9377,176399,112798,17090,5596,67506,2367,1921,46,27
2021-05-07T23:59:59+02:00,3,9,5040,5299,10238,11139,11700,14146,17017,20158,26668,28614,24639,27609,18749,23322,6010,10109,0,3,2890,2892,5062,5172,5589,6558,7061,8589,8363,9272,9176,9898,12078,14951,5613,9349,175560,112783,17087,5590,65982,2322,1794,46,27
2021-05-06T23:59:59+02:00,2,9,4770,5140,9776,10796,11133,13628,15929,19134,24252,26316,24137,27076,18644,23220,6005,10095,0,3,2847,2844,4995,5095,5548,6466,6978,8470,8233,9119,9075,9783,12054,14900,5610,9346,170515,112241,14630,5534,63089,1780,1784,44,27
2021-05-05T23:59:59+02:00,2,9,4691,5057,9482,10568,10790,13302,15347,18534,23407,25348,23877,26749,18575,23115,5995,10077,0,2,2828,2807,4947,5010,5489,6344,6895,8303,8108,8902,8967,9650,11976,14813,5609,9337,166847,111289,13313,5528,62939,1360,1783,43,27
2021-05-04T23:59:59+02:00,2,9,4605,4965,9309,10370,10579,13059,14956,18137,22857,24780,23664,26474,18501,23033,5987,10063,0,2,2820,2772,4917,4935,5457,6221,6842,8160,8012,8747,8863,9537,11901,14754,5607,9334,164582,110782,12186,5516,62774,791,1765,43,27
2021-05-03T23:59:59+02:00,2,9,4534,4889,9119,10232,10403,12883,14673,17892,22441,24365,23524,26323,18474,22986,5987,10057,0,2,2747,2701,4835,4862,5381,6135,6747,8056,7828,8582,8775,9449,11860,14702,5604,9329,163066,110552,12185,5512,62676,681,823,43,27
2021-05-02T23:59:59+02:00,2,9,4521,4874,9043,10174,10279,12773,14344,17587,22138,24077,23474,26264,18455,22961,5986,10056,0,2,2741,2694,4777,4828,5293,6052,6607,7928,7709,8479,8729,9407,11836,14668,5602,9324,162178,110432,12182,5510,62571,664,43,43,27
2021-05-01T23:59:59+02:00,2,9,4521,4871,9041,10172,10278,12772,14340,17582,22136,24077,23473,26263,18455,22961,5986,10056,0,2,2741,2694,4777,4828,5293,6052,6605,7928,7709,8479,8729,9407,11836,14668,5602,9324,162157,110431,12181,5509,62571,664,43,43,27
2021-04-30T23:59:59+02:00,1,9,4447,4784,8803,9957,10015,12530,13858,17155,21293,23302,23349,26126,18439,22929,5983,10053,0,2,2737,2692,4766,4820,5283,6018,6594,7897,7676,8439,8725,9404,11835,14664,5600,9323,158558,110401,12180,5507,62243,531,9,43,27
2021-04-29T23:59:59+02:00,1,9,4300,4639,8322,9546,9314,11927,12854,16250,19438,21614,22638,25359,18300,22718,5977,10036,0,2,2713,2672,4722,4747,5238,5943,6528,7790,7594,8323,8611,9289,11767,14587,5593,9314,149336,109893,12164,5233,61691,271,9,42,27
2021-04-28T23:59:59+02:00,1,9,4269,4619,8249,9475,9238,11839,12735,16129,19220,21400,22549,25266,18273,22677,5975,10031,0,2,2710,2660,4697,4686,5210,5899,6498,7716,7546,8241,8594,9264,11750,14564,5591,9308,148945,109699,12076,5159,60883,44,8,42,26
2021-04-27T23:59:59+02:00,1,9,4231,4574,8111,9339,9123,11688,12588,15960,18770,20904,22316,25009,18208,22599,5972,10022,0,2,2707,2655,4694,4681,5200,5891,6485,7697,7511,8203,8531,9184,11668,14482,5587,9304,148214,109436,11001,4982,60159,36,8,42,20
2021-04-26T23:59:59+02:00,1,9,4189,4547,8004,9243,8976,11582,12416,15786,18357,20538,22182,24860,18171,22567,5971,10020,0,2,2707,2653,4690,4677,5195,5883,6472,7677,7478,8174,8483,9136,11612,14403,5583,9287,147433,109331,10866,4724,59071,31,7,42,19
2021-04-25T23:59:59+02:00,1,9,4175,4532,7966,9212,8912,11519,12280,15656,18012,20203,21982,24623,18131,22512,5967,10015,0,2,2707,2653,4689,4675,5192,5879,6467,7674,7476,8170,8428,9077,11589,14375,5583,9285,146047,109308,10854,4557,58757,30,7,42,19
2021-04-24T23:59:59+02:00,1,9,4167,4523,7950,9207,8897,11507,12230,15624,17954,20164,21967,24610,18129,22507,5967,10015,0,2,2706,2653,4689,4675,5192,5879,6467,7674,7476,8170,8428,9076,11589,14375,5583,9285,145945,109308,10853,4557,58583,29,7,40,18
2021-04-23T23:59:59+02:00,1,9,4147,4493,7892,9144,8811,11405,11891,15299,17519,19765,21751,24377,18065,22430,5965,10007,0,2,2703,2651,4685,4672,5185,5871,6452,7663,7452,8139,8407,9049,11580,14366,5581,9282,144677,109292,10507,4396,57741,28,6,40,18
2021-04-22T23:59:59+02:00,1,9,4099,4429,7761,8956,8626,11144,11565,14882,16604,18776,21177,23665,17929,22250,5955,9989,0,2,2695,2644,4680,4651,5162,5844,6408,7625,7376,8090,8273,8888,11432,14214,5576,9273,140944,108672,10375,4116,56453,21,6,39,18
2021-04-21T23:59:59+02:00,1,9,4058,4385,7661,8836,8468,10982,11267,14599,15866,18019,20796,23217,17854,22145,5950,9976,0,2,2686,2632,4662,4630,5145,5823,6396,7607,7347,8066,8223,8824,11391,14174,5574,9271,138012,108381,10244,4030,55790,19,6,37,17
2021-04-20T23:59:59+02:00,1,9,4033,4360,7626,8781,8390,10901,11102,14424,15431,17542,20328,22699,17749,21992,5941,9964,0,2,2677,2621,4652,4618,5120,5803,6368,7582,7306,8026,8127,8692,11313,14087,5570,9267,135847,107800,9978,3990,55405,18,6,37,17
2021-04-19T23:59:59+02:00,1,9,4003,4312,7562,8675,8297,10762,10944,14240,15178,17247,19845,22133,17582,21775,5930,9952,0,2,2672,2619,4647,4614,5106,5788,6349,7565,7279,7981,8073,8639,11286,14040,5568,9263,133774,107464,9624,3986,55008,18,6,35,17
2021-04-18T23:59:59+02:00,1,6,3983,4283,7501,8623,8192,10635,10684,13997,14685,16709,19412,21621,17459,21590,5926,9945,0,2,2671,2618,4647,4614,5106,5788,6348,7562,7276,7980,8069,8636,11283,14036,5567,9260,131346,107439,9552,3984,54313,17,6,35,17
2021-04-17T23:59:59+02:00,1,6,3980,4275,7480,8616,8181,10616,10641,13951,14573,16621,19292,21498,17437,21562,5925,9943,0,2,2671,2618,4646,4612,5099,5783,6334,7557,7251,7957,8022,8590,11264,14013,5565,9260,130904,107426,9542,3778,54111,17,6,35,17
2021-04-16T23:59:59+02:00,1,6,3969,4231,7409,8493,8078,10461,10447,13689,13903,15859,18725,20854,17312,21387,5914,9925,0,2,2668,2615,4641,4605,5094,5770,6316,7546,7213,7922,7712,8196,11170,13872,5558,9242,128058,106619,9481,3485,53084,16,5,35,17
2021-04-15T23:59:59+02:00,1,5,3925,4179,7295,8360,7899,10225,10111,13298,13174,14998,17911,19988,17070,21063,5899,9905,0,2,2667,2606,4629,4587,5080,5737,6282,7510,7141,7848,7149,7529,11040,13709,5554,9232,124399,104937,9320,3330,51548,14,4,35,17
2021-04-14T23:59:59+02:00,1,4,3899,4148,7230,8256,7792,10072,9931,13096,12755,14550,17383,19374,16918,20853,5893,9891,0,2,2633,2587,4611,4554,5052,5690,6247,7477,7083,7788,6498,6757,10773,13409,5550,9224,123005,102574,9079,3328,49926,12,4,32,17
2021-04-13T23:59:59+02:00,1,4,3895,4142,7192,8239,7735,10037,9823,13041,12383,14257,16692,18520,16680,20549,5889,9885,0,2,2607,2558,4591,4528,5024,5655,6188,7407,6993,7684,6284,6500,10179,12719,5541,9203,122295,100313,8858,3317,47775,12,4,32,17
2021-04-12T23:59:59+02:00,1,4,3882,4124,7137,8192,7677,9966,9713,12940,12134,14040,16248,18002,16492,20335,5884,9882,0,2,2578,2547,4524,4484,4918,5584,6070,7330,6875,7584,5537,5675,9726,12180,5501,9161,121955,96935,8821,3308,45842,12,4,31,17
2021-04-11T23:59:59+02:00,1,4,3867,4116,7095,8140,7617,9922,9621,12861,11897,13831,15677,17310,16214,19993,5879,9872,0,2,2502,2469,4395,4363,4768,5451,5908,7179,6725,7479,5234,5313,9594,12018,5501,9157,121357,94769,8386,3257,44139,11,4,31,17
2021-04-10T23:59:59+02:00,1,4,3849,4096,7055,8091,7574,9865,9559,12802,11806,13746,15460,17117,16165,19923,5878,9865,0,2,1941,1906,3582,3644,3899,4685,4903,6257,5868,6686,4960,5007,9465,11866,5494,9148,120889,86024,8386,3257,43546,11,4,31,17
2021-04-09T23:59:59+02:00,1,4,3828,4076,7017,8060,7513,9807,9409,12670,11476,13463,14275,15583,15719,19391,5865,9853,0,2,1084,1089,2227,2447,2387,3316,3117,4612,4235,5217,4264,4265,9212,11502,5469,9118,118983,70278,8383,3254,40610,11,3,31,17
2021-04-08T23:59:59+02:00,1,4,3802,4060,6955,8002,7409,9711,9221,12552,11069,13112,13137,14319,15298,18858,5843,9817,0,2,587,600,1306,1741,1482,2390,2015,3521,2856,3826,3014,2859,8388,10494,5311,8882,117710,55996,8298,3250,37130,10,1,31,17
2021-04-07T23:59:59+02:00,1,4,3755,4034,6876,7943,7317,9640,9093,12422,10756,12802,12405,13548,15079,18593,5837,9795,0,2,357,384,954,1396,1075,2004,1506,3058,1904,2821,1825,1565,7478,9341,5156,8623,116740,46172,8142,3250,34988,9,1,29,17
2021-04-06T23:59:59+02:00,1,4,3739,4022,6854,7904,7261,9574,9000,12343,10544,12583,12019,13050,14855,18299,5826,9782,0,2,350,371,944,1385,1061,1982,1478,3031,1845,2762,1746,1496,7059,8781,5004,8382,115463,44405,8043,3248,34127,8,1,26,17
2021-04-05T23:59:59+02:00,1,4,3733,4021,6843,7890,7247,9563,8981,12315,10480,12523,11907,12902,14756,18206,5824,9779,0,2,348,364,934,1381,1055,1973,1468,3010,1823,2728,1692,1443,6826,8470,4879,8197,115121,43321,8021,3246,33807,8,1,25,17
2021-04-04T23:59:59+02:00,1,4,3733,4021,6841,7884,7246,9562,8978,12315,10470,12518,11903,12898,14753,18205,5824,9779,0,2,348,363,932,1380,1054,1971,1467,3009,1821,2725,1689,1438,6819,8456,4874,8194,115115,43272,8020,3244,33774,8,1,25,17
2021-04-03T23:59:59+02:00,1,4,3733,4021,6841,7883,7245,9562,8978,12314,10469,12518,11903,12897,14751,18202,5824,9779,0,2,348,362,930,1376,1052,1970,1466,3004,1819,2725,1683,1426,6776,8374,4839,8158,115110,43041,8020,3244,33769,7,1,25,17
2021-04-02T23:59:59+02:00,1,4,3731,4019,6837,7879,7238,9556,8965,12305,10453,12502,11776,12781,14707,18144,5821,9770,0,2,346,360,928,1370,1046,1958,1451,2979,1778,2686,1587,1340,6007,7472,4396,7586,114978,40348,8014,2919,33471,7,1,25,17
2021-04-01T23:59:59+02:00,1,3,3692,4007,6802,7857,7196,9524,8913,12266,10379,12431,11425,12373,14326,17623,5815,9752,0,2,341,357,911,1356,1034,1937,1419,2934,1718,2618,1461,1241,5058,6345,3826,6743,114576,36362,6592,2914,33191,7,1,25,17
2021-03-31T23:59:59+02:00,0,3,3686,4001,6788,7838,7178,9506,8878,12233,10289,12359,11090,11962,13975,17124,5809,9730,0,2,338,353,903,1345,1023,1920,1399,2906,1668,2581,1393,1188,4465,5655,3463,6265,113990,34002,5582,2840,32851,7,1,25,17
2021-03-30T23:59:59+02:00,0,3,3668,3974,6752,7799,7121,9439,8788,12130,10127,12202,10831,11685,13756,16858,5802,9716,0,2,334,346,897,1334,1015,1914,1375,2899,1640,2555,1366,1162,4345,5531,3401,6170,113174,33621,5329,2640,32124,7,1,23,17
2021-03-29T23:59:59+02:00,0,3,3658,3952,6726,7777,7081,9385,8692,12035,9944,11992,10391,11214,13382,16389,5786,9683,0,2,328,343,893,1323,1009,1905,1366,2888,1626,2546,1343,1147,4210,5387,3303,6037,111491,32999,5023,2633,31552,6,1,23,17
2021-03-28T23:59:59+02:00,0,3,3617,3895,6611,7619,6964,9241,8566,11843,9791,11800,10181,10952,13205,16207,5782,9674,0,2,328,343,893,1321,1007,1904,1364,2888,1625,2544,1334,1144,4177,5343,3277,6011,111117,32953,4758,2530,30053,5,1,22,16
2021-03-27T23:59:59+01:00,0,3,3616,3883,6599,7555,6934,9128,8516,11672,9739,11646,10068,10828,13111,16118,5781,9674,0,2,328,342,893,1321,1007,1901,1364,2886,1621,2543,1332,1142,4151,5308,3264,5996,111106,32850,4758,2529,28984,5,1,22,16
2021-03-26T23:59:59+01:00,0,3,3609,3876,6571,7518,6906,9053,8468,11559,9648,11518,10019,10765,13062,16061,5773,9653,0,2,323,340,892,1318,1003,1889,1361,2864,1601,2529,1307,1125,3964,5078,3155,5840,111047,32081,4534,2488,28458,5,1,22,16
2021-03-25T23:59:59+01:00,0,3,3585,3845,6477,7394,6814,8887,8279,11328,9339,11201,9639,10380,12756,15745,5768,9642,0,2,323,339,890,1309,1000,1878,1347,2851,1577,2510,1281,1105,3725,4828,2902,5498,110668,30856,4321,2488,26070,4,1,22,16
2021-03-24T23:59:59+01:00,0,3,3527,3793,6387,7210,6689,8661,8115,11090,9112,10875,9223,9888,12338,15287,5757,9631,0,2,323,338,889,1305,995,1876,1340,2847,1561,2494,1272,1095,3658,4754,2717,5271,110149,30231,4182,2488,23232,1,1,22,16
2021-03-23T23:59:59+01:00,0,3,3509,3760,6341,7154,6612,8602,7997,10963,8865,10641,8801,9420,11885,14765,5747,9617,0,2,323,338,888,1295,990,1867,1335,2838,1557,2485,1247,1070,3566,4677,2519,4947,109331,29439,4092,2488,21237,1,0,22,16
2021-03-22T23:59:59+01:00,0,3,3500,3740,6299,7126,6576,8554,7931,10888,8717,10505,8518,9068,11583,14441,5712,9578,0,2,321,333,882,1284,982,1860,1328,2827,1547,2475,1235,1061,3537,4641,2500,4914,108661,29224,4090,2488,19966,1,0,22,16
2021-03-21T23:59:59+01:00,0,3,3498,3738,6295,7116,6558,8538,7914,10869,8660,10447,8398,8951,11513,14338,5709,9575,0,2,319,332,874,1281,975,1853,1319,2825,1542,2471,1231,1058,3528,4626,2485,4904,108574,29120,4088,2488,19436,1,0,22,16
2021-03-20T23:59:59+01:00,0,3,3489,3700,6287,7044,6541,8400,7887,10685,8616,10311,8320,8865,11475,14299,5709,9575,0,2,319,332,874,1281,975,1852,1318,2825,1542,2469,1231,1058,3528,4625,2485,4904,108538,29116,3876,2487,18770,1,0,22,16
2021-03-19T23:59:59+01:00,0,3,3476,3670,6259,6958,6517,8306,7841,10568,8503,10150,7776,8256,11287,14055,5700,9557,0,2,316,331,869,1274,958,1842,1296,2794,1492,2424,1146,989,2856,3828,2065,4320,106910,26298,3575,2487,18375,1,0,22,16
2021-03-18T23:59:59+01:00,0,3,3465,3652,6218,6918,6481,8244,7776,10482,8387,10022,6814,7151,11005,13753,5688,9532,0,2,315,331,865,1269,952,1832,1280,2785,1468,2403,1107,969,2648,3588,1908,4096,103874,25314,3412,2487,18283,1,0,22,16
2021-03-17T23:59:59+01:00,0,3,3427,3614,6148,6831,6426,8140,7685,10351,8256,9864,6127,6299,10723,13438,5671,9505,0,2,314,331,857,1263,947,1819,1266,2763,1449,2376,1069,944,2519,3455,1825,3979,101070,24676,3410,2487,18006,1,0,22,14
2021-03-16T23:59:59+01:00,0,3,3408,3582,6110,6779,6381,8066,7630,10286,8165,9762,5950,6122,10011,12619,5630,9440,0,2,307,320,843,1246,935,1810,1260,2743,1437,2368,1054,924,2303,3208,1688,3781,98787,23729,3397,2485,17738,1,0,22,14
2021-03-15T23:59:59+01:00,0,3,3371,3549,6011,6696,6251,7972,7486,10166,8037,9635,5196,5286,9561,12067,5586,9370,0,2,306,319,839,1242,933,1802,1258,2730,1428,2359,1040,912,2158,3033,1596,3686,95252,23144,3388,2484,17581,1,0,22,14
2021-03-14T23:59:59+01:00,0,3,3247,3408,5732,6352,5979,7612,7170,9751,7751,9318,4863,4895,9400,11866,5582,9355,0,2,306,318,839,1242,932,1802,1255,2729,1426,2356,1037,909,2155,3030,1593,3685,92856,23120,3333,2481,16073,1,0,22,14
2021-03-13T23:59:59+01:00,0,3,2592,2754,4798,5486,4970,6685,5982,8637,6735,8369,4546,4512,9013,11341,5491,9248,0,2,306,317,838,1240,932,1796,1253,2727,1425,2356,1037,908,2131,2993,1562,3649,82193,22976,3333,2481,15614,1,0,22,14
2021-03-12T23:59:59+01:00,0,2,1770,1947,3465,4334,3461,5357,4234,6997,5093,6858,3870,3804,7755,9789,4977,8558,0,2,302,313,836,1236,925,1789,1246,2707,1401,2339,991,881,1774,2527,1288,3286,63337,21347,3330,2481,15582,1,0,22,14
2021-03-11T23:59:59+01:00,0,2,1274,1470,2560,3594,2561,4423,3141,5909,3732,5472,2692,2524,6047,7676,4201,7375,0,2,297,304,820,1228,912,1766,1228,2678,1375,2292,953,861,1615,2292,1161,3096,46023,20384,3327,2481,15281,1,0,22,14
2021-03-10T23:59:59+01:00,0,2,1052,1254,2191,3237,2186,4030,2690,5468,2819,4506,1555,1318,4683,5950,3634,6607,0,2,287,294,802,1207,890,1729,1194,2604,1336,2226,925,841,1433,2101,1064,2920,34953,19469,3326,2372,14882,0,0,21,14
2021-03-09T23:59:59+01:00,0,2,1036,1224,2128,3100,2121,3915,2606,5334,2736,4380,1521,1287,4605,5874,3592,6548,0,2,283,287,788,1186,873,1703,1168,2563,1318,2198,910,829,1355,1977,992,2804,34536,18894,3323,2328,14129,0,0,21,14
2021-03-08T23:59:59+01:00,0,2,1014,1195,2070,2999,2081,3834,2546,5222,2681,4307,1483,1265,4459,5713,3490,6405,0,2,283,283,783,1178,871,1694,1160,2555,1310,2182,885,808,1184,1751,865,2633,33840,18089,3323,2324,13582,0,0,21,14
2021-03-07T23:59:59+01:00,0,2,1009,1176,2030,2953,2039,3793,2506,5157,2640,4270,1478,1262,4452,5705,3487,6405,0,2,283,283,783,1177,871,1694,1160,2555,1309,2182,882,808,1175,1741,856,2622,33805,18088,3317,2281,13221,0,0,21,14
2021-03-06T23:59:59+01:00,0,2,1008,1173,2019,2938,2027,3774,2490,5130,2623,4248,1465,1252,4418,5659,3473,6393,0,2,283,283,783,1177,871,1693,1160,2555,1309,2182,882,808,1175,1741,856,2621,33661,18087,3316,2280,13094,0,0,21,14
2021-03-05T23:59:59+01:00,0,2,1004,1167,2004,2918,1997,3750,2447,5075,2570,4211,1429,1224,4148,5333,3321,6171,0,2,282,279,776,1169,865,1685,1157,2546,1305,2171,868,804,1167,1732,855,2619,32913,17990,2983,2279,12854,0,0,21,13
2021-03-04T23:59:59+01:00,0,2,912,1016,1915,2792,1931,3612,2370,4920,2480,4051,1398,1202,3905,5071,3054,5816,0,2,282,277,773,1164,862,1676,1156,2532,1300,2162,836,788,1153,1722,848,2606,31648,17871,2978,2255,11800,0,0,21,13
2021-03-03T23:59:59+01:00,0,2,865,905,1848,2693,1860,3508,2300,4806,2406,3967,1385,1187,3795,4964,2831,5541,0,2,280,274,772,1152,859,1657,1149,2490,1290,2136,819,784,1145,1701,839,2597,30967,17835,2857,2098,11018,0,0,21,13
2021-03-02T23:59:59+01:00,0,2,821,828,1752,2569,1776,3384,2208,4682,2346,3889,1350,1165,3665,4829,2621,5189,0,2,280,273,771,1146,855,1653,1143,2485,1284,2125,817,782,1130,1680,828,2578,30228,17722,2667,2097,10160,0,0,21,13
2021-03-01T23:59:59+01:00,0,2,798,792,1653,2426,1704,3239,2108,4509,2266,3768,1332,1153,3614,4764,2577,5129,0,2,280,271,767,1141,850,1640,1138,2473,1279,2114,810,779,1125,1668,820,2570,29973,17617,2583,2097,9257,0,0,21,13
2021-02-28T23:59:59+01:00,0,2,792,769,1636,2357,1676,3165,2085,4410,2251,3701,1326,1147,3604,4748,2562,5118,0,2,279,270,767,1140,850,1635,1138,2471,1279,2109,806,777,1117,1655,816,2560,29864,17594,2579,2064,8886,0,0,20,13
2021-02-27T23:59:59+01:00,0,2,777,752,1614,2296,1659,3054,2066,4284,2230,3606,1323,1144,3604,4746,2560,5117,0,2,279,270,767,1140,850,1635,1138,2471,1279,2108,806,777,1107,1649,799,2546,29858,17593,2578,2017,8378,0,0,20,13
2021-02-26T23:59:59+01:00,0,2,649,671,1510,2184,1607,2896,2003,4047,2129,3370,1231,1073,2949,3949,2125,4523,0,2,279,269,766,1138,849,1634,1138,2469,1277,2105,804,772,1089,1636,789,2529,27035,17517,2578,2015,7285,0,0,20,13
2021-02-25T23:59:59+01:00,0,2,501,594,1393,2079,1539,2768,1943,3921,2029,3256,1180,1038,2716,3678,1958,4279,0,2,262,254,742,1116,807,1565,1088,2368,1201,2013,748,751,1056,1598,777,2501,25957,17426,2550,1410,6347,0,0,20,13
2021-02-24T23:59:59+01:00,0,2,472,564,1323,1970,1469,2625,1873,3770,1953,3105,1142,1009,2576,3542,1878,4158,0,2,235,242,717,1070,780,1504,1058,2305,1146,1962,721,728,1008,1568,764,2470,25310,17234,2538,1033,5563,0,0,20,13
2021-02-23T23:59:59+01:00,0,2,417,524,1242,1828,1394,2479,1797,3560,1884,2984,1116,974,2368,3312,1750,3965,0,2,230,236,702,1044,768,1465,1036,2258,1119,1920,712,717,999,1554,761,2466,24370,17140,2529,836,4677,0,0,20,13
2021-02-22T23:59:59+01:00,0,2,404,490,1142,1719,1291,2380,1688,3453,1803,2912,1094,961,2224,3137,1658,3866,0,2,220,227,678,992,737,1402,1010,2164,1076,1838,668,684,929,1474,722,2407,23776,16947,2526,270,3902,0,0,20,13
2021-02-21T23:59:59+01:00,0,2,387,474,1041,1687,1141,2356,1531,3430,1698,2894,1086,959,2223,3136,1658,3866,0,2,193,221,647,984,725,1394,996,2159,1070,1836,665,681,926,1468,714,2399,23745,16813,2526,255,3278,0,0,20,12
2021-02-20T23:59:59+01:00,0,2,386,472,1040,1687,1140,2356,1530,3427,1698,2892,1086,958,2222,3136,1657,3865,0,2,192,219,644,984,722,1393,990,2156,1068,1836,665,681,926,1468,714,2398,23739,16791,2525,255,3270,0,0,20,12
2021-02-19T23:59:59+01:00,0,2,381,463,1028,1683,1129,2346,1515,3408,1665,2877,1035,929,1846,2628,1355,3471,0,2,169,209,618,980,705,1385,973,2154,1062,1834,662,680,925,1468,713,2395,21972,16667,2525,255,3244,0,0,20,12
2021-02-18T23:59:59+01:00,0,2,360,442,989,1599,1091,2260,1460,3291,1623,2785,1005,905,1669,2382,1221,3260,0,2,149,198,579,969,685,1372,939,2137,1036,1812,651,661,904,1440,699,2373,20971,16339,2525,255,2828,0,0,20,12
2021-02-17T23:59:59+01:00,0,2,337,390,906,1456,982,2064,1327,3036,1512,2565,967,875,1477,2168,1120,3079,0,2,143,191,567,938,660,1318,906,2058,989,1735,616,629,897,1413,693,2353,19889,15841,2525,255,1831,0,0,18,12
2021-02-16T23:59:59+01:00,0,2,331,350,864,1318,931,1878,1266,2816,1445,2404,956,858,1414,2071,1052,2976,0,2,137,178,553,897,645,1264,879,1993,959,1693,606,619,873,1380,679,2288,19511,15513,2524,120,879,0,0,18,12
2021-02-15T23:59:59+01:00,0,2,316,308,835,1287,914,1822,1226,2732,1406,2348,927,825,1235,1841,921,2798,0,2,129,170,532,870,627,1202,853,1920,936,1616,585,582,855,1343,670,2243,18593,15043,2523,80,611,0,0,16,12
2021-02-14T23:59:59+01:00,0,2,316,308,834,1287,913,1821,1225,2732,1406,2348,927,825,1235,1841,921,2797,0,2,128,170,531,862,623,1196,847,1914,933,1613,584,581,852,1342,669,2239,18591,14995,2523,79,608,0,0,16,12
2021-02-13T23:59:59+01:00,0,2,316,308,834,1287,913,1818,1225,2730,1406,2346,927,825,1235,1841,919,2797,0,2,128,170,531,862,623,1196,844,1911,931,1609,581,581,837,1320,657,2222,18584,14992,2521,1,608,0,0,16,12
2021-02-12T23:59:59+01:00,0,2,310,307,825,1282,909,1788,1219,2703,1378,2316,925,823,1234,1838,919,2797,0,2,128,170,529,860,622,1189,838,1899,925,1596,578,579,823,1309,652,2209,18576,14895,2521,1,462,0,0,16,12
2021-02-11T23:59:59+01:00,0,2,292,298,810,1247,903,1753,1202,2639,1355,2261,891,809,1222,1827,918,2787,0,2,125,155,511,821,600,1124,804,1799,902,1537,565,565,796,1273,637,2176,18464,14380,2520,0,216,0,0,16,12
2021-02-10T23:59:59+01:00,0,2,288,289,791,1208,890,1724,1190,2593,1340,2219,886,807,1207,1810,912,2768,0,2,121,145,444,736,554,1031,726,1673,844,1451,550,548,779,1250,625,2146,18435,13625,2415,0,59,0,0,15,0
2021-02-09T23:59:59+01:00,0,2,288,286,785,1192,878,1706,1174,2573,1324,2194,871,801,1193,1791,900,2748,0,2,105,126,386,647,501,897,645,1465,755,1258,495,468,659,1079,544,1880,18320,11912,2368,0,3,0,0,15,0
2021-02-08T23:59:59+01:00,0,2,288,285,783,1186,874,1699,1171,2569,1317,2186,865,798,1177,1767,882,2723,0,2,94,102,339,550,449,793,555,1254,647,1091,418,391,570,880,439,1547,18191,10121,2365,0,1,0,0,15,0
2021-02-07T23:59:59+01:00,0,2,287,284,782,1184,873,1699,1171,2568,1317,2183,859,796,1176,1764,880,2721,0,2,91,101,337,545,447,789,553,1244,643,1085,412,385,549,857,433,1532,18167,10005,2364,0,0,0,0,15,0
2021-02-06T23:59:59+01:00,0,2,287,283,781,1183,873,1698,1171,2568,1317,2182,858,796,1174,1758,878,2719,0,2,91,100,337,541,446,788,552,1240,641,1084,408,380,500,788,402,1486,18151,9786,2362,0,0,0,0,15,0
2021-02-05T23:59:59+01:00,0,2,287,282,781,1182,872,1697,1170,2567,1316,2177,851,790,1151,1747,871,2703,0,1,85,97,329,535,430,769,527,1204,612,1041,385,351,474,760,381,1439,18069,9420,2362,0,0,0,0,15,0
2021-02-04T23:59:59+01:00,0,2,284,274,777,1161,860,1675,1155,2539,1302,2153,828,776,1122,1716,864,2684,0,0,71,78,260,412,335,598,409,974,500,838,313,288,366,614,314,1216,17819,7586,2338,0,0,0,0,15,0
2021-02-03T23:59:59+01:00,0,2,283,269,773,1138,858,1648,1148,2488,1290,2122,809,762,1106,1694,852,2671,0,0,57,57,171,283,260,446,289,722,372,597,216,206,261,453,225,911,17720,5526,2178,0,0,0,0,15,0
2021-02-02T23:59:59+01:00,0,2,282,263,769,1129,852,1626,1140,2462,1277,2105,802,755,1098,1683,850,2663,0,0,37,35,94,144,151,259,177,451,241,377,142,136,179,276,158,588,17566,3445,2177,0,0,0,0,15,0
2021-02-01T23:59:59+01:00,0,2,280,259,764,1110,844,1606,1135,2433,1273,2070,792,742,1091,1672,845,2647,0,0,13,12,17,31,28,68,48,91,77,105,56,48,66,83,47,199,17373,989,2177,0,0,0,0,15,0
2021-01-31T23:59:59+01:00,0,2,274,257,748,1108,835,1595,1124,2422,1262,2062,786,736,1081,1654,838,2633,0,0,12,12,16,29,26,65,42,86,69,97,52,48,61,76,44,186,17336,921,2067,0,0,0,0,14,0
2021-01-30T23:59:59+01:00,0,2,274,257,748,1107,834,1595,1124,2422,1262,2062,785,736,1071,1647,821,2618,0,0,12,10,15,29,25,65,42,86,68,95,51,47,60,76,44,185,17331,910,2020,0,0,0,0,14,0
2021-01-29T23:59:59+01:00,0,2,272,257,748,1106,834,1595,1124,2422,1262,2061,784,735,1070,1645,821,2616,0,0,10,5,13,27,25,63,41,85,67,95,50,46,60,76,44,185,17322,892,2018,0,0,0,0,14,0
2021-01-28T23:59:59+01:00,0,2,268,253,737,1080,799,1539,1087,2361,1184,2001,743,721,1042,1625,805,2595,0,0,5,0,4,9,10,27,20,37,22,45,22,22,26,49,17,109,17139,424,1689,0,0,0,0,14,0
2021-01-27T23:59:59+01:00,0,2,262,246,714,1048,754,1482,1028,2280,1111,1921,708,694,1028,1602,802,2588,0,0,4,0,4,6,7,23,15,23,15,32,7,9,11,12,5,30,16691,203,1565,0,0,0,0,14,0
2021-01-26T23:59:59+01:00,0,2,239,237,699,1022,746,1434,1008,2206,1084,1856,696,680,1004,1586,792,2569,0,0,4,0,2,6,6,12,13,12,8,11,4,5,7,8,2,17,16641,117,1206,0,0,0,0,13,0
2021-01-25T23:59:59+01:00,0,2,208,222,646,949,694,1312,965,2061,1026,1720,649,624,926,1489,745,2493,0,0,4,0,2,6,6,12,13,12,8,11,4,5,7,8,2,17,16413,117,305,0,0,0,0,13,0
2021-01-24T23:59:59+01:00,0,2,191,216,620,937,676,1297,947,2044,1010,1710,642,618,915,1469,736,2480,0,0,3,0,2,5,6,12,12,12,7,11,4,5,7,8,2,17,16237,113,260,0,0,0,0,13,0
2021-01-23T23:59:59+01:00,0,2,191,216,620,937,676,1297,947,2044,1010,1710,642,618,915,1469,736,2480,0,0,3,0,2,4,6,12,10,12,7,11,4,5,7,8,2,17,16237,110,260,0,0,0,0,13,0
2021-01-22T23:59:59+01:00,0,2,144,198,562,927,658,1282,913,2034,998,1700,637,617,914,1469,736,2480,0,0,3,0,1,4,6,11,10,12,6,11,4,5,7,8,2,17,15998,107,260,0,0,0,0,13,0
2021-01-21T23:59:59+01:00,0,2,139,189,547,906,638,1241,880,1980,977,1653,625,596,902,1437,729,2461,0,0,3,0,0,4,5,11,9,12,6,11,4,5,7,8,2,16,15629,103,260,0,0,0,0,13,0
2021-01-20T23:59:59+01:00,0,2,133,172,500,843,615,1163,817,1870,940,1581,605,578,885,1414,719,2431,0,0,3,0,0,4,5,11,9,12,6,11,3,5,7,8,2,16,14997,102,258,0,0,0,0,13,0
2021-01-19T23:59:59+01:00,0,2,123,154,429,757,553,1035,733,1681,840,1422,558,528,784,1252,637,2167,0,0,3,0,0,4,5,8,9,12,6,11,3,5,7,8,2,16,13451,99,191,0,0,0,0,13,0
2021-01-18T23:59:59+01:00,0,2,105,120,360,606,462,863,602,1420,714,1213,488,462,695,1088,559,1876,0,0,1,0,0,1,1,0,0,0,0,1,0,0,0,1,0,0,11540,5,82,0,0,0,0,13,0
2021-01-17T23:59:59+01:00,0,2,100,118,356,601,461,857,600,1402,707,1203,482,452,668,1057,539,1830,0,0,1,0,0,1,0,0,0,0,0,1,0,0,0,1,0,0,11341,4,81,0,0,0,0,13,0
2021-01-16T23:59:59+01:00,0,2,100,115,354,592,458,852,588,1389,696,1191,467,438,571,931,478,1731,0,0,0,0,0,1,0,0,0,0,0,0,0,0,0,0,0,0,10937,1,3,0,0,0,0,13,0
2021-01-15T23:59:59+01:00,0,2,98,113,349,590,452,847,582,1381,679,1175,451,420,562,919,467,1707,0,0,0,0,0,0,0,0,0,0,0,0,0,0,0,0,0,0,10780,0,1,0,0,0,0,13,0
2021-01-14T23:59:59+01:00,0,0,80,90,294,488,373,682,464,1127,560,995,370,338,442,753,383,1451,0,0,0,0,0,0,0,0,0,0,0,0,0,0,0,0,0,0,8877,0,0,0,0,0,0,13,0
2021-01-13T23:59:59+01:00,0,0,66,67,208,372,297,511,352,844,430,713,261,239,326,566,294,1114,0,0,0,0,0,0,0,0,0,0,0,0,0,0,0,0,0,0,6648,0,0,0,0,0,0,12,0
2021-01-12T23:59:59+01:00,0,0,44,45,130,220,184,316,213,536,287,445,168,155,213,372,202,749,0,0,0,0,0,0,0,0,0,0,0,0,0,0,0,0,0,0,4279,0,0,0,0,0,0,0,0
2021-01-11T23:59:59+01:00,0,0,14,14,45,62,43,97,61,123,100,132,70,61,94,115,58,256,0,0,0,0,0,0,0,0,0,0,0,0,0,0,0,0,0,0,1345,0,0,0,0,0,0,0,0
2021-01-10T23:59:59+01:00,0,0,13,14,32,50,36,79,52,114,85,122,63,57,86,105,55,241,0,0,0,0,0,0,0,0,0,0,0,0,0,0,0,0,0,0,1204,0,0,0,0,0,0,0,0
2021-01-09T23:59:59+01:00,0,0,13,13,28,49,35,78,51,113,83,119,62,56,85,104,53,240,0,0,0,0,0,0,0,0,0,0,0,0,0,0,0,0,0,0,1182,0,0,0,0,0,0,0,0
2021-01-08T23:59:59+01:00,0,0,9,5,28,43,33,75,49,110,82,118,59,52,79,99,49,240,0,0,0,0,0,0,0,0,0,0,0,0,0,0,0,0,0,0,1130,0,0,0,0,0,0,0,0
2021-01-07T23:59:59+01:00,0,0,6,1,10,22,16,41,28,77,36,77,33,27,52,82,33,183,0,0,0,0,0,0,0,0,0,0,0,0,0,0,0,0,0,0,724,0,0,0,0,0,0,0,0
2021-01-06T23:59:59+01:00,0,0,6,0,5,11,11,33,25,43,22,48,27,24,38,56,23,131,0,0,0,0,0,0,0,0,0,0,0,0,0,0,0,0,0,0,503,0,0,0,0,0,0,0,0
2021-01-05T23:59:59+01:00,0,0,5,0,5,10,11,33,25,43,22,48,27,24,38,55,23,131,0,0,0,0,0,0,0,0,0,0,0,0,0,0,0,0,0,0,500,0,0,0,0,0,0,0,0
2021-01-04T23:59:59+01:00,0,0,4,0,2,5,5,13,14,12,7,12,4,5,7,9,2,18,0,0,0,0,0,0,0,0,0,0,0,0,0,0,0,0,0,0,119,0,0,0,0,0,0,0,0
2021-01-03T23:59:59+01:00,0,0,3,0,2,5,5,12,13,12,7,12,4,5,7,9,2,17,0,0,0,0,0,0,0,0,0,0,0,0,0,0,0,0,0,0,115,0,0,0,0,0,0,0,0
2021-01-02T23:59:59+01:00,0,0,3,0,2,5,5,12,11,12,7,12,4,5,7,9,2,17,0,0,0,0,0,0,0,0,0,0,0,0,0,0,0,0,0,0,113,0,0,0,0,0,0,0,0
2021-01-01T23:59:59+01:00,0,0,3,0,1,4,5,11,11,12,6,12,4,5,7,8,2,17,0,0,0,0,0,0,0,0,0,0,0,0,0,0,0,0,0,0,108,0,0,0,0,0,0,0,0
2020-12-31T23:59:59+01:00,0,0,3,0,0,4,5,11,9,12,6,12,4,5,7,8,2,17,0,0,0,0,0,0,0,0,0,0,0,0,0,0,0,0,0,0,105,0,0,0,0,0,0,0,0
2020-12-30T23:59:59+01:00,0,0,3,0,0,4,5,11,9,12,6,12,3,5,7,8,2,17,0,0,0,0,0,0,0,0,0,0,0,0,0,0,0,0,0,0,104,0,0,0,0,0,0,0,0
2020-12-29T23:59:59+01:00,0,0,3,0,0,3,5,8,9,12,6,12,3,5,7,8,2,17,0,0,0,0,0,0,0,0,0,0,0,0,0,0,0,0,0,0,100,0,0,0,0,0,0,0,0
2020-12-28T23:59:59+01:00,0,0,3,0,0,3,5,8,9,12,5,12,3,5,7,8,2,17,0,0,0,0,0,0,0,0,0,0,0,0,0,0,0,0,0,0,99,0,0,0,0,0,0,0,0
2020-12-27T23:59:59+01:00,0,0,1,0,0,0,0,0,0,0,0,1,0,0,2,4,0,8,0,0,0,0,0,0,0,0,0,0,0,0,0,0,0,0,0,0,16,0,0,0,0,0,0,0,0
