Datum,<24_1_m,<24_1_w,25-34_1_m,25-34_1_w,35-44_1_m,35-44_1_w,45-54_1_m,45-54_1_w,55-64_1_m,55-64_1_w,65-74_1_m,65-74_1_w,75-84_1_m,75-84_1_w,>84_1_m,>84_1_w,<24_2_m,<24_2_w,25-34_2_m,25-34_2_w,35-44_2_m,35-44_2_w,45-54_2_m,45-54_2_w,55-64_2_m,55-64_2_w,65-74_2_m,65-74_2_w,75-84_2_m,75-84_2_w,>84_2_m,>84_2_w,bp_1,bp_2,mo_1,mo_2,az_1,az_2,ja
2021-07-09T23:59:59+02:00,19726,19101,28978,26850,30582,30708,36605,37250,40651,41114,27170,30358,19430,24381,5922,10021,7645,7657,15176,14767,17431,18994,25835,27248,32066,33591,24611,27489,18167,22643,5626,9434,295187,209421,43824,31994,77049,54178,12787
2021-07-08T23:59:59+02:00,19476,18874,28877,26739,30484,30618,36527,37168,40572,41053,27141,30329,19417,24366,5917,10017,7508,7553,14932,14600,17112,18740,25549,27022,31847,33397,24453,27335,18113,22591,5622,9429,294212,208416,43789,31360,77041,53494,12533
2021-07-07T23:59:59+02:00,19118,18502,28725,26589,30387,30512,36435,37070,40478,40981,27111,30294,19405,24355,5914,10014,7337,7361,14568,14283,16728,18361,25167,26709,31481,33055,24200,27026,18024,22507,5614,9421,292803,205681,43770,31313,77032,52563,12285
2021-07-06T23:59:59+02:00,19020,18425,28682,26541,30338,30467,36398,37035,40444,40950,27094,30269,19394,24342,5912,10011,7114,7127,14235,13935,16389,18018,24429,26069,31186,32793,24011,26812,17975,22435,5607,9414,292243,203666,43767,29923,77031,51679,12281
2021-07-05T23:59:59+02:00,18906,18335,28642,26486,30301,30436,36374,36991,40418,40925,27089,30255,19388,24336,5912,10006,6880,6924,13938,13668,16041,17656,23891,25572,30633,32234,23735,26515,17868,22297,5599,9404,291776,202178,43765,27883,77027,50562,12232
2021-07-04T23:59:59+02:00,18815,18272,28604,26465,30280,30407,36365,36981,40403,40913,27083,30245,19383,24333,5912,10005,6854,6907,13886,13622,15969,17598,23807,25518,30480,32143,23643,26427,17836,22256,5597,9400,291466,201792,43764,27874,77016,50057,12220
2021-07-03T23:59:59+02:00,16691,16210,27445,25553,29491,29700,35728,36377,39911,40489,26927,30081,19317,24247,5904,9988,6475,6669,13376,13322,15573,17302,23450,25244,30181,31951,23547,26337,17804,22220,5593,9396,284065,201531,43722,27798,76933,49772,9339
2021-07-02T23:59:59+02:00,16524,16028,27284,25408,29414,29641,35698,36350,39893,40477,26921,30071,19314,24244,5904,9988,6427,6599,13303,13222,15485,17173,23307,25063,30028,31790,23354,26127,17715,22142,5591,9393,283173,200853,43722,27641,76931,48892,9333
2021-07-01T23:59:59+02:00,16293,15831,27066,25255,29337,29564,35643,36299,39829,40433,26901,30054,19303,24232,5902,9984,6290,6469,12970,12954,14962,16742,22064,24082,29276,31118,23076,25842,17599,22011,5584,9378,281999,197345,43717,26003,76919,47778,9291
2021-06-30T23:59:59+02:00,16162,15708,26959,25174,29271,29495,35591,36248,39787,40398,26886,30023,19293,24215,5898,9984,6102,6294,12546,12577,14396,16196,21449,23490,28686,30593,22657,25378,17469,21828,5577,9366,281199,193139,43714,25979,76913,46220,9266
2021-06-29T23:59:59+02:00,15346,14994,26700,24955,29178,29397,35512,36168,39720,40351,26865,30000,19286,24202,5898,9982,5992,6173,12293,12316,14006,15803,20664,22873,28105,30045,22211,24855,17317,21655,5569,9356,278713,190023,43713,25476,76905,44511,9223
2021-06-28T23:59:59+02:00,14688,14330,26544,24852,29104,29331,35456,36104,39676,40318,26847,29980,19278,24191,5898,9978,5925,6078,12116,12178,13818,15627,20056,22331,27706,29676,21877,24498,17189,21492,5564,9352,276795,188344,43709,24839,76901,43130,9170
2021-06-27T23:59:59+02:00,14270,13888,26480,24794,29064,29296,35434,36082,39659,40305,26836,29973,19276,24188,5897,9977,5889,6036,12002,12065,13675,15501,19509,21862,27102,29180,21600,24163,17069,21368,5561,9351,275685,187515,43707,23332,76890,41949,9137
2021-06-26T23:59:59+02:00,14259,13877,26465,24783,29058,29290,35429,36081,39656,40304,26835,29972,19276,24188,5897,9977,5884,6033,11991,12062,13669,15497,19496,21851,27057,29145,21455,24035,17029,21312,5560,9349,275616,187489,43705,23328,76890,41472,9136
2021-06-25T23:59:59+02:00,12881,12552,25008,23644,28760,29056,35323,35999,39591,40243,26811,29945,19267,24177,5895,9975,5841,5986,11896,11983,13528,15375,19187,21617,26674,28790,21134,23644,16857,21115,5557,9340,269416,186273,43701,23050,76877,40068,9133
2021-06-24T23:59:59+02:00,11866,11674,23905,22770,28399,28709,35176,35836,39479,40140,26777,29895,19256,24155,5893,9971,5626,5757,11442,11570,12954,14786,17665,20231,25046,27205,20370,22796,16542,20710,5547,9330,264242,181331,43685,19462,76873,37683,9101
2021-06-23T23:59:59+02:00,11475,11335,23414,22409,28158,28472,34999,35711,39393,40054,26747,29869,19248,24118,5891,9960,5553,5645,11230,11356,12656,14437,17278,19826,24301,26441,19585,22055,16350,20459,5539,9314,261683,178988,43679,18855,76868,35159,9023
2021-06-22T23:59:59+02:00,11273,11115,23262,22268,28079,28403,34923,35649,39348,40010,26732,29845,19240,24110,5891,9959,5444,5524,10969,11102,12290,14068,16678,19232,23577,25681,19206,21633,16188,20281,5532,9298,260555,175974,43678,18005,76866,33716,9008
2021-06-21T23:59:59+02:00,11011,10919,22437,21600,27831,28183,34858,35589,39284,39968,26716,29827,19234,24101,5891,9958,5325,5419,10759,10882,11985,13752,16288,18888,23133,25217,18917,21324,16084,20162,5526,9296,257990,174528,43673,17000,76860,32545,8884
2021-06-20T23:59:59+02:00,10941,10829,22193,21385,27574,27986,34778,35511,39239,39924,26707,29814,19232,24097,5889,9955,5285,5364,10677,10783,11890,13652,16095,18705,22863,24980,18816,21218,16031,20104,5520,9292,256717,174226,43671,15947,76859,32295,8807
2021-06-19T23:59:59+02:00,10916,10803,22165,21362,27558,27972,34766,35507,39230,39920,26706,29813,19232,24095,5889,9955,5254,5332,10596,10693,11798,13531,15947,18553,22557,24622,18731,21131,16019,20092,5519,9292,256575,174122,43648,14456,76859,32282,8807
2021-06-18T23:59:59+02:00,10868,10752,21857,21046,27294,27762,34714,35471,39200,39898,26698,29804,19231,24092,5889,9953,5239,5323,10569,10664,11758,13483,15886,18493,22472,24527,18565,20950,15974,20026,5518,9287,255217,173735,43647,14455,76858,31737,8807
2021-06-17T23:59:59+02:00,10281,10317,20591,20093,26437,27032,34346,35147,38948,39710,26634,29725,19211,24056,5882,9949,5043,5186,10197,10415,11323,13088,15213,17886,21114,23224,18113,20467,15811,19855,5514,9272,249476,168479,43629,13885,76847,30950,8407
2021-06-16T23:59:59+02:00,9941,9998,19915,19466,25800,26433,34102,34948,38790,39562,26592,29675,19188,24033,5881,9945,4902,5041,9816,10084,10869,12640,14518,17203,20268,22301,17712,20025,15646,19646,5504,9260,245674,164731,43618,12634,76834,29927,8143
2021-06-15T23:59:59+02:00,9684,9751,19623,19222,25580,26239,33973,34843,38693,39483,26564,29640,19181,24018,5876,9941,4799,4933,9577,9876,10641,12386,14100,16778,19674,21730,17400,19644,15428,19420,5495,9249,243925,162686,43610,11567,76828,28929,7948
2021-06-14T23:59:59+02:00,9550,9626,19327,18965,25406,26096,33854,34764,38632,39445,26547,29620,19175,24007,5876,9938,4730,4872,9401,9740,10473,12252,13846,16569,19359,21438,17238,19493,15327,19292,5494,9245,242747,161259,43608,11565,76824,28296,7649
2021-06-13T23:59:59+02:00,9391,9493,19042,18782,25058,25843,33654,34597,38528,39378,26532,29608,19165,24000,5875,9935,4649,4806,9193,9575,10309,12083,13524,16234,19014,21111,17114,19346,15280,19227,5492,9243,241118,160417,43608,11565,76821,26884,7334
2021-06-12T23:59:59+02:00,9382,9479,19029,18769,25058,25838,33654,34594,38525,39377,26532,29608,19165,24000,5875,9935,4646,4792,9183,9515,10277,11981,13476,16080,18959,20975,17005,19221,15164,19125,5490,9241,241072,160390,43608,11563,76817,25854,7323
2021-06-11T23:59:59+02:00,9221,9297,18799,18563,24266,25173,33478,34441,38393,39265,26500,29575,19155,23977,5875,9930,4569,4677,8968,9261,10021,11689,12960,15535,17993,20086,16820,19027,15124,19081,5487,9238,238193,156403,43607,11562,76814,25277,7294
2021-06-10T23:59:59+02:00,8828,8961,18154,18080,23420,24501,33161,34161,38195,39103,26443,29520,19132,23948,5872,9923,4394,4499,8394,8775,9222,10976,11818,14447,16026,18195,15937,18073,14839,18716,5478,9216,234604,146824,42951,11530,76788,23592,7059
2021-06-09T23:59:59+02:00,8369,8442,17336,17359,22284,23469,32682,33703,37920,38891,26337,29417,19087,23893,5862,9910,4259,4386,8108,8509,8980,10726,11491,14084,15546,17655,15568,17644,14598,18432,5471,9206,230674,145016,41070,11489,76752,21693,6465
2021-06-08T23:59:59+02:00,8044,8120,16872,16944,21867,23106,32439,33512,37758,38762,26293,29376,19077,23870,5859,9905,4140,4304,7856,8257,8677,10382,11139,13737,14907,16962,15118,17123,14337,18155,5466,9188,227972,143332,41038,10382,76743,19983,6051
2021-06-07T23:59:59+02:00,7848,7884,16515,16620,21326,22658,32160,33246,37642,38648,26267,29328,19060,23844,5854,9904,4066,4224,7676,8117,8517,10241,10972,13565,14600,16642,14923,16871,14164,17964,5462,9183,226364,142267,40074,10291,76732,18995,5634
2021-06-06T23:59:59+02:00,7741,7772,16382,16474,21133,22451,31938,33023,37510,38544,26239,29305,19047,23828,5854,9898,4038,4189,7630,8000,8466,10113,10868,13422,14406,16427,14742,16693,14075,17844,5455,9177,225149,141792,39774,10281,76715,17971,5501
2021-06-05T23:59:59+02:00,7719,7758,16353,16447,21126,22448,31928,33017,37508,38543,26238,29305,19046,23827,5854,9898,4029,4150,7615,7935,8452,9980,10854,13251,14388,16322,14705,16638,14066,17834,5455,9176,225040,141711,39774,10281,76714,17371,5487
2021-06-04T23:59:59+02:00,7606,7655,16075,16212,20853,22204,31508,32646,37395,38422,26205,29267,19035,23814,5852,9896,4022,4141,7589,7912,8426,9950,10788,13178,14283,16192,14624,16545,14030,17790,5455,9174,223457,141380,39006,9952,76695,17280,5487
2021-06-03T23:59:59+02:00,7357,7429,15204,15437,19230,20820,30602,31725,36894,37965,26075,29134,18991,23763,5846,9878,3963,4103,7502,7842,8304,9852,10623,12997,13718,15627,14368,16237,13946,17688,5452,9161,216885,139188,37439,9849,76686,17006,5340
2021-06-02T23:59:59+02:00,7222,7287,14824,15013,18803,20424,30147,31289,36675,37710,26011,29071,18972,23736,5843,9877,3933,4073,7438,7756,8217,9764,10484,12867,13275,15199,14246,16055,13919,17651,5449,9156,213871,137415,37010,9756,76686,16974,5337
2021-06-01T23:59:59+02:00,6946,7043,14430,14702,18464,20106,29823,30980,36452,37478,25956,28992,18948,23707,5841,9866,3832,3988,7196,7580,7986,9571,10222,12593,12875,14778,13815,15608,13803,17499,5443,9148,211147,135311,36965,9503,76665,16166,4957
2021-05-31T23:59:59+02:00,6785,6853,14212,14470,17762,19506,29483,30645,36155,37217,25867,28896,18922,23653,5831,9853,3753,3879,6990,7335,7763,9287,9881,12214,12438,14263,13288,14996,13604,17270,5435,9133,209731,132153,34921,9181,76649,15386,4809
2021-05-30T23:59:59+02:00,6762,6839,14166,14432,17685,19447,29433,30607,36124,37194,25855,28884,18919,23647,5830,9851,3710,3807,6844,7130,7615,9060,9680,11906,12182,13922,13168,14827,13536,17188,5432,9126,209437,131438,34909,9081,76595,13880,4734
2021-05-29T23:59:59+02:00,6760,6838,14158,14427,17680,19441,29428,30603,36121,37193,25853,28881,18919,23646,5830,9851,3701,3794,6816,7097,7582,9009,9644,11860,12110,13824,13127,14759,13506,17164,5431,9121,209407,131300,34909,9081,76580,13431,4733
2021-05-28T23:59:59+02:00,6750,6826,14143,14411,17663,19420,29417,30591,36110,37175,25852,28877,18917,23642,5830,9851,3687,3770,6794,7057,7548,8957,9591,11756,11870,13555,12939,14568,13476,17124,5428,9118,209258,130014,34908,9080,76577,13412,4732
2021-05-27T23:59:59+02:00,6659,6746,13875,14194,17179,19073,28741,30052,35951,37045,25806,28843,18902,23628,5829,9845,3563,3610,6507,6807,7172,8653,9096,11199,11164,12664,12391,14006,13347,16933,5421,9106,208184,126518,33474,8752,76535,12194,4175
2021-05-26T23:59:59+02:00,6588,6638,13662,13993,16928,18769,28201,29541,35776,36870,25769,28798,18887,23605,5828,9840,3473,3467,6283,6519,6886,8228,8761,10724,10524,11874,11837,13400,13204,16720,5417,9084,206599,122963,32727,8570,76522,11023,3845
2021-05-25T23:59:59+02:00,6507,6544,13458,13773,16666,18560,27480,28896,35686,36775,25745,28769,18875,23589,5823,9839,3424,3376,6139,6351,6740,8039,8537,10433,10181,11511,11493,12926,13099,16558,5414,9076,205894,121131,31279,8430,76039,9963,3773
2021-05-24T23:59:59+02:00,6437,6447,13283,13573,16446,18278,27073,28473,35341,36378,25689,28701,18856,23566,5822,9837,3411,3354,6081,6269,6695,7957,8478,10338,10109,11415,11320,12698,13053,16467,5406,9056,205363,120516,29071,8385,76031,9471,3735
2021-05-23T23:59:59+02:00,6435,6446,13278,13564,16443,18268,27054,28463,35311,36344,25686,28695,18856,23560,5822,9837,3408,3350,6075,6259,6685,7950,8450,10308,10069,11359,11237,12597,13033,16436,5406,9055,205248,120511,29055,7973,76030,9464,3729
2021-05-22T23:59:59+02:00,6427,6442,13271,13553,16437,18264,27051,28462,35308,36338,25686,28695,18856,23560,5822,9837,3407,3350,6072,6256,6684,7946,8446,10306,10064,11356,11226,12583,13028,16432,5405,9055,205197,120471,29055,7973,76028,9443,3729
2021-05-21T23:59:59+02:00,6368,6382,13119,13447,16265,18113,26782,28286,34880,36071,25661,28659,18848,23554,5821,9833,3398,3340,6039,6235,6654,7913,8407,10257,10010,11307,10714,11872,12889,16273,5402,9050,204511,118721,28930,7970,74990,9411,3658
2021-05-20T23:59:59+02:00,6076,6181,12512,13032,15073,17190,24879,26794,33936,35306,25556,28514,18794,23473,5815,9818,3338,3295,5947,6119,6542,7759,8260,10099,9776,11003,10382,11430,12782,16095,5392,9037,199756,116761,27199,7897,72464,9068,3530
2021-05-19T23:59:59+02:00,5873,5940,11998,12574,14368,16488,23933,25983,33312,34712,25447,28424,18758,23417,5808,9806,3262,3222,5786,5949,6352,7521,7985,9821,9474,10624,10070,11016,12704,15950,5390,9029,194085,114862,27161,7702,72452,8448,3143
2021-05-18T23:59:59+02:00,5703,5830,11599,12252,13745,15990,22778,25034,32647,34107,25331,28289,18712,23367,5803,9797,3220,3194,5676,5843,6192,7363,7780,9611,9281,10389,9904,10768,12560,15732,5381,9020,189137,113741,26658,7634,72408,7758,2781
2021-05-17T23:59:59+02:00,5650,5784,11436,12145,13473,15768,21970,24401,32340,33795,25252,28230,18690,23337,5794,9788,3127,3124,5499,5666,6027,7157,7574,9393,9065,10153,9817,10646,12502,15669,5378,9015,187376,113034,25967,7628,72015,6655,2495
2021-05-16T23:59:59+02:00,5623,5764,11375,12090,13388,15688,21363,23855,31726,33266,25211,28187,18680,23322,5793,9788,3123,3102,5485,5597,6000,7099,7547,9293,9033,10069,9802,10628,12499,15666,5378,9015,186610,112926,24426,7622,71598,6303,2485
2021-05-15T23:59:59+02:00,5614,5755,11342,12081,13358,15678,21291,23784,31194,32892,25200,28182,18679,23319,5792,9787,3109,3087,5466,5555,5986,7024,7508,9178,8802,9816,9769,10597,12465,15615,5378,9014,186561,112921,24414,7484,70951,5942,2022
2021-05-14T23:59:59+02:00,5577,5730,11280,12043,13288,15613,20882,23477,30767,32548,25165,28137,18668,23302,5792,9785,3077,3047,5430,5467,5965,6890,7469,8977,8742,9622,9699,10489,12379,15490,5378,9010,185844,112756,24096,7156,70093,5198,2021
2021-05-13T23:59:59+02:00,5422,5574,10904,11748,12574,15026,18704,21738,29226,31090,24934,27893,18601,23230,5790,9782,3066,3014,5406,5428,5948,6833,7445,8907,8699,9563,9486,10250,12185,15195,5373,9001,181904,112408,20312,6354,68014,5031,2006
2021-05-12T23:59:59+02:00,5392,5547,10832,11690,12473,14938,18577,21611,28856,30722,24844,27798,18584,23201,5789,9777,3066,3010,5400,5422,5938,6819,7421,8892,8662,9509,9303,10022,11958,14876,5370,8994,180936,112130,19678,5501,68011,5025,2006
2021-05-11T23:59:59+02:00,5256,5444,10588,11448,12109,14566,17981,20978,27937,29762,24652,27610,18526,23127,5784,9762,3025,2969,5311,5267,5839,6636,7292,8653,8503,9288,9126,9831,11813,14691,5361,8976,176910,111110,18793,5394,67881,4131,1946
2021-05-10T23:59:59+02:00,5132,5365,10378,11254,11851,14312,17658,20647,27518,29355,24543,27503,18488,23080,5776,9758,2956,2916,5194,5150,5726,6534,7169,8512,8377,9181,9022,9708,11723,14564,5358,8968,174912,110583,18111,5383,67657,3154,1938
2021-05-09T23:59:59+02:00,5061,5317,10280,11142,11752,14195,17319,20366,27128,28984,24457,27418,18459,23044,5773,9755,2890,2885,5048,5107,5551,6491,7004,8483,8252,9146,9010,9698,11705,14544,5358,8968,174518,110507,16840,5373,67168,2336,1924
2021-05-08T23:59:59+02:00,5060,5316,10278,11138,11752,14195,17315,20364,27125,28981,24457,27418,18459,23044,5773,9755,2890,2884,5047,5107,5551,6491,7004,8483,8250,9146,9009,9697,11705,14544,5358,8968,174501,110504,16840,5373,67165,2333,1924
2021-05-07T23:59:59+02:00,5025,5290,10210,11084,11624,14072,16919,20091,26490,28426,24409,27367,18442,23010,5766,9726,2881,2877,5032,5101,5541,6477,6993,8472,8242,9135,9003,9689,11694,14522,5350,8941,173669,110490,16837,5372,65650,2293,1795
2021-05-06T23:59:59+02:00,4756,5129,9749,10741,11068,13559,15842,19075,24095,26145,23911,26846,18336,22908,5761,9712,2839,2833,4965,5027,5498,6387,6909,8352,8110,8988,8903,9579,11670,14472,5347,8938,168652,109947,14393,5317,62804,1769,1784
2021-05-05T23:59:59+02:00,4679,5052,9457,10513,10730,13234,15263,18468,23256,25186,23651,26522,18267,22802,5751,9694,2819,2797,4915,4940,5440,6267,6825,8187,7987,8774,8798,9448,11594,14388,5346,8930,164998,109018,13092,5311,62654,1345,1781
2021-05-04T23:59:59+02:00,4595,4961,9283,10309,10523,12994,14878,18071,22715,24623,23438,26249,18195,22723,5743,9681,2810,2763,4888,4865,5408,6153,6776,8049,7904,8624,8697,9342,11523,14331,5344,8927,162746,108555,11975,5302,62499,786,1761
2021-05-03T23:59:59+02:00,4523,4887,9091,10172,10348,12819,14595,17825,22306,24210,23299,26100,18168,22676,5743,9675,2734,2693,4801,4791,5334,6068,6680,7943,7724,8460,8611,9256,11484,14282,5341,8922,161243,108336,11974,5299,62407,676,813
2021-05-02T23:59:59+02:00,4510,4873,9014,10114,10224,12706,14269,17517,22004,23925,23249,26042,18149,22651,5742,9674,2728,2686,4741,4758,5245,5984,6543,7814,7607,8361,8565,9216,11460,14248,5339,8917,160355,108222,11971,5297,62303,659,34
2021-05-01T23:59:59+02:00,4510,4871,9012,10113,10223,12706,14266,17514,22002,23925,23248,26041,18149,22651,5742,9674,2728,2686,4741,4758,5245,5984,6543,7814,7607,8361,8565,9216,11460,14248,5339,8917,160339,108222,11971,5297,62303,659,34
2021-04-30T23:59:59+02:00,4437,4780,8770,9900,9961,12464,13784,17089,21161,23157,23122,25905,18133,22623,5739,9671,2725,2684,4731,4751,5236,5950,6531,7784,7574,8324,8561,9214,11459,14246,5337,8916,156750,108198,11970,5295,61975,529,1
2021-04-29T23:59:59+02:00,4289,4636,8292,9495,9266,11864,12785,16194,19324,21486,22421,25151,17996,22413,5733,9654,2702,2663,4690,4680,5194,5876,6474,7678,7498,8209,8452,9101,11394,14171,5331,8908,147616,107723,11956,5025,61426,272,1
2021-04-28T23:59:59+02:00,4256,4617,8221,9421,9190,11780,12667,16075,19110,21273,22333,25059,17968,22372,5731,9649,2699,2652,4664,4621,5167,5833,6444,7605,7449,8127,8435,9077,11378,14149,5330,8902,147237,107531,11866,4953,60618,47,1
2021-04-27T23:59:59+02:00,4217,4571,8083,9283,9077,11629,12524,15906,18664,20780,22108,24802,17905,22296,5728,9641,2696,2648,4662,4617,5157,5825,6431,7587,7418,8091,8378,8999,11297,14069,5326,8899,146514,107278,10793,4782,59906,39,1
2021-04-26T23:59:59+02:00,4175,4544,7977,9188,8931,11526,12352,15733,18256,20417,21974,24656,17870,22268,5728,9640,2696,2646,4658,4614,5153,5815,6415,7568,7386,8060,8330,8951,11242,13991,5323,8882,145748,107170,10658,4526,58829,34,0
2021-04-25T23:59:59+02:00,4161,4529,7941,9158,8867,11464,12218,15603,17911,20091,21776,24420,17830,22213,5724,9635,2696,2646,4657,4613,5151,5811,6410,7565,7384,8056,8274,8892,11220,13963,5323,8881,144374,107149,10647,4360,58520,33,0
2021-04-24T23:59:59+02:00,4155,4521,7926,9154,8852,11454,12170,15573,17853,20053,21760,24407,17828,22208,5724,9635,2695,2646,4657,4613,5151,5811,6410,7565,7384,8056,8274,8892,11220,13963,5323,8881,144278,107149,10647,4360,58348,32,0
2021-04-23T23:59:59+02:00,4135,4488,7870,9091,8769,11352,11830,15248,17422,19657,21546,24177,17766,22131,5722,9627,2692,2644,4654,4610,5144,5804,6396,7556,7361,8025,8253,8865,11212,13955,5321,8878,143020,107137,10300,4202,57511,31,0
2021-04-22T23:59:59+02:00,4086,4423,7739,8899,8584,11093,11505,14829,16510,18676,20978,23473,17632,21951,5713,9608,2683,2638,4649,4590,5122,5777,6356,7520,7292,7979,8120,8711,11070,13805,5317,8869,139289,106519,10178,3955,56232,24,0
2021-04-21T23:59:59+02:00,4044,4380,7637,8780,8429,10936,11212,14550,15781,17922,20602,23025,17560,21846,5708,9595,2675,2627,4631,4571,5106,5756,6344,7505,7268,7958,8071,8650,11033,13766,5315,8868,136388,106243,10049,3879,55570,22,0
2021-04-20T23:59:59+02:00,4019,4354,7602,8727,8352,10857,11050,14376,15348,17447,20141,22511,17460,21694,5701,9584,2668,2618,4622,4558,5081,5736,6316,7482,7228,7919,7977,8519,10959,13679,5311,8864,134248,105676,9785,3840,55190,21,0
2021-04-19T23:59:59+02:00,3989,4304,7541,8623,8260,10718,10893,14195,15095,17153,19663,21947,17295,21480,5690,9572,2663,2617,4616,4554,5068,5721,6297,7465,7203,7876,7924,8465,10933,13633,5308,8859,132190,105344,9431,3837,54797,21,0
2021-04-18T23:59:59+02:00,3971,4275,7481,8572,8154,10591,10634,13953,14606,16615,19235,21439,17173,21294,5686,9566,2663,2617,4616,4554,5068,5721,6296,7462,7201,7875,7921,8462,10931,13629,5307,8856,129781,105323,9361,3835,54103,21,0
2021-04-17T23:59:59+02:00,3967,4267,7461,8566,8144,10573,10593,13907,14497,16527,19114,21315,17151,21266,5684,9564,2663,2617,4615,4552,5063,5716,6282,7457,7176,7852,7875,8416,10912,13606,5306,8856,129343,105314,9353,3629,53900,21,0
2021-04-16T23:59:59+02:00,3956,4224,7389,8444,8041,10416,10400,13646,13828,15771,18548,20674,17026,21091,5673,9547,2660,2614,4610,4547,5059,5705,6266,7446,7138,7817,7570,8030,10824,13468,5298,8840,126504,104530,9293,3341,52877,21,0
2021-04-15T23:59:59+02:00,3912,4170,7277,8314,7876,10178,10067,13257,13099,14914,17740,19811,16784,20769,5660,9526,2659,2606,4599,4531,5046,5675,6236,7411,7069,7749,7021,7400,10710,13316,5294,8829,122860,102925,9136,3207,51358,19,0
2021-04-14T23:59:59+02:00,3885,4141,7212,8208,7770,10028,9895,13058,12681,14468,17216,19202,16633,20560,5655,9513,2626,2587,4581,4500,5018,5628,6201,7378,7014,7688,6400,6652,10450,13031,5290,8821,121479,100644,8903,3207,49743,14,0
2021-04-13T23:59:59+02:00,3882,4135,7175,8192,7713,9995,9787,13006,12308,14177,16527,18357,16397,20260,5651,9507,2602,2560,4562,4475,4994,5595,6142,7310,6925,7587,6191,6403,9900,12389,5282,8802,120793,98505,8686,3200,47590,14,0
2021-04-12T23:59:59+02:00,3868,4117,7123,8146,7657,9928,9681,12905,12062,13964,16085,17842,16210,20046,5646,9504,2573,2549,4496,4433,4887,5527,6028,7235,6807,7488,5448,5585,9452,11854,5242,8760,120461,95158,8651,3192,45672,14,0
2021-04-11T23:59:59+02:00,3856,4110,7082,8094,7599,9884,9588,12826,11826,13757,15522,17157,15935,19706,5641,9494,2498,2466,4367,4311,4733,5394,5865,7083,6656,7382,5146,5225,9321,11695,5242,8756,119879,92984,8224,3143,43974,13,0
2021-04-10T23:59:59+02:00,3838,4091,7043,8047,7555,9828,9528,12767,11734,13671,15305,16966,15886,19638,5640,9487,1941,1899,3551,3593,3859,4630,4860,6163,5801,6598,4873,4919,9193,11542,5236,8747,119415,84249,8224,3143,43385,13,0
2021-04-09T23:59:59+02:00,3818,4071,7004,8018,7491,9773,9375,12639,11407,13386,14125,15436,15446,19108,5628,9477,1082,1073,2198,2402,2353,3262,3080,4524,4185,5140,4193,4189,8948,11190,5212,8718,117524,68595,8222,3141,40456,13,0
2021-04-08T23:59:59+02:00,3792,4055,6943,7965,7389,9679,9189,12520,11002,13032,12994,14185,15039,18588,5609,9447,581,586,1284,1698,1448,2333,1981,3441,2804,3755,2952,2794,8153,10218,5074,8498,116288,54450,8142,3138,36998,12,0
2021-04-07T23:59:59+02:00,3745,4030,6865,7911,7296,9610,9062,12391,10692,12725,12268,13421,14823,18323,5603,9428,350,369,933,1354,1044,1948,1471,2982,1860,2750,1770,1510,7250,9082,4922,8239,115328,44687,7991,3138,34874,9,0
2021-04-06T23:59:59+02:00,3729,4018,6843,7873,7241,9543,8968,12312,10482,12508,11883,12927,14602,18027,5592,9414,343,355,925,1344,1029,1927,1444,2954,1801,2691,1691,1444,6843,8532,4772,8002,114051,42952,7892,3137,34019,8,0
2021-04-05T23:59:59+02:00,3725,4017,6832,7862,7229,9533,8949,12284,10417,12449,11772,12782,14504,17935,5590,9411,341,349,914,1340,1023,1919,1434,2934,1780,2657,1638,1391,6621,8234,4652,7820,113716,41903,7871,3136,33704,8,0
2021-04-04T23:59:59+02:00,3725,4017,6830,7856,7228,9532,8948,12284,10407,12444,11769,12778,14501,17934,5590,9411,341,348,914,1340,1022,1917,1433,2933,1778,2654,1635,1386,6614,8221,4647,7817,113711,41857,7871,3135,33672,8,0
2021-04-03T23:59:59+02:00,3725,4017,6830,7855,7227,9532,8948,12284,10406,12444,11769,12777,14499,17932,5590,9411,341,347,912,1336,1020,1916,1432,2928,1776,2654,1630,1374,6571,8140,4612,7782,113707,41628,7871,3135,33668,8,0
2021-04-02T23:59:59+02:00,3723,4015,6828,7852,7221,9526,8937,12277,10391,12428,11642,12663,14456,17876,5586,9403,339,345,910,1329,1014,1905,1418,2903,1736,2615,1535,1288,5809,7243,4180,7220,113586,38968,7867,2813,33371,8,0
2021-04-01T23:59:59+02:00,3684,4002,6794,7830,7179,9496,8886,12239,10322,12359,11304,12257,14084,17368,5582,9390,334,342,895,1314,1002,1886,1386,2857,1677,2553,1412,1195,4885,6141,3631,6401,113204,35095,6469,2808,33103,8,0
2021-03-31T23:59:59+02:00,3678,3998,6779,7811,7163,9478,8851,12208,10237,12288,10974,11853,13743,16876,5576,9369,331,339,887,1306,992,1871,1366,2829,1627,2518,1347,1143,4313,5477,3285,5943,112634,32831,5476,2735,32772,8,0
2021-03-30T23:59:59+02:00,3660,3974,6743,7773,7106,9412,8763,12104,10075,12134,10717,11577,13520,16611,5570,9355,327,333,881,1296,985,1865,1343,2823,1601,2492,1321,1117,4195,5355,3225,5851,111816,32462,5227,2540,32051,8,0
2021-03-29T23:59:59+02:00,3651,3952,6717,7751,7066,9359,8667,12009,9894,11927,10285,11110,13147,16146,5553,9322,322,329,877,1286,979,1857,1335,2812,1586,2483,1296,1103,4062,5212,3128,5721,110147,31847,4919,2534,31490,7,0
2021-03-28T23:59:59+02:00,3611,3897,6602,7594,6949,9219,8540,11817,9742,11738,10074,10850,12972,15960,5548,9312,322,329,877,1286,977,1856,1334,2812,1585,2481,1288,1100,4029,5170,3102,5696,109775,31805,4656,2433,29994,6,0
2021-03-27T23:59:59+01:00,3610,3886,6590,7529,6920,9105,8491,11646,9690,11584,9960,10727,12878,15872,5547,9312,322,328,877,1286,977,1854,1334,2810,1581,2480,1286,1098,4003,5135,3089,5681,109766,31703,4656,2432,28925,6,0
2021-03-26T23:59:59+01:00,3604,3878,6562,7492,6891,9032,8443,11534,9599,11456,9912,10664,12832,15818,5540,9292,317,326,876,1283,973,1842,1331,2789,1561,2468,1261,1082,3824,4914,2983,5528,109710,30961,4436,2391,28403,6,0
2021-03-25T23:59:59+01:00,3581,3847,6471,7366,6799,8868,8252,11303,9290,11141,9535,10282,12529,15504,5535,9283,317,325,874,1275,970,1831,1318,2776,1537,2449,1235,1063,3592,4673,2734,5194,109338,29767,4229,2391,26019,5,0
2021-03-24T23:59:59+01:00,3527,3796,6384,7182,6679,8642,8086,11069,9065,10817,9120,9795,12112,15045,5524,9273,317,324,873,1272,965,1829,1311,2772,1521,2433,1227,1053,3527,4601,2554,4974,108828,29159,4094,2391,23194,3,0
2021-03-23T23:59:59+01:00,3509,3763,6336,7126,6604,8584,7968,10940,8817,10584,8700,9326,11661,14526,5515,9259,317,324,872,1262,960,1820,1306,2763,1517,2426,1204,1028,3435,4525,2363,4661,108018,28389,4001,2391,21199,3,0
2021-03-22T23:59:59+01:00,3501,3743,6293,7097,6570,8537,7902,10864,8668,10448,8421,8973,11358,14201,5479,9220,315,319,866,1252,952,1813,1299,2752,1508,2416,1193,1019,3407,4490,2344,4628,107348,28180,3998,2390,19929,3,0
2021-03-21T23:59:59+01:00,3499,3741,6289,7086,6553,8521,7883,10845,8612,10391,8302,8856,11288,14099,5477,9217,313,318,857,1249,945,1807,1290,2750,1504,2412,1189,1016,3398,4475,2330,4619,107263,28079,3997,2390,19399,3,0
2021-03-20T23:59:59+01:00,3491,3703,6281,7015,6538,8384,7858,10661,8568,10255,8224,8770,11250,14060,5477,9217,313,318,857,1249,945,1807,1289,2750,1504,2410,1189,1016,3398,4474,2330,4618,107231,28075,3785,2389,18736,3,0
2021-03-19T23:59:59+01:00,3478,3674,6255,6933,6514,8292,7813,10544,8455,10095,7689,8166,11069,13819,5467,9199,310,317,852,1242,928,1797,1266,2719,1454,2365,1105,949,2735,3688,1921,4050,105625,25306,3486,2389,18351,3,0
2021-03-18T23:59:59+01:00,3467,3656,6214,6892,6481,8232,7750,10460,8341,9966,6737,7079,10792,13519,5457,9174,309,317,849,1238,922,1789,1247,2711,1431,2346,1068,932,2528,3450,1765,3829,102627,24339,3329,2389,18261,3,0
2021-03-17T23:59:59+01:00,3430,3618,6143,6808,6428,8129,7660,10334,8211,9808,6062,6240,10508,13216,5440,9148,308,317,842,1234,918,1777,1233,2689,1413,2322,1033,910,2409,3326,1686,3720,99871,23745,3328,2389,17984,3,0
2021-03-16T23:59:59+01:00,3412,3589,6104,6755,6383,8056,7607,10270,8121,9708,5886,6064,9824,12439,5401,9085,301,308,828,1218,906,1768,1227,2670,1400,2314,1019,891,2198,3088,1553,3526,97666,22825,3318,2387,17720,3,0
2021-03-15T23:59:59+01:00,3375,3557,6008,6676,6254,7964,7465,10151,7992,9583,5134,5232,9382,11892,5358,9015,300,307,825,1214,905,1761,1225,2657,1391,2305,1006,879,2057,2916,1467,3433,94161,22260,3311,2386,17566,2,0
2021-03-14T23:59:59+01:00,3250,3411,5732,6331,5978,7604,7153,9737,7708,9270,4801,4841,9225,11695,5354,9005,300,307,825,1214,904,1761,1223,2656,1389,2302,1004,877,2054,2913,1464,3432,91770,22240,3256,2383,16069,2,0
2021-03-13T23:59:59+01:00,2596,2749,4795,5463,4960,6675,5959,8619,6693,8328,4489,4458,8842,11176,5265,8897,300,307,824,1212,904,1756,1220,2654,1388,2302,1004,876,2030,2877,1434,3397,81090,22100,3256,2383,15618,2,0
2021-03-12T23:59:59+01:00,1770,1928,3459,4313,3455,5343,4213,6980,5060,6823,3824,3756,7596,9630,4765,8218,296,304,822,1208,898,1749,1211,2635,1362,2285,958,851,1682,2416,1166,3046,62290,20504,3254,2383,15589,2,0
2021-03-11T23:59:59+01:00,1270,1453,2557,3575,2551,4404,3120,5891,3698,5440,2648,2479,5906,7521,4002,7044,291,295,806,1199,885,1726,1193,2606,1337,2239,922,831,1527,2187,1043,2858,45022,19560,3252,2383,15285,2,0
2021-03-10T23:59:59+01:00,1046,1235,2191,3215,2177,4013,2669,5452,2795,4475,1520,1282,4559,5806,3448,6277,282,285,788,1180,863,1690,1160,2533,1299,2174,897,811,1348,1997,947,2685,34025,18661,3252,2276,14883,2,0
2021-03-09T23:59:59+01:00,1030,1208,2125,3074,2112,3898,2584,5318,2712,4349,1486,1252,4484,5733,3409,6220,278,278,774,1159,846,1663,1135,2493,1281,2146,883,799,1271,1873,876,2575,33621,18096,3249,2232,14124,2,0
2021-03-08T23:59:59+01:00,1009,1177,2068,2975,2072,3816,2525,5205,2657,4277,1448,1232,4338,5575,3308,6079,278,274,769,1151,844,1654,1127,2485,1274,2130,859,778,1105,1648,753,2411,32933,17311,3249,2228,13579,1,0
2021-03-07T23:59:59+01:00,1004,1158,2029,2932,2030,3775,2485,5140,2616,4240,1443,1229,4331,5567,3306,6079,278,274,769,1151,844,1654,1127,2485,1273,2130,856,778,1096,1638,745,2400,32903,17311,3243,2187,13218,0,0
2021-03-06T23:59:59+01:00,1004,1154,2018,2918,2018,3756,2469,5113,2598,4219,1430,1219,4297,5523,3292,6067,278,274,769,1151,844,1654,1127,2485,1273,2130,856,778,1096,1638,745,2399,32759,17311,3242,2186,13094,0,0
2021-03-05T23:59:59+01:00,1000,1150,2003,2898,1988,3733,2426,5061,2545,4182,1394,1191,4031,5198,3142,5846,276,272,762,1144,839,1647,1124,2477,1270,2120,842,774,1089,1629,744,2397,32020,17220,2911,2186,12857,0,0
2021-03-04T23:59:59+01:00,906,1003,1916,2770,1920,3596,2350,4906,2455,4024,1364,1170,3791,4939,2878,5497,276,270,760,1139,837,1640,1123,2470,1267,2114,814,760,1079,1618,737,2385,30773,17126,2907,2163,11805,0,0
2021-03-03T23:59:59+01:00,860,896,1852,2674,1850,3491,2281,4790,2381,3940,1352,1157,3681,4834,2656,5225,275,268,759,1130,834,1622,1117,2428,1257,2088,797,756,1071,1600,730,2378,30101,17100,2791,2010,11028,0,0
2021-03-02T23:59:59+01:00,815,821,1755,2550,1765,3367,2190,4666,2320,3862,1317,1136,3552,4699,2453,4881,275,267,758,1124,831,1619,1113,2423,1253,2078,795,754,1057,1579,719,2359,29379,16995,2602,2009,10168,0,0
2021-03-01T23:59:59+01:00,792,782,1655,2406,1694,3223,2090,4494,2240,3741,1299,1124,3501,4636,2409,4819,275,266,754,1120,830,1607,1109,2411,1248,2068,789,752,1053,1572,717,2357,29126,16919,2518,2009,9261,0,0
2021-02-28T23:59:59+01:00,786,759,1636,2340,1667,3151,2067,4394,2226,3674,1293,1118,3491,4622,2395,4809,274,265,754,1119,830,1602,1109,2409,1248,2063,786,750,1045,1559,713,2347,29020,16897,2516,1976,8892,0,0
2021-02-27T23:59:59+01:00,771,742,1614,2280,1650,3040,2047,4268,2205,3578,1290,1115,3491,4620,2394,4808,274,265,754,1119,830,1601,1109,2409,1248,2062,786,750,1045,1559,713,2346,29015,16895,2515,1975,8383,0,0
2021-02-26T23:59:59+01:00,643,661,1509,2167,1598,2881,1984,4031,2104,3342,1200,1044,2841,3827,1969,4226,274,265,753,1117,829,1600,1109,2407,1246,2059,784,745,1027,1546,703,2330,26227,16821,2515,1973,7285,0,0
2021-02-25T23:59:59+01:00,493,581,1390,2065,1532,2753,1923,3902,2004,3231,1151,1012,2611,3558,1805,3983,257,250,728,1093,787,1532,1063,2309,1173,1968,728,724,996,1509,691,2302,25163,16728,2488,1382,6343,0,0
2021-02-24T23:59:59+01:00,463,550,1321,1952,1459,2609,1853,3749,1927,3082,1114,982,2472,3421,1726,3864,228,237,701,1048,763,1470,1035,2249,1120,1919,701,701,951,1480,680,2272,24513,16542,2477,1013,5554,0,0
2021-02-23T23:59:59+01:00,408,510,1239,1812,1385,2463,1776,3538,1856,2960,1089,948,2269,3193,1601,3678,223,231,686,1025,752,1431,1013,2206,1095,1878,692,689,942,1466,677,2268,23592,16457,2467,817,4666,0,0
2021-02-22T23:59:59+01:00,395,477,1140,1701,1283,2366,1667,3432,1775,2889,1068,935,2128,3021,1516,3583,212,222,664,974,721,1368,988,2112,1051,1797,650,658,873,1390,641,2212,23020,16269,2463,264,3893,0,0
2021-02-21T23:59:59+01:00,376,461,1039,1670,1131,2342,1512,3409,1674,2871,1060,933,2127,3020,1516,3583,185,216,633,966,710,1360,974,2107,1046,1795,647,655,870,1386,633,2205,22991,16138,2463,250,3270,0,0
2021-02-20T23:59:59+01:00,376,459,1038,1670,1130,2342,1510,3407,1674,2869,1060,932,2126,3020,1515,3582,184,214,630,966,707,1359,968,2104,1044,1795,647,655,870,1386,633,2205,22984,16117,2462,250,3264,0,0
2021-02-19T23:59:59+01:00,371,450,1026,1666,1120,2332,1497,3389,1642,2854,1010,904,1755,2514,1218,3200,163,204,604,962,690,1351,951,2102,1038,1793,644,654,868,1386,632,2204,21246,15996,2462,250,3240,0,0
2021-02-18T23:59:59+01:00,353,430,986,1586,1082,2245,1444,3271,1601,2764,981,881,1582,2271,1089,2996,143,193,565,951,670,1340,917,2086,1014,1773,633,635,847,1358,618,2183,20267,15676,2462,250,2833,0,0
2021-02-17T23:59:59+01:00,331,377,902,1444,975,2045,1310,3017,1489,2544,944,851,1393,2059,988,2819,137,186,553,920,644,1289,884,2008,964,1697,599,603,840,1332,613,2164,19195,15183,2462,250,1831,0,0
2021-02-16T23:59:59+01:00,325,339,858,1306,923,1856,1249,2792,1423,2383,933,834,1330,1963,921,2723,131,173,539,878,629,1235,858,1946,934,1655,589,593,818,1301,600,2104,18825,14869,2461,114,872,0,0
2021-02-15T23:59:59+01:00,309,299,830,1275,906,1800,1209,2708,1385,2327,905,802,1154,1731,792,2547,122,165,518,850,611,1173,834,1873,911,1578,568,556,800,1264,591,2062,17915,14402,2460,74,604,0,0
2021-02-14T23:59:59+01:00,309,299,829,1275,905,1800,1207,2708,1385,2327,905,802,1154,1731,792,2547,122,165,517,843,607,1168,828,1867,907,1575,567,556,798,1263,590,2059,17914,14358,2460,74,601,0,0
2021-02-13T23:59:59+01:00,309,299,829,1274,905,1797,1207,2706,1385,2325,905,802,1154,1731,792,2547,122,165,517,843,607,1168,826,1864,905,1571,565,556,783,1243,578,2043,17906,14356,2460,0,601,0,0
2021-02-12T23:59:59+01:00,305,298,819,1269,901,1768,1201,2678,1357,2296,903,800,1153,1728,792,2547,122,165,515,840,606,1161,820,1852,899,1558,562,554,769,1232,572,2030,17898,14257,2460,0,457,0,0
2021-02-11T23:59:59+01:00,286,289,804,1234,895,1734,1185,2611,1335,2241,868,787,1143,1716,791,2537,120,151,497,799,584,1096,786,1752,876,1498,550,540,745,1197,558,1999,17785,13748,2459,0,212,0,0
2021-02-10T23:59:59+01:00,283,283,785,1196,882,1704,1173,2565,1320,2199,863,785,1128,1700,786,2521,116,142,432,717,544,1004,712,1634,824,1419,536,524,732,1180,548,1977,17761,13041,2354,0,58,0,0
2021-02-09T23:59:59+01:00,283,280,781,1181,871,1688,1159,2546,1306,2175,848,780,1114,1683,775,2505,99,123,378,631,493,876,635,1437,735,1232,484,446,611,1019,481,1737,17664,11417,2308,0,3,0,0
2021-02-08T23:59:59+01:00,282,280,779,1176,871,1681,1157,2542,1300,2166,842,777,1099,1663,762,2488,89,101,334,542,442,777,546,1233,631,1069,410,375,533,836,389,1433,17559,9740,2305,0,1,0,0
2021-02-07T23:59:59+01:00,281,279,777,1175,870,1681,1157,2541,1300,2163,836,775,1097,1660,761,2486,87,100,332,537,440,773,544,1224,627,1064,405,370,512,813,383,1419,17534,9630,2305,0,0,0,0
2021-02-06T23:59:59+01:00,281,278,777,1174,870,1680,1157,2541,1300,2162,835,774,1095,1654,760,2484,87,99,332,534,439,772,543,1220,625,1063,401,365,464,744,355,1374,17518,9417,2304,0,0,0,0
2021-02-05T23:59:59+01:00,281,278,777,1173,869,1679,1156,2540,1299,2159,828,768,1072,1644,753,2468,81,96,324,528,423,754,517,1188,597,1022,378,338,445,721,341,1334,17440,9087,2304,0,0,0,0
2021-02-04T23:59:59+01:00,278,271,774,1152,857,1657,1143,2512,1285,2135,806,755,1044,1614,746,2452,67,77,254,407,329,589,401,960,484,820,305,274,334,577,277,1115,17200,7270,2281,0,0,0,0
2021-02-03T23:59:59+01:00,277,266,770,1131,855,1631,1136,2462,1272,2105,787,741,1027,1591,737,2438,54,54,168,278,255,439,281,712,360,581,209,194,236,424,194,838,17104,5277,2122,0,0,0,0
2021-02-02T23:59:59+01:00,276,261,766,1123,850,1609,1126,2438,1260,2088,783,734,1018,1580,735,2430,35,34,91,137,147,250,171,445,232,364,135,124,159,255,136,540,16955,3255,2122,0,0,0,0
2021-02-01T23:59:59+01:00,274,258,761,1104,842,1588,1121,2408,1256,2055,775,721,1012,1570,731,2417,11,12,14,25,25,61,44,88,69,100,49,45,56,73,39,178,16771,889,2122,0,0,0,0
2021-01-31T23:59:59+01:00,268,256,745,1102,834,1577,1111,2397,1245,2046,769,715,1002,1553,724,2404,10,12,13,24,23,58,38,83,62,92,46,45,52,66,36,165,16736,825,2012,0,0,0,0
2021-01-30T23:59:59+01:00,268,256,745,1102,833,1577,1111,2397,1245,2046,768,715,1002,1552,724,2403,10,10,13,24,23,58,38,83,61,90,45,44,51,66,36,164,16733,816,2011,0,0,0,0
2021-01-29T23:59:59+01:00,268,256,745,1101,833,1577,1111,2397,1245,2045,767,714,1001,1550,724,2401,9,5,12,24,23,57,36,81,60,90,44,43,51,66,36,164,16726,801,2009,0,0,0,0
2021-01-28T23:59:59+01:00,264,251,733,1076,798,1522,1075,2337,1169,1988,727,700,972,1530,708,2379,4,0,3,6,9,22,18,36,20,45,21,22,23,44,15,97,16548,385,1681,0,0,0,0
2021-01-27T23:59:59+01:00,258,244,710,1044,750,1466,1018,2256,1096,1907,692,673,959,1509,705,2372,3,0,3,4,6,18,14,22,13,32,6,9,10,9,4,27,16099,180,1560,0,0,0,0
2021-01-26T23:59:59+01:00,234,235,693,1020,742,1416,998,2182,1069,1842,680,659,936,1493,695,2353,3,0,1,4,5,8,12,12,6,11,3,5,6,7,1,16,16048,100,1199,0,0,0,0
2021-01-25T23:59:59+01:00,202,220,641,946,690,1293,956,2036,1011,1707,632,604,859,1398,652,2280,3,0,1,4,5,8,12,12,6,11,3,5,6,7,1,16,15822,100,305,0,0,0,0
2021-01-24T23:59:59+01:00,185,214,615,934,672,1279,938,2020,996,1697,625,598,849,1378,643,2267,3,0,1,4,5,8,11,12,5,11,3,5,6,7,1,16,15650,98,260,0,0,0,0
2021-01-23T23:59:59+01:00,185,214,615,934,672,1279,938,2020,996,1697,625,598,849,1378,643,2267,3,0,1,4,5,8,9,12,5,11,3,5,6,7,1,16,15650,96,260,0,0,0,0
2021-01-22T23:59:59+01:00,138,196,557,924,654,1266,904,2010,985,1686,620,597,848,1378,643,2267,3,0,0,4,5,8,9,12,5,11,3,5,6,7,1,16,15413,95,260,0,0,0,0
2021-01-21T23:59:59+01:00,133,188,542,901,633,1225,871,1956,963,1638,610,576,836,1347,636,2248,3,0,0,4,4,8,9,12,5,11,3,5,6,7,1,15,15043,93,260,0,0,0,0
2021-01-20T23:59:59+01:00,128,172,495,836,610,1149,808,1846,927,1565,589,559,818,1324,626,2220,3,0,0,4,4,8,9,12,5,11,3,5,6,7,1,15,14414,93,258,0,0,0,0
2021-01-19T23:59:59+01:00,115,151,422,750,545,1019,723,1647,822,1400,543,504,716,1163,553,1971,3,0,0,4,4,8,9,12,5,11,3,5,6,7,1,15,12853,93,191,0,0,0,0
2021-01-18T23:59:59+01:00,97,119,353,597,454,847,593,1386,696,1194,476,438,632,1006,486,1704,1,0,0,1,0,0,0,0,0,0,0,0,0,1,0,0,10997,3,81,0,0,0,0
2021-01-17T23:59:59+01:00,93,117,349,592,453,842,591,1367,688,1185,471,429,605,977,470,1663,1,0,0,1,0,0,0,0,0,0,0,0,0,1,0,0,10811,3,81,0,0,0,0
2021-01-16T23:59:59+01:00,93,114,347,584,450,837,580,1354,677,1173,456,415,510,851,409,1566,0,0,0,1,0,0,0,0,0,0,0,0,0,0,0,0,10414,1,2,0,0,0,0
2021-01-15T23:59:59+01:00,92,112,342,582,444,832,574,1347,660,1157,440,397,502,839,401,1543,0,0,0,0,0,0,0,0,0,0,0,0,0,0,0,0,10264,0,0,0,0,0,0
2021-01-14T23:59:59+01:00,75,88,285,480,366,670,458,1097,541,975,363,319,397,689,331,1315,0,0,0,0,0,0,0,0,0,0,0,0,0,0,0,0,8449,0,0,0,0,0,0
2021-01-13T23:59:59+01:00,61,65,201,363,290,498,345,816,415,694,253,223,289,514,249,1010,0,0,0,0,0,0,0,0,0,0,0,0,0,0,0,0,6286,0,0,0,0,0,0
2021-01-12T23:59:59+01:00,40,42,121,214,177,308,205,524,276,429,159,141,185,335,171,682,0,0,0,0,0,0,0,0,0,0,0,0,0,0,0,0,4009,0,0,0,0,0,0
2021-01-11T23:59:59+01:00,11,14,41,56,41,89,59,119,91,127,65,58,82,103,49,223,0,0,0,0,0,0,0,0,0,0,0,0,0,0,0,0,1228,0,0,0,0,0,0
2021-01-10T23:59:59+01:00,11,14,29,46,34,71,50,110,78,117,57,54,76,93,46,209,0,0,0,0,0,0,0,0,0,0,0,0,0,0,0,0,1095,0,0,0,0,0,0
2021-01-09T23:59:59+01:00,11,13,26,45,34,71,49,109,76,114,56,53,75,92,45,208,0,0,0,0,0,0,0,0,0,0,0,0,0,0,0,0,1077,0,0,0,0,0,0
2021-01-08T23:59:59+01:00,7,6,26,41,32,68,46,107,75,113,53,49,70,87,41,208,0,0,0,0,0,0,0,0,0,0,0,0,0,0,0,0,1029,0,0,0,0,0,0
2021-01-07T23:59:59+01:00,5,1,9,20,15,35,28,77,33,77,32,27,47,74,28,162,0,0,0,0,0,0,0,0,0,0,0,0,0,0,0,0,670,0,0,0,0,0,0
2021-01-06T23:59:59+01:00,5,0,4,8,10,27,25,43,19,47,26,24,34,51,19,120,0,0,0,0,0,0,0,0,0,0,0,0,0,0,0,0,462,0,0,0,0,0,0
2021-01-05T23:59:59+01:00,5,0,4,8,10,27,25,43,19,47,26,24,34,50,19,120,0,0,0,0,0,0,0,0,0,0,0,0,0,0,0,0,461,0,0,0,0,0,0
2021-01-04T23:59:59+01:00,4,0,1,3,4,8,13,12,5,11,3,5,6,8,1,17,0,0,0,0,0,0,0,0,0,0,0,0,0,0,0,0,101,0,0,0,0,0,0
2021-01-03T23:59:59+01:00,3,0,1,3,4,8,12,12,5,11,3,5,6,8,1,16,0,0,0,0,0,0,0,0,0,0,0,0,0,0,0,0,98,0,0,0,0,0,0
2021-01-02T23:59:59+01:00,3,0,1,3,4,8,10,12,5,11,3,5,6,8,1,16,0,0,0,0,0,0,0,0,0,0,0,0,0,0,0,0,96,0,0,0,0,0,0
2021-01-01T23:59:59+01:00,3,0,0,3,4,8,10,12,5,11,3,5,6,7,1,16,0,0,0,0,0,0,0,0,0,0,0,0,0,0,0,0,94,0,0,0,0,0,0
2020-12-31T23:59:59+01:00,3,0,0,3,4,8,9,12,5,11,3,5,6,7,1,16,0,0,0,0,0,0,0,0,0,0,0,0,0,0,0,0,93,0,0,0,0,0,0
2020-12-30T23:59:59+01:00,3,0,0,3,4,8,9,12,5,11,3,5,6,7,1,16,0,0,0,0,0,0,0,0,0,0,0,0,0,0,0,0,93,0,0,0,0,0,0
2020-12-29T23:59:59+01:00,3,0,0,3,4,8,9,12,5,11,3,5,6,7,1,16,0,0,0,0,0,0,0,0,0,0,0,0,0,0,0,0,93,0,0,0,0,0,0
2020-12-28T23:59:59+01:00,3,0,0,3,4,8,9,12,5,11,3,5,6,7,1,16,0,0,0,0,0,0,0,0,0,0,0,0,0,0,0,0,93,0,0,0,0,0,0
2020-12-27T23:59:59+01:00,1,0,0,0,0,0,0,0,0,0,0,0,1,3,0,7,0,0,0,0,0,0,0,0,0,0,0,0,0,0,0,0,12,0,0,0,0,0,0
