Datum,<24_1_m,<24_1_w,25-34_1_m,25-34_1_w,35-44_1_m,35-44_1_w,45-54_1_m,45-54_1_w,55-64_1_m,55-64_1_w,65-74_1_m,65-74_1_w,75-84_1_m,75-84_1_w,>84_1_m,>84_1_w,<24_2_m,<24_2_w,25-34_2_m,25-34_2_w,35-44_2_m,35-44_2_w,45-54_2_m,45-54_2_w,55-64_2_m,55-64_2_w,65-74_2_m,65-74_2_w,75-84_2_m,75-84_2_w,>84_2_m,>84_2_w,bp_1,bp_2,mo_1,mo_2,az_1,az_2,ja
2021-05-20T23:59:59+02:00,6965,7216,12642,13065,15039,17342,25620,27679,33072,34431,24680,27816,17339,21965,4821,8349,3760,3729,5895,6010,6446,7673,8310,10128,9404,10346,10408,11631,12384,15878,4449,7673,196940,115057,25958,7707,71756,7973,3387
2021-05-19T23:59:59+02:00,6767,6983,12188,12680,14405,16750,24823,26954,32575,33994,24604,27744,17307,21922,4818,8341,3689,3655,5758,5867,6266,7466,8055,9880,9137,10006,10120,11254,12333,15760,4447,7667,192146,113301,25938,7512,71745,7521,3026
2021-05-18T23:59:59+02:00,6571,6855,11825,12382,13826,16261,23773,26030,32062,33508,24510,27641,17269,21881,4813,8333,3651,3630,5670,5778,6145,7352,7901,9717,8973,9827,9962,11007,12225,15597,4438,7660,187586,112272,25503,7443,71707,7074,2744
2021-05-17T23:59:59+02:00,6514,6810,11654,12275,13541,16030,23285,25638,31799,33262,24453,27595,17246,21856,4807,8327,3553,3563,5526,5656,6012,7209,7735,9570,8802,9646,9894,10910,12179,15541,4435,7658,185861,111630,25438,7439,71335,6362,2458
2021-05-16T23:59:59+02:00,6483,6787,11593,12222,13452,15941,22646,25080,31340,32879,24418,27560,17239,21842,4806,8327,3549,3540,5512,5601,5991,7151,7710,9492,8774,9569,9883,10898,12178,15540,4435,7658,185104,111529,24147,7434,70915,6069,2449
2021-05-15T23:59:59+02:00,6470,6778,11561,12211,13421,15931,22576,25010,30813,32507,24411,27558,17238,21839,4805,8326,3533,3523,5496,5557,5977,7076,7669,9368,8548,9333,9847,10856,12150,15503,4435,7657,185055,111528,24135,7300,70275,5710,1990
2021-05-14T23:59:59+02:00,6429,6747,11495,12173,13348,15858,22138,24681,30424,32200,24386,27517,17226,21825,4805,8324,3497,3479,5460,5462,5958,6942,7627,9148,8492,9168,9765,10733,12081,15404,4435,7656,184347,111370,23819,6976,69421,4972,1989
2021-05-13T23:59:59+02:00,6248,6562,11106,11870,12595,15266,19831,22824,29076,30882,24210,27335,17167,21766,4804,8321,3483,3445,5439,5421,5941,6885,7599,9082,8455,9114,9529,10465,11925,15160,4431,7649,180481,111041,20068,6199,67340,4809,1974
2021-05-12T23:59:59+02:00,6214,6533,11034,11809,12492,15171,19703,22697,28681,30481,24158,27284,17154,21741,4803,8316,3483,3441,5432,5415,5932,6871,7573,9062,8417,9062,9320,10203,11749,14906,4428,7644,179523,110770,19437,5391,67337,4803,1974
2021-05-11T23:59:59+02:00,6056,6418,10798,11556,12123,14795,19066,22035,27807,29577,24016,27138,17109,21674,4798,8301,3436,3389,5347,5261,5834,6689,7434,8823,8260,8857,9142,10003,11630,14746,4419,7630,175581,109779,18563,5285,67211,3924,1912
2021-05-10T23:59:59+02:00,5913,6322,10586,11354,11869,14545,18734,21677,27410,29205,23922,27050,17072,21632,4794,8298,3358,3331,5243,5165,5727,6598,7315,8698,8138,8764,9036,9872,11552,14634,4417,7623,173614,109271,17879,5274,66986,3022,1904
2021-05-09T23:59:59+02:00,5833,6259,10487,11247,11760,14424,18364,21357,27063,28873,23847,26970,17044,21606,4792,8295,3282,3298,5097,5123,5551,6558,7157,8668,8020,8733,9028,9860,11536,14619,4417,7623,173225,109197,16612,5266,66494,2217,1890
2021-05-08T23:59:59+02:00,5831,6257,10486,11245,11760,14424,18361,21356,27061,28871,23847,26970,17044,21606,4792,8295,3282,3297,5096,5123,5551,6558,7157,8668,8018,8733,9027,9859,11536,14619,4417,7623,173210,109194,16612,5266,66494,2214,1890
2021-05-07T23:59:59+02:00,5793,6230,10408,11184,11634,14305,17900,21034,26499,28361,23814,26933,17033,21575,4786,8271,3271,3289,5088,5117,5542,6546,7145,8656,8012,8727,9022,9849,11528,14598,4410,7602,172395,109180,16610,5265,64983,2185,1772
2021-05-06T23:59:59+02:00,5505,6036,9913,10828,11083,13802,16722,19954,24170,26078,23444,26561,16946,21489,4781,8261,3219,3245,5030,5038,5500,6463,7066,8537,7893,8595,8930,9748,11508,14559,4407,7600,167443,108688,14220,5211,62149,1678,1761
2021-05-05T23:59:59+02:00,5413,5938,9596,10601,10757,13459,16105,19308,23359,25150,23223,26276,16888,21403,4773,8247,3199,3207,4986,4954,5442,6342,6979,8381,7771,8401,8831,9610,11445,14491,4406,7592,163810,107767,12930,5205,61998,1307,1758
2021-05-04T23:59:59+02:00,5317,5836,9429,10405,10559,13212,15717,18890,22837,24613,23032,26038,16832,21347,4765,8238,3189,3165,4959,4885,5407,6222,6931,8246,7690,8255,8734,9506,11384,14447,4404,7590,161660,107309,11823,5198,61845,768,1739
2021-05-03T23:59:59+02:00,5230,5750,9241,10271,10392,13030,15416,18639,22447,24207,22914,25915,16808,21307,4765,8233,3105,3087,4871,4813,5341,6130,6830,8142,7504,8091,8666,9429,11347,14408,4401,7586,160188,107095,11822,5195,61752,658,803
2021-05-02T23:59:59+02:00,5213,5734,9158,10210,10261,12908,15050,18303,22198,23961,22868,25871,16795,21282,4764,8232,3095,3080,4803,4775,5247,6038,6686,8011,7408,8007,8621,9393,11328,14376,4399,7581,159312,106986,11819,5193,61649,641,28
2021-05-01T23:59:59+02:00,5213,5732,9155,10209,10260,12908,15047,18300,22196,23961,22867,25870,16795,21282,4764,8232,3095,3080,4803,4775,5247,6038,6686,8011,7408,8007,8621,9393,11328,14376,4399,7581,159295,106986,11819,5193,61649,641,28
2021-04-30T23:59:59+02:00,5133,5625,8897,9987,10009,12668,14521,17839,21385,23208,22800,25788,16779,21258,4762,8229,3092,3078,4795,4765,5239,6006,6675,7976,7378,7979,8620,9391,11328,14374,4397,7580,155746,106965,11819,5191,61322,516,1
2021-04-29T23:59:59+02:00,4957,5452,8383,9563,9332,12081,13436,16844,19610,21588,22190,25121,16681,21091,4757,8214,3066,3048,4757,4698,5195,5924,6615,7874,7302,7866,8509,9275,11269,14311,4391,7574,146714,106491,11805,4920,60780,262,1
2021-04-28T23:59:59+02:00,4918,5429,8306,9485,9256,11993,13317,16706,19402,21398,22113,25033,16659,21056,4755,8211,3061,3029,4730,4646,5167,5876,6586,7798,7252,7793,8495,9251,11256,14291,4390,7569,146336,106301,11717,4850,59983,38,1
2021-04-27T23:59:59+02:00,4864,5365,8169,9353,9150,11843,13153,16527,18962,20887,21911,24812,16610,20996,4752,8204,3058,3023,4728,4644,5160,5867,6572,7781,7220,7759,8424,9157,11194,14229,4386,7566,145620,106052,10656,4684,59281,31,1
2021-04-26T23:59:59+02:00,4812,5327,8061,9266,9012,11734,12949,16345,18567,20522,21793,24679,16589,20978,4752,8204,3058,3021,4724,4640,5156,5862,6559,7763,7193,7732,8374,9108,11150,14160,4383,7554,144860,105977,10521,4433,58209,27,0
2021-04-25T23:59:59+02:00,4797,5309,8021,9227,8946,11664,12791,16202,18223,20179,21615,24468,16555,20935,4748,8199,3058,3021,4723,4640,5153,5858,6556,7760,7189,7727,8319,9044,11129,14138,4383,7553,143495,105957,10511,4268,57873,26,0
2021-04-24T23:59:59+02:00,4790,5301,8006,9222,8932,11655,12738,16169,18168,20141,21602,24459,16553,20930,4748,8199,3057,3021,4723,4640,5153,5858,6556,7760,7189,7727,8319,9044,11129,14138,4383,7553,143400,105957,10511,4268,57702,25,0
2021-04-23T23:59:59+02:00,4770,5263,7948,9154,8841,11554,12347,15803,17775,19754,21417,24268,16496,20862,4747,8192,3055,3019,4719,4638,5144,5850,6544,7749,7164,7694,8300,9020,11123,14131,4381,7550,142155,105947,10166,4110,56870,24,0
2021-04-22T23:59:59+02:00,4710,5182,7822,8960,8634,11287,12009,15359,16820,18705,20916,23673,16397,20717,4739,8180,3045,3011,4714,4620,5119,5825,6501,7712,7102,7651,8168,8864,11001,13995,4378,7544,138467,105344,10048,3888,55595,18,0
2021-04-21T23:59:59+02:00,4664,5131,7716,8835,8473,11133,11687,15055,16049,17871,20620,23341,16349,20628,4734,8170,3033,2998,4699,4605,5100,5804,6491,7697,7079,7631,8116,8802,10970,13960,4376,7543,135595,105073,9919,3814,54942,17,0
2021-04-20T23:59:59+02:00,4639,5104,7679,8780,8390,11050,11516,14876,15572,17353,20215,22865,16271,20511,4727,8159,3027,2989,4692,4592,5072,5784,6465,7677,7037,7592,8009,8659,10915,13890,4372,7540,133486,104516,9657,3779,54564,17,0
2021-04-19T23:59:59+02:00,4606,5039,7619,8682,8289,10905,11356,14691,15291,17040,19756,22310,16133,20334,4716,8151,3022,2988,4687,4585,5060,5770,6448,7661,7012,7547,7949,8596,10897,13857,4370,7537,131438,104192,9302,3777,54178,17,0
2021-04-18T23:59:59+02:00,4585,5009,7557,8625,8175,10769,11059,14434,14815,16481,19352,21838,16035,20177,4714,8147,3022,2988,4687,4585,5060,5770,6447,7658,7009,7545,7947,8592,10894,13854,4370,7534,129055,104170,9233,3775,53484,17,0
2021-04-17T23:59:59+02:00,4580,5001,7538,8618,8165,10750,11015,14385,14703,16382,19236,21728,16017,20154,4713,8146,3022,2988,4685,4583,5055,5766,6431,7650,6986,7522,7899,8546,10878,13834,4369,7534,128621,104163,9226,3568,53284,17,0
2021-04-16T23:59:59+02:00,4565,4946,7462,8495,8070,10590,10780,14104,14021,15600,18732,21144,15920,20025,4707,8139,3019,2985,4679,4578,5052,5754,6411,7640,6936,7470,7604,8174,10799,13715,4362,7521,125800,103402,9177,3280,52323,17,0
2021-04-15T23:59:59+02:00,4515,4881,7344,8360,7896,10341,10434,13675,13228,14703,17982,20343,15738,19759,4693,8125,3018,2977,4669,4561,5039,5724,6379,7604,6852,7384,7050,7541,10729,13623,4358,7511,122185,101856,9022,3148,50810,15,0
2021-04-14T23:59:59+02:00,4485,4841,7279,8251,7791,10196,10244,13465,12790,14225,17480,19753,15619,19602,4689,8112,2980,2956,4652,4526,5013,5683,6344,7568,6797,7324,6326,6664,10594,13484,4354,7504,120818,99610,8791,3148,49213,11,0
2021-04-13T23:59:59+02:00,4481,4833,7235,8234,7737,10162,10129,13407,12365,13885,16807,18908,15448,19382,4685,8106,2956,2926,4634,4502,4984,5645,6286,7498,6703,7224,6112,6397,10143,12930,4347,7490,120147,97625,8573,3141,47084,11,0
2021-04-12T23:59:59+02:00,4464,4816,7186,8183,7682,10089,10011,13303,12087,13625,16377,18403,15305,19221,4680,8104,2925,2911,4559,4459,4883,5576,6177,7426,6561,7105,5328,5535,9764,12465,4320,7453,119819,94303,8539,3133,45178,11,0
2021-04-11T23:59:59+02:00,4447,4807,7142,8132,7627,10043,9913,13217,11829,13389,15788,17692,15100,18961,4676,8096,2840,2819,4421,4335,4743,5452,6002,7258,6420,7004,5009,5167,9666,12337,4320,7449,119246,92145,8117,3087,43496,10,0
2021-04-10T23:59:59+02:00,4425,4782,7104,8085,7579,9991,9848,13158,11742,13290,15568,17504,15064,18908,4675,8091,2197,2183,3594,3635,3880,4662,4959,6321,5650,6292,4753,4874,9563,12205,4314,7441,118786,83426,8117,3087,42911,10,0
2021-04-09T23:59:59+02:00,4402,4761,7064,8057,7510,9929,9684,13022,11335,12913,14408,15979,14718,18497,4665,8083,1226,1259,2226,2412,2354,3283,3109,4644,4203,4941,4103,4173,9351,11912,4295,7417,116920,67813,8115,3085,39992,10,0
2021-04-08T23:59:59+02:00,4374,4742,7003,8005,7413,9827,9477,12894,10873,12502,13283,14726,14401,18068,4648,8057,643,712,1307,1690,1437,2334,1993,3537,2818,3530,2908,2832,8620,11015,4194,7250,115707,53728,8036,3082,36550,10,0
2021-04-07T23:59:59+02:00,4323,4710,6921,7953,7323,9762,9340,12745,10540,12170,12570,13975,14239,17856,4643,8040,395,465,943,1348,1035,1953,1479,3071,1806,2434,1775,1572,7793,9956,4083,7063,114767,44081,7885,3082,34458,8,0
2021-04-06T23:59:59+02:00,4308,4695,6898,7917,7270,9694,9242,12665,10315,11931,12185,13473,14068,17628,4633,8029,387,449,936,1340,1019,1930,1453,3041,1745,2377,1696,1498,7355,9376,3983,6893,113542,42390,7787,3081,33622,7,0
2021-04-05T23:59:59+02:00,4302,4694,6887,7906,7259,9683,9219,12636,10251,11865,12064,13324,13987,17550,4631,8028,385,444,924,1336,1014,1921,1441,3021,1723,2340,1641,1444,7105,9045,3903,6761,113213,41361,7766,3080,33307,7,0
2021-04-04T23:59:59+02:00,4302,4694,6884,7899,7258,9682,9218,12636,10240,11860,12061,13321,13985,17550,4631,8028,385,443,924,1336,1013,1919,1440,3020,1722,2336,1638,1440,7097,9031,3899,6759,113208,41315,7766,3080,33275,7,0
2021-04-03T23:59:59+02:00,4302,4694,6884,7898,7258,9682,9218,12636,10240,11860,12061,13320,13983,17548,4631,8028,385,442,921,1332,1012,1918,1439,3015,1720,2334,1631,1427,7051,8946,3869,6732,113204,41087,7766,3080,33273,7,0
2021-04-02T23:59:59+02:00,4300,4692,6883,7895,7251,9675,9209,12629,10219,11839,11933,13201,13946,17501,4627,8022,383,439,919,1325,1005,1907,1423,2988,1677,2293,1520,1332,6229,7965,3516,6267,113084,38420,7762,2761,32976,7,0
2021-04-01T23:59:59+02:00,4258,4679,6844,7876,7214,9645,9158,12588,10146,11758,11542,12724,13638,17092,4623,8012,378,434,901,1308,995,1890,1388,2936,1611,2229,1400,1237,5205,6740,3074,5584,112696,34547,6388,2756,32713,7,0
2021-03-31T23:59:59+02:00,4250,4673,6830,7858,7198,9626,9120,12552,10051,11685,11177,12257,13363,16690,4617,7996,375,431,891,1300,988,1875,1365,2910,1561,2190,1322,1173,4595,6002,2782,5217,112127,32287,5433,2683,32383,7,0
2021-03-30T23:59:59+02:00,4227,4645,6794,7821,7145,9561,9022,12438,9886,11532,10901,11946,13176,16472,4610,7984,370,425,886,1289,977,1869,1344,2902,1534,2168,1296,1147,4465,5871,2735,5134,111307,31917,5187,2488,31666,7,0
2021-03-29T23:59:59+02:00,4217,4622,6766,7796,7102,9505,8923,12338,9675,11312,10437,11424,12874,16086,4596,7958,365,421,882,1280,971,1861,1333,2891,1516,2159,1273,1131,4322,5701,2650,5032,109642,31300,4879,2482,31110,6,0
2021-03-28T23:59:59+02:00,4164,4555,6654,7641,6988,9364,8795,12141,9522,11127,10217,11143,12722,15939,4593,7950,365,421,882,1280,969,1860,1332,2891,1515,2157,1266,1129,4288,5657,2628,5012,109273,31266,4616,2381,29626,5,0
2021-03-27T23:59:59+01:00,4162,4537,6643,7579,6958,9238,8744,11968,9470,10990,10090,11013,12648,15866,4593,7950,365,421,882,1280,969,1858,1331,2889,1512,2156,1263,1126,4261,5622,2617,4998,109266,31165,4616,2380,28567,5,0
2021-03-26T23:59:59+01:00,4157,4527,6612,7542,6927,9159,8694,11850,9380,10869,10039,10955,12614,15815,4586,7934,361,419,880,1277,965,1845,1325,2869,1494,2148,1235,1107,4074,5385,2523,4865,109210,30427,4396,2340,28054,5,0
2021-03-25T23:59:59+01:00,4131,4485,6520,7412,6826,8991,8493,11616,9074,10552,9646,10545,12355,15557,4582,7926,361,417,878,1270,961,1834,1311,2850,1470,2132,1206,1089,3825,5116,2334,4598,108836,29307,4187,2340,25688,5,0
2021-03-24T23:59:59+01:00,4065,4411,6436,7234,6703,8759,8320,11368,8834,10237,9200,10019,12008,15172,4573,7919,361,416,877,1268,955,1832,1305,2841,1453,2119,1199,1079,3750,5039,2168,4386,108330,28706,4055,2339,22873,3,0
2021-03-23T23:59:59+01:00,4046,4375,6388,7182,6621,8689,8201,11237,8573,10000,8751,9489,11619,14745,4565,7907,361,415,875,1257,950,1825,1300,2832,1452,2107,1173,1061,3660,4954,2014,4143,107527,28037,3962,2339,20899,3,0
2021-03-22T23:59:59+01:00,4032,4355,6352,7149,6587,8644,8129,11158,8419,9840,8439,9122,11360,14465,4539,7872,358,409,870,1245,942,1820,1291,2824,1444,2096,1161,1052,3628,4915,2000,4116,106860,27830,3960,2338,19642,3,0
2021-03-21T23:59:59+01:00,4031,4351,6347,7138,6571,8629,8106,11138,8354,9778,8328,8992,11295,14383,4537,7869,356,408,861,1241,933,1815,1285,2822,1440,2091,1157,1050,3619,4899,1986,4108,106773,27730,3959,2338,19115,3,0
2021-03-20T23:59:59+01:00,4023,4304,6337,7065,6557,8486,8079,10945,8309,9667,8247,8905,11264,14348,4537,7869,356,408,861,1241,933,1815,1284,2822,1440,2089,1157,1050,3619,4897,1986,4108,106742,27726,3746,2337,18454,3,0
2021-03-19T23:59:59+01:00,4010,4269,6310,6982,6531,8392,8029,10831,8173,9483,7713,8311,11111,14144,4529,7856,353,407,855,1233,917,1804,1259,2792,1386,2042,1069,974,2896,4027,1645,3636,105151,24955,3447,2337,18076,3,0
2021-03-18T23:59:59+01:00,3998,4249,6267,6941,6499,8325,7959,10746,8029,9322,6735,7194,10914,13931,4518,7838,352,407,851,1229,910,1798,1242,2782,1361,2022,1027,957,2672,3749,1514,3458,102189,23991,3289,2337,17987,3,0
2021-03-17T23:59:59+01:00,3955,4207,6199,6854,6438,8219,7863,10615,7902,9163,5949,6215,10764,13776,4502,7817,351,407,845,1223,907,1787,1229,2764,1336,1999,1000,933,2558,3626,1469,3376,99431,23470,3288,2337,17719,3,0
2021-03-16T23:59:59+01:00,3935,4171,6161,6800,6390,8152,7805,10543,7814,9070,5766,6007,10170,13098,4468,7765,343,397,833,1207,895,1778,1223,2748,1323,1991,986,912,2330,3357,1356,3213,97381,22554,3278,2335,17456,3,0
2021-03-15T23:59:59+01:00,3897,4139,6056,6721,6264,8052,7663,10425,7658,8928,4981,5130,9795,12613,4432,7709,342,396,830,1203,894,1770,1220,2736,1315,1982,970,898,2175,3171,1284,3137,93882,21987,3271,2334,17310,2,0
2021-03-14T23:59:59+01:00,3748,3954,5777,6389,6003,7708,7338,9978,7389,8641,4637,4735,9669,12450,4429,7698,342,396,830,1203,893,1770,1218,2735,1313,1979,969,896,2172,3167,1281,3137,91504,21968,3218,2331,15821,2,0
2021-03-13T23:59:59+01:00,3003,3213,4826,5534,4997,6767,6100,8840,6481,7796,4342,4377,9301,11946,4364,7616,342,396,829,1201,893,1765,1217,2733,1312,1979,969,895,2140,3126,1259,3107,80827,21830,3218,2331,15458,2,0
2021-03-12T23:59:59+01:00,2061,2295,3467,4355,3485,5423,4286,7151,5012,6411,3680,3692,8009,10331,3970,7079,338,392,825,1197,889,1759,1210,2715,1285,1961,922,869,1740,2610,1045,2811,62061,20235,3216,2331,15430,2,0
2021-03-11T23:59:59+01:00,1479,1753,2558,3599,2570,4476,3175,6030,3637,5000,2569,2472,6228,8110,3378,6135,333,384,809,1188,876,1735,1191,2685,1261,1920,884,845,1565,2354,943,2650,44821,19290,3214,2331,15134,2,0
2021-03-10T23:59:59+01:00,1230,1508,2186,3227,2186,4085,2709,5602,2657,3927,1477,1288,4869,6367,2937,5531,323,376,794,1172,856,1694,1159,2626,1229,1866,859,826,1375,2135,859,2508,33832,18395,3214,2260,14740,2,0
2021-03-09T23:59:59+01:00,1208,1464,2121,3090,2122,3973,2625,5459,2577,3817,1445,1261,4791,6288,2903,5482,316,367,783,1152,835,1663,1135,2588,1213,1841,844,811,1282,2004,806,2406,33426,17828,3211,2216,13989,2,0
2021-03-08T23:59:59+01:00,1180,1428,2069,2992,2077,3887,2565,5345,2524,3759,1406,1239,4637,6102,2815,5370,316,362,779,1146,832,1654,1128,2580,1202,1822,825,786,1094,1760,704,2267,32735,17043,3211,2213,13449,1,0
2021-03-07T23:59:59+01:00,1173,1408,2028,2948,2036,3845,2526,5276,2487,3732,1400,1236,4631,6094,2812,5370,316,362,779,1146,832,1654,1128,2580,1201,1822,821,786,1086,1749,696,2257,32705,17043,3206,2172,13091,0,0
2021-03-06T23:59:59+01:00,1171,1404,2020,2933,2023,3826,2511,5246,2468,3714,1387,1223,4598,6054,2801,5359,316,362,779,1146,832,1654,1128,2580,1201,1822,821,786,1086,1749,696,2256,32563,17043,3206,2171,12969,0,0
2021-03-05T23:59:59+01:00,1165,1400,2002,2913,1994,3798,2470,5192,2420,3686,1346,1192,4317,5705,2672,5168,314,359,771,1140,828,1647,1125,2572,1198,1814,809,782,1079,1740,695,2254,31825,16956,2876,2171,12739,0,0
2021-03-04T23:59:59+01:00,1062,1234,1917,2795,1928,3665,2394,5028,2333,3555,1315,1170,4056,5415,2468,4887,314,357,769,1136,826,1641,1124,2563,1193,1810,793,775,1070,1729,688,2243,30644,16883,2872,2148,11706,0,0
2021-03-03T23:59:59+01:00,1007,1117,1856,2699,1862,3567,2325,4914,2262,3480,1305,1155,3932,5302,2262,4625,313,352,768,1129,823,1619,1118,2521,1179,1790,780,771,1061,1707,681,2235,29975,16851,2757,1996,10938,0,0
2021-03-02T23:59:59+01:00,955,1030,1764,2575,1772,3447,2239,4790,2200,3409,1277,1136,3790,5151,2100,4348,313,350,767,1123,820,1617,1114,2516,1174,1781,778,768,1046,1684,672,2219,29332,16747,2568,1995,10083,0,0
2021-03-01T23:59:59+01:00,921,966,1669,2442,1700,3305,2137,4622,2131,3303,1258,1126,3735,5081,2062,4295,312,350,765,1121,820,1612,1109,2512,1170,1780,773,766,1038,1672,667,2214,29083,16686,2484,1995,9186,0,0
2021-02-28T23:59:59+01:00,912,937,1651,2378,1671,3226,2117,4531,2117,3237,1253,1122,3725,5066,2049,4286,312,350,765,1120,820,1611,1109,2512,1169,1779,771,765,1029,1657,664,2206,28978,16677,2482,1962,8818,0,0
2021-02-27T23:59:59+01:00,894,915,1630,2313,1656,3114,2094,4395,2098,3161,1250,1120,3725,5064,2048,4285,312,350,765,1120,820,1610,1109,2512,1169,1778,771,765,1029,1657,664,2206,28971,16675,2481,1962,8310,0,0
2021-02-26T23:59:59+01:00,747,826,1540,2194,1603,2959,2030,4138,1994,2946,1157,1046,3013,4187,1692,3800,312,350,763,1119,820,1609,1109,2508,1167,1777,768,760,1009,1640,657,2194,26174,16601,2481,1961,7217,0,0
2021-02-25T23:59:59+01:00,574,738,1439,2087,1536,2834,1963,4006,1900,2837,1106,1020,2762,3872,1554,3605,294,332,734,1095,778,1539,1061,2404,1099,1696,719,743,978,1598,646,2172,25105,16512,2451,1376,6277,0,0
2021-02-24T23:59:59+01:00,537,699,1366,1976,1475,2685,1885,3858,1829,2705,1075,992,2628,3737,1511,3516,264,312,708,1054,756,1476,1028,2343,1050,1652,692,720,940,1565,634,2147,24542,16332,2440,1009,5492,0,0
2021-02-23T23:59:59+01:00,477,649,1283,1833,1408,2531,1802,3653,1767,2594,1051,962,2406,3477,1407,3362,258,303,694,1030,744,1440,1005,2299,1028,1612,683,710,929,1551,633,2143,23624,16248,2430,814,4608,0,0
2021-02-22T23:59:59+01:00,462,610,1179,1722,1303,2439,1702,3542,1685,2533,1032,947,2252,3290,1334,3284,247,288,666,978,716,1373,979,2206,985,1536,646,682,858,1470,602,2093,23047,16062,2426,263,3843,0,0
2021-02-21T23:59:59+01:00,438,591,1070,1692,1152,2415,1550,3520,1592,2517,1028,945,2251,3289,1334,3284,216,281,639,971,705,1364,965,2201,982,1534,643,680,853,1466,596,2086,23018,15932,2426,250,3224,0,0
2021-02-20T23:59:59+01:00,438,590,1069,1692,1151,2415,1549,3519,1592,2515,1028,944,2250,3289,1333,3283,215,279,635,971,702,1363,958,2198,981,1534,643,680,853,1466,596,2086,23012,15910,2425,250,3220,0,0
2021-02-19T23:59:59+01:00,431,580,1060,1689,1140,2405,1537,3502,1560,2497,976,915,1825,2725,1090,2958,192,269,609,967,685,1354,944,2196,975,1533,640,679,851,1466,595,2084,21268,15789,2425,250,3197,0,0
2021-02-18T23:59:59+01:00,410,556,1015,1604,1105,2319,1487,3380,1522,2420,945,890,1625,2454,987,2780,171,257,571,956,660,1343,910,2177,956,1514,629,662,830,1434,587,2073,20283,15480,2425,250,2791,0,0
2021-02-17T23:59:59+01:00,379,490,930,1464,993,2096,1352,3137,1416,2215,912,866,1425,2210,899,2635,164,250,555,921,639,1288,872,2103,910,1441,596,632,824,1412,583,2054,19207,14994,2425,250,1787,0,0
2021-02-16T23:59:59+01:00,371,441,886,1323,941,1902,1283,2918,1355,2067,904,852,1350,2103,846,2548,155,234,543,878,620,1236,849,2040,879,1404,586,619,804,1381,570,1995,18832,14679,2424,114,834,0,0
2021-02-15T23:59:59+01:00,352,397,861,1292,921,1842,1238,2834,1321,2012,879,822,1151,1850,738,2397,146,224,521,848,601,1174,826,1965,855,1329,566,584,786,1342,562,1959,17918,14214,2423,74,566,0,0
2021-02-14T23:59:59+01:00,351,397,860,1292,920,1842,1236,2834,1321,2012,879,822,1151,1850,738,2397,146,223,520,842,596,1169,822,1961,852,1326,564,584,785,1341,562,1956,17917,14175,2423,74,562,0,0
2021-02-13T23:59:59+01:00,351,397,860,1291,920,1839,1236,2832,1321,2010,879,822,1151,1850,738,2397,146,223,520,842,596,1169,820,1957,850,1324,561,584,771,1320,550,1940,17909,14173,2423,0,562,0,0
2021-02-12T23:59:59+01:00,347,396,855,1283,916,1812,1230,2799,1294,1988,879,821,1150,1847,738,2397,146,222,518,839,594,1161,813,1947,846,1310,558,582,757,1308,544,1929,17901,14074,2423,0,428,0,0
2021-02-11T23:59:59+01:00,326,388,843,1255,910,1776,1214,2743,1275,1940,847,807,1140,1836,737,2387,142,203,503,796,571,1096,779,1841,821,1263,548,568,732,1269,531,1903,17789,13566,2422,0,213,0,0
2021-02-10T23:59:59+01:00,323,377,826,1224,899,1747,1205,2701,1265,1911,843,806,1124,1816,732,2371,136,188,445,727,536,1010,713,1731,784,1208,532,553,723,1247,521,1884,17760,12938,2352,0,58,0,0
2021-02-09T23:59:59+01:00,323,374,820,1210,889,1731,1190,2683,1251,1888,830,801,1109,1799,724,2355,117,164,392,641,492,871,636,1541,703,1045,472,464,609,1077,455,1657,17667,11336,2307,0,3,0,0
2021-02-08T23:59:59+01:00,322,373,818,1205,889,1726,1188,2678,1244,1880,825,798,1088,1772,711,2337,103,140,356,557,445,772,550,1324,600,914,400,385,533,880,361,1362,17549,9682,2304,0,1,0,0
2021-02-07T23:59:59+01:00,321,372,816,1204,888,1726,1188,2676,1244,1878,819,796,1086,1768,710,2336,101,139,354,552,443,768,547,1314,596,911,396,382,511,856,357,1348,17524,9575,2304,0,0,0,0
2021-02-06T23:59:59+01:00,321,371,816,1204,888,1725,1188,2676,1244,1877,818,793,1083,1764,710,2334,101,138,354,549,442,766,546,1311,594,911,393,378,460,782,329,1310,17509,9364,2303,0,0,0,0
2021-02-05T23:59:59+01:00,321,371,815,1202,888,1725,1188,2674,1243,1875,813,788,1060,1751,705,2321,93,134,347,542,426,748,522,1274,564,877,372,352,439,756,315,1275,17437,9036,2303,0,0,0,0
2021-02-04T23:59:59+01:00,318,363,810,1180,878,1702,1171,2646,1229,1855,790,772,1033,1721,699,2308,75,103,270,418,328,592,414,1036,457,704,298,286,334,598,255,1069,17195,7237,2280,0,0,0,0
2021-02-03T23:59:59+01:00,317,353,807,1163,876,1670,1164,2595,1212,1832,776,759,1014,1697,692,2296,59,71,183,293,253,444,296,754,337,507,199,203,235,441,181,798,17102,5254,2121,0,0,0,0
2021-02-02T23:59:59+01:00,316,348,803,1155,872,1648,1152,2571,1203,1816,773,754,1004,1685,691,2287,38,42,100,151,150,248,185,483,213,316,131,125,156,266,131,528,16958,3263,2120,0,0,0,0
2021-02-01T23:59:59+01:00,315,343,794,1140,867,1626,1147,2543,1200,1788,764,742,999,1676,686,2274,13,12,16,28,28,63,48,95,61,89,46,43,54,79,41,175,16784,891,2120,0,0,0,0
2021-01-31T23:59:59+01:00,308,341,779,1138,859,1615,1135,2531,1190,1780,759,736,989,1657,679,2263,12,12,14,26,26,60,41,89,57,82,42,43,50,71,38,164,16749,827,2010,0,0,0,0
2021-01-30T23:59:59+01:00,308,341,779,1138,858,1615,1135,2531,1190,1780,758,736,989,1656,679,2263,12,10,14,26,26,60,40,89,56,80,42,42,49,71,38,163,16746,818,2010,0,0,0,0
2021-01-29T23:59:59+01:00,308,341,779,1138,858,1615,1135,2531,1190,1780,757,734,988,1655,679,2261,11,6,13,26,26,58,38,88,55,80,41,41,49,71,38,163,16740,804,2009,0,0,0,0
2021-01-28T23:59:59+01:00,304,334,763,1113,823,1558,1096,2468,1119,1730,716,723,959,1628,669,2245,4,0,3,9,11,20,17,42,19,39,20,21,23,46,16,97,16563,387,1685,0,0,0,0
2021-01-27T23:59:59+01:00,298,327,734,1075,777,1499,1035,2392,1050,1654,684,695,948,1610,667,2238,3,0,3,6,8,16,12,27,13,28,5,7,10,9,5,25,16120,177,1563,0,0,0,0
2021-01-26T23:59:59+01:00,272,313,719,1051,767,1451,1014,2313,1026,1594,671,684,927,1592,657,2221,3,0,1,6,6,7,11,11,5,12,3,3,6,6,2,16,16070,98,1202,0,0,0,0
2021-01-25T23:59:59+01:00,238,293,662,969,713,1332,972,2160,966,1472,627,631,848,1489,620,2159,3,0,1,6,6,7,11,11,5,12,3,3,6,6,2,16,15846,98,305,0,0,0,0
2021-01-24T23:59:59+01:00,219,282,637,962,696,1317,952,2144,954,1462,619,625,839,1469,611,2147,3,0,1,6,5,7,11,11,4,12,3,3,6,6,2,16,15674,96,261,0,0,0,0
2021-01-23T23:59:59+01:00,219,282,637,962,696,1317,952,2144,954,1462,619,625,839,1469,611,2147,3,0,1,6,5,7,10,11,4,12,3,3,6,6,2,16,15674,95,261,0,0,0,0
2021-01-22T23:59:59+01:00,167,263,584,953,675,1303,922,2132,943,1454,614,624,839,1469,611,2147,3,0,0,6,5,7,10,11,4,12,3,3,6,6,2,16,15439,94,261,0,0,0,0
2021-01-21T23:59:59+01:00,161,252,569,929,653,1263,884,2074,924,1412,607,603,825,1437,606,2132,3,0,0,6,4,7,10,11,4,12,3,3,6,6,2,15,15070,92,261,0,0,0,0
2021-01-20T23:59:59+01:00,152,231,525,861,629,1184,817,1961,891,1349,586,586,808,1415,598,2105,3,0,0,6,4,7,10,11,4,12,3,3,6,6,2,15,14439,92,259,0,0,0,0
2021-01-19T23:59:59+01:00,135,203,446,774,562,1037,731,1765,793,1205,532,522,708,1240,528,1871,3,0,0,6,4,7,10,11,4,12,3,3,6,6,2,15,12860,92,192,0,0,0,0
2021-01-18T23:59:59+01:00,113,164,378,620,469,863,600,1481,670,1031,466,456,631,1067,463,1620,1,0,0,0,0,0,0,0,0,0,0,0,0,1,0,0,11010,2,82,0,0,0,0
2021-01-17T23:59:59+01:00,109,162,374,615,468,856,597,1463,661,1023,463,449,602,1036,449,1576,1,0,0,0,0,0,0,0,0,0,0,0,0,1,0,0,10821,2,82,0,0,0,0
2021-01-16T23:59:59+01:00,109,159,372,607,465,848,586,1449,649,1015,449,435,503,898,389,1491,0,0,0,0,0,0,0,0,0,0,0,0,0,0,0,0,10422,0,2,0,0,0,0
2021-01-15T23:59:59+01:00,107,157,368,605,459,843,580,1440,630,1000,435,419,493,883,382,1470,0,0,0,0,0,0,0,0,0,0,0,0,0,0,0,0,10271,0,0,0,0,0,0
2021-01-14T23:59:59+01:00,83,124,306,498,380,682,468,1181,524,842,357,338,393,725,315,1262,0,0,0,0,0,0,0,0,0,0,0,0,0,0,0,0,8478,0,0,0,0,0,0
2021-01-13T23:59:59+01:00,66,92,219,372,301,514,360,864,395,610,244,238,286,542,235,963,0,0,0,0,0,0,0,0,0,0,0,0,0,0,0,0,6301,0,0,0,0,0,0
2021-01-12T23:59:59+01:00,44,58,132,222,183,309,223,561,250,378,153,146,183,357,164,660,0,0,0,0,0,0,0,0,0,0,0,0,0,0,0,0,4023,0,0,0,0,0,0
2021-01-11T23:59:59+01:00,14,17,45,58,43,90,67,130,76,112,64,56,80,113,48,218,0,0,0,0,0,0,0,0,0,0,0,0,0,0,0,0,1231,0,0,0,0,0,0
2021-01-10T23:59:59+01:00,14,16,33,47,35,72,55,122,69,102,55,52,75,101,45,207,0,0,0,0,0,0,0,0,0,0,0,0,0,0,0,0,1100,0,0,0,0,0,0
2021-01-09T23:59:59+01:00,14,15,30,46,35,72,52,121,68,99,55,51,74,100,43,206,0,0,0,0,0,0,0,0,0,0,0,0,0,0,0,0,1081,0,0,0,0,0,0
2021-01-08T23:59:59+01:00,10,9,30,42,33,68,49,120,67,98,52,46,68,96,40,206,0,0,0,0,0,0,0,0,0,0,0,0,0,0,0,0,1034,0,0,0,0,0,0
2021-01-07T23:59:59+01:00,5,2,10,23,18,34,26,89,32,63,32,27,46,80,27,161,0,0,0,0,0,0,0,0,0,0,0,0,0,0,0,0,675,0,0,0,0,0,0
2021-01-06T23:59:59+01:00,5,0,4,11,13,27,22,50,19,39,26,24,32,55,20,117,0,0,0,0,0,0,0,0,0,0,0,0,0,0,0,0,464,0,0,0,0,0,0
2021-01-05T23:59:59+01:00,5,0,4,11,13,27,22,50,19,39,26,24,32,54,20,117,0,0,0,0,0,0,0,0,0,0,0,0,0,0,0,0,463,0,0,0,0,0,0
2021-01-04T23:59:59+01:00,4,0,1,6,4,7,12,11,4,12,3,3,6,7,2,17,0,0,0,0,0,0,0,0,0,0,0,0,0,0,0,0,99,0,0,0,0,0,0
2021-01-03T23:59:59+01:00,3,0,1,6,4,7,11,11,4,12,3,3,6,7,2,16,0,0,0,0,0,0,0,0,0,0,0,0,0,0,0,0,96,0,0,0,0,0,0
2021-01-02T23:59:59+01:00,3,0,1,6,4,7,10,11,4,12,3,3,6,7,2,16,0,0,0,0,0,0,0,0,0,0,0,0,0,0,0,0,95,0,0,0,0,0,0
2021-01-01T23:59:59+01:00,3,0,0,6,4,7,10,11,4,12,3,3,6,6,2,16,0,0,0,0,0,0,0,0,0,0,0,0,0,0,0,0,93,0,0,0,0,0,0
2020-12-31T23:59:59+01:00,3,0,0,6,4,7,10,11,4,12,3,3,6,6,2,16,0,0,0,0,0,0,0,0,0,0,0,0,0,0,0,0,93,0,0,0,0,0,0
2020-12-30T23:59:59+01:00,3,0,0,6,4,7,10,11,4,12,3,3,6,6,2,16,0,0,0,0,0,0,0,0,0,0,0,0,0,0,0,0,93,0,0,0,0,0,0
2020-12-29T23:59:59+01:00,3,0,0,6,4,7,10,11,4,12,3,3,6,6,2,16,0,0,0,0,0,0,0,0,0,0,0,0,0,0,0,0,93,0,0,0,0,0,0
2020-12-28T23:59:59+01:00,3,0,0,6,4,7,10,11,4,12,3,3,6,6,2,16,0,0,0,0,0,0,0,0,0,0,0,0,0,0,0,0,93,0,0,0,0,0,0
2020-12-27T23:59:59+01:00,1,0,0,0,0,0,0,0,0,0,0,0,1,3,0,7,0,0,0,0,0,0,0,0,0,0,0,0,0,0,0,0,12,0,0,0,0,0,0
