Datum,<15_m,<15_w,15-24_1_m,15-24_1_w,25-34_1_m,25-34_1_w,35-44_1_m,35-44_1_w,45-54_1_m,45-54_1_w,55-64_1_m,55-64_1_w,65-74_1_m,65-74_1_w,75-84_1_m,75-84_1_w,>84_1_m,>84_1_w,<24_2_m,<24_2_w,25-34_2_m,25-34_2_w,35-44_2_m,35-44_2_w,45-54_2_m,45-54_2_w,55-64_2_m,55-64_2_w,65-74_2_m,65-74_2_w,75-84_2_m,75-84_2_w,>84_2_m,>84_2_w,bp_1,bp_2,mo_1,mo_2,az_1,az_2,ja,unb_1,unb_2
2021-08-03T23:59:59+02:00,1994,1745,21298,20466,31222,28641,32059,32060,37814,38349,41680,42001,27586,30778,19635,24641,5974,10103,13561,13217,24092,22375,27774,27831,34167,34495,38374,38848,26147,29134,18748,23377,5698,9567,310203,262556,44418,42357,77390,67718,15965,70,25
2021-08-02T23:59:59+02:00,1989,1737,21279,20457,31207,28629,32051,32049,37803,38342,41675,41994,27583,30775,19635,24637,5973,10099,13445,13100,23987,22285,27677,27760,34062,34408,38320,38812,26131,29112,18742,23374,5698,9565,310075,261798,44418,42356,77390,67515,15961,70,25
2021-08-01T23:59:59+02:00,1984,1732,21266,20449,31187,28618,32041,32041,37802,38335,41670,41991,27581,30774,19635,24631,5973,10098,13390,13051,23946,22247,27644,27719,34035,34374,38301,38794,26126,29103,18739,23372,5698,9565,309974,261409,44416,42356,77390,67508,15958,70,25
2021-07-31T23:59:59+02:00,1959,1706,21189,20379,31128,28583,31989,32005,37770,38308,41648,41971,27577,30766,19630,24627,5973,10098,12567,12164,23515,21865,27348,27412,33777,34129,37932,38506,26065,29030,18718,23336,5694,9560,309597,257115,44405,42326,77388,67016,15846,70,25
2021-07-30T23:59:59+02:00,1934,1687,21168,20357,31098,28564,31974,31989,37764,38302,41640,41963,27572,30763,19629,24627,5972,10098,12480,12089,23187,21578,27065,27201,33563,33971,37771,38375,26042,29013,18716,23328,5694,9558,309419,255695,44404,42318,77388,66469,15820,70,25
2021-07-29T23:59:59+02:00,1865,1618,20938,20126,30959,28419,31873,31881,37673,38214,41551,41903,27544,30739,19616,24609,5966,10090,11859,11565,22069,20746,26034,26367,32590,33283,37391,38087,25960,28912,18687,23281,5689,9551,308233,250145,44377,42234,77381,64718,15523,70,25
2021-07-28T23:59:59+02:00,1846,1603,20898,20077,30941,28392,31858,31860,37653,38194,41530,41883,27533,30727,19611,24599,5966,10088,11585,11272,21666,20369,25605,25939,32430,33136,37281,37999,25924,28863,18671,23260,5688,9546,307928,247283,44376,42232,77369,64658,15517,69,25
2021-07-27T23:59:59+02:00,1836,1597,20858,20036,30918,28360,31825,31846,37632,38162,41506,41869,27526,30720,19610,24594,5966,10085,11337,11061,21469,20181,25467,25820,32324,33034,37199,37918,25899,28826,18663,23251,5685,9542,307696,245822,44376,42227,77368,64586,15437,69,25
2021-07-26T23:59:59+02:00,1810,1563,20735,19923,30816,28263,31770,31784,37581,38096,41463,41839,27502,30702,19600,24581,5960,10082,11051,10738,20971,19747,25223,25618,32165,32885,37070,37833,25865,28791,18650,23229,5684,9534,306967,243562,44347,42120,77363,64382,15324,69,25
2021-07-25T23:59:59+02:00,1803,1554,20713,19912,30808,28254,31760,31770,37575,38090,41453,41830,27498,30700,19599,24579,5960,10081,10947,10632,20821,19639,24989,25425,31927,32679,36928,37701,25848,28777,18644,23222,5683,9531,306859,242309,44337,42104,77356,63973,15318,69,25
2021-07-24T23:59:59+02:00,1783,1539,20633,19839,30766,28216,31725,31734,37549,38062,41430,41818,27491,30695,19596,24577,5960,10081,10885,10579,20745,19577,24918,25364,31874,32648,36899,37681,25842,28773,18642,23220,5683,9531,306518,241944,44326,42081,77352,63907,15229,69,25
2021-07-23T23:59:59+02:00,1728,1504,20444,19698,30604,28105,31637,31665,37482,38011,41391,41776,27480,30679,19591,24571,5959,10076,10630,10376,20382,19275,24120,24722,31396,32320,36339,37225,25799,28731,18626,23203,5682,9529,305703,239099,44317,42037,77335,62520,14977,69,24
2021-07-22T23:59:59+02:00,1665,1448,20135,19431,30366,27926,31506,31552,37354,37907,41293,41694,27454,30656,19580,24548,5955,10075,10179,10002,19643,18766,23173,24055,30692,31734,35310,36467,25688,28635,18593,23171,5680,9525,304242,235513,44284,41375,77331,60021,14619,69,24
2021-07-21T23:59:59+02:00,1650,1440,20099,19384,30339,27897,31484,31529,37334,37882,41272,41672,27445,30648,19575,24542,5950,10071,9869,9667,19185,18316,22307,23294,30358,31401,35081,36272,25605,28538,18563,23119,5672,9515,303925,232783,44278,39697,77329,59849,14612,69,21
2021-07-20T23:59:59+02:00,1644,1435,20067,19357,30312,27876,31460,31511,37318,37867,41262,41661,27430,30634,19575,24535,5950,10068,9603,9389,18855,18047,22039,23009,30183,31247,34917,36127,25559,28493,18548,23085,5671,9511,303689,230401,44276,39688,77328,59750,14600,69,21
2021-07-19T23:59:59+02:00,1633,1427,19954,19269,30232,27804,31402,31458,37299,37848,41247,41643,27425,30623,19569,24528,5949,10065,9404,9193,18542,17773,21577,22592,29930,31016,34797,36026,25525,28455,18530,23069,5671,9508,303117,228774,44270,38751,77327,59636,14592,69,21
2021-07-18T23:59:59+02:00,1622,1422,19887,19205,30107,27705,31339,31395,37237,37797,41206,41592,27405,30593,19560,24513,5945,10062,9295,9079,18378,17625,21388,22402,29763,30818,34684,35926,25495,28432,18519,23052,5671,9502,302345,227530,44270,38452,77325,59595,14583,69,21
2021-07-17T23:59:59+02:00,1621,1418,19880,19203,30107,27703,31339,31391,37232,37795,41202,41590,27404,30592,19559,24513,5945,10062,9274,9064,18346,17604,21370,22389,29753,30811,34665,35922,25492,28430,18519,23051,5671,9502,302313,227378,44270,38449,77325,59584,14579,69,21
2021-07-16T23:59:59+02:00,1568,1373,19606,18955,29982,27607,31256,31320,37177,37733,41162,41558,27385,30575,19552,24503,5943,10056,9161,8951,17977,17309,21068,22122,29369,30458,34534,35819,25469,28407,18512,23038,5669,9500,301321,226138,44248,37748,77323,59253,14350,69,19
2021-07-15T23:59:59+02:00,1510,1330,19345,18710,29803,27460,31149,31221,37096,37652,41096,41491,27343,30546,19536,24489,5939,10053,8801,8649,17071,16484,19536,20905,28457,29541,33918,35243,25303,28229,18459,22989,5663,9488,300060,220080,44206,36310,77315,58333,14119,69,19
2021-07-14T23:59:59+02:00,1497,1318,19316,18674,29780,27434,31126,31190,37085,37639,41077,41485,27335,30539,19527,24482,5938,10050,8515,8352,16519,15885,19044,20391,27895,29043,33526,34868,25191,28102,18420,22923,5658,9477,299790,215926,44204,35952,77312,57907,14117,69,19
2021-07-13T23:59:59+02:00,1485,1309,19279,18649,29763,27410,31105,31175,37070,37612,41054,41457,27326,30525,19525,24477,5937,10044,8213,8092,16122,15530,18770,20113,27632,28795,33256,34612,25093,27982,18387,22882,5656,9472,299510,213236,44203,35917,77311,57415,14109,69,19
2021-07-12T23:59:59+02:00,1470,1300,19238,18632,29730,27382,31088,31154,37058,37595,41037,41442,27323,30521,19523,24471,5936,10044,7953,7876,15843,15255,18072,19568,27319,28476,32844,34251,24926,27790,18328,22807,5650,9467,299262,211959,44202,33990,77311,56440,14100,69,19
2021-07-11T23:59:59+02:00,1462,1292,19208,18603,29700,27353,31073,31126,37050,37574,41023,41430,27314,30512,19521,24471,5935,10043,7910,7829,15778,15184,17984,19514,27235,28414,32732,34189,24873,27745,18308,22785,5650,9464,299020,211386,44200,33979,77309,56198,14092,69,19
2021-07-10T23:59:59+02:00,1333,1177,18708,18186,29259,27062,30791,30896,36806,37415,40824,41280,27242,30452,19495,24439,5932,10040,7781,7760,15497,15050,17769,19366,26995,28275,32568,34072,24808,27699,18292,22772,5649,9464,296835,210971,44067,33862,77280,55958,13086,69,19
2021-07-09T23:59:59+02:00,1323,1171,18681,18156,29239,27045,30779,30883,36796,37403,40813,41272,27238,30448,19493,24435,5932,10039,7739,7713,15428,14984,17707,19273,26776,28045,32319,33859,24745,27636,18270,22746,5649,9461,296695,210695,44048,33859,77279,54796,13055,69,19
2021-07-08T23:59:59+02:00,1247,1091,18415,17946,29094,26896,30644,30767,36694,37301,40715,41195,27205,30413,19474,24417,5927,10035,7573,7580,15132,14738,17279,18915,26086,27448,32049,33594,24578,27479,18212,22684,5646,9455,295441,209571,43995,32443,77271,53780,12700,69,19
2021-07-07T23:59:59+02:00,1150,999,18105,17625,28898,26714,30517,30645,36582,37181,40609,41111,27172,30365,19460,24400,5924,10032,7378,7369,14692,14372,16815,18473,25334,26842,31642,33215,24315,27155,18118,22590,5637,9446,293882,206662,43947,31609,77260,52826,12331,69,19
2021-07-06T23:59:59+02:00,1127,983,18028,17561,28854,26665,30467,30599,36546,37146,40575,41079,27155,30340,19449,24387,5922,10029,7162,7137,14349,14016,16467,18124,24589,26196,31343,32951,24125,26941,18070,22519,5630,9439,293312,204610,43944,30206,77259,51936,12328,69,19
2021-07-05T23:59:59+02:00,1084,955,17955,17497,28811,26609,30429,30565,36522,37102,40547,41054,27150,30326,19443,24381,5922,10024,6933,6947,14046,13747,16115,17759,24043,25689,30778,32386,23847,26642,17962,22380,5622,9429,292832,203117,43942,28123,77255,50806,12278,69,19
2021-07-04T23:59:59+02:00,1062,940,17886,17448,28773,26588,30408,30536,36512,37092,40532,41042,27144,30315,19438,24378,5922,10023,6907,6930,13993,13701,16041,17701,23959,25634,30625,32295,23755,26553,17930,22339,5620,9425,292519,202728,43941,28114,77244,50299,12266,69,19
2021-07-03T23:59:59+02:00,646,568,16159,15730,27603,25666,29614,29821,35872,36481,40035,40613,26987,30149,19371,24292,5913,10006,6523,6689,13479,13398,15641,17400,23598,25357,30321,32102,23659,26460,17897,22302,5616,9421,285020,202438,43902,28038,77161,50012,9374,69,19
2021-07-02T23:59:59+02:00,607,530,16029,15585,27442,25520,29535,29761,35842,36454,40016,40600,26981,30139,19368,24289,5913,10006,6475,6618,13405,13297,15553,17270,23455,25174,30168,31937,23466,26250,17808,22224,5614,9418,284119,201756,43902,27880,77159,49127,9368,69,19
2021-07-01T23:59:59+02:00,549,485,15852,15431,27224,25366,29458,29684,35787,36403,39950,40556,26961,30122,19357,24277,5911,10002,6336,6489,13066,13026,15028,16835,22194,24191,29408,31259,23188,25963,17690,22090,5607,9403,282936,198235,43897,26219,77147,47991,9326,69,19
2021-06-30T23:59:59+02:00,519,465,15748,15325,27115,25283,29392,29615,35732,36353,39907,40520,26946,30091,19347,24260,5907,10002,6144,6312,12636,12645,14459,16288,21572,23599,28818,30731,22769,25499,17560,21906,5600,9391,282124,194001,43894,26195,77141,46429,9299,69,19
2021-06-29T23:59:59+02:00,462,415,14988,14658,26854,25062,29298,29516,35653,36272,39839,40473,26926,30068,19340,24247,5907,10000,6032,6188,12380,12382,14065,15892,20785,22980,28236,30182,22322,24976,17408,21731,5592,9381,279628,190863,43893,25688,77133,44719,9255,69,19
2021-06-28T23:59:59+02:00,426,384,14361,14021,26698,24958,29224,29450,35597,36207,39795,40440,26908,30048,19332,24236,5907,9996,5966,6093,12201,12243,13877,15716,20167,22434,27837,29812,21986,24619,17280,21568,5587,9377,277700,189183,43889,25037,77129,43334,9201,69,19
2021-06-27T23:59:59+02:00,349,317,14016,13646,26634,24900,29184,29415,35575,36185,39778,40427,26897,30041,19329,24233,5906,9995,5930,6050,12087,12129,13734,15587,19617,21961,27231,29315,21709,24284,17160,21445,5583,9376,276585,188352,43887,23522,77118,42148,9168,69,19
2021-06-26T23:59:59+02:00,348,317,14005,13635,26618,24889,29178,29409,35570,36184,39775,40426,26896,30040,19329,24233,5906,9995,5925,6047,12075,12126,13728,15583,19604,21950,27186,29280,21564,24155,17120,21389,5582,9374,276514,188326,43885,23518,77118,41669,9167,69,19
2021-06-25T23:59:59+02:00,225,204,12748,12418,25159,23748,28879,29175,35464,36102,39710,40364,26872,30013,19320,24222,5904,9993,5882,6000,11979,12047,13586,15461,19295,21712,26802,28921,21241,23763,16947,21192,5579,9365,270303,187104,43881,23235,77103,40261,9164,69,19
2021-06-24T23:59:59+02:00,161,150,11780,11591,24049,22871,28515,28828,35317,35938,39598,40261,26837,29963,19309,24198,5902,9989,5666,5770,11521,11632,13009,14871,17768,20322,25165,27331,20474,22912,16632,20786,5569,9355,265095,182141,43864,19630,77099,37872,9131,68,19
2021-06-23T23:59:59+02:00,125,125,11420,11269,23552,22502,28270,28586,35140,35812,39509,40174,26807,29937,19301,24161,5900,9978,5593,5657,11310,11417,12711,14520,17377,19914,24418,26567,19684,22164,16440,20534,5561,9339,262496,179793,43858,19018,77094,35334,9052,68,19
2021-06-22T23:59:59+02:00,104,112,11237,11057,23396,22359,28191,28514,35064,35750,39463,40130,26792,29913,19293,24153,5900,9977,5484,5537,11045,11162,12344,14150,16775,19320,23691,25802,19305,21741,16277,20356,5554,9323,261354,176770,43855,18161,77092,33887,9036,68,19
2021-06-21T23:59:59+02:00,91,100,10985,10872,22564,21688,27941,28290,34998,35688,39399,40089,26776,29895,19287,24144,5900,9976,5365,5433,10830,10942,12038,13830,16384,18975,23246,25336,19015,21429,16173,20237,5548,9321,258767,175314,43849,17149,77087,32714,8912,68,19
2021-06-20T23:59:59+02:00,85,99,10921,10782,22318,21473,27684,28093,34918,35610,39354,40045,26767,29881,19285,24140,5898,9973,5324,5379,10745,10843,11943,13730,16189,18792,22976,25098,18914,21323,16120,20179,5542,9317,257490,175010,43847,16091,77086,32464,8835,68,19
2021-06-19T23:59:59+02:00,84,95,10897,10758,22285,21449,27666,28080,34906,35606,39344,40041,26766,29880,19285,24138,5898,9973,5293,5347,10664,10753,11851,13609,16041,18640,22669,24739,18828,21236,16108,20166,5541,9317,257336,174906,43826,14596,77086,32451,8835,68,19
2021-06-18T23:59:59+02:00,81,93,10850,10707,21968,21127,27402,27865,34853,35569,39313,40019,26758,29871,19284,24135,5898,9971,5278,5338,10634,10723,11811,13561,15980,18578,22584,24643,18662,21055,16063,20100,5540,9312,255951,174512,43825,14595,77085,31906,8835,68,19
2021-06-17T23:59:59+02:00,72,85,10272,10280,20697,20172,26543,27134,34485,35244,39060,39831,26694,29790,19264,24099,5891,9967,5080,5199,10258,10470,11370,13162,15300,17969,21223,23338,18209,20570,15900,19929,5536,9297,250199,169240,43807,14023,77074,31101,8432,68,19
2021-06-16T23:59:59+02:00,64,73,9938,9968,20017,19543,25905,26533,34238,35044,38902,39683,26652,29737,19241,24076,5890,9963,4937,5053,9872,10135,10911,12713,14601,17280,20376,22412,17807,20126,15733,19718,5526,9285,246375,165483,43795,12748,77061,30072,8168,68,19
2021-06-15T23:59:59+02:00,49,68,9693,9727,19721,19295,25682,26335,34110,34939,38806,39603,26623,29701,19234,24061,5885,9959,4832,4943,9633,9918,10682,12455,14181,16854,19780,21838,17490,19741,15515,19491,5517,9274,244612,163424,43783,11662,77055,29072,7973,68,18
2021-06-14T23:59:59+02:00,45,63,9560,9602,19422,19035,25507,26192,33990,34860,38745,39564,26606,29681,19228,24050,5885,9956,4751,4881,9445,9779,10509,12319,13920,16640,19464,21545,17326,19586,15414,19359,5516,9270,243418,161973,43781,11660,77051,28404,7674,67,18
2021-06-13T23:59:59+02:00,43,59,9400,9472,19133,18850,25156,25938,33789,34693,38640,39497,26591,29669,19218,24043,5885,9953,4670,4815,9236,9614,10345,12149,13597,16304,19116,21216,17201,19438,15367,19294,5514,9268,241776,161128,43781,11660,77048,26985,7357,67,18
2021-06-12T23:59:59+02:00,43,59,9391,9458,19120,18837,25156,25933,33789,34690,38637,39496,26591,29669,19218,24043,5885,9953,4667,4801,9226,9554,10313,12047,13548,16150,19061,21080,17092,19313,15251,19192,5512,9266,241730,161101,43781,11658,77044,25954,7346,67,18
2021-06-11T23:59:59+02:00,38,55,9234,9276,18887,18626,24357,25261,33612,34537,38504,39384,26558,29636,19208,24020,5885,9948,4590,4686,9009,9299,10054,11754,13028,15603,18091,20190,16906,19117,15211,19148,5509,9263,238822,157102,43780,11657,77041,25369,7316,67,18
2021-06-10T23:59:59+02:00,36,51,8840,8942,18236,18137,23508,24583,33293,34257,38303,39220,26501,29581,19185,23992,5882,9941,4415,4509,8432,8808,9253,11036,11883,14507,16114,18287,16020,18160,14926,18783,5500,9241,235205,147478,43121,11624,77015,23677,7081,66,18
2021-06-09T23:59:59+02:00,19,33,8391,8438,17402,17411,22356,23541,32804,33791,38018,39003,26392,29477,19139,23935,5872,9928,4279,4396,8145,8544,9010,10783,11553,14141,15631,17742,15650,17731,14685,18499,5493,9231,231227,145660,41233,11582,76979,21774,6483,28,18
2021-06-08T23:59:59+02:00,11,21,8073,8123,16931,16994,21938,23176,32559,33598,37856,38873,26348,29437,19129,23912,5869,9923,4159,4314,7891,8290,8706,10438,11198,13794,14991,17044,15197,17209,14424,18222,5488,9213,228503,143966,41201,10465,76970,20064,6069,28,18
2021-06-07T23:59:59+02:00,8,17,7877,7891,16573,16670,21394,22721,32279,33328,37739,38757,26322,29389,19112,23886,5864,9922,4083,4234,7710,8149,8546,10296,11028,13622,14682,16719,15001,16956,14251,18031,5484,9208,226883,142890,40229,10373,76959,19072,5651,27,18
2021-06-06T23:59:59+02:00,6,14,7770,7782,16439,16525,21199,22514,32053,33104,37605,38651,26294,29364,19099,23870,5864,9916,4054,4199,7664,8031,8494,10168,10924,13477,14487,16504,14819,16778,14162,17911,5477,9202,225653,142413,39930,10363,76941,18043,5518,27,18
2021-06-05T23:59:59+02:00,6,14,7748,7768,16410,16498,21192,22511,32043,33098,37603,38650,26293,29364,19098,23869,5864,9916,4045,4160,7649,7966,8480,10035,10910,13306,14469,16399,14782,16723,14153,17901,5477,9201,225544,142332,39930,10363,76940,17443,5504,27,18
2021-06-04T23:59:59+02:00,6,12,7634,7666,16131,16262,20916,22265,31621,32725,37490,38529,26260,29325,19086,23856,5862,9914,4038,4151,7623,7943,8454,10005,10843,13233,14364,16269,14701,16630,14116,17857,5477,9199,223952,141999,39156,10034,76921,17352,5504,27,18
2021-06-03T23:59:59+02:00,4,12,7379,7439,15255,15480,19282,20873,30710,31797,36987,38070,26129,29192,19042,23805,5856,9896,3979,4113,7535,7872,8332,9907,10675,13052,13797,15700,14441,16319,14032,17752,5474,9186,217336,139793,37579,9926,76911,17078,5355,27,18
2021-06-02T23:59:59+02:00,4,12,7244,7295,14870,15052,18850,20472,30241,31343,36761,37806,26065,29128,19022,23776,5853,9894,3949,4083,7471,7786,8244,9816,10535,12921,13352,15270,14318,16136,14005,17715,5471,9181,214251,138008,37148,9833,76910,17046,5352,27,18
2021-06-01T23:59:59+02:00,4,9,6968,7050,14474,14740,18508,20154,29914,31032,36538,37572,26009,29049,18998,23747,5851,9883,3847,3997,7229,7610,8013,9623,10272,12647,12950,14848,13887,15686,13889,17563,5464,9173,211509,135895,37103,9579,76889,16238,4972,27,18
2021-05-31T23:59:59+02:00,4,9,6805,6860,14255,14507,17804,19552,29573,30694,36241,37309,25919,28952,18972,23693,5841,9870,3768,3886,7021,7364,7790,9338,9931,12266,12511,14331,13359,15073,13690,17334,5456,9158,210082,132724,35055,9256,76872,15458,4824,27,18
2021-05-30T23:59:59+02:00,4,9,6782,6845,14209,14469,17727,19493,29523,30656,36210,37286,25907,28940,18969,23687,5840,9868,3725,3812,6873,7158,7642,9108,9727,11956,12255,13985,13238,14904,13622,17252,5453,9151,209787,132007,35043,9155,76818,13936,4749,27,18
2021-05-29T23:59:59+02:00,4,9,6780,6844,14200,14463,17722,19487,29518,30652,36207,37285,25905,28937,18969,23686,5840,9868,3716,3799,6844,7125,7609,9057,9691,11910,12182,13887,13197,14836,13592,17228,5452,9146,209755,131868,35043,9154,76803,13487,4748,27,18
2021-05-28T23:59:59+02:00,4,9,6770,6832,14185,14446,17705,19466,29507,30639,36196,37267,25904,28933,18967,23682,5840,9868,3702,3776,6822,7085,7575,9003,9638,11806,11942,13618,13009,14645,13562,17188,5449,9143,209604,130580,35042,9153,76800,13468,4747,27,18
2021-05-27T23:59:59+02:00,4,9,6679,6751,13917,14229,17220,19119,28829,30097,36037,37136,25858,28899,18952,23668,5839,9862,3577,3616,6535,6834,7199,8697,9140,11248,11234,12723,12459,14077,13432,16996,5442,9131,208528,127071,33602,8824,76758,12240,4190,27,18
2021-05-26T23:59:59+02:00,4,9,6608,6643,13704,14027,16967,18812,28287,29586,35862,36961,25821,28854,18937,23644,5838,9857,3487,3473,6310,6545,6912,8271,8801,10770,10585,11926,11898,13462,13286,16781,5437,9109,206941,123468,32849,8642,76745,11069,3859,27,18
2021-05-25T23:59:59+02:00,4,9,6527,6548,13499,13806,16704,18602,27563,28940,35769,36864,25798,28826,18925,23628,5833,9856,3438,3382,6165,6377,6766,8081,8576,10479,10240,11561,11551,12987,13181,16619,5434,9101,206231,121630,31397,8503,76260,10003,3787,26,18
2021-05-24T23:59:59+02:00,4,9,6457,6451,13322,13606,16482,18319,27153,28515,35423,36466,25741,28758,18906,23605,5832,9854,3424,3360,6107,6295,6721,7998,8517,10384,10167,11464,11378,12755,13134,16528,5426,9081,205700,121007,29176,8458,76253,9511,3748,26,18
2021-05-23T23:59:59+02:00,4,9,6455,6450,13317,13597,16479,18309,27134,28505,35393,36432,25738,28752,18906,23599,5832,9854,3421,3356,6101,6285,6711,7991,8489,10354,10127,11408,11295,12654,13114,16497,5426,9080,205585,121002,29160,8046,76252,9504,3742,26,18
2021-05-22T23:59:59+02:00,4,9,6448,6446,13310,13586,16473,18305,27131,28504,35390,36426,25738,28752,18906,23599,5832,9854,3420,3356,6098,6282,6710,7987,8485,10352,10122,11405,11284,12640,13109,16493,5425,9080,205535,120962,29160,8046,76250,9483,3742,26,18
2021-05-21T23:59:59+02:00,4,9,6388,6386,13158,13480,16300,18154,26862,28328,34962,36159,25713,28716,18898,23593,5831,9850,3411,3346,6065,6261,6680,7953,8446,10303,10069,11355,10770,11928,12970,16334,5422,9075,204847,119210,29035,8043,75212,9449,3671,26,18
2021-05-20T23:59:59+02:00,3,8,6096,6185,12549,13063,15107,17231,24951,26834,34011,35391,25608,28571,18844,23512,5825,9835,3351,3301,5972,6144,6568,7799,8299,10144,9833,11050,10435,11480,12859,16153,5412,9062,200087,117231,27294,7967,72676,9107,3542,25,18
2021-05-19T23:59:59+02:00,3,8,5890,5944,12035,12605,14399,16527,24004,26021,33387,34794,25499,28481,18809,23456,5818,9823,3274,3228,5810,5974,6378,7559,8024,9864,9531,10671,10123,11066,12780,16008,5410,9054,194406,115325,27256,7772,72661,8487,3155,25,18
2021-05-18T23:59:59+02:00,3,7,5720,5835,11634,12283,13776,16028,22848,25071,32722,34188,25383,28346,18763,23406,5813,9814,3231,3200,5700,5868,6217,7401,7819,9654,9338,10434,9956,10818,12636,15788,5401,9045,189454,114198,26751,7704,72617,7796,2793,25,18
2021-05-17T23:59:59+02:00,3,6,5667,5790,11471,12176,13505,15806,22035,24437,32414,33874,25304,28287,18741,23376,5804,9805,3137,3130,5522,5689,6051,7195,7612,9436,9120,10197,9868,10695,12578,15725,5398,9040,187691,113489,26053,7698,72225,6684,2507,25,18
2021-05-16T23:59:59+02:00,3,6,5640,5770,11410,12121,13420,15726,21426,23890,31800,33345,25263,28244,18731,23361,5803,9805,3133,3108,5508,5620,6024,7136,7584,9334,9088,10113,9852,10676,12575,15722,5398,9040,186925,113379,24510,7691,71807,6330,2497,25,17
2021-05-15T23:59:59+02:00,3,6,5631,5761,11377,12112,13391,15716,21353,23819,31264,32971,25252,28239,18730,23358,5802,9804,3119,3093,5489,5578,6010,7061,7544,9219,8853,9859,9819,10645,12541,15671,5398,9039,186876,113374,24498,7553,71161,5968,2029,25,17
2021-05-14T23:59:59+02:00,3,6,5591,5736,11314,12074,13319,15651,20942,23508,30834,32626,25216,28193,18719,23341,5802,9802,3087,3053,5453,5489,5989,6927,7504,9017,8793,9665,9748,10535,12455,15546,5398,9035,186153,113206,24179,7223,70292,5223,2028,25,17
2021-05-13T23:59:59+02:00,3,6,5434,5579,10935,11779,12605,15063,18760,21762,29290,31163,24986,27949,18652,23269,5800,9799,3076,3020,5429,5450,5972,6870,7480,8947,8749,9606,9534,10293,12258,15248,5393,9026,182209,112855,20384,6414,68203,5055,2013,25,17
2021-05-12T23:59:59+02:00,2,6,5405,5552,10863,11721,12504,14975,18638,21638,28927,30799,24895,27854,18635,23240,5799,9794,3076,3016,5423,5444,5962,6856,7456,8932,8710,9552,9350,10064,12028,14928,5390,9019,181261,112575,19748,5555,68200,5049,2013,25,17
2021-05-11T23:59:59+02:00,2,6,5269,5448,10617,11476,12139,14602,18030,21003,27997,29831,24702,27666,18577,23166,5794,9779,3034,2975,5334,5289,5862,6673,7326,8692,8550,9330,9171,9871,11882,14741,5381,9001,177197,111546,18861,5446,68068,4153,1953,25,17
2021-05-10T23:59:59+02:00,2,5,5145,5370,10404,11281,11880,14348,17705,20671,27577,29424,24593,27559,18539,23119,5786,9775,2965,2922,5217,5172,5749,6570,7202,8551,8423,9223,9067,9747,11792,14613,5378,8993,175197,111017,18173,5434,67843,3174,1945,25,17
2021-05-09T23:59:59+02:00,2,5,5072,5322,10305,11168,11781,14230,17365,20390,27187,29051,24507,27473,18510,23083,5783,9772,2897,2891,5071,5129,5574,6527,7034,8522,8295,9188,9055,9737,11774,14593,5378,8993,174803,110941,16898,5424,67350,2349,1930,25,17
2021-05-08T23:59:59+02:00,2,5,5071,5321,10303,11164,11781,14230,17361,20388,27184,29048,24507,27473,18510,23083,5783,9772,2897,2890,5070,5129,5574,6527,7034,8522,8293,9188,9054,9736,11774,14593,5378,8993,174786,110938,16898,5424,67347,2346,1930,25,17
2021-05-07T23:59:59+02:00,2,5,5037,5295,10235,11111,11653,14106,16961,20113,26548,28490,24459,27422,18493,23049,5776,9743,2887,2882,5053,5119,5563,6508,7022,8511,8285,9177,9048,9728,11763,14571,5370,8966,173954,110923,16894,5412,65824,2303,1801,25,17
2021-05-06T23:59:59+02:00,1,5,4767,5134,9773,10767,11093,13590,15876,19093,24143,26204,23961,26898,18387,22946,5771,9729,2845,2838,4986,5044,5523,6417,6939,8392,8155,9028,8948,9618,11739,14521,5367,8963,168934,110386,14446,5356,62945,1777,1790,23,17
2021-05-05T23:59:59+02:00,1,5,4689,5057,9480,10537,10752,13264,15296,18488,23301,25243,23700,26574,18318,22840,5761,9711,2825,2802,4936,4958,5464,6296,6855,8226,8031,8813,8842,9487,11662,14437,5366,8955,165274,109449,13138,5351,62795,1353,1787,23,17
2021-05-04T23:59:59+02:00,1,5,4605,4966,9306,10332,10545,13022,14909,18089,22758,24679,23486,26301,18246,22761,5753,9698,2816,2768,4908,4883,5431,6178,6801,8086,7938,8659,8739,9377,11588,14379,5364,8952,163020,108953,12016,5341,62636,791,1767,23,17
2021-05-03T23:59:59+02:00,1,5,4533,4892,9114,10195,10368,12847,14626,17843,22349,24264,23347,26152,18219,22714,5753,9692,2740,2698,4821,4809,5355,6093,6705,7980,7757,8494,8653,9291,11549,14330,5361,8947,161516,108733,12015,5338,62544,681,816,23,17
2021-05-02T23:59:59+02:00,1,5,4520,4878,9037,10137,10243,12734,14300,17536,22047,23978,23297,26094,18200,22689,5752,9691,2734,2691,4761,4776,5265,6009,6568,7851,7640,8394,8607,9250,11525,14296,5359,8942,160629,108618,12012,5336,62440,664,35,23,17
2021-05-01T23:59:59+02:00,1,5,4520,4876,9035,10136,10242,12734,14297,17533,22045,23978,23296,26093,18200,22689,5752,9691,2734,2691,4761,4776,5265,6009,6567,7851,7640,8394,8607,9250,11525,14296,5359,8942,160613,108618,12012,5335,62440,664,35,23,17
2021-04-30T23:59:59+02:00,0,5,4448,4785,8793,9922,9980,12491,13815,17108,21204,23210,23170,25957,18184,22661,5749,9688,2731,2689,4750,4769,5256,5975,6555,7821,7606,8357,8603,9247,11524,14293,5357,8941,157023,108591,12011,5333,62111,533,2,23,17
2021-04-29T23:59:59+02:00,0,5,4299,4641,8312,9514,9283,11888,12815,16212,19365,21533,22467,25201,18046,22452,5743,9671,2708,2668,4709,4697,5213,5901,6495,7715,7530,8239,8493,9133,11459,14217,5351,8932,147866,108108,11997,5061,61560,274,2,22,17
2021-04-28T23:59:59+02:00,0,5,4266,4622,8241,9440,9207,11802,12697,16093,19148,21319,22379,25109,18018,22411,5741,9666,2705,2657,4683,4637,5186,5857,6465,7642,7482,8157,8476,9109,11443,14195,5350,8926,147487,107918,11907,4989,60747,48,1,22,16
2021-04-27T23:59:59+02:00,0,5,4226,4576,8103,9300,9094,11651,12552,15924,18700,20822,22151,24851,17953,22333,5738,9657,2702,2653,4681,4633,5176,5849,6452,7623,7450,8120,8418,9030,11362,14115,5346,8923,146762,107663,10826,4817,60026,40,1,21,14
2021-04-26T23:59:59+02:00,0,5,4184,4548,7997,9205,8947,11546,12378,15751,18288,20458,22017,24705,17918,22305,5738,9656,2702,2651,4677,4630,5172,5839,6438,7603,7418,8092,8370,8982,11307,14037,5343,8906,145994,107559,10691,4561,58940,35,0,21,14
2021-04-25T23:59:59+02:00,0,5,4170,4533,7961,9175,8883,11484,12244,15621,17943,20128,21817,24468,17878,22250,5734,9651,2702,2651,4676,4629,5170,5835,6433,7600,7416,8088,8314,8923,11284,14009,5343,8905,144615,107538,10680,4394,58629,34,0,21,14
2021-04-24T23:59:59+02:00,0,5,4164,4525,7946,9171,8868,11474,12196,15591,17885,20090,21801,24455,17876,22245,5734,9651,2701,2651,4676,4629,5170,5835,6433,7600,7416,8088,8314,8923,11284,14009,5343,8905,144519,107538,10680,4394,58457,33,0,21,14
2021-04-23T23:59:59+02:00,0,5,4144,4492,7889,9108,8785,11373,11856,15266,17452,19693,21587,24222,17813,22168,5732,9643,2698,2649,4673,4626,5163,5828,6419,7591,7393,8057,8293,8896,11276,14001,5341,8902,143258,107526,10333,4236,57616,32,0,21,14
2021-04-22T23:59:59+02:00,0,5,4095,4427,7757,8916,8600,11114,11529,14847,16538,18709,21017,23516,17679,21988,5723,9624,2689,2643,4668,4606,5140,5802,6377,7555,7324,8011,8160,8741,11134,13849,5337,8893,139526,106909,10208,3983,56330,25,0,20,14
2021-04-21T23:59:59+02:00,0,5,4053,4384,7655,8797,8444,10956,11236,14568,15805,17952,20639,23068,17607,21883,5718,9611,2681,2632,4650,4587,5124,5781,6365,7538,7297,7990,8111,8680,11097,13810,5335,8891,136618,106630,10079,3905,55668,23,0,16,13
2021-04-20T23:59:59+02:00,0,5,4028,4358,7620,8745,8367,10876,11074,14393,15370,17475,20178,22554,17507,21731,5710,9600,2673,2623,4640,4574,5099,5761,6337,7514,7257,7950,8017,8548,11023,13723,5331,8887,134473,106059,9815,3865,55287,22,0,16,13
2021-04-19T23:59:59+02:00,0,5,3997,4308,7558,8641,8275,10737,10917,14212,15117,17181,19700,21990,17341,21517,5699,9588,2668,2622,4634,4570,5086,5746,6318,7497,7231,7906,7964,8494,10997,13677,5328,8882,132412,105725,9461,3862,54894,22,0,16,13
2021-04-18T23:59:59+02:00,0,5,3979,4279,7498,8590,8169,10610,10658,13970,14626,16642,19270,21480,17219,21331,5695,9582,2667,2622,4634,4570,5086,5746,6317,7494,7228,7905,7960,8491,10995,13673,5327,8879,129998,105702,9391,3860,54198,21,0,16,13
2021-04-17T23:59:59+02:00,0,5,3976,4271,7478,8584,8159,10592,10616,13924,14516,16554,19149,21356,17197,21303,5693,9580,2667,2622,4633,4568,5081,5741,6303,7489,7203,7882,7914,8445,10976,13650,5326,8879,129560,105693,9382,3654,53995,21,0,16,13
2021-04-16T23:59:59+02:00,0,5,3965,4228,7406,8462,8056,10434,10422,13663,13847,15794,18581,20713,17072,21128,5682,9563,2664,2619,4628,4563,5077,5729,6286,7478,7165,7847,7608,8058,10885,13512,5318,8863,126717,104903,9322,3365,52966,21,0,16,13
2021-04-15T23:59:59+02:00,0,4,3921,4174,7293,8331,7886,10196,10087,13273,13118,14936,17773,19847,16830,20805,5669,9542,2663,2611,4616,4547,5064,5699,6256,7442,7095,7778,7052,7418,10768,13360,5314,8852,123066,103277,9164,3228,51439,19,0,16,13
2021-04-14T23:59:59+02:00,0,3,3894,4145,7227,8225,7780,10046,9913,13074,12700,14490,17248,19236,16679,20595,5664,9529,2630,2592,4598,4515,5035,5652,6221,7409,7038,7717,6422,6665,10506,13073,5310,8844,121679,100974,8931,3228,49822,14,0,16,13
2021-04-13T23:59:59+02:00,0,3,3891,4139,7190,8209,7723,10013,9805,13022,12327,14198,16559,18390,16443,20294,5660,9523,2606,2565,4578,4490,5010,5618,6162,7341,6949,7616,6210,6416,9937,12425,5302,8825,120989,98806,8713,3220,47671,14,0,16,12
2021-04-12T23:59:59+02:00,0,3,3877,4121,7137,8163,7667,9944,9697,12920,12080,13985,16116,17873,16256,20080,5655,9520,2577,2554,4512,4448,4903,5549,6048,7265,6831,7517,5467,5597,9489,11889,5262,8783,120654,95455,8677,3212,45747,14,0,16,12
2021-04-11T23:59:59+02:00,0,3,3864,4113,7096,8111,7608,9900,9604,12842,11842,13778,15552,17185,15981,19739,5650,9510,2501,2471,4383,4326,4748,5416,5885,7113,6679,7411,5165,5236,9358,11730,5262,8779,120068,93277,8249,3163,44045,13,0,16,12
2021-04-10T23:59:59+02:00,0,3,3846,4094,7057,8064,7564,9844,9544,12783,11750,13693,15335,16994,15932,19671,5649,9503,1942,1904,3564,3605,3874,4651,4880,6193,5824,6626,4892,4930,9230,11577,5256,8770,119604,84532,8249,3163,43457,13,0,16,12
2021-04-09T23:59:59+02:00,0,3,3826,4074,7019,8035,7500,9788,9391,12655,11423,13408,14153,15464,15491,19140,5637,9493,1083,1077,2208,2414,2367,3280,3095,4552,4206,5164,4210,4198,8983,11224,5232,8741,117710,68851,8247,3160,40527,13,0,16,12
2021-04-08T23:59:59+02:00,0,3,3800,4058,6958,7982,7397,9694,9205,12536,11019,13054,13021,14210,15082,18619,5618,9463,582,588,1290,1709,1461,2348,1995,3469,2823,3778,2968,2800,8184,10250,5092,8521,116469,54680,8166,3157,37068,11,0,16,12
2021-04-07T23:59:59+02:00,0,3,3753,4033,6880,7928,7304,9624,9077,12407,10709,12746,12294,13439,14865,18354,5612,9444,351,371,939,1364,1056,1962,1485,3006,1879,2771,1786,1514,7281,9112,4938,8262,115507,44902,8015,3157,34935,8,0,15,12
2021-04-06T23:59:59+02:00,0,3,3737,4021,6858,7890,7249,9557,8984,12327,10498,12528,11909,12944,14644,18056,5601,9430,344,357,931,1354,1041,1941,1458,2978,1820,2712,1707,1448,6873,8560,4788,8025,114227,43164,7916,3156,34080,7,0,13,12
2021-04-05T23:59:59+02:00,0,3,3732,4020,6847,7878,7237,9547,8965,12299,10434,12469,11798,12799,14546,17964,5599,9427,342,351,920,1350,1035,1933,1448,2958,1799,2678,1654,1395,6647,8258,4666,7843,113892,42105,7895,3155,33764,7,0,13,12
2021-04-04T23:59:59+02:00,0,3,3732,4020,6845,7872,7236,9546,8962,12299,10424,12464,11795,12795,14543,17963,5599,9427,342,350,918,1350,1034,1931,1447,2957,1797,2675,1651,1390,6640,8245,4661,7840,113887,42057,7894,3154,33731,7,0,13,12
2021-04-03T23:59:59+02:00,0,3,3732,4020,6845,7871,7235,9546,8962,12299,10423,12464,11795,12794,14541,17961,5599,9427,342,349,916,1346,1032,1930,1446,2952,1795,2675,1646,1378,6597,8164,4626,7805,113883,41828,7894,3154,33727,7,0,13,12
2021-04-02T23:59:59+02:00,0,3,3730,4018,6843,7868,7229,9540,8950,12292,10407,12448,11668,12680,14498,17904,5595,9419,340,347,914,1339,1026,1919,1431,2927,1755,2636,1551,1292,5835,7266,4194,7243,113760,39166,7889,2832,33430,7,0,13,12
2021-04-01T23:59:59+02:00,0,2,3691,4006,6809,7846,7187,9509,8898,12253,10336,12378,11328,12273,14125,17395,5591,9406,335,344,898,1324,1014,1900,1399,2881,1696,2572,1428,1199,4905,6163,3644,6422,113377,35280,6487,2827,33156,7,0,13,12
2021-03-31T23:59:59+02:00,0,2,3685,4002,6794,7827,7170,9491,8863,12221,10248,12306,10998,11868,13781,16902,5585,9385,332,341,890,1316,1004,1885,1379,2853,1646,2537,1363,1147,4333,5498,3297,5964,112804,33014,5490,2754,32821,7,0,13,12
2021-03-30T23:59:59+02:00,0,2,3667,3978,6758,7788,7113,9424,8774,12117,10086,12151,10740,11591,13558,16636,5579,9371,328,334,884,1306,997,1879,1356,2847,1618,2511,1336,1121,4215,5376,3237,5872,111983,32642,5240,2558,32097,7,0,13,12
2021-03-29T23:59:59+02:00,0,2,3658,3956,6732,7766,7073,9371,8678,12022,9904,11944,10308,11123,13185,16170,5562,9338,323,330,880,1296,991,1871,1348,2836,1602,2502,1311,1107,4082,5233,3140,5741,110311,32025,4932,2552,31536,6,0,13,12
2021-03-28T23:59:59+02:00,0,2,3616,3901,6617,7609,6956,9230,8551,11829,9752,11754,10097,10863,13009,15984,5557,9328,323,330,880,1296,989,1870,1347,2836,1601,2500,1302,1104,4049,5191,3114,5716,109938,31983,4668,2450,30036,5,0,13,12
2021-03-27T23:59:59+01:00,0,2,3615,3890,6605,7544,6927,9116,8501,11658,9700,11600,9983,10740,12915,15896,5556,9328,323,329,880,1296,989,1867,1347,2834,1597,2499,1300,1102,4023,5156,3101,5701,109929,31880,4668,2449,28966,5,0,13,12
2021-03-26T23:59:59+01:00,0,2,3609,3882,6577,7507,6898,9043,8453,11546,9609,11472,9934,10677,12869,15842,5549,9308,318,327,879,1293,985,1855,1344,2813,1576,2486,1275,1086,3843,4935,2995,5548,109873,31135,4448,2408,28443,5,0,13,12
2021-03-25T23:59:59+01:00,0,2,3586,3851,6486,7380,6806,8879,8262,11314,9300,11156,9556,10295,12566,15527,5544,9299,318,326,877,1285,982,1844,1331,2800,1552,2467,1249,1067,3610,4693,2745,5214,109500,29938,4241,2408,26055,4,0,13,12
2021-03-24T23:59:59+01:00,0,2,3531,3800,6398,7194,6686,8653,8095,11079,9075,10831,9141,9808,12149,15068,5533,9289,318,325,876,1282,977,1842,1323,2796,1536,2451,1241,1057,3544,4620,2564,4993,108989,29326,4104,2408,23226,1,0,13,12
2021-03-23T23:59:59+01:00,0,2,3513,3767,6349,7138,6610,8594,7977,10950,8827,10598,8721,9339,11698,14549,5524,9274,318,325,875,1272,972,1833,1318,2787,1532,2444,1217,1032,3452,4544,2372,4676,108176,28550,4011,2408,21230,1,0,13,12
2021-03-22T23:59:59+01:00,0,2,3505,3747,6306,7109,6576,8547,7911,10874,8678,10462,8441,8986,11395,14224,5488,9235,316,320,869,1262,964,1826,1311,2776,1523,2434,1205,1023,3424,4509,2353,4643,107505,28340,4008,2407,19960,1,0,13,12
2021-03-21T23:59:59+01:00,0,2,3503,3745,6302,7098,6559,8531,7892,10855,8622,10405,8322,8869,11325,14122,5486,9232,314,319,860,1259,957,1819,1302,2774,1519,2430,1201,1020,3415,4494,2339,4634,107420,28238,4007,2407,19430,1,0,13,12
2021-03-20T23:59:59+01:00,0,2,3495,3707,6294,7026,6544,8394,7867,10671,8578,10269,8244,8783,11287,14083,5486,9232,314,319,860,1259,957,1819,1301,2774,1519,2428,1201,1020,3415,4493,2339,4633,107387,28234,3795,2406,18767,1,0,13,12
2021-03-19T23:59:59+01:00,0,2,3482,3677,6268,6943,6520,8301,7821,10554,8464,10108,7707,8177,11103,13842,5476,9214,311,318,855,1252,940,1809,1278,2743,1469,2383,1117,953,2752,3705,1928,4064,105775,25460,3495,2406,18376,1,0,13,12
2021-03-18T23:59:59+01:00,0,2,3471,3659,6227,6902,6487,8239,7758,10469,8349,9979,6752,7084,10824,13542,5466,9189,310,318,852,1247,934,1800,1259,2735,1444,2364,1080,936,2545,3466,1772,3843,102763,24488,3338,2406,18285,1,0,13,12
2021-03-17T23:59:59+01:00,0,2,3434,3621,6156,6818,6434,8136,7668,10341,8219,9821,6072,6244,10538,13239,5449,9163,309,318,845,1243,930,1788,1245,2713,1426,2339,1044,914,2426,3341,1693,3734,99998,23891,3337,2406,18007,1,0,13,12
2021-03-16T23:59:59+01:00,0,2,3416,3592,6117,6765,6389,8063,7615,10277,8129,9720,5895,6069,9843,12456,5410,9100,302,308,831,1227,918,1779,1239,2694,1413,2331,1030,895,2213,3103,1560,3540,97776,22968,3327,2404,17742,1,0,13,12
2021-03-15T23:59:59+01:00,0,2,3379,3560,6021,6686,6260,7971,7473,10158,8000,9595,5143,5236,9400,11908,5367,9030,301,307,828,1223,917,1772,1237,2681,1404,2322,1017,883,2071,2930,1474,3447,94268,22400,3320,2403,17588,1,0,13,12
2021-03-14T23:59:59+01:00,0,2,3254,3413,5743,6340,5984,7610,7159,9744,7715,9280,4810,4845,9243,11711,5363,9020,301,306,828,1223,916,1772,1235,2680,1402,2319,1015,881,2068,2927,1471,3446,91874,22379,3265,2400,16084,1,0,13,12
2021-03-13T23:59:59+01:00,0,2,2600,2751,4802,5472,4966,6681,5964,8626,6700,8337,4497,4462,8860,11192,5273,8912,301,306,827,1221,916,1767,1232,2678,1401,2319,1015,880,2044,2891,1441,3411,81187,22239,3265,2400,15632,1,0,13,12
2021-03-12T23:59:59+01:00,0,2,1774,1930,3465,4322,3460,5347,4217,6987,5066,6831,3831,3759,7613,9645,4773,8233,297,303,825,1217,910,1760,1224,2659,1375,2302,969,855,1696,2429,1173,3060,62377,20643,3262,2400,15603,1,0,13,12
2021-03-11T23:59:59+01:00,0,2,1274,1453,2561,3583,2556,4408,3124,5898,3704,5447,2656,2482,5919,7535,4010,7059,292,294,809,1208,897,1737,1206,2630,1350,2256,932,835,1539,2200,1050,2872,45099,19697,3260,2400,15299,1,0,13,11
2021-03-10T23:59:59+01:00,0,2,1050,1235,2194,3223,2182,4017,2673,5457,2801,4480,1528,1285,4571,5818,3455,6291,282,284,791,1189,875,1701,1172,2557,1311,2190,907,815,1360,2010,954,2699,34092,18794,3260,2293,14897,1,0,13,11
2021-03-09T23:59:59+01:00,0,2,1034,1208,2128,3082,2117,3902,2588,5323,2717,4354,1494,1255,4496,5745,3416,6234,278,277,777,1168,858,1674,1147,2517,1293,2162,892,803,1283,1886,883,2589,33687,18228,3257,2249,14138,1,0,13,11
2021-03-08T23:59:59+01:00,0,2,1012,1177,2071,2983,2077,3820,2529,5210,2661,4282,1456,1235,4350,5587,3315,6093,278,273,772,1160,856,1665,1139,2509,1286,2146,868,782,1117,1661,760,2425,32998,17442,3257,2245,13592,1,0,13,11
2021-03-07T23:59:59+01:00,0,2,1007,1158,2031,2940,2035,3779,2489,5145,2620,4245,1451,1232,4343,5579,3313,6093,278,273,772,1160,856,1665,1139,2509,1285,2146,865,782,1108,1651,752,2414,32968,17442,3251,2204,13230,0,0,13,11
2021-03-06T23:59:59+01:00,0,2,1007,1154,2020,2926,2023,3760,2473,5118,2602,4224,1438,1222,4309,5535,3299,6081,278,273,772,1160,856,1664,1139,2509,1285,2146,865,782,1108,1651,752,2413,32824,17441,3250,2203,13106,0,0,13,11
2021-03-05T23:59:59+01:00,0,2,1003,1150,2005,2906,1993,3737,2430,5066,2549,4187,1402,1194,4043,5210,3149,5860,277,270,765,1153,850,1656,1136,2500,1282,2136,851,778,1100,1642,751,2411,32085,17346,2919,2203,12869,0,0,13,11
2021-03-04T23:59:59+01:00,0,2,909,1003,1917,2778,1925,3600,2354,4912,2459,4029,1372,1173,3803,4951,2885,5511,277,268,763,1148,848,1648,1135,2489,1278,2128,820,764,1089,1631,744,2399,30839,17240,2915,2180,11816,0,0,13,11
2021-03-03T23:59:59+01:00,0,2,863,896,1852,2682,1854,3495,2285,4796,2385,3945,1360,1160,3693,4846,2663,5239,276,266,762,1139,845,1630,1129,2447,1268,2102,803,760,1081,1613,737,2392,30167,17214,2798,2027,11038,0,0,13,11
2021-03-02T23:59:59+01:00,0,2,818,821,1755,2558,1769,3371,2193,4672,2325,3867,1325,1138,3564,4711,2460,4893,276,265,761,1133,842,1627,1125,2442,1264,2092,801,758,1067,1592,726,2373,29443,17109,2609,2026,10177,0,0,13,11
2021-03-01T23:59:59+01:00,0,2,795,782,1655,2414,1698,3227,2093,4500,2245,3746,1307,1126,3513,4648,2416,4831,276,264,757,1129,841,1615,1121,2430,1259,2082,795,756,1062,1581,719,2366,29190,17018,2525,2026,9270,0,0,13,11
2021-02-28T23:59:59+01:00,0,2,789,759,1636,2348,1671,3155,2070,4400,2231,3679,1301,1120,3503,4634,2402,4821,275,263,757,1128,841,1610,1121,2428,1259,2077,792,754,1054,1568,715,2356,29084,16996,2523,1993,8901,0,0,13,11
2021-02-27T23:59:59+01:00,0,2,774,742,1614,2288,1654,3044,2051,4274,2210,3583,1298,1117,3503,4632,2401,4820,275,263,757,1128,841,1609,1121,2428,1259,2076,792,754,1054,1568,714,2354,29080,16994,2522,1990,8392,0,0,13,11
2021-02-26T23:59:59+01:00,0,2,646,661,1509,2175,1602,2885,1988,4037,2109,3347,1208,1046,2853,3839,1975,4238,275,263,756,1126,840,1608,1121,2426,1257,2073,790,749,1036,1555,704,2338,26291,16920,2522,1988,7294,0,0,13,11
2021-02-25T23:59:59+01:00,0,2,496,581,1390,2073,1535,2757,1927,3909,2009,3236,1159,1014,2623,3569,1811,3995,258,248,731,1102,798,1539,1074,2328,1183,1981,733,728,1004,1518,692,2310,25226,16827,2495,1391,6352,0,0,13,11
2021-02-24T23:59:59+01:00,0,2,466,550,1321,1960,1462,2613,1857,3756,1932,3087,1121,984,2484,3432,1732,3876,229,235,704,1057,772,1477,1045,2268,1129,1931,706,705,958,1489,681,2280,24575,16641,2484,1016,5563,0,0,13,11
2021-02-23T23:59:59+01:00,0,2,410,510,1239,1820,1388,2467,1780,3545,1861,2965,1096,950,2281,3204,1607,3690,224,229,689,1034,761,1438,1023,2225,1104,1890,697,693,949,1475,678,2276,23654,16556,2474,820,4674,0,0,13,11
2021-02-22T23:59:59+01:00,0,2,397,477,1140,1709,1286,2370,1671,3439,1780,2894,1075,937,2140,3032,1522,3595,213,220,667,983,730,1375,998,2131,1060,1809,654,661,880,1399,642,2220,23082,16368,2470,265,3901,0,0,13,11
2021-02-21T23:59:59+01:00,0,2,378,461,1039,1677,1134,2346,1516,3416,1677,2876,1067,935,2139,3031,1522,3595,186,214,636,975,719,1367,984,2126,1055,1807,651,658,877,1395,634,2213,23053,16237,2470,251,3275,0,0,13,11
2021-02-20T23:59:59+01:00,0,2,378,459,1038,1677,1133,2346,1514,3414,1677,2874,1067,934,2138,3031,1521,3594,185,212,633,975,716,1366,978,2123,1053,1807,651,658,877,1395,634,2213,23046,16216,2469,251,3269,0,0,13,11
2021-02-19T23:59:59+01:00,0,2,373,450,1026,1673,1123,2336,1501,3396,1645,2859,1017,906,1767,2524,1224,3212,164,202,607,971,698,1358,961,2121,1047,1805,648,657,875,1395,633,2212,21307,16094,2469,251,3245,0,0,13,11
2021-02-18T23:59:59+01:00,0,2,353,430,986,1591,1085,2249,1448,3278,1604,2769,987,883,1594,2281,1095,3008,144,191,568,960,678,1346,927,2105,1023,1785,637,638,854,1367,619,2191,20327,15773,2469,251,2834,0,0,13,11
2021-02-17T23:59:59+01:00,0,2,330,377,902,1448,978,2049,1314,3024,1492,2549,950,853,1405,2069,994,2831,138,184,556,929,652,1295,894,2027,973,1709,603,606,847,1341,614,2172,19254,15280,2469,251,1831,0,0,13,11
2021-02-16T23:59:59+01:00,0,2,324,338,858,1310,926,1861,1253,2799,1426,2388,938,836,1342,1973,927,2735,132,171,542,886,637,1241,866,1964,943,1667,593,596,825,1310,601,2112,18883,14962,2468,115,872,0,0,13,11
2021-02-15T23:59:59+01:00,0,2,308,298,830,1279,909,1805,1213,2715,1388,2332,910,804,1165,1741,798,2559,123,163,521,858,619,1179,842,1891,920,1590,572,559,807,1273,592,2070,17972,14495,2467,75,604,0,0,13,11
2021-02-14T23:59:59+01:00,0,2,308,298,829,1279,908,1805,1211,2715,1388,2332,910,804,1165,1741,798,2559,123,163,520,851,615,1174,836,1885,916,1587,571,559,805,1272,591,2067,17971,14451,2467,75,601,0,0,13,11
2021-02-13T23:59:59+01:00,0,2,308,298,829,1279,908,1802,1211,2713,1388,2330,910,804,1165,1741,798,2559,123,163,520,851,615,1174,834,1882,914,1583,569,559,790,1252,579,2051,17964,14449,2467,1,601,0,0,13,11
2021-02-12T23:59:59+01:00,0,2,304,297,819,1274,904,1772,1205,2685,1360,2301,908,802,1164,1738,798,2559,123,163,518,848,614,1167,828,1870,908,1570,566,557,776,1241,573,2038,17955,14350,2467,1,457,0,0,13,11
2021-02-11T23:59:59+01:00,0,2,285,288,804,1239,898,1738,1189,2619,1338,2246,873,789,1153,1726,797,2549,121,149,500,807,592,1102,794,1770,885,1510,552,543,752,1206,559,2006,17842,13839,2466,0,212,0,0,13,11
2021-02-10T23:59:59+01:00,0,2,282,282,785,1201,885,1708,1177,2573,1323,2204,868,787,1138,1710,792,2533,117,140,433,723,547,1009,716,1645,827,1426,537,527,738,1186,549,1978,17818,13100,2361,0,58,0,0,13,0
2021-02-09T23:59:59+01:00,0,2,282,279,781,1187,874,1691,1163,2554,1309,2180,853,782,1124,1693,781,2517,100,121,378,636,495,879,637,1446,738,1238,485,449,617,1024,481,1738,17721,11464,2315,0,3,0,0,13,0
2021-02-08T23:59:59+01:00,0,2,282,278,779,1182,874,1684,1161,2550,1303,2172,847,779,1108,1671,764,2496,90,99,334,544,443,780,548,1239,632,1073,410,375,535,837,388,1432,17606,9761,2312,0,1,0,0,13,0
2021-02-07T23:59:59+01:00,0,2,281,277,777,1181,873,1684,1161,2549,1303,2169,841,777,1106,1668,763,2494,88,98,332,539,441,776,546,1230,628,1067,405,370,514,814,382,1418,17581,9650,2312,0,0,0,0,13,0
2021-02-06T23:59:59+01:00,0,2,281,276,777,1180,873,1683,1161,2549,1303,2168,840,776,1104,1662,762,2492,88,97,332,536,440,775,545,1226,626,1066,401,365,466,745,354,1373,17565,9437,2311,0,0,0,0,13,0
2021-02-05T23:59:59+01:00,0,2,281,276,777,1179,872,1682,1160,2548,1302,2165,833,770,1081,1652,755,2476,82,95,324,530,424,757,519,1192,597,1024,378,338,446,722,340,1333,17487,9102,2311,0,0,0,0,13,0
2021-02-04T23:59:59+01:00,0,2,278,269,774,1158,860,1660,1147,2520,1288,2141,811,757,1053,1622,748,2460,68,77,254,409,329,591,402,964,484,822,305,274,335,578,277,1114,17247,7283,2288,0,0,0,0,13,0
2021-02-03T23:59:59+01:00,0,2,277,264,770,1137,858,1634,1140,2470,1275,2111,792,743,1036,1599,739,2446,54,54,168,280,255,440,282,714,360,583,209,194,237,425,194,837,17151,5286,2129,0,0,0,0,13,0
2021-02-02T23:59:59+01:00,0,2,276,259,766,1129,852,1612,1131,2446,1263,2094,788,736,1027,1588,737,2438,35,34,91,139,147,251,171,447,232,366,135,124,160,256,136,539,17002,3263,2129,0,0,0,0,13,0
2021-02-01T23:59:59+01:00,0,2,274,256,761,1110,844,1591,1126,2417,1259,2061,780,723,1020,1578,733,2425,11,12,14,26,25,62,44,88,69,101,49,45,57,74,39,178,16819,894,2129,0,0,0,0,12,0
2021-01-31T23:59:59+01:00,0,2,268,254,745,1108,836,1580,1116,2406,1248,2052,774,717,1010,1561,726,2412,10,12,13,25,23,59,38,83,62,93,46,45,53,67,36,165,16784,830,2019,0,0,0,0,12,0
2021-01-30T23:59:59+01:00,0,2,268,254,745,1107,835,1580,1116,2406,1248,2052,773,717,1010,1560,725,2410,10,10,13,25,23,59,38,83,61,91,45,44,52,67,36,164,16780,821,2016,0,0,0,0,12,0
2021-01-29T23:59:59+01:00,0,2,268,254,745,1106,835,1580,1116,2406,1248,2051,772,716,1009,1558,725,2408,9,5,12,24,23,58,36,81,60,91,44,43,52,67,36,164,16773,805,2014,0,0,0,0,12,0
2021-01-28T23:59:59+01:00,0,2,264,249,733,1081,800,1525,1079,2346,1171,1993,731,702,980,1538,709,2386,4,0,3,6,9,23,18,36,20,45,21,22,23,45,15,97,16594,387,1683,0,0,0,0,12,0
2021-01-27T23:59:59+01:00,0,2,258,242,710,1049,752,1470,1022,2265,1098,1912,696,675,966,1517,706,2379,3,0,3,4,6,19,14,22,13,32,6,9,10,10,4,27,16146,182,1561,0,0,0,0,12,0
2021-01-26T23:59:59+01:00,0,2,234,233,693,1025,744,1420,1002,2191,1071,1847,684,661,943,1501,696,2360,3,0,1,4,5,9,12,12,6,11,3,5,6,7,1,16,16095,101,1200,0,0,0,0,12,0
2021-01-25T23:59:59+01:00,0,2,202,218,641,951,692,1297,960,2045,1013,1712,636,606,866,1406,653,2287,3,0,1,4,5,9,12,12,6,11,3,5,6,7,1,16,15869,101,306,0,0,0,0,12,0
2021-01-24T23:59:59+01:00,0,2,185,212,615,939,673,1283,942,2029,998,1702,629,600,856,1386,644,2274,3,0,1,4,5,9,11,12,5,11,3,5,6,7,1,16,15696,99,261,0,0,0,0,12,0
2021-01-23T23:59:59+01:00,0,2,185,212,615,939,673,1283,942,2029,998,1702,629,600,856,1386,644,2274,3,0,1,4,5,9,9,12,5,11,3,5,6,7,1,16,15696,97,261,0,0,0,0,12,0
2021-01-22T23:59:59+01:00,0,2,138,194,557,929,655,1269,908,2019,987,1691,624,599,855,1386,644,2274,3,0,0,4,5,9,9,12,5,11,3,5,6,7,1,16,15458,96,261,0,0,0,0,12,0
2021-01-21T23:59:59+01:00,0,2,133,186,542,906,634,1228,875,1965,965,1643,613,578,843,1355,637,2255,3,0,0,4,4,9,9,12,5,11,3,5,6,7,1,15,15087,94,261,0,0,0,0,12,0
2021-01-20T23:59:59+01:00,0,2,128,170,495,840,611,1152,812,1855,928,1572,592,561,825,1332,627,2227,3,0,0,4,4,9,9,12,5,11,3,5,6,7,1,15,14458,94,259,0,0,0,0,12,0
2021-01-19T23:59:59+01:00,0,2,115,150,422,753,545,1022,727,1656,823,1407,546,507,723,1173,554,1978,3,0,0,4,4,8,9,12,5,11,3,5,6,7,1,15,12899,93,192,0,0,0,0,12,0
2021-01-18T23:59:59+01:00,0,2,97,118,353,600,454,850,597,1395,697,1201,478,441,639,1016,487,1711,1,0,0,1,0,0,0,0,0,0,0,0,0,1,0,0,11042,3,82,0,0,0,0,12,0
2021-01-17T23:59:59+01:00,0,2,93,116,349,595,453,845,595,1376,689,1191,473,432,612,987,471,1670,1,0,0,1,0,0,0,0,0,0,0,0,0,1,0,0,10855,3,82,0,0,0,0,12,0
2021-01-16T23:59:59+01:00,0,2,93,113,347,587,450,840,584,1363,678,1179,458,418,517,861,410,1573,0,0,0,1,0,0,0,0,0,0,0,0,0,0,0,0,10458,1,3,0,0,0,0,12,0
2021-01-15T23:59:59+01:00,0,2,92,111,342,585,444,835,578,1356,661,1163,442,400,509,849,402,1550,0,0,0,0,0,0,0,0,0,0,0,0,0,0,0,0,10308,0,1,0,0,0,0,12,0
2021-01-14T23:59:59+01:00,0,0,75,89,285,483,366,672,461,1102,541,981,363,320,399,695,332,1320,0,0,0,0,0,0,0,0,0,0,0,0,0,0,0,0,8472,0,0,0,0,0,0,12,0
2021-01-13T23:59:59+01:00,0,0,61,66,201,365,290,499,347,820,415,700,253,224,291,520,250,1014,0,0,0,0,0,0,0,0,0,0,0,0,0,0,0,0,6305,0,0,0,0,0,0,11,0
2021-01-12T23:59:59+01:00,0,0,40,43,121,216,177,309,206,527,276,433,159,142,186,337,171,682,0,0,0,0,0,0,0,0,0,0,0,0,0,0,0,0,4025,0,0,0,0,0,0,0,0
2021-01-11T23:59:59+01:00,0,0,11,14,41,57,41,90,59,119,91,128,65,58,83,103,49,223,0,0,0,0,0,0,0,0,0,0,0,0,0,0,0,0,1232,0,0,0,0,0,0,0,0
2021-01-10T23:59:59+01:00,0,0,11,14,29,47,34,72,50,110,78,118,57,54,77,93,46,209,0,0,0,0,0,0,0,0,0,0,0,0,0,0,0,0,1099,0,0,0,0,0,0,0,0
2021-01-09T23:59:59+01:00,0,0,11,13,26,46,34,72,49,109,76,115,56,53,76,92,45,208,0,0,0,0,0,0,0,0,0,0,0,0,0,0,0,0,1081,0,0,0,0,0,0,0,0
2021-01-08T23:59:59+01:00,0,0,7,6,26,41,32,69,46,107,75,114,53,49,71,87,41,208,0,0,0,0,0,0,0,0,0,0,0,0,0,0,0,0,1032,0,0,0,0,0,0,0,0
2021-01-07T23:59:59+01:00,0,0,5,1,9,20,15,36,28,77,33,77,32,27,47,74,28,162,0,0,0,0,0,0,0,0,0,0,0,0,0,0,0,0,671,0,0,0,0,0,0,0,0
2021-01-06T23:59:59+01:00,0,0,5,0,4,8,10,28,25,43,19,47,26,24,34,51,19,120,0,0,0,0,0,0,0,0,0,0,0,0,0,0,0,0,463,0,0,0,0,0,0,0,0
2021-01-05T23:59:59+01:00,0,0,5,0,4,8,10,28,25,43,19,47,26,24,34,50,19,120,0,0,0,0,0,0,0,0,0,0,0,0,0,0,0,0,462,0,0,0,0,0,0,0,0
2021-01-04T23:59:59+01:00,0,0,4,0,1,3,4,9,13,12,5,11,3,5,6,8,1,17,0,0,0,0,0,0,0,0,0,0,0,0,0,0,0,0,102,0,0,0,0,0,0,0,0
2021-01-03T23:59:59+01:00,0,0,3,0,1,3,4,9,12,12,5,11,3,5,6,8,1,16,0,0,0,0,0,0,0,0,0,0,0,0,0,0,0,0,99,0,0,0,0,0,0,0,0
2021-01-02T23:59:59+01:00,0,0,3,0,1,3,4,9,10,12,5,11,3,5,6,8,1,16,0,0,0,0,0,0,0,0,0,0,0,0,0,0,0,0,97,0,0,0,0,0,0,0,0
2021-01-01T23:59:59+01:00,0,0,3,0,0,3,4,9,10,12,5,11,3,5,6,7,1,16,0,0,0,0,0,0,0,0,0,0,0,0,0,0,0,0,95,0,0,0,0,0,0,0,0
2020-12-31T23:59:59+01:00,0,0,3,0,0,3,4,9,9,12,5,11,3,5,6,7,1,16,0,0,0,0,0,0,0,0,0,0,0,0,0,0,0,0,94,0,0,0,0,0,0,0,0
2020-12-30T23:59:59+01:00,0,0,3,0,0,3,4,9,9,12,5,11,3,5,6,7,1,16,0,0,0,0,0,0,0,0,0,0,0,0,0,0,0,0,94,0,0,0,0,0,0,0,0
2020-12-29T23:59:59+01:00,0,0,3,0,0,3,4,8,9,12,5,11,3,5,6,7,1,16,0,0,0,0,0,0,0,0,0,0,0,0,0,0,0,0,93,0,0,0,0,0,0,0,0
2020-12-28T23:59:59+01:00,0,0,3,0,0,3,4,8,9,12,5,11,3,5,6,7,1,16,0,0,0,0,0,0,0,0,0,0,0,0,0,0,0,0,93,0,0,0,0,0,0,0,0
2020-12-27T23:59:59+01:00,0,0,1,0,0,0,0,0,0,0,0,0,0,0,1,3,0,7,0,0,0,0,0,0,0,0,0,0,0,0,0,0,0,0,12,0,0,0,0,0,0,0,0
