Datum,<15_m,<15_w,15-24_1_m,15-24_1_w,25-34_1_m,25-34_1_w,35-44_1_m,35-44_1_w,45-54_1_m,45-54_1_w,55-64_1_m,55-64_1_w,65-74_1_m,65-74_1_w,75-84_1_m,75-84_1_w,>84_1_m,>84_1_w,<24_2_m,<24_2_w,25-34_2_m,25-34_2_w,35-44_2_m,35-44_2_w,45-54_2_m,45-54_2_w,55-64_2_m,55-64_2_w,65-74_2_m,65-74_2_w,75-84_2_m,75-84_2_w,>84_2_m,>84_2_w,bp_1,bp_2,mo_1,mo_2,az_1,az_2,ja,unb_1,unb_2
2021-10-21T23:59:59+02:00,4053,3780,25968,24896,35128,32475,34853,34794,40213,40546,43627,43669,28449,31679,20262,25392,6353,10713,23506,22523,32730,29891,32904,32612,38172,38200,41575,41665,27455,30522,19568,24437,6081,10159,342375,321758,45658,44013,77576,71273,21185,61,36
2021-10-20T23:59:59+02:00,4044,3765,25940,24867,35082,32433,34820,34764,40192,40528,43610,43658,28444,31674,20260,25388,6348,10711,23468,22484,32689,29858,32878,32584,38148,38172,41554,41644,27441,30510,19558,24426,6079,10157,342069,321374,45654,43999,77576,71273,21173,61,36
2021-10-19T23:59:59+02:00,4026,3740,25873,24824,35034,32387,34785,34728,40161,40501,43590,43644,28440,31667,20253,25381,6344,10710,23350,22376,32611,29792,32838,32541,38121,38127,41525,41623,27428,30495,19550,24419,6074,10153,341680,320603,45631,43959,77576,71272,21145,61,36
2021-10-18T23:59:59+02:00,4018,3723,25833,24799,35008,32354,34768,34713,40144,40486,43580,43630,28433,31660,20243,25374,6343,10710,23305,22338,32579,29749,32815,32507,38096,38107,41505,41601,27421,30488,19543,24410,6071,10149,341431,320247,45624,43942,77576,71272,21132,61,36
2021-10-17T23:59:59+02:00,4011,3711,25817,24793,34995,32344,34759,34708,40142,40483,43575,43625,28430,31656,20243,25369,6342,10708,23266,22311,32568,29736,32809,32497,38092,38100,41504,41593,27421,30485,19542,24408,6069,10149,341324,319948,45624,43942,77576,71272,21131,61,36
2021-10-16T23:59:59+02:00,4011,3711,25817,24793,34995,32344,34758,34708,40141,40482,43575,43625,28429,31655,20243,25368,6342,10707,23265,22311,32568,29736,32809,32496,38091,38099,41504,41592,27420,30485,19542,24407,6068,10147,341318,319936,45624,43942,77576,71272,21130,61,36
2021-10-15T23:59:59+02:00,4001,3701,25779,24763,34964,32318,34734,34685,40122,40470,43563,43618,28425,31652,20240,25365,6340,10703,23205,22242,32513,29686,32778,32450,38062,38072,41484,41575,27412,30477,19539,24403,6068,10143,341083,319488,45608,43914,77575,71272,21121,61,36
2021-10-14T23:59:59+02:00,3981,3673,25706,24705,34905,32257,34691,34650,40091,40438,43533,43603,28417,31643,20234,25362,6337,10698,23122,22156,32449,29592,32727,32393,38004,38029,41446,41538,27395,30463,19531,24395,6065,10142,340623,318807,45587,43869,77575,71272,21083,61,36
2021-10-13T23:59:59+02:00,3967,3650,25675,24684,34879,32227,34672,34635,40076,40414,43514,43583,28406,31635,20228,25349,6330,10689,23089,22117,32423,29553,32716,32358,37986,38009,41429,41527,27388,30449,19524,24388,6065,10137,340321,318491,45585,43861,77575,71272,21076,61,36
2021-10-12T23:59:59+02:00,3950,3630,25625,24632,34819,32166,34640,34605,40047,40387,43494,43570,28393,31620,20224,25340,6324,10682,23002,22021,32323,29464,32673,32310,37929,37972,41404,41490,27364,30436,19517,24378,6062,10127,339896,317806,45568,43824,77575,71270,21053,61,36
2021-10-11T23:59:59+02:00,3943,3618,25600,24607,34803,32143,34611,34587,40036,40376,43483,43556,28383,31611,20217,25335,6320,10678,22972,21989,32280,29429,32648,32279,37912,37955,41383,41473,27358,30430,19511,24371,6060,10123,339680,317493,45553,43816,77575,71270,21043,61,36
2021-10-10T23:59:59+02:00,3940,3616,25596,24600,34795,32133,34605,34573,40029,40371,43475,43549,28382,31606,20212,25331,6320,10674,22960,21971,32268,29412,32643,32272,37901,37944,41377,41468,27353,30426,19510,24370,6060,10123,339582,317367,45551,43813,77575,71270,21043,61,36
2021-10-09T23:59:59+02:00,3939,3613,25595,24597,34794,32129,34603,34572,40026,40367,43473,43549,28380,31605,20211,25328,6319,10674,22960,21971,32268,29412,32641,32271,37900,37944,41376,41467,27353,30426,19509,24370,6060,10122,339549,317358,45551,43813,77575,71270,21043,61,36
2021-10-08T23:59:59+02:00,3904,3589,25526,24540,34735,32074,34570,34541,39993,40339,43439,43523,28370,31595,20199,25313,6311,10670,22861,21906,32219,29357,32604,32224,37872,37901,41351,41443,27341,30408,19503,24362,6056,10121,339044,316811,45533,43798,77575,71269,21023,61,36
2021-10-07T23:59:59+02:00,3880,3545,25451,24459,34665,32003,34522,34502,39954,40299,43408,43496,28360,31583,20183,25303,6303,10660,22735,21763,32148,29271,32552,32146,37827,37854,41308,41401,27321,30390,19487,24348,6049,10109,338456,315938,45506,43772,77575,71268,20983,61,36
2021-10-06T23:59:59+02:00,3866,3526,25414,24415,34625,31964,34496,34471,39935,40282,43390,43479,28352,31574,20170,25284,6299,10648,22702,21721,32117,29234,32530,32115,37811,37830,41289,41386,27311,30380,19477,24336,6047,10105,338080,315598,45503,43769,77575,71268,20976,61,36
2021-10-05T23:59:59+02:00,3844,3507,25357,24355,34554,31889,34457,34432,39915,40247,43352,43455,28342,31562,20149,25264,6294,10618,22626,21605,32025,29142,32475,32052,37769,37788,41259,41357,27295,30370,19467,24326,6037,10095,337565,314902,45481,43743,77573,71266,20918,61,36
2021-10-04T23:59:59+02:00,3821,3485,25310,24313,34510,31858,34423,34401,39891,40229,43332,43436,28335,31553,20141,25246,6285,10605,22581,21559,31996,29093,32445,32028,37749,37770,41233,41341,27284,30354,19458,24317,6033,10085,337175,314551,45470,43728,77573,71263,20900,61,36
2021-10-03T23:59:59+02:00,3812,3483,25295,24307,34501,31853,34417,34395,39887,40220,43327,43432,28331,31551,20138,25236,6284,10598,22567,21548,31988,29083,32431,32019,37742,37764,41225,41338,27282,30349,19454,24311,6028,10079,337072,314426,45469,43727,77573,71263,20897,61,36
2021-10-02T23:59:59+02:00,3812,3483,25295,24306,34500,31853,34417,34395,39886,40220,43327,43432,28331,31551,20138,25236,6284,10598,22567,21548,31988,29083,32431,32019,37742,37764,41225,41338,27282,30349,19454,24311,6028,10079,337069,314425,45469,43727,77573,71263,20897,61,36
2021-10-01T23:59:59+02:00,3793,3465,25247,24239,34438,31784,34355,34355,39852,40196,43297,43414,28328,31545,20136,25234,6282,10595,22467,21459,31937,29013,32381,31977,37705,37716,41200,41321,27275,30344,19450,24306,6027,10077,336633,313864,45445,43700,77572,71261,20849,61,36
2021-09-30T23:59:59+02:00,3761,3423,25147,24124,34337,31706,34284,34296,39782,40138,43246,43373,28313,31526,20121,25222,6278,10582,22347,21341,31855,28909,32321,31906,37652,37668,41160,41295,27246,30332,19447,24293,6025,10072,335864,313071,45404,43675,77567,71261,20768,61,36
2021-09-29T23:59:59+02:00,3743,3403,25119,24080,34308,31678,34258,34270,39762,40116,43225,43356,28304,31518,20116,25216,6272,10575,22319,21310,31832,28889,32301,31882,37635,37651,41144,41283,27240,30320,19442,24284,6024,10068,335541,312822,45400,43671,77567,71261,20755,61,36
2021-09-28T23:59:59+02:00,3716,3372,25032,24009,34227,31611,34210,34221,39718,40077,43190,43327,28288,31499,20108,25204,6268,10566,22226,21236,31765,28816,32254,31835,37601,37608,41119,41258,27219,30305,19440,24275,6021,10066,334991,312318,45366,43641,77567,71260,20663,61,36
2021-09-27T23:59:59+02:00,3693,3348,24991,23983,34190,31571,34187,34191,39698,40043,43170,43306,28280,31489,20100,25199,6264,10558,22190,21204,31733,28776,32228,31814,37579,37590,41100,41245,27210,30300,19437,24271,6020,10062,334655,312052,45357,43625,77566,71260,20627,61,36
2021-09-26T23:59:59+02:00,3540,3244,24933,23948,34180,31563,34180,34188,39692,40036,43164,43300,28279,31487,20098,25198,6263,10557,22174,21185,31729,28769,32224,31810,37571,37583,41095,41239,27207,30296,19434,24269,6019,10061,334249,311947,45357,43624,77566,71259,20622,61,36
2021-09-25T23:59:59+02:00,3539,3244,24932,23948,34180,31563,34180,34188,39691,40035,43163,43300,28279,31486,20098,25198,6263,10557,22172,21182,31729,28769,32222,31809,37568,37581,41095,41239,27207,30295,19434,24269,6019,10061,334243,311932,45357,43624,77566,71259,20622,61,36
2021-09-24T23:59:59+02:00,3515,3212,24851,23872,34067,31483,34112,34125,39634,39988,43129,43274,28264,31475,20095,25192,6262,10555,22086,21094,31636,28705,32175,31771,37512,37543,41075,41217,27194,30284,19431,24266,6018,10061,333717,311476,45324,43611,77565,71258,20443,61,35
2021-09-23T23:59:59+02:00,3346,3061,24713,23722,33977,31392,34036,34066,39576,39936,43071,43230,28247,31461,20087,25180,6259,10553,21972,20992,31568,28627,32125,31715,37476,37509,41040,41183,27180,30265,19424,24250,6017,10058,332678,310859,45295,43593,77565,71256,20319,61,35
2021-09-22T23:59:59+02:00,3323,3036,24677,23670,33945,31359,34013,34029,39549,39920,43048,43206,28238,31452,20083,25169,6259,10548,21944,20963,31531,28589,32107,31687,37454,37494,41017,41172,27170,30259,19421,24246,6017,10057,332334,310598,45286,43589,77563,71255,20285,61,35
2021-09-21T23:59:59+02:00,3199,2903,24480,23514,33801,31259,33948,33946,39480,39872,43026,43164,28219,31432,20074,25163,6251,10541,21807,20825,31421,28484,32030,31610,37400,37445,40984,41138,27159,30247,19413,24231,6014,10052,331278,309821,45247,43561,77563,71254,20128,61,35
2021-09-20T23:59:59+02:00,3175,2881,24435,23467,33755,31219,33918,33913,39450,39841,43002,43139,28214,31422,20070,25157,6251,10537,21770,20784,31377,28437,32008,31574,37371,37427,40970,41129,27149,30240,19404,24225,6012,10045,330915,309521,45231,43554,77563,71252,20081,61,34
2021-09-19T23:59:59+02:00,3171,2879,24425,23461,33747,31211,33911,33906,39445,39826,42993,43138,28213,31421,20070,25155,6251,10537,21763,20779,31373,28429,32005,31573,37364,37419,40962,41128,27149,30240,19403,24224,6012,10045,330838,309468,45231,43553,77562,71252,20073,61,34
2021-09-18T23:59:59+02:00,3171,2879,24425,23461,33747,31211,33911,33906,39445,39826,42993,43138,28213,31421,20070,25155,6251,10537,21763,20779,31373,28427,32003,31573,37364,37419,40962,41128,27149,30240,19403,24223,6012,10045,330838,309463,45231,43553,77562,71252,20073,61,34
2021-09-17T23:59:59+02:00,3144,2841,24320,23347,33642,31110,33835,33838,39375,39772,42958,43111,28199,31413,20068,25149,6249,10535,21683,20702,31303,28365,31938,31526,37324,37386,40942,41114,27141,30225,19401,24216,6012,10044,330189,309014,45189,43533,77561,71252,19911,60,34
2021-09-16T23:59:59+02:00,3094,2792,24207,23215,33546,31001,33767,33733,39329,39712,42905,43062,28173,31392,20052,25138,6246,10527,21578,20605,31220,28293,31873,31461,37301,37331,40909,41076,27130,30205,19394,24208,6010,10043,329368,308418,45150,43524,77561,71246,19756,60,34
2021-09-15T23:59:59+02:00,3071,2779,24166,23167,33515,30957,33752,33702,39299,39684,42887,43044,28163,31381,20046,25132,6245,10525,21541,20562,31188,28246,31846,31438,37269,37297,40886,41050,27116,30196,19387,24200,6010,10039,329037,308058,45137,43523,77560,71244,19725,60,34
2021-09-14T23:59:59+02:00,3031,2747,24060,23025,33371,30816,33668,33618,39242,39633,42836,42994,28145,31365,20037,25124,6241,10520,21456,20480,31097,28156,31782,31376,37220,37255,40842,41024,27106,30176,19378,24192,6008,10036,328227,307534,45102,43516,77559,71240,19529,60,34
2021-09-13T23:59:59+02:00,3013,2728,24009,22972,33325,30756,33636,33568,39217,39602,42805,42970,28139,31352,20032,25122,6239,10516,21404,20433,31052,28105,31753,31344,37197,37235,40828,41002,27100,30170,19374,24188,6007,10035,327845,307234,45086,43503,77559,71239,19455,60,34
2021-09-12T23:59:59+02:00,3009,2721,24005,22964,33320,30752,33627,33562,39212,39599,42802,42968,28137,31350,20031,25121,6239,10515,21388,20424,31043,28087,31734,31336,37191,37228,40822,40996,27095,30169,19372,24185,6007,10033,327779,307112,45086,43503,77558,71238,19455,60,34
2021-09-11T23:59:59+02:00,3007,2720,24003,22962,33318,30751,33625,33561,39212,39597,42801,42968,28134,31348,20031,25121,6239,10515,21384,20423,31042,28084,31734,31336,37191,37227,40821,40995,27093,30169,19372,24185,6007,10033,327759,307096,45086,43503,77558,71238,19454,60,34
2021-09-10T23:59:59+02:00,2965,2678,23870,22834,33189,30635,33523,33486,39138,39513,42753,42928,28118,31331,20026,25113,6238,10513,21267,20320,30930,27991,31645,31283,37128,37185,40775,40962,27085,30159,19366,24175,6005,10032,327018,306554,45066,43484,77558,71237,19153,60,34
2021-09-09T23:59:59+02:00,2915,2639,23694,22685,33078,30505,33424,33385,39067,39441,42712,42881,28091,31313,20017,25107,6236,10511,21147,20189,30837,27894,31569,31188,37065,37129,40726,40914,27061,30143,19357,24166,6001,10029,326127,305802,45042,43464,77556,71234,18924,56,34
2021-09-08T23:59:59+02:00,2894,2608,23654,22636,33048,30466,33408,33357,39047,39419,42697,42866,28085,31304,20014,25102,6235,10511,21114,20157,30806,27878,31554,31163,37047,37106,40715,40900,27054,30137,19352,24161,6000,10028,325812,305572,45036,43460,77556,71233,18895,56,32
2021-09-07T23:59:59+02:00,2841,2553,23504,22491,32928,30358,33333,33271,38991,39355,42653,42832,28067,31287,20010,25097,6234,10508,20978,20023,30688,27793,31479,31097,36999,37054,40677,40871,27037,30112,19346,24150,5999,10026,325060,304921,45011,43438,77555,71228,18634,56,32
2021-09-06T23:59:59+02:00,2818,2538,23473,22447,32897,30325,33312,33251,38970,39342,42637,42817,28064,31283,20008,25095,6233,10505,20937,19980,30657,27766,31459,31072,36980,37035,40663,40859,27029,30104,19344,24141,5996,10024,324795,304621,44995,43430,77554,71227,18618,56,32
2021-09-05T23:59:59+02:00,2807,2535,23466,22441,32895,30320,33310,33246,38967,39339,42633,42811,28062,31279,20006,25094,6232,10504,20925,19973,30647,27760,31456,31068,36977,37033,40658,40856,27024,30102,19342,24137,5995,10024,324730,304547,44994,43430,77554,71227,18616,56,32
2021-09-04T23:59:59+02:00,2807,2535,23463,22440,32894,30320,33310,33245,38967,39338,42632,42810,28062,31279,20006,25094,6232,10504,20923,19973,30647,27760,31455,31067,36977,37033,40657,40856,27024,30102,19342,24137,5995,10024,324724,304540,44994,43430,77554,71227,18613,56,32
2021-09-03T23:59:59+02:00,2784,2501,23386,22363,32822,30249,33270,33202,38923,39309,42602,42797,28054,31266,20005,25092,6230,10503,20874,19915,30599,27721,31422,31032,36949,37008,40628,40844,27016,30094,19340,24135,5994,10024,324225,304197,44966,43422,77552,71219,18562,56,32
2021-09-02T23:59:59+02:00,2754,2469,23280,22266,32761,30158,33211,33147,38885,39276,42563,42764,28034,31254,20001,25078,6228,10500,20800,19854,30539,27659,31384,31001,36910,36971,40595,40815,27006,30082,19337,24124,5994,10024,323620,303771,44936,43404,77551,71214,18469,56,32
2021-09-01T23:59:59+02:00,2732,2455,23256,22229,32732,30126,33189,33121,38858,39255,42550,42748,28026,31247,19996,25076,6228,10500,20759,19810,30508,27631,31357,30976,36891,36955,40577,40799,26996,30073,19336,24118,5994,10024,323365,303493,44925,43397,77550,71213,18431,56,32
2021-08-31T23:59:59+02:00,2687,2412,23133,22124,32651,30026,33135,33063,38813,39213,42524,42723,28015,31241,19990,25072,6227,10496,20671,19716,30437,27571,31308,30933,36851,36923,40548,40774,26987,30061,19330,24113,5994,10022,322787,303076,44895,43382,77549,71206,18261,56,32
2021-08-30T23:59:59+02:00,2665,2388,23080,22081,32611,29984,33111,33026,38784,39193,42505,42705,28010,31234,19983,25063,6226,10492,20545,19615,30340,27476,31248,30882,36818,36895,40527,40740,26972,30047,19329,24104,5994,10020,322447,302365,44880,43373,77549,71201,18212,56,32
2021-08-29T23:59:59+02:00,2634,2358,22993,22018,32548,29927,33068,32995,38738,39157,42475,42684,28001,31227,19980,25058,6226,10491,20442,19547,30271,27426,31213,30848,36777,36866,40502,40722,26959,30036,19328,24099,5994,10020,321994,301937,44864,43350,77547,71191,18120,56,32
2021-08-28T23:59:59+02:00,2628,2356,22993,22018,32544,29927,33067,32995,38735,39156,42474,42684,28000,31227,19980,25058,6226,10491,20441,19546,30266,27425,31213,30845,36774,36864,40502,40722,26959,30036,19328,24099,5994,10020,321981,301926,44864,43349,77547,71191,18114,56,32
2021-08-27T23:59:59+02:00,2628,2356,22988,22014,32539,29927,33066,32992,38733,39154,42470,42684,27999,31227,19980,25058,6225,10491,20435,19544,30257,27424,31212,30843,36771,36863,40500,40722,26959,30036,19328,24098,5994,10020,321965,301911,44864,43349,77547,71188,18102,56,32
2021-08-26T23:59:59+02:00,2545,2272,22798,21808,32406,29785,32948,32885,38645,39065,42405,42615,27974,31194,19967,25040,6224,10485,20163,19274,30115,27257,31070,30717,36662,36768,40415,40648,26917,29995,19309,24074,5988,10018,320744,300396,44844,43325,77546,71172,17874,56,32
2021-08-25T23:59:59+02:00,2539,2264,22778,21783,32395,29764,32934,32870,38633,39051,42394,42609,27969,31191,19960,25034,6221,10483,20115,19230,30079,27227,31049,30681,36636,36736,40397,40632,26904,29982,19306,24066,5987,10017,320557,300033,44844,43325,77546,71171,17872,56,32
2021-08-24T23:59:59+02:00,2521,2253,22739,21741,32369,29719,32915,32837,38623,39031,42375,42595,27963,31180,19955,25026,6220,10482,20077,19188,30046,27186,31028,30646,36622,36715,40377,40614,26898,29972,19302,24063,5987,10013,320269,299744,44834,43320,77546,71166,17842,56,32
2021-08-23T23:59:59+02:00,2502,2221,22668,21668,32298,29662,32879,32806,38584,39000,42345,42582,27947,31171,19952,25015,6220,10480,19951,19066,29928,27106,30963,30599,36573,36672,40335,40585,26886,29959,19296,24053,5987,10007,319826,299008,44823,43295,77544,71159,17754,56,32
2021-08-22T23:59:59+02:00,2493,2212,22632,21636,32279,29644,32863,32798,38567,38984,42340,42573,27943,31166,19947,25015,6220,10479,19912,19028,29892,27073,30932,30563,36552,36656,40316,40563,26878,29955,19293,24050,5987,10005,319656,298718,44817,43292,77543,71150,17722,56,32
2021-08-21T23:59:59+02:00,2474,2199,22577,21586,32239,29607,32839,32774,38553,38961,42323,42563,27936,31158,19945,25012,6220,10478,19810,18929,29820,27015,30898,30519,36517,36614,40292,40542,26867,29946,19288,24046,5985,10005,319410,298209,44804,43277,77541,71144,17636,56,32
2021-08-20T23:59:59+02:00,2436,2157,22488,21479,32162,29524,32776,32726,38503,38921,42281,42535,27929,31144,19941,24997,6219,10474,19636,18802,29694,26912,30823,30459,36454,36568,40246,40504,26852,29927,19279,24037,5984,10001,318823,297393,44781,43251,77538,71126,17497,56,32
2021-08-19T23:59:59+02:00,2346,2089,22326,21342,32024,29400,32687,32643,38402,38843,42211,42481,27903,31111,19934,24985,6214,10465,19377,18595,29482,26762,30703,30349,36335,36473,40144,40419,26824,29897,19268,24021,5980,9996,317888,296120,44761,43221,77538,71101,17166,56,32
2021-08-18T23:59:59+02:00,2336,2080,22300,21320,32002,29379,32665,32620,38374,38825,42198,42465,27888,31101,19928,24980,6214,10463,19322,18535,29442,26728,30677,30318,36307,36452,40120,40388,26807,29886,19264,24009,5975,9992,317627,295685,44761,43221,77538,71099,17159,56,32
2021-08-17T23:59:59+02:00,2319,2064,22275,21292,31986,29349,32639,32595,38361,38813,42174,42446,27882,31088,19922,24975,6214,10463,19279,18484,29411,26689,30632,30291,36279,36417,40092,40364,26785,29871,19257,23992,5971,9988,317380,295282,44761,43218,77538,71095,17125,56,32
2021-08-16T23:59:59+02:00,2280,2047,22209,21249,31945,29305,32616,32574,38337,38792,42142,42429,27873,31081,19920,24965,6214,10462,19070,18339,29265,26575,30555,30202,36231,36365,40055,40322,26765,29855,19250,23973,5965,9986,317032,294279,44761,43212,77536,71093,17058,56,32
2021-08-15T23:59:59+02:00,2253,2024,22155,21192,31897,29265,32592,32541,38309,38773,42121,42415,27866,31076,19914,24958,6213,10462,18951,18222,29106,26447,30475,30119,36163,36314,40000,40265,26746,29831,19240,23964,5962,9985,316697,293352,44752,43195,77535,71085,16989,56,32
2021-08-14T23:59:59+02:00,2247,2021,22129,21176,31885,29249,32588,32535,38301,38768,42115,42412,27865,31075,19913,24957,6213,10461,18838,18128,29043,26383,30435,30071,36139,36283,39979,40250,26738,29825,19237,23963,5961,9982,316608,292807,44749,43175,77535,71081,16965,56,32
2021-08-13T23:59:59+02:00,2230,2010,22083,21138,31848,29225,32551,32507,38286,38754,42105,42402,27863,31070,19910,24954,6212,10461,18582,17867,28863,26223,30319,29979,36087,36214,39934,40214,26722,29813,19232,23954,5958,9978,316372,291435,44744,43159,77533,71071,16907,56,32
2021-08-12T23:59:59+02:00,2194,1972,21996,21044,31777,29149,32494,32457,38239,38711,42068,42368,27847,31051,19903,24944,6210,10461,18275,17552,28611,25995,30175,29850,35993,36121,39858,40146,26686,29766,19212,23931,5956,9975,315800,289683,44733,43106,77530,71024,16769,56,32
2021-08-11T23:59:59+02:00,2192,1967,21976,21028,31759,29129,32479,32441,38231,38702,42057,42352,27838,31048,19900,24940,6209,10457,18220,17496,28575,25950,30127,29811,35972,36083,39822,40113,26674,29739,19205,23921,5956,9973,315621,289204,44733,43103,77530,71021,16768,56,32
2021-08-10T23:59:59+02:00,2183,1946,21948,20991,31722,29107,32463,32421,38204,38675,42039,42343,27832,31040,19899,24937,6208,10453,17699,17042,28399,25791,30033,29721,35803,35960,39772,40070,26650,29716,19198,23905,5952,9972,315373,287499,44728,43074,77528,70771,16731,54,32
2021-08-09T23:59:59+02:00,2159,1932,21897,20940,31665,29060,32429,32391,38179,38655,42025,42319,27821,31031,19898,24928,6207,10451,17226,16581,28267,25684,29978,29667,35756,35915,39738,40035,26641,29702,19193,23899,5952,9970,314997,286013,44722,43054,77528,70758,16689,54,32
2021-08-08T23:59:59+02:00,2143,1914,21843,20896,31620,29023,32394,32365,38155,38647,42003,42298,27814,31027,19892,24924,6207,10448,16881,16240,28156,25601,29921,29594,35708,35877,39716,40009,26629,29689,19184,23890,5950,9965,314679,284775,44721,43033,77527,70750,16635,54,32
2021-08-07T23:59:59+02:00,2099,1871,21707,20814,31537,28955,32320,32304,38098,38597,41970,42269,27805,31000,19887,24915,6205,10446,16369,15787,27852,25311,29693,29407,35528,35720,39576,39897,26573,29625,19165,23861,5947,9961,314048,282120,44688,42911,77521,70662,16491,54,32
2021-08-06T23:59:59+02:00,2089,1861,21656,20775,31496,28923,32288,32285,38072,38577,41958,42253,27801,30991,19883,24915,6205,10446,15342,14807,26698,24414,29403,29176,35279,35520,39261,39657,26531,29579,19155,23851,5946,9958,313819,277115,44684,42889,77521,69859,16399,54,32
2021-08-05T23:59:59+02:00,2050,1832,21548,20688,31437,28845,32227,32226,38013,38526,41913,42215,27784,30972,19874,24902,6203,10443,14449,14061,25674,23631,28688,28660,34749,35084,38943,39411,26464,29499,19122,23817,5943,9948,313257,272216,44661,42838,77520,68360,16209,54,32
2021-08-04T23:59:59+02:00,2030,1813,21476,20637,31393,28773,32193,32183,37976,38504,41879,42186,27771,30956,19869,24889,6201,10439,14078,13719,25266,23323,28475,28433,34606,34958,38845,39318,26425,29454,19100,23794,5938,9943,312804,269766,44654,42808,77520,68318,16139,54,32
2021-08-03T23:59:59+02:00,2021,1797,21449,20611,31377,28759,32180,32173,37966,38490,41863,42173,27762,30950,19864,24882,6200,10437,13994,13627,25187,23246,28407,28376,34558,34911,38793,39279,26398,29427,19088,23782,5935,9937,312600,269035,44650,42805,77518,68292,16135,54,32
2021-08-02T23:59:59+02:00,2011,1776,21404,20572,31331,28737,32153,32142,37940,38475,41850,42158,27753,30938,19864,24874,6199,10433,13791,13417,24480,22697,28123,28153,34409,34799,38715,39216,26371,29395,19080,23778,5935,9935,312310,266616,44647,42791,77518,68064,16084,54,32
2021-08-01T23:59:59+02:00,1991,1759,21351,20525,31282,28698,32126,32123,37921,38456,41829,42141,27747,30931,19861,24866,6199,10433,13620,13255,24180,22442,27884,27935,34318,34691,38647,39145,26355,29376,19074,23772,5935,9933,312007,264914,44641,42779,77517,68041,16023,54,32
2021-07-31T23:59:59+02:00,1966,1729,21271,20448,31211,28659,32070,32083,37886,38427,41805,42120,27743,30923,19856,24862,6199,10433,12675,12229,23661,22000,27538,27578,34007,34395,38212,38801,26284,29291,19048,23727,5930,9927,311586,259875,44629,42743,77515,67469,15909,54,32
2021-07-30T23:59:59+02:00,1941,1709,21249,20427,31179,28640,32055,32065,37880,38420,41797,42112,27738,30920,19855,24862,6198,10433,12588,12156,23334,21710,27258,27366,33788,34231,38050,38666,26260,29273,19047,23719,5930,9925,311403,258450,44628,42735,77515,66912,15882,54,32
2021-07-29T23:59:59+02:00,1872,1640,21017,20189,31037,28491,31952,31953,37787,38330,41702,42051,27710,30895,19842,24843,6191,10424,11959,11622,22202,20869,26215,26526,32804,33538,37666,38374,26177,29172,19018,23672,5924,9916,310187,252827,44599,42645,77507,65153,15581,54,32
2021-07-28T23:59:59+02:00,1852,1625,20977,20136,31018,28461,31936,31932,37765,38311,41679,42030,27699,30883,19837,24833,6191,10422,11679,11320,21791,20486,25783,26100,32639,33382,37554,38282,26140,29121,18999,23649,5923,9911,309866,249903,44599,42645,77495,65092,15576,53,32
2021-07-27T23:59:59+02:00,1842,1619,20937,20093,30994,28428,31902,31916,37744,38277,41655,42017,27692,30876,19836,24828,6191,10419,11433,11104,21588,20297,25640,25980,32526,33275,37465,38199,26109,29083,18989,23637,5920,9907,309628,248423,44599,42611,77494,65020,15494,53,31
2021-07-26T23:59:59+02:00,1816,1583,20810,19962,30885,28327,31843,31851,37688,38209,41613,41986,27666,30858,19825,24814,6185,10416,11140,10779,21081,19854,25390,25771,32364,33124,37334,38111,26073,29049,18976,23614,5919,9899,308860,246128,44567,42497,77487,64815,15372,53,31
2021-07-25T23:59:59+02:00,1809,1575,20787,19950,30874,28317,31831,31836,37680,38203,41603,41976,27662,30855,19824,24812,6185,10415,11035,10672,20931,19747,25156,25576,32124,32914,37190,37978,26055,29035,18970,23606,5918,9896,308742,244865,44558,42482,77478,64401,15365,53,31
2021-07-24T23:59:59+02:00,1789,1560,20705,19875,30830,28277,31796,31800,37651,38174,41581,41964,27655,30849,19821,24810,6185,10415,10972,10617,20856,19685,25084,25515,32071,32883,37160,37957,26049,29030,18968,23604,5918,9896,308390,244496,44547,42459,77474,64334,15275,53,31
2021-07-23T23:59:59+02:00,1734,1525,20512,19729,30669,28163,31708,31726,37584,38122,41542,41921,27644,30832,19816,24804,6184,10410,10713,10413,20498,19385,24276,24870,31588,32551,36592,37500,26006,28988,18952,23586,5917,9894,307558,241632,44538,42411,77457,62942,15020,53,31
2021-07-22T23:59:59+02:00,1670,1468,20201,19455,30428,27981,31578,31612,37454,38015,41445,41838,27617,30808,19805,24780,6180,10409,10250,10034,19753,18871,23321,24199,30878,31963,35557,36738,25895,28889,18918,23553,5915,9890,306078,238019,44502,41745,77452,60412,14660,53,31
2021-07-21T23:59:59+02:00,1655,1460,20163,19403,30398,27950,31554,31589,37434,37990,41424,41814,27608,30800,19800,24774,6175,10405,9940,9700,19290,18418,22445,23432,30543,31630,35322,36540,25812,28792,18887,23500,5907,9880,305749,235269,44493,40052,77450,60239,14652,53,30
2021-07-20T23:59:59+02:00,1648,1454,20130,19376,30368,27926,31529,31569,37418,37972,41412,41801,27593,30785,19800,24767,6175,10402,9672,9422,18957,18151,22172,23148,30366,31473,35157,36396,25766,28745,18871,23464,5906,9876,305492,232871,44491,40044,77449,60138,14641,53,30
2021-07-19T23:59:59+02:00,1637,1446,20016,19290,30284,27854,31470,31514,37399,37953,41397,41783,27588,30774,19794,24760,6174,10399,9475,9226,18645,17877,21710,22727,30112,31242,35038,36293,25732,28706,18853,23448,5906,9873,304915,231243,44485,39105,77447,60023,14633,53,30
2021-07-18T23:59:59+02:00,1626,1440,19947,19223,30155,27755,31405,31448,37337,37901,41353,41731,27567,30743,19785,24745,6170,10396,9366,9111,18477,17726,21519,22538,29942,31044,34923,36192,25700,28683,18842,23430,5906,9867,304121,229985,44485,38802,77445,59982,14624,53,30
2021-07-17T23:59:59+02:00,1625,1436,19940,19221,30155,27754,31405,31444,37332,37899,41349,41729,27566,30742,19784,24745,6170,10396,9346,9096,18446,17704,21500,22525,29932,31037,34905,36188,25697,28681,18842,23429,5906,9867,304090,229834,44485,38799,77445,59971,14620,53,30
2021-07-16T23:59:59+02:00,1572,1391,19665,18975,30034,27659,31323,31374,37276,37836,41308,41697,27547,30725,19777,24735,6168,10390,9228,8981,18066,17400,21197,22252,29542,30680,34770,36081,25673,28657,18835,23416,5904,9865,303101,228557,44462,38077,77444,59641,14393,53,29
2021-07-15T23:59:59+02:00,1514,1348,19405,18728,29859,27512,31213,31275,37192,37753,41238,41630,27504,30695,19761,24722,6164,10387,8865,8679,17157,16574,19648,21024,28621,29758,34147,35501,25505,28475,18779,23366,5898,9853,301824,222445,44421,36618,77436,58720,14167,53,29
2021-07-14T23:59:59+02:00,1500,1335,19375,18691,29833,27486,31188,31243,37180,37739,41219,41623,27495,30688,19752,24715,6163,10384,8576,8382,16607,15972,19155,20504,28057,29258,33756,35125,25392,28346,18739,23299,5893,9842,301540,218275,44420,36261,77433,58290,14164,53,29
2021-07-13T23:59:59+02:00,1489,1324,19338,18666,29816,27461,31164,31227,37165,37712,41195,41595,27486,30674,19750,24710,6162,10378,8268,8120,16211,15624,18878,20225,27795,29008,33485,34867,25293,28225,18706,23258,5891,9837,301254,215576,44419,36226,77432,57797,14155,53,29
2021-07-12T23:59:59+02:00,1473,1314,19289,18648,29780,27432,31147,31206,37153,37695,41179,41582,27482,30670,19748,24704,6161,10378,8008,7908,15931,15347,18178,19677,27479,28686,33072,34505,25125,28028,18647,23184,5885,9832,300993,214292,44418,34293,77432,56818,14146,53,29
2021-07-11T23:59:59+02:00,1463,1306,19257,18617,29752,27400,31130,31175,37145,37674,41165,41570,27473,30661,19746,24704,6160,10377,7964,7861,15865,15277,18088,19623,27394,28623,32958,34442,25070,27983,18627,23162,5885,9829,300740,213713,44415,34282,77430,56572,14138,53,29
2021-07-10T23:59:59+02:00,1334,1190,18751,18198,29302,27099,30846,30941,36896,37514,40961,41420,27399,30601,19720,24672,6157,10374,7834,7792,15577,15139,17870,19472,27151,28481,32791,34326,25004,27937,18611,23149,5884,9829,298525,213292,44277,34159,77402,56330,13119,53,29
2021-07-09T23:59:59+02:00,1323,1184,18723,18167,29280,27082,30833,30928,36885,37502,40950,41411,27395,30597,19718,24668,6157,10373,7792,7746,15507,15072,17805,19378,26930,28251,32541,34113,24940,27874,18589,23123,5884,9826,298377,213007,44258,34156,77401,55168,13088,53,29
2021-07-08T23:59:59+02:00,1245,1102,18454,17951,29129,26930,30694,30807,36782,37399,40851,41333,27361,30563,19699,24648,6152,10367,7622,7608,15208,14824,17373,19018,26238,27647,32266,33846,24771,27717,18530,23061,5881,9818,297103,211866,44201,32734,77393,54149,12718,53,29
2021-07-07T23:59:59+02:00,1146,1010,18143,17628,28928,26744,30563,30682,36670,37278,40744,41246,27327,30514,19685,24632,6149,10364,7425,7397,14768,14458,16907,18574,25484,27035,31857,33464,24503,27391,18436,22968,5872,9809,295527,208947,44150,31899,77382,53188,12342,53,29
2021-07-06T23:59:59+02:00,1123,993,18066,17559,28882,26694,30513,30635,36634,37243,40709,41215,27310,30488,19674,24618,6147,10361,7208,7166,14423,14097,16556,18224,24732,26388,31556,33200,24312,27176,18388,22897,5865,9802,294948,206881,44146,30493,77379,52292,12339,53,29
2021-07-05T23:59:59+02:00,1081,965,17990,17495,28839,26636,30473,30600,36609,37198,40681,41189,27304,30474,19668,24612,6147,10356,6979,6980,14119,13826,16205,17861,24175,25877,30984,32633,24032,26878,18280,22757,5857,9792,294457,205387,44144,28392,77375,51159,12289,53,29
2021-07-04T23:59:59+02:00,1059,949,17918,17444,28801,26614,30450,30571,36599,37189,40666,41177,27298,30463,19663,24609,6147,10355,6954,6961,14067,13776,16128,17801,24091,25820,30829,32541,23939,26789,18248,22716,5855,9788,294138,204993,44144,28382,77364,50646,12274,53,29
2021-07-03T23:59:59+02:00,645,579,16178,15723,27636,25697,29654,29850,35956,36575,40163,40746,27140,30296,19597,24521,6138,10338,6566,6719,13555,13478,15730,17497,23727,25541,30524,32345,23843,26693,18215,22676,5851,9784,286616,204697,44105,28306,77280,50354,9379,53,29
2021-07-02T23:59:59+02:00,606,540,16048,15577,27478,25549,29574,29791,35925,36548,40144,40733,27134,30287,19594,24518,6138,10338,6519,6645,13481,13381,15643,17365,23583,25358,30370,32180,23651,26482,18126,22598,5849,9781,285713,204014,44105,28147,77279,49470,9373,53,29
2021-07-01T23:59:59+02:00,548,492,15869,15423,27266,25394,29495,29712,35871,36497,40079,40687,27113,30268,19583,24505,6136,10334,6376,6514,13134,13107,15112,16926,22312,24368,29609,31496,23370,26194,18007,22463,5842,9765,284523,200473,44101,26470,77266,48315,9330,53,27
2021-06-30T23:59:59+02:00,518,472,15764,15315,27154,25308,29427,29639,35814,36445,40037,40652,27098,30237,19572,24488,6132,10334,6180,6332,12702,12720,14542,16378,21687,23769,29016,30965,22951,25728,17876,22280,5835,9753,283694,196209,44098,26445,77260,46748,9302,53,27
2021-06-29T23:59:59+02:00,462,422,15008,14646,26887,25084,29330,29540,35734,36364,39968,40604,27079,30212,19564,24475,6132,10332,6067,6206,12443,12459,14147,15982,20896,23144,28430,30411,22503,25204,17723,22105,5827,9743,281189,193059,44095,25934,77251,45029,9256,53,27
2021-06-28T23:59:59+02:00,426,391,14380,14002,26729,24979,29258,29474,35674,36298,39925,40570,27061,30192,19556,24464,6132,10328,6000,6109,12264,12319,13960,15806,20271,22593,28030,30036,22167,24847,17594,21942,5822,9738,279247,191376,44092,25270,77246,43637,9202,53,27
2021-06-27T23:59:59+02:00,349,324,14036,13630,26666,24921,29220,29438,35652,36276,39906,40556,27050,30185,19553,24460,6131,10327,5962,6066,12148,12202,13814,15677,19717,22115,27420,29534,21890,24508,17473,21818,5818,9737,278137,190536,44088,23743,77235,42439,9168,53,27
2021-06-26T23:59:59+02:00,348,323,14025,13618,26651,24910,29214,29431,35645,36275,39903,40555,27049,30184,19553,24460,6131,10327,5957,6063,12138,12200,13808,15674,19704,22103,27375,29499,21743,24378,17433,21762,5817,9735,278063,190512,44085,23739,77235,41958,9167,53,27
2021-06-25T23:59:59+02:00,224,210,12765,12400,25185,23759,28915,29198,35539,36190,39835,40493,27025,30157,19542,24448,6129,10325,5914,6016,12039,12118,13664,15553,19393,21864,26989,29140,21421,23984,17255,21565,5814,9726,271830,189284,44081,23454,77215,40543,9161,53,27
2021-06-24T23:59:59+02:00,159,156,11790,11568,24070,22879,28552,28844,35390,36023,39718,40387,26986,30108,19531,24424,6127,10321,5696,5785,11583,11703,13083,14961,17852,20464,25336,27543,20647,23124,16937,21158,5804,9716,266584,184290,44059,19831,77211,38130,9127,53,27
2021-06-23T23:59:59+02:00,123,130,11425,11247,23573,22506,28303,28601,35213,35895,39628,40298,26955,30081,19522,24386,6125,10309,5622,5674,11371,11488,12783,14611,17458,20054,24586,26773,19851,22374,16744,20904,5796,9700,263963,181937,44051,19211,77206,35579,9048,53,27
2021-06-22T23:59:59+02:00,102,117,11243,11037,23412,22366,28222,28528,35137,35833,39581,40252,26940,30056,19514,24377,6125,10308,5512,5553,11103,11229,12416,14241,16855,19453,23852,26005,19471,21949,16581,20725,5789,9684,262815,178898,44048,18339,77204,34133,9031,53,27
2021-06-21T23:59:59+02:00,90,105,10992,10854,22579,21702,27969,28299,35069,35770,39518,40209,26923,30037,19508,24367,6125,10307,5394,5453,10885,11014,12108,13918,16465,19107,23402,25537,19179,21634,16476,20605,5783,9682,260228,177435,44037,17324,77197,32956,8909,53,27
2021-06-20T23:59:59+02:00,84,104,10927,10763,22330,21487,27710,28098,34989,35693,39473,40165,26911,30021,19506,24362,6123,10304,5353,5400,10798,10913,12013,13815,16268,18923,23132,25296,19078,21527,16423,20547,5777,9678,258938,177124,44036,16260,77191,32706,8832,53,27
2021-06-19T23:59:59+02:00,83,100,10904,10740,22298,21464,27692,28085,34977,35689,39464,40161,26910,30020,19506,24360,6123,10304,5322,5368,10716,10822,11921,13695,16120,18772,22824,24934,18990,21440,16411,20534,5776,9678,258788,177018,44016,14761,77191,32693,8832,53,27
2021-06-18T23:59:59+02:00,80,98,10856,10691,21981,21139,27430,27867,34923,35652,39432,40138,26901,30011,19505,24357,6123,10302,5307,5359,10687,10791,11881,13646,16058,18709,22740,24838,18824,21258,16366,20468,5775,9673,257399,176622,44012,14760,77190,32147,8832,53,27
2021-06-17T23:59:59+02:00,71,90,10275,10261,20703,20181,26568,27132,34552,35327,39173,39947,26837,29929,19484,24320,6116,10297,5110,5219,10311,10538,11436,13244,15376,18097,21370,23519,18366,20767,16202,20295,5771,9659,251615,171313,43992,14185,77177,31337,8426,53,27
2021-06-16T23:59:59+02:00,63,78,9938,9953,20018,19548,25935,26531,34301,35124,39012,39797,26791,29876,19460,24295,6115,10293,4966,5075,9922,10205,10976,12792,14672,17407,20517,22580,17962,20320,16031,20082,5761,9647,247775,167525,43976,12914,77163,30296,8161,53,27
2021-06-15T23:59:59+02:00,48,72,9697,9709,19719,19302,25710,26333,34169,35017,38916,39716,26759,29840,19453,24280,6110,10289,4862,4960,9682,9989,10741,12532,14247,16979,19915,22001,17638,19928,15809,19850,5752,9635,246000,165429,43966,11824,77156,29285,7964,53,26
2021-06-14T23:59:59+02:00,44,67,9565,9583,19418,19043,25532,26190,34049,34937,38852,39676,26741,29820,19447,24269,6110,10286,4781,4897,9492,9851,10566,12396,13984,16761,19599,21706,17472,19770,15707,19716,5751,9631,244796,163965,43964,11822,77152,28611,7664,53,26
2021-06-13T23:59:59+02:00,43,63,9405,9455,19128,18859,25176,25936,33850,34769,38744,39609,26725,29808,19437,24261,6110,10282,4698,4828,9281,9678,10397,12220,13658,16414,19250,21375,17344,19622,15660,19651,5749,9629,243149,163099,43964,11821,77147,27168,7347,53,26
2021-06-12T23:59:59+02:00,43,63,9396,9437,19116,18846,25176,25931,33850,34766,38741,39608,26725,29808,19437,24261,6110,10282,4695,4814,9269,9616,10364,12118,13609,16260,19195,21239,17235,19496,15543,19549,5747,9627,243101,163069,43964,11819,77142,26133,7336,53,26
2021-06-11T23:59:59+02:00,38,59,9237,9256,18883,18636,24374,25258,33672,34610,38606,39495,26692,29774,19426,24237,6110,10277,4617,4704,9048,9357,10104,11820,13087,15708,18218,20339,17049,19298,15503,19505,5744,9624,240182,159038,43962,11818,77137,25544,7306,53,26
2021-06-10T23:59:59+02:00,36,55,8843,8926,18235,18140,23525,24586,33353,34329,38403,39330,26633,29720,19402,24209,6107,10270,4442,4527,8474,8862,9294,11098,11936,14601,16215,18417,16159,18330,15217,19138,5735,9602,236561,149328,43308,11785,77111,23844,7071,51,26
2021-06-09T23:59:59+02:00,19,37,8391,8425,17400,17415,22373,23542,32867,33860,38116,39109,26524,29615,19354,24150,6097,10257,4305,4410,8183,8599,9049,10844,11602,14232,15731,17868,15783,17898,14975,18853,5728,9592,232558,147490,41413,11744,77070,21924,6475,35,26
2021-06-08T23:59:59+02:00,11,25,8071,8106,16930,17004,21951,23176,32623,33665,37953,38979,26480,29574,19344,24128,6094,10252,4186,4328,7929,8348,8743,10499,11242,13885,15089,17163,15320,17374,14713,18574,5723,9574,229830,145778,41382,10627,77060,20207,6059,35,26
2021-06-07T23:59:59+02:00,8,21,7874,7876,16572,16681,21412,22719,32341,33395,37835,38862,26451,29526,19324,24099,6089,10251,4110,4248,7748,8205,8584,10353,11071,13712,14774,16835,15120,17118,14539,18381,5719,9569,228209,144691,40411,10534,77040,19201,5641,35,26
2021-06-06T23:59:59+02:00,6,18,7767,7767,16438,16534,21216,22512,32112,33170,37699,38756,26424,29501,19312,24082,6089,10245,4082,4212,7700,8085,8530,10221,10963,13565,14577,16614,14934,16938,14450,18260,5712,9563,226973,144201,40111,10521,77022,18158,5507,35,26
2021-06-05T23:59:59+02:00,6,18,7745,7753,16412,16510,21208,22509,32101,33163,37697,38755,26423,29501,19311,24081,6089,10245,4072,4172,7685,8020,8516,10089,10949,13393,14558,16509,14899,16883,14441,18250,5712,9562,226867,144119,40111,10521,77021,17558,5493,35,26
2021-06-04T23:59:59+02:00,6,16,7634,7651,16133,16271,20934,22259,31678,32788,37582,38633,26390,29462,19300,24068,6087,10243,4065,4163,7657,7997,8489,10058,10882,13320,14453,16376,14817,16790,14404,18206,5712,9560,225268,143781,39337,10191,77002,17465,5493,35,26
2021-06-03T23:59:59+02:00,4,16,7379,7422,15256,15480,19302,20869,30766,31861,37077,38172,26258,29326,19255,24017,6081,10225,4005,4124,7569,7926,8366,9961,10710,13137,13881,15803,14552,16473,14318,18099,5709,9547,218637,141552,37759,10071,76990,17193,5345,35,26
2021-06-02T23:59:59+02:00,4,16,7245,7278,14878,15055,18871,20464,30299,31405,36849,37908,26194,29262,19235,23988,6078,10223,3976,4095,7507,7840,8278,9866,10570,13006,13432,15370,14427,16290,14288,18061,5706,9542,215559,139757,37328,9977,76989,17160,5341,35,26
2021-06-01T23:59:59+02:00,4,13,6971,7034,14480,14745,18527,20147,29972,31093,36625,37675,26138,29182,19211,23959,6076,10212,3875,4011,7266,7664,8044,9673,10306,12730,13024,14945,13992,15836,14172,17906,5699,9534,212813,137619,37284,9723,76968,16352,4964,35,26
2021-05-31T23:59:59+02:00,4,13,6809,6848,14258,14511,17826,19546,29630,30750,36331,37411,26045,29084,19184,23906,6066,10200,3798,3901,7056,7417,7820,9390,9962,12346,12585,14424,13463,15221,13971,17675,5691,9519,211373,134431,35245,9402,76953,15571,4816,35,26
2021-05-30T23:59:59+02:00,4,13,6786,6832,14213,14470,17748,19487,29580,30711,36299,37385,26033,29072,19181,23899,6065,10198,3754,3829,6898,7202,7673,9154,9755,12024,12329,14069,13342,15050,13905,17592,5688,9512,211074,133693,35232,9300,76895,14024,4740,35,26
2021-05-29T23:59:59+02:00,4,13,6784,6831,14204,14464,17743,19481,29575,30707,36296,37384,26031,29069,19181,23898,6065,10198,3744,3817,6868,7169,7639,9103,9719,11977,12255,13970,13300,14981,13875,17568,5687,9507,211042,133551,35232,9299,76880,13571,4739,35,26
2021-05-28T23:59:59+02:00,4,13,6774,6818,14187,14452,17727,19459,29562,30694,36285,37364,26028,29064,19179,23894,6065,10198,3730,3794,6847,7129,7604,9048,9667,11872,12012,13700,13109,14790,13845,17527,5684,9504,210886,132254,35231,9298,76877,13552,4738,35,26
2021-05-27T23:59:59+02:00,4,13,6683,6737,13918,14232,17238,19113,28881,30150,36124,37231,25978,29028,19164,23878,6064,10192,3606,3632,6559,6877,7228,8739,9169,11314,11303,12803,12555,14219,13715,17333,5676,9492,209794,128728,33786,8970,76835,12324,4178,35,26
2021-05-26T23:59:59+02:00,4,13,6613,6630,13708,14030,16985,18803,28337,29637,35948,37055,25936,28978,19147,23849,6063,10185,3515,3490,6336,6588,6939,8311,8827,10836,10649,12002,11991,13603,13568,17117,5671,9470,208180,125106,33036,8786,76820,11153,3850,35,24
2021-05-25T23:59:59+02:00,4,13,6532,6535,13501,13810,16721,18590,27613,28989,35855,36958,25912,28947,19135,23833,6058,10184,3466,3397,6192,6418,6792,8120,8601,10545,10301,11636,11647,13125,13463,16954,5668,9462,207461,123259,31580,8648,76337,10084,3778,34,24
2021-05-24T23:59:59+02:00,4,13,6462,6439,13323,13610,16498,18310,27197,28558,35509,36557,25855,28879,19116,23809,6057,10182,3453,3376,6133,6337,6747,8036,8541,10450,10228,11538,11472,12892,13415,16862,5660,9441,206929,122630,29346,8600,76330,9594,3739,34,24
2021-05-23T23:59:59+02:00,4,13,6460,6438,13318,13602,16495,18300,27178,28548,35479,36523,25852,28872,19116,23803,6057,10182,3448,3372,6127,6327,6737,8029,8513,10419,10188,11479,11389,12791,13395,16830,5660,9440,206815,122616,29329,8187,76329,9587,3733,34,24
2021-05-22T23:59:59+02:00,4,13,6453,6434,13310,13590,16489,18295,27174,28546,35476,36517,25852,28872,19116,23803,6057,10182,3446,3372,6123,6324,6735,8025,8509,10417,10183,11476,11378,12777,13390,16826,5659,9440,206760,122576,29329,8187,76327,9563,3733,34,24
2021-05-21T23:59:59+02:00,4,13,6391,6375,13157,13484,16314,18146,26903,28368,35045,36251,25826,28834,19108,23797,6056,10178,3437,3362,6090,6303,6705,7991,8470,10368,10129,11427,10858,12064,13249,16666,5656,9435,206070,120815,29204,8184,75281,9529,3661,34,24
2021-05-20T23:59:59+02:00,3,12,6096,6173,12545,13069,15121,17224,24990,26868,34090,35483,25721,28690,19053,23715,6050,10163,3378,3316,5993,6187,6590,7834,8321,10204,9890,11119,10519,11608,13136,16482,5646,9421,201299,118806,27460,8101,72742,9184,3532,33,24
2021-05-19T23:59:59+02:00,3,12,5889,5931,12031,12609,14415,16518,24043,26051,33463,34880,25607,28598,19018,23655,6042,10151,3301,3242,5832,6018,6400,7589,8047,9923,9586,10738,10206,11192,13057,16337,5644,9413,195591,116887,27419,7905,72726,8565,3147,33,24
2021-05-18T23:59:59+02:00,3,11,5719,5820,11633,12291,13793,16016,22887,25102,32796,34273,25491,28462,18970,23602,6037,10141,3259,3211,5716,5906,6233,7429,7841,9707,9387,10498,10031,10941,12911,16113,5634,9404,190641,115722,26908,7837,72682,7858,2783,33,24
2021-05-17T23:59:59+02:00,3,10,5666,5776,11469,12185,13520,15794,22069,24464,32486,33957,25412,28402,18948,23572,6028,10132,3142,3137,5524,5722,6059,7213,7632,9479,9162,10253,9938,10816,12853,16049,5631,9399,188870,114959,26205,7829,72287,6702,2498,33,24
2021-05-16T23:59:59+02:00,3,10,5638,5756,11407,12127,13435,15714,21454,23913,31873,33428,25372,28358,18938,23557,6027,10132,3137,3115,5510,5653,6031,7153,7604,9380,9131,10169,9922,10797,12850,16046,5631,9399,188102,114848,24659,7823,71862,6351,2486,33,23
2021-05-15T23:59:59+02:00,3,10,5629,5747,11374,12118,13406,15705,21378,23842,31333,33053,25361,28353,18937,23554,6026,10131,3124,3100,5491,5611,6017,7078,7564,9265,8893,9914,9889,10766,12816,15995,5631,9398,188051,114843,24646,7685,71215,5989,2015,33,23
2021-05-14T23:59:59+02:00,3,10,5590,5722,11312,12078,13333,15641,20967,23531,30901,32706,25326,28307,18925,23538,6026,10129,3092,3060,5454,5522,5996,6942,7523,9063,8832,9719,9816,10656,12730,15866,5631,9395,187329,114672,24325,7350,70344,5241,2014,33,23
2021-05-13T23:59:59+02:00,3,10,5435,5566,10930,11782,12619,15053,18778,21784,29355,31237,25099,28064,18857,23466,6024,10126,3081,3025,5431,5483,5980,6885,7497,8993,8788,9659,9598,10412,12527,15560,5626,9384,183369,114313,20531,6523,68256,5074,1999,33,23
2021-05-12T23:59:59+02:00,2,10,5405,5539,10860,11724,12518,14965,18655,21660,28992,30872,25006,27969,18840,23437,6023,10121,3080,3021,5425,5477,5970,6872,7472,8978,8749,9605,9409,10180,12294,15236,5623,9377,182420,114029,19894,5653,68253,5069,1998,33,22
2021-05-11T23:59:59+02:00,2,10,5268,5434,10610,11471,12151,14597,18045,21020,28060,29900,24814,27779,18780,23361,6018,10107,3037,2980,5335,5322,5870,6686,7342,8735,8586,9383,9227,9982,12142,15047,5614,9358,178333,112974,19000,5545,68122,4169,1939,33,22
2021-05-10T23:59:59+02:00,2,9,5143,5359,10395,11280,11891,14341,17719,20686,27638,29491,24706,27671,18741,23314,6010,10103,2966,2926,5218,5206,5755,6582,7218,8594,8457,9276,9123,9858,12052,14918,5611,9349,176325,112442,18316,5533,67894,3184,1931,33,22
2021-05-09T23:59:59+02:00,2,9,5069,5313,10297,11164,11791,14222,17378,20400,27247,29114,24619,27584,18712,23278,6007,10100,2898,2894,5072,5164,5579,6539,7051,8565,8327,9240,9111,9848,12034,14898,5611,9349,175929,112366,17035,5523,67394,2357,1915,33,22
2021-05-08T23:59:59+02:00,2,9,5068,5312,10294,11160,11791,14222,17374,20398,27244,29112,24619,27584,18712,23278,6007,10100,2898,2893,5070,5164,5579,6539,7051,8565,8324,9240,9110,9847,12034,14898,5611,9349,175913,112363,17035,5523,67391,2353,1914,33,22
2021-05-07T23:59:59+02:00,2,9,5035,5286,10226,11108,11660,14098,16973,20125,26608,28555,24570,27533,18695,23246,6001,10070,2887,2886,5055,5156,5568,6523,7039,8554,8316,9229,9104,9839,12023,14878,5604,9321,175078,112348,17032,5517,65869,2310,1788,33,22
2021-05-06T23:59:59+02:00,1,9,4765,5125,9772,10765,11095,13580,15883,19101,24198,26262,24070,27003,18589,23144,5996,10056,2844,2840,4988,5080,5527,6431,6957,8436,8187,9077,9003,9725,11999,14827,5601,9318,170042,111807,14581,5460,62983,1777,1777,31,22
2021-05-05T23:59:59+02:00,1,9,4684,5044,9477,10536,10754,13254,15304,18499,23351,25295,23810,26676,18521,23039,5986,10038,2825,2803,4939,4995,5468,6311,6875,8272,8063,8861,8895,9593,11921,14740,5600,9309,166376,110861,13263,5454,62832,1359,1776,31,22
2021-05-04T23:59:59+02:00,1,9,4600,4952,9303,10336,10542,13012,14915,18103,22803,24729,23599,26404,18449,22958,5978,10024,2817,2769,4911,4919,5435,6190,6822,8132,7967,8706,8791,9480,11846,14681,5598,9306,164122,110359,12138,5443,62668,790,1758,31,22
2021-05-03T23:59:59+02:00,1,9,4529,4877,9113,10202,10366,12836,14634,17857,22392,24315,23460,26254,18422,22910,5978,10018,2743,2698,4827,4848,5359,6104,6727,8026,7785,8541,8705,9393,11807,14632,5595,9301,162615,110136,12137,5440,62575,680,815,31,22
2021-05-02T23:59:59+02:00,1,9,4516,4863,9037,10145,10243,12726,14307,17550,22090,24029,23410,26195,18403,22885,5977,10017,2737,2691,4768,4815,5271,6021,6590,7896,7666,8440,8659,9351,11783,14598,5593,9296,161729,110016,12134,5438,62471,663,38,31,22
2021-05-01T23:59:59+02:00,1,9,4516,4860,9035,10144,10242,12726,14303,17546,22088,24029,23409,26194,18403,22885,5977,10017,2737,2691,4768,4815,5271,6021,6589,7896,7666,8440,8659,9351,11783,14598,5593,9296,161710,110016,12134,5437,62471,663,38,31,22
2021-04-30T23:59:59+02:00,0,9,4444,4774,8796,9929,9981,12485,13821,17120,21246,23256,23284,26057,18387,22854,5974,10014,2733,2689,4757,4807,5262,5987,6578,7865,7633,8401,8655,9348,11782,14595,5591,9295,158119,109988,12133,5435,62144,531,4,31,22
2021-04-29T23:59:59+02:00,0,9,4297,4629,8317,9518,9279,11882,12818,16216,19395,21570,22576,25293,18248,22643,5968,9997,2711,2670,4716,4736,5219,5913,6515,7759,7551,8285,8545,9233,11716,14520,5584,9286,148910,109493,12118,5171,61593,271,4,30,22
2021-04-28T23:59:59+02:00,0,9,4265,4610,8246,9445,9203,11795,12698,16095,19178,21357,22487,25202,18221,22602,5966,9992,2708,2658,4691,4676,5191,5869,6485,7685,7503,8203,8528,9208,11699,14498,5582,9280,148525,109299,12030,5098,60783,45,3,30,21
2021-04-27T23:59:59+02:00,0,9,4227,4564,8109,9310,9088,11645,12551,15927,18728,20861,22256,24944,18156,22524,5963,9983,2705,2654,4689,4672,5181,5861,6472,7666,7468,8165,8467,9129,11617,14416,5578,9276,147797,109037,10955,4925,60060,37,3,30,16
2021-04-26T23:59:59+02:00,0,9,4186,4537,8002,9214,8941,11539,12378,15753,18316,20496,22122,24797,18120,22492,5962,9981,2705,2652,4685,4668,5176,5853,6459,7646,7435,8137,8419,9081,11561,14337,5574,9259,147020,108932,10820,4667,58973,32,2,30,16
2021-04-25T23:59:59+02:00,0,9,4172,4522,7965,9183,8878,11476,12243,15624,17973,20162,21922,24560,18080,22437,5958,9976,2705,2652,4684,4666,5173,5849,6454,7643,7433,8133,8363,9022,11538,14309,5574,9257,145638,108909,10809,4499,58661,31,2,30,16
2021-04-24T23:59:59+02:00,0,9,4165,4514,7949,9178,8863,11466,12195,15593,17915,20124,21907,24547,18078,22432,5958,9976,2704,2652,4684,4666,5173,5849,6454,7643,7433,8133,8363,9021,11538,14309,5574,9257,145541,108909,10808,4499,58488,30,2,30,15
2021-04-23T23:59:59+02:00,0,9,4145,4484,7892,9115,8778,11364,11857,15267,17480,19725,21692,24314,18013,22355,5956,9968,2701,2650,4681,4663,5167,5841,6440,7634,7410,8102,8342,8994,11529,14300,5572,9254,144273,108897,10461,4339,57648,29,2,30,15
2021-04-22T23:59:59+02:00,0,9,4096,4420,7761,8926,8594,11106,11530,14849,16564,18740,21120,23603,17878,22175,5946,9950,2693,2644,4675,4641,5145,5814,6398,7600,7341,8057,8213,8836,11387,14149,5567,9245,140545,108279,10331,4090,56360,21,2,29,15
2021-04-21T23:59:59+02:00,0,9,4054,4377,7661,8805,8438,10945,11235,14568,15827,17981,20739,23156,17803,22070,5941,9937,2684,2633,4657,4620,5129,5793,6386,7582,7312,8035,8164,8774,11347,14109,5565,9243,137619,107993,10201,4007,55697,19,2,27,14
2021-04-20T23:59:59+02:00,0,9,4029,4351,7627,8752,8362,10865,11072,14394,15393,17506,20275,22638,17699,21918,5933,9925,2675,2624,4647,4607,5105,5773,6358,7558,7272,7995,8070,8642,11271,14022,5561,9239,135469,107420,9936,3967,55314,18,2,27,14
2021-04-19T23:59:59+02:00,0,9,3999,4300,7564,8647,8270,10726,10914,14211,15140,17211,19796,22073,17532,21701,5923,9913,2670,2623,4643,4603,5092,5758,6339,7541,7245,7950,8017,8588,11244,13976,5559,9235,133400,107086,9583,3965,54919,18,2,25,14
2021-04-18T23:59:59+02:00,0,6,3979,4272,7505,8595,8165,10600,10655,13968,14648,16673,19364,21561,17409,21516,5919,9907,2669,2623,4643,4603,5092,5758,6338,7538,7242,7949,8013,8585,11242,13972,5558,9232,130980,107063,9512,3963,54223,17,2,25,14
2021-04-17T23:59:59+02:00,0,6,3976,4264,7485,8588,8154,10582,10614,13922,14536,16585,19244,21439,17387,21488,5918,9905,2669,2623,4642,4601,5086,5753,6324,7533,7217,7926,7967,8539,11223,13949,5556,9232,130543,107052,9502,3757,54021,17,2,25,14
2021-04-16T23:59:59+02:00,0,6,3965,4220,7412,8464,8051,10427,10421,13660,13867,15823,18677,20797,17262,21313,5907,9887,2666,2620,4637,4594,5081,5740,6306,7522,7179,7891,7656,8148,11129,13808,5549,9215,127700,106248,9441,3463,52992,17,1,25,14
2021-04-15T23:59:59+02:00,0,5,3921,4167,7298,8332,7875,10192,10086,13270,13141,14964,17867,19936,17021,20991,5892,9867,2665,2612,4625,4577,5067,5707,6274,7486,7107,7818,7098,7484,11000,13647,5545,9205,124061,104575,9281,3314,51457,15,1,25,14
2021-04-14T23:59:59+02:00,0,4,3894,4135,7232,8226,7768,10041,9909,13071,12723,14518,17340,19324,16869,20782,5886,9853,2631,2593,4607,4545,5039,5660,6239,7453,7049,7758,6452,6718,10736,13351,5541,9197,122670,102230,9044,3313,49835,13,1,25,14
2021-04-13T23:59:59+02:00,0,4,3890,4129,7194,8209,7711,10006,9801,13018,12350,14225,16650,18471,16633,20478,5882,9847,2606,2565,4588,4519,5011,5625,6180,7383,6961,7654,6240,6465,10149,12669,5532,9176,121966,99994,8822,3303,47684,13,1,25,14
2021-04-12T23:59:59+02:00,0,4,3877,4111,7139,8163,7653,9936,9693,12917,12103,14010,16211,17955,16445,20264,5877,9844,2577,2554,4521,4477,4905,5555,6062,7306,6843,7554,5493,5643,9698,12130,5492,9134,121630,96624,8786,3294,45761,13,1,24,14
2021-04-11T23:59:59+02:00,0,4,3862,4103,7097,8111,7593,9893,9602,12840,11866,13801,15642,17267,16169,19924,5872,9834,2501,2474,4392,4356,4754,5423,5900,7154,6693,7449,5191,5282,9566,11968,5492,9130,121037,94457,8358,3243,44060,12,1,24,14
2021-04-10T23:59:59+02:00,0,4,3844,4083,7058,8064,7550,9836,9541,12781,11775,13716,15424,17074,16120,19855,5871,9827,1941,1910,3580,3634,3884,4659,4897,6238,5838,6661,4919,4977,9437,11816,5485,9121,120572,85729,8358,3243,43468,12,1,24,14
2021-04-09T23:59:59+02:00,0,4,3823,4063,7021,8034,7489,9780,9390,12652,11448,13435,14239,15540,15675,19323,5858,9815,1083,1085,2219,2439,2376,3290,3111,4594,4213,5195,4230,4241,9186,11458,5460,9091,118672,70007,8356,3240,40537,12,0,24,14
2021-04-08T23:59:59+02:00,0,4,3797,4048,6959,7981,7386,9686,9202,12535,11045,13083,13103,14276,15258,18793,5836,9779,583,596,1296,1732,1474,2364,2009,3506,2837,3804,2983,2841,8365,10455,5303,8854,117413,55742,8273,3237,37061,11,0,24,14
2021-04-07T23:59:59+02:00,0,4,3749,4022,6881,7925,7294,9615,9074,12406,10735,12776,12373,13509,15039,18529,5830,9757,354,379,947,1386,1068,1978,1499,3044,1890,2799,1799,1552,7456,9308,5147,8595,116449,45944,8120,3237,34926,8,0,23,14
2021-04-06T23:59:59+02:00,0,4,3733,4010,6860,7887,7238,9548,8981,12327,10523,12559,11988,13013,14819,18236,5819,9744,347,365,937,1376,1053,1957,1471,3016,1831,2740,1720,1483,7038,8749,4994,8356,115179,44178,8021,3236,34068,7,0,21,14
2021-04-05T23:59:59+02:00,0,4,3727,4009,6849,7874,7225,9537,8962,12299,10459,12500,11877,12865,14721,18143,5817,9741,345,359,927,1372,1047,1949,1461,2995,1809,2706,1667,1430,6808,8442,4869,8170,114839,43102,8000,3235,33749,7,0,21,14
2021-04-04T23:59:59+02:00,0,4,3727,4009,6847,7868,7224,9536,8959,12299,10449,12495,11873,12861,14718,18142,5817,9741,345,358,925,1372,1046,1947,1460,2994,1807,2703,1664,1425,6801,8428,4864,8167,114833,43053,7999,3234,33716,7,0,21,14
2021-04-03T23:59:59+02:00,0,4,3727,4009,6847,7867,7223,9536,8959,12299,10448,12495,11873,12860,14716,18140,5817,9741,345,357,923,1368,1044,1946,1459,2989,1805,2703,1658,1413,6758,8346,4829,8131,114829,42822,7999,3234,33712,6,0,21,14
2021-04-02T23:59:59+02:00,0,4,3725,4007,6845,7864,7217,9530,8946,12292,10432,12479,11746,12745,14673,18081,5814,9732,343,355,921,1362,1038,1935,1444,2964,1764,2665,1564,1327,5992,7448,4388,7561,114703,40141,7994,2912,33414,6,0,21,14
2021-04-01T23:59:59+02:00,0,3,3686,3995,6811,7843,7175,9500,8894,12253,10360,12408,11398,12337,14292,17563,5808,9712,338,352,905,1347,1026,1914,1412,2919,1704,2600,1440,1231,5043,6326,3820,6719,114302,36171,6578,2907,33137,6,0,21,14
2021-03-31T23:59:59+02:00,0,3,3680,3990,6796,7823,7158,9481,8859,12220,10270,12336,11062,11929,13940,17064,5802,9689,335,348,897,1337,1015,1898,1392,2891,1655,2563,1374,1178,4450,5638,3457,6242,113716,33818,5568,2834,32797,6,0,21,14
2021-03-30T23:59:59+02:00,0,3,3662,3966,6760,7786,7100,9415,8770,12117,10108,12181,10803,11652,13719,16799,5795,9675,331,341,892,1326,1008,1892,1369,2884,1626,2537,1347,1152,4331,5516,3395,6147,112903,33441,5318,2635,32071,6,0,19,14
2021-03-29T23:59:59+02:00,0,3,3652,3944,6734,7764,7060,9362,8674,12022,9925,11972,10364,11183,13347,16330,5779,9642,326,337,888,1315,1002,1884,1360,2873,1612,2528,1325,1138,4195,5372,3297,6014,111228,32820,5010,2629,31500,5,0,19,14
2021-03-28T23:59:59+02:00,0,3,3611,3888,6618,7605,6943,9219,8548,11829,9771,11781,10156,10922,13171,16148,5775,9633,326,337,888,1313,1000,1883,1359,2873,1611,2526,1316,1135,4162,5329,3271,5988,110857,32775,4743,2526,30002,4,0,19,14
2021-03-27T23:59:59+01:00,0,3,3610,3877,6606,7541,6913,9106,8498,11659,9719,11627,10043,10798,13076,16060,5774,9633,326,336,888,1313,1000,1880,1359,2871,1607,2525,1314,1133,4136,5294,3258,5973,110848,32672,4743,2525,28933,4,0,19,14
2021-03-26T23:59:59+01:00,0,3,3604,3870,6578,7504,6885,9031,8450,11546,9628,11499,9994,10734,13028,16004,5766,9612,321,334,887,1310,996,1868,1356,2850,1587,2511,1289,1117,3950,5065,3149,5819,110788,31909,4519,2484,28410,4,0,19,14
2021-03-25T23:59:59+01:00,0,3,3581,3839,6486,7378,6793,8865,8261,11315,9318,11182,9613,10349,12722,15688,5761,9601,321,333,885,1302,993,1858,1343,2837,1564,2492,1264,1097,3711,4815,2896,5479,110410,30691,4307,2484,26019,3,0,19,14
2021-03-24T23:59:59+01:00,0,3,3524,3789,6396,7194,6670,8639,8096,11078,9091,10857,9198,9859,12304,15229,5750,9590,321,332,884,1298,988,1856,1336,2833,1548,2476,1255,1087,3644,4741,2711,5254,109895,30068,4169,2484,23184,0,0,19,14
2021-03-23T23:59:59+01:00,0,3,3505,3756,6348,7140,6593,8579,7978,10950,8843,10624,8778,9392,11853,14707,5740,9576,321,332,883,1288,983,1847,1331,2824,1544,2469,1230,1062,3552,4664,2515,4931,109080,29280,4077,2484,21189,0,0,19,14
2021-03-22T23:59:59+01:00,0,3,3497,3736,6306,7112,6558,8531,7912,10875,8695,10488,8497,9041,11551,14383,5705,9537,319,327,877,1278,975,1840,1324,2813,1534,2459,1218,1052,3523,4628,2496,4898,108413,29066,4075,2483,19920,0,0,19,14
2021-03-21T23:59:59+01:00,0,3,3495,3734,6302,7102,6541,8515,7895,10856,8639,10430,8377,8924,11482,14281,5702,9534,317,326,869,1275,968,1833,1315,2811,1529,2455,1214,1049,3514,4613,2481,4888,108328,28962,4074,2483,19391,0,0,19,14
2021-03-20T23:59:59+01:00,0,3,3487,3696,6294,7030,6525,8378,7870,10672,8595,10295,8299,8838,11444,14242,5702,9534,317,326,869,1275,968,1832,1314,2811,1529,2453,1214,1049,3514,4612,2481,4887,108295,28957,3863,2482,18727,0,0,19,14
2021-03-19T23:59:59+01:00,0,3,3474,3666,6266,6944,6501,8285,7824,10555,8482,10135,7756,8231,11257,13999,5693,9516,314,325,864,1268,951,1823,1292,2780,1479,2409,1132,981,2844,3818,2062,4306,106675,26154,3561,2482,18332,0,0,19,14
2021-03-18T23:59:59+01:00,0,3,3463,3648,6225,6904,6467,8223,7760,10469,8366,10006,6795,7129,10977,13698,5681,9491,313,325,860,1263,945,1813,1277,2772,1455,2390,1093,961,2638,3578,1905,4083,103646,25177,3400,2482,18240,0,0,19,14
2021-03-17T23:59:59+01:00,0,3,3426,3609,6155,6821,6412,8118,7669,10338,8235,9848,6109,6280,10692,13387,5664,9464,312,325,852,1257,940,1801,1263,2750,1436,2363,1056,936,2510,3446,1823,3965,100846,24543,3399,2482,17966,0,0,19,12
2021-03-16T23:59:59+01:00,0,3,3408,3579,6116,6768,6367,8044,7615,10273,8144,9746,5933,6105,9983,12578,5623,9400,305,314,838,1240,928,1792,1257,2730,1424,2355,1042,917,2295,3197,1686,3768,98581,23598,3387,2480,17698,0,0,19,12
2021-03-15T23:59:59+01:00,0,3,3371,3547,6017,6688,6237,7951,7471,10153,8016,9620,5179,5271,9536,12028,5579,9330,304,313,834,1236,926,1785,1255,2717,1415,2346,1029,905,2150,3023,1595,3673,95057,23017,3378,2479,17543,0,0,19,12
2021-03-14T23:59:59+01:00,0,3,3247,3404,5738,6342,5966,7591,7157,9737,7729,9302,4847,4880,9375,11829,5575,9315,304,312,834,1236,925,1785,1253,2716,1413,2343,1027,902,2147,3020,1592,3672,92660,22995,3323,2476,16035,0,0,19,12
2021-03-13T23:59:59+01:00,0,3,2592,2749,4804,5473,4956,6667,5968,8624,6716,8355,4532,4497,8989,11305,5483,9207,304,311,833,1234,925,1779,1251,2714,1412,2343,1027,901,2123,2983,1561,3636,81999,22851,3323,2476,15579,0,0,19,12
2021-03-12T23:59:59+01:00,0,2,1769,1932,3468,4320,3448,5336,4221,6985,5079,6846,3860,3791,7733,9756,4968,8517,300,308,831,1230,919,1773,1244,2694,1387,2326,982,874,1766,2517,1286,3275,63145,21226,3320,2476,15547,0,0,19,12
2021-03-11T23:59:59+01:00,0,2,1270,1455,2562,3580,2548,4401,3128,5895,3721,5460,2685,2516,6027,7649,4193,7337,295,299,815,1221,906,1750,1226,2665,1362,2279,945,854,1608,2282,1159,3085,45847,20265,3318,2476,15245,0,0,19,12
2021-03-10T23:59:59+01:00,0,2,1049,1239,2196,3220,2174,4009,2677,5454,2811,4493,1548,1311,4663,5927,3626,6570,285,289,797,1201,884,1714,1192,2591,1323,2213,918,835,1426,2091,1062,2909,34789,19353,3318,2367,14844,0,0,18,12
2021-03-09T23:59:59+01:00,0,2,1033,1210,2132,3080,2110,3894,2593,5321,2726,4367,1514,1280,4586,5854,3584,6511,281,282,783,1180,867,1688,1166,2550,1305,2185,904,823,1349,1965,990,2793,34376,18778,3315,2323,14088,0,0,18,12
2021-03-08T23:59:59+01:00,0,2,1012,1180,2075,2980,2071,3813,2533,5208,2671,4294,1476,1259,4439,5692,3481,6368,281,278,778,1172,865,1679,1158,2542,1297,2169,879,802,1178,1739,864,2622,33677,17974,3315,2319,13544,0,0,18,12
2021-03-07T23:59:59+01:00,0,2,1007,1161,2035,2934,2029,3772,2494,5143,2630,4257,1471,1256,4432,5684,3478,6368,281,278,778,1172,865,1679,1158,2542,1296,2169,876,802,1169,1729,855,2611,33643,17973,3309,2277,13183,0,0,18,12
2021-03-06T23:59:59+01:00,0,2,1007,1158,2024,2920,2017,3753,2478,5116,2613,4236,1458,1246,4398,5638,3464,6356,281,278,778,1172,865,1678,1158,2542,1296,2169,876,802,1169,1729,855,2610,33499,17972,3308,2276,13059,0,0,18,12
2021-03-05T23:59:59+01:00,0,2,1003,1154,2008,2900,1987,3730,2435,5064,2561,4198,1422,1219,4128,5312,3312,6136,280,275,771,1165,859,1670,1155,2533,1292,2159,862,798,1161,1720,854,2608,32756,17876,2974,2276,12823,0,0,18,12
2021-03-04T23:59:59+01:00,0,2,909,1006,1919,2775,1921,3593,2359,4910,2471,4038,1392,1198,3885,5050,3047,5783,280,273,769,1160,856,1661,1154,2519,1288,2150,830,782,1148,1710,847,2595,31499,17759,2970,2253,11771,0,0,18,12
2021-03-03T23:59:59+01:00,0,2,862,898,1852,2679,1850,3489,2290,4795,2397,3954,1379,1185,3775,4943,2823,5508,279,271,768,1149,853,1643,1148,2477,1278,2124,813,778,1140,1690,839,2587,30820,17730,2851,2097,10992,0,0,18,12
2021-03-02T23:59:59+01:00,0,2,818,821,1756,2556,1766,3365,2200,4671,2337,3876,1344,1163,3645,4808,2615,5157,279,270,767,1143,849,1640,1143,2472,1274,2114,811,776,1125,1669,828,2568,30085,17622,2661,2096,10136,0,0,18,12
2021-03-01T23:59:59+01:00,0,2,795,785,1656,2414,1695,3219,2100,4499,2257,3755,1326,1151,3594,4743,2571,5097,279,268,763,1139,846,1628,1139,2460,1269,2104,804,773,1120,1657,820,2561,29832,17524,2577,2096,9232,0,0,18,12
2021-02-28T23:59:59+01:00,0,2,789,762,1638,2348,1667,3147,2077,4400,2242,3688,1320,1145,3584,4728,2556,5086,278,267,763,1138,846,1623,1138,2458,1269,2099,800,771,1112,1644,816,2551,29723,17501,2575,2062,8863,0,0,18,12
2021-02-27T23:59:59+01:00,0,2,774,745,1617,2288,1650,3036,2058,4274,2221,3593,1317,1142,3584,4727,2556,5085,278,267,763,1138,846,1623,1138,2458,1269,2098,800,771,1102,1638,799,2537,29720,17500,2574,2015,8357,0,0,18,12
2021-02-26T23:59:59+01:00,0,2,645,666,1513,2175,1599,2878,1995,4038,2120,3357,1226,1072,2930,3931,2121,4492,278,266,762,1136,845,1622,1138,2456,1267,2095,799,767,1084,1625,789,2520,26902,17426,2574,2013,7266,0,0,18,12
2021-02-25T23:59:59+01:00,0,2,497,589,1396,2071,1532,2750,1936,3911,2020,3245,1176,1037,2700,3661,1955,4251,261,251,738,1114,803,1553,1089,2355,1194,2002,743,746,1051,1587,777,2492,25835,17334,2546,1412,6330,0,0,18,12
2021-02-24T23:59:59+01:00,0,2,468,559,1326,1961,1462,2607,1866,3761,1944,3095,1139,1008,2561,3526,1875,4129,232,238,713,1068,776,1491,1059,2292,1139,1951,716,724,1004,1557,764,2461,25191,17144,2534,1031,5546,0,0,18,12
2021-02-23T23:59:59+01:00,0,2,413,519,1243,1821,1387,2462,1790,3550,1875,2973,1114,974,2354,3295,1747,3937,227,233,698,1044,764,1452,1037,2245,1113,1910,707,713,995,1543,761,2457,24254,17054,2524,835,4660,0,0,18,12
2021-02-22T23:59:59+01:00,0,2,400,485,1142,1712,1284,2365,1681,3443,1794,2902,1092,960,2210,3121,1656,3838,217,224,675,992,733,1389,1011,2151,1071,1828,663,680,925,1464,722,2398,23663,16864,2520,269,3886,0,0,18,12
2021-02-21T23:59:59+01:00,0,2,381,468,1041,1679,1134,2341,1526,3421,1689,2884,1084,958,2209,3120,1656,3838,190,218,644,984,722,1381,997,2146,1065,1826,660,677,922,1458,714,2390,23634,16730,2520,254,3259,0,0,18,12
2021-02-20T23:59:59+01:00,0,2,381,466,1040,1679,1133,2341,1525,3419,1689,2882,1084,957,2208,3120,1655,3837,189,216,641,984,719,1380,991,2143,1063,1826,660,677,922,1458,714,2389,23628,16708,2519,254,3253,0,0,18,12
2021-02-19T23:59:59+01:00,0,2,376,457,1028,1675,1123,2331,1513,3400,1656,2867,1033,928,1834,2613,1352,3446,167,206,615,980,701,1372,974,2141,1057,1824,657,676,921,1458,713,2386,21868,16584,2519,254,3229,0,0,18,12
2021-02-18T23:59:59+01:00,0,2,356,436,989,1592,1085,2245,1459,3284,1615,2775,1004,904,1657,2367,1218,3235,147,195,576,969,681,1359,940,2124,1031,1804,646,657,900,1430,699,2365,20867,16259,2519,254,2819,0,0,18,12
2021-02-17T23:59:59+01:00,0,2,333,384,905,1449,976,2048,1326,3030,1504,2555,966,874,1465,2153,1117,3054,141,188,564,938,656,1306,908,2045,985,1727,611,625,893,1403,693,2345,19785,15764,2519,254,1821,0,0,16,12
2021-02-16T23:59:59+01:00,0,2,327,345,862,1311,925,1865,1265,2809,1437,2395,955,857,1404,2056,1050,2954,135,175,550,896,641,1252,880,1981,955,1685,601,615,869,1369,679,2280,19414,15434,2518,119,871,0,0,16,12
2021-02-15T23:59:59+01:00,0,2,312,303,833,1280,908,1809,1225,2725,1399,2339,926,824,1225,1826,920,2776,127,167,529,870,624,1190,854,1908,932,1608,580,578,851,1332,670,2235,18497,14966,2517,79,604,0,0,14,12
2021-02-14T23:59:59+01:00,0,2,312,303,832,1280,907,1809,1224,2725,1399,2339,926,824,1225,1826,920,2775,126,167,528,862,620,1185,848,1902,928,1605,579,577,848,1331,668,2231,18495,14917,2517,78,602,0,0,14,12
2021-02-13T23:59:59+01:00,0,2,312,303,832,1280,907,1806,1224,2723,1399,2337,926,824,1225,1825,918,2775,126,167,528,862,620,1185,845,1899,926,1601,576,577,833,1310,656,2214,18488,14914,2514,1,602,0,0,14,12
2021-02-12T23:59:59+01:00,0,2,308,302,823,1275,903,1776,1218,2696,1371,2307,924,822,1224,1822,918,2775,126,167,526,860,619,1178,839,1887,920,1588,573,575,819,1299,650,2201,18480,14816,2514,1,458,0,0,14,12
2021-02-11T23:59:59+01:00,0,2,289,293,808,1240,897,1741,1201,2631,1348,2252,890,808,1213,1811,917,2765,124,153,508,821,597,1113,805,1787,898,1529,560,561,792,1265,635,2168,18368,14306,2513,0,211,0,0,14,12
2021-02-10T23:59:59+01:00,0,2,286,286,789,1203,884,1712,1189,2586,1333,2210,885,806,1198,1794,912,2747,120,143,441,735,551,1020,727,1661,840,1443,545,544,775,1242,622,2138,18343,13549,2408,0,58,0,0,13,0
2021-02-09T23:59:59+01:00,0,2,286,283,783,1188,872,1695,1174,2566,1319,2186,870,800,1184,1775,900,2727,104,124,384,646,498,886,646,1454,751,1250,492,464,655,1073,543,1871,18233,11843,2361,0,3,0,0,13,0
2021-02-08T23:59:59+01:00,0,2,285,282,781,1183,869,1688,1172,2562,1312,2178,864,797,1168,1752,882,2702,93,100,338,551,446,784,556,1243,643,1084,415,388,566,874,438,1539,18107,10060,2358,0,1,0,0,13,0
2021-02-07T23:59:59+01:00,0,2,284,281,780,1182,868,1688,1172,2561,1312,2175,858,795,1167,1749,880,2700,91,99,336,546,444,780,554,1234,639,1078,409,382,545,851,432,1524,18083,9946,2358,0,0,0,0,13,0
2021-02-06T23:59:59+01:00,0,2,284,280,779,1181,868,1687,1172,2561,1312,2174,857,795,1165,1743,878,2698,91,98,336,542,443,779,553,1230,637,1077,406,377,496,782,401,1478,18067,9728,2356,0,0,0,0,13,0
2021-02-05T23:59:59+01:00,0,2,284,279,779,1180,867,1686,1171,2560,1311,2169,850,789,1141,1732,871,2682,85,95,328,536,427,760,528,1195,608,1034,383,349,472,754,381,1431,17984,9367,2356,0,0,0,0,13,0
2021-02-04T23:59:59+01:00,0,2,281,271,776,1159,856,1663,1157,2532,1297,2146,828,776,1112,1701,864,2663,71,76,259,413,332,591,410,966,496,831,311,286,364,609,314,1208,17738,7537,2333,0,0,0,0,13,0
2021-02-03T23:59:59+01:00,0,2,280,266,773,1136,853,1635,1150,2480,1285,2114,808,762,1096,1680,852,2649,57,55,172,285,258,441,290,716,368,594,214,204,259,449,225,905,17634,5492,2174,0,0,0,0,13,0
2021-02-02T23:59:59+01:00,0,2,279,260,769,1127,847,1614,1142,2454,1273,2097,801,755,1088,1669,850,2641,37,34,94,143,149,254,177,447,238,375,140,134,177,273,158,582,17482,3412,2173,0,0,0,0,13,0
2021-02-01T23:59:59+01:00,0,2,277,257,764,1108,839,1594,1137,2424,1269,2062,791,742,1082,1658,845,2625,13,11,17,30,27,64,48,89,75,103,54,48,65,82,47,198,17290,971,2173,0,0,0,0,13,0
2021-01-31T23:59:59+01:00,0,2,271,255,748,1106,831,1583,1126,2413,1258,2054,785,736,1072,1640,838,2611,12,11,16,28,25,61,42,84,68,95,51,48,60,75,44,185,17253,905,2063,0,0,0,0,13,0
2021-01-30T23:59:59+01:00,0,2,271,255,748,1105,831,1583,1126,2413,1258,2054,784,736,1062,1633,821,2596,12,9,15,28,25,61,42,84,67,93,50,47,59,75,44,184,17249,895,2016,0,0,0,0,13,0
2021-01-29T23:59:59+01:00,0,2,270,255,748,1104,831,1583,1126,2413,1258,2053,783,735,1061,1631,821,2594,10,4,13,26,25,60,40,83,66,93,49,46,59,75,44,184,17241,877,2014,0,0,0,0,13,0
2021-01-28T23:59:59+01:00,0,2,266,250,737,1079,797,1527,1089,2352,1182,1994,742,721,1033,1611,805,2574,5,0,4,8,10,24,19,37,21,45,21,22,25,49,17,108,17061,415,1687,0,0,0,0,13,0
2021-01-27T23:59:59+01:00,0,2,260,243,714,1047,751,1472,1030,2271,1109,1913,707,694,1018,1588,802,2566,4,0,4,5,7,20,15,23,14,32,6,9,11,12,5,30,16611,197,1563,0,0,0,0,13,0
2021-01-26T23:59:59+01:00,0,2,236,234,699,1023,743,1424,1010,2197,1082,1848,695,680,994,1572,792,2547,4,0,2,5,6,10,13,12,7,11,3,5,7,8,2,17,16561,112,1204,0,0,0,0,13,0
2021-01-25T23:59:59+01:00,0,2,205,219,646,951,691,1302,967,2051,1024,1713,648,624,917,1475,745,2471,4,0,2,5,6,10,13,12,7,11,3,5,7,8,2,17,16334,112,304,0,0,0,0,13,0
2021-01-24T23:59:59+01:00,0,2,188,213,620,939,672,1288,949,2034,1008,1703,641,618,906,1455,736,2458,3,0,2,5,6,10,12,12,6,11,3,5,7,8,2,17,16158,109,259,0,0,0,0,13,0
2021-01-23T23:59:59+01:00,0,2,188,213,620,939,672,1288,949,2034,1008,1703,641,618,906,1455,736,2458,3,0,2,4,6,10,10,12,6,11,3,5,7,8,2,17,16158,106,259,0,0,0,0,13,0
2021-01-22T23:59:59+01:00,0,2,141,195,562,929,654,1273,915,2024,996,1692,636,617,905,1455,736,2458,3,0,1,4,6,10,10,12,6,11,3,5,7,8,2,17,15918,105,259,0,0,0,0,13,0
2021-01-21T23:59:59+01:00,0,2,137,187,547,908,634,1232,882,1970,975,1645,624,596,893,1424,729,2439,3,0,0,4,5,10,9,12,6,11,3,5,7,8,2,16,15552,101,259,0,0,0,0,13,0
2021-01-20T23:59:59+01:00,0,2,131,170,500,843,611,1154,819,1860,938,1574,604,578,876,1401,719,2409,3,0,0,4,5,10,9,12,6,11,3,5,7,8,2,16,14919,101,257,0,0,0,0,13,0
2021-01-19T23:59:59+01:00,0,2,121,152,428,756,548,1025,735,1671,838,1416,557,528,778,1246,638,2153,3,0,0,4,5,8,9,12,6,11,3,5,7,8,2,16,13389,99,190,0,0,0,0,13,0
2021-01-18T23:59:59+01:00,0,2,103,118,359,606,458,855,604,1410,712,1207,487,462,690,1083,560,1868,1,0,0,1,1,0,0,0,0,1,0,0,0,1,0,0,11490,5,81,0,0,0,0,13,0
2021-01-17T23:59:59+01:00,0,2,99,116,355,601,457,849,602,1391,705,1197,481,452,663,1052,540,1821,1,0,0,1,0,0,0,0,0,1,0,0,0,1,0,0,11290,4,80,0,0,0,0,13,0
2021-01-16T23:59:59+01:00,0,2,99,113,353,592,454,844,590,1378,694,1185,466,438,566,927,478,1722,0,0,0,1,0,0,0,0,0,0,0,0,0,0,0,0,10885,1,3,0,0,0,0,13,0
2021-01-15T23:59:59+01:00,0,2,97,111,348,590,448,839,584,1371,677,1169,450,420,558,915,468,1698,0,0,0,0,0,0,0,0,0,0,0,0,0,0,0,0,10731,0,1,0,0,0,0,13,0
2021-01-14T23:59:59+01:00,0,0,80,89,294,488,370,674,466,1118,558,989,369,338,439,749,384,1443,0,0,0,0,0,0,0,0,0,0,0,0,0,0,0,0,8835,0,0,0,0,0,0,13,0
2021-01-13T23:59:59+01:00,0,0,66,66,209,371,294,504,353,837,428,710,260,239,323,563,295,1107,0,0,0,0,0,0,0,0,0,0,0,0,0,0,0,0,6613,0,0,0,0,0,0,12,0
2021-01-12T23:59:59+01:00,0,0,44,44,129,220,182,313,213,532,285,443,166,154,211,370,203,743,0,0,0,0,0,0,0,0,0,0,0,0,0,0,0,0,4252,0,0,0,0,0,0,0,0
2021-01-11T23:59:59+01:00,0,0,14,13,45,61,42,93,61,120,97,130,69,61,92,114,58,253,0,0,0,0,0,0,0,0,0,0,0,0,0,0,0,0,1323,0,0,0,0,0,0,0,0
2021-01-10T23:59:59+01:00,0,0,13,13,32,49,35,75,52,111,84,120,62,57,85,104,55,238,0,0,0,0,0,0,0,0,0,0,0,0,0,0,0,0,1185,0,0,0,0,0,0,0,0
2021-01-09T23:59:59+01:00,0,0,13,12,28,48,35,75,51,110,82,117,61,56,84,103,53,237,0,0,0,0,0,0,0,0,0,0,0,0,0,0,0,0,1165,0,0,0,0,0,0,0,0
2021-01-08T23:59:59+01:00,0,0,9,4,28,42,33,72,48,108,81,116,58,52,78,98,49,237,0,0,0,0,0,0,0,0,0,0,0,0,0,0,0,0,1113,0,0,0,0,0,0,0,0
2021-01-07T23:59:59+01:00,0,0,6,1,10,21,16,38,27,77,35,77,32,27,51,82,33,180,0,0,0,0,0,0,0,0,0,0,0,0,0,0,0,0,713,0,0,0,0,0,0,0,0
2021-01-06T23:59:59+01:00,0,0,6,0,5,10,11,30,24,43,21,48,26,24,37,56,23,129,0,0,0,0,0,0,0,0,0,0,0,0,0,0,0,0,493,0,0,0,0,0,0,0,0
2021-01-05T23:59:59+01:00,0,0,5,0,5,9,11,30,24,43,21,48,26,24,37,55,23,129,0,0,0,0,0,0,0,0,0,0,0,0,0,0,0,0,490,0,0,0,0,0,0,0,0
2021-01-04T23:59:59+01:00,0,0,4,0,2,4,5,11,13,12,6,12,3,5,7,9,2,18,0,0,0,0,0,0,0,0,0,0,0,0,0,0,0,0,113,0,0,0,0,0,0,0,0
2021-01-03T23:59:59+01:00,0,0,3,0,2,4,5,10,12,12,6,12,3,5,7,9,2,17,0,0,0,0,0,0,0,0,0,0,0,0,0,0,0,0,109,0,0,0,0,0,0,0,0
2021-01-02T23:59:59+01:00,0,0,3,0,2,4,5,10,10,12,6,12,3,5,7,9,2,17,0,0,0,0,0,0,0,0,0,0,0,0,0,0,0,0,107,0,0,0,0,0,0,0,0
2021-01-01T23:59:59+01:00,0,0,3,0,1,4,5,10,10,12,6,12,3,5,7,8,2,17,0,0,0,0,0,0,0,0,0,0,0,0,0,0,0,0,105,0,0,0,0,0,0,0,0
2020-12-31T23:59:59+01:00,0,0,3,0,0,4,5,10,9,12,6,12,3,5,7,8,2,17,0,0,0,0,0,0,0,0,0,0,0,0,0,0,0,0,103,0,0,0,0,0,0,0,0
2020-12-30T23:59:59+01:00,0,0,3,0,0,4,5,10,9,12,6,12,3,5,7,8,2,17,0,0,0,0,0,0,0,0,0,0,0,0,0,0,0,0,103,0,0,0,0,0,0,0,0
2020-12-29T23:59:59+01:00,0,0,3,0,0,3,5,8,9,12,6,12,3,5,7,8,2,17,0,0,0,0,0,0,0,0,0,0,0,0,0,0,0,0,100,0,0,0,0,0,0,0,0
2020-12-28T23:59:59+01:00,0,0,3,0,0,3,5,8,9,12,5,12,3,5,7,8,2,17,0,0,0,0,0,0,0,0,0,0,0,0,0,0,0,0,99,0,0,0,0,0,0,0,0
2020-12-27T23:59:59+01:00,0,0,1,0,0,0,0,0,0,0,0,1,0,0,2,4,0,8,0,0,0,0,0,0,0,0,0,0,0,0,0,0,0,0,16,0,0,0,0,0,0,0,0
