Datum,<15_1_m,<15_1_w,15-24_1_m,15-24_1_w,25-34_1_m,25-34_1_w,35-44_1_m,35-44_1_w,45-54_1_m,45-54_1_w,55-64_1_m,55-64_1_w,65-74_1_m,65-74_1_w,75-84_1_m,75-84_1_w,>84_1_m,>84_1_w,<15_2_m,<15_2_w,15-24_2_m,15-24_2_w,25-34_2_m,25-34_2_w,35-44_2_m,35-44_2_w,45-54_2_m,45-54_2_w,55-64_2_m,55-64_2_w,65-74_2_m,65-74_2_w,75-84_2_m,75-84_2_w,>84_2_m,>84_2_w,bp_1,bp_2,mo_1,mo_2,az_1,az_2,ja,unb_1,unb_2
2021-11-13T23:59:59+01:00,5022,4696,29049,27353,38339,35262,37246,36730,42045,42112,44893,44654,28751,32016,20400,25580,6394,10789,3830,3578,24745,23685,33955,31074,33872,33440,38978,38955,42259,42249,27714,30829,19738,24643,6131,10255,365002,331949,46566,44491,77583,71326,22119,68,45
2021-11-12T23:59:59+01:00,4919,4607,28696,27048,38077,35012,37065,36517,41897,41959,44777,44565,28721,31994,20394,25566,6393,10789,3812,3548,24644,23603,33851,30982,33781,33365,38910,38908,42211,42216,27699,30814,19732,24638,6130,10255,362820,331217,46484,44463,77583,71326,22048,68,45
2021-11-11T23:59:59+01:00,4801,4476,28409,26784,37790,34718,36846,36298,41721,41790,44646,44453,28680,31940,20380,25546,6387,10778,3778,3505,24540,23510,33766,30871,33675,33284,38835,38831,42150,42164,27680,30793,19722,24624,6129,10253,360393,330337,46419,44416,77583,71326,21986,68,45
2021-11-10T23:59:59+01:00,4744,4415,28267,26682,37665,34574,36739,36196,41652,41712,44578,44381,28667,31920,20371,25533,6382,10767,3764,3486,24500,23471,33716,30819,33630,33249,38804,38800,42125,42134,27662,30783,19712,24614,6126,10242,359253,329904,46388,44404,77583,71325,21959,68,45
2021-11-09T23:59:59+01:00,4679,4356,28039,26488,37449,34369,36594,36069,41527,41591,44500,44312,28647,31890,20356,25512,6379,10761,3750,3466,24439,23417,33639,30746,33584,33205,38767,38759,42089,42105,27652,30758,19701,24601,6123,10234,357624,329376,46330,44369,77582,71325,21920,68,45
2021-11-08T23:59:59+01:00,4621,4308,27819,26310,37202,34171,36417,35933,41409,41485,44404,44232,28614,31855,20344,25498,6376,10758,3738,3447,24375,23366,33585,30693,33550,33163,38733,38716,42055,42066,27637,30743,19687,24589,6122,10227,355932,328874,46286,44354,77582,71325,21894,68,45
2021-11-07T23:59:59+01:00,4584,4274,27621,26157,36991,33985,36277,35789,41289,41385,44319,44173,28597,31838,20336,25490,6374,10750,3731,3439,24337,23338,33530,30654,33525,33137,38706,38691,42033,42041,27632,30731,19681,24582,6120,10224,354499,328588,46251,44339,77582,71325,21835,68,45
2021-11-06T23:59:59+01:00,4564,4258,27572,26119,36928,33945,36248,35771,41253,41369,44294,44150,28593,31836,20330,25488,6374,10748,3730,3436,24331,23334,33523,30650,33522,33133,38701,38689,42030,42040,27629,30731,19679,24580,6119,10223,354138,328552,46239,44339,77582,71325,21819,68,45
2021-11-05T23:59:59+01:00,4469,4160,27321,25925,36696,33711,36042,35611,41124,41232,44213,44080,28578,31819,20327,25476,6372,10747,3713,3415,24265,23297,33471,30602,33470,33097,38661,38651,42004,42020,27618,30725,19675,24573,6117,10221,352413,328183,46094,44291,77582,71325,21751,68,45
2021-11-04T23:59:59+01:00,4393,4110,27094,25758,36471,33501,35860,35487,41001,41114,44126,44015,28554,31802,20318,25462,6369,10743,3681,3366,24172,23185,33368,30492,33394,33018,38599,38588,41940,41963,27600,30700,19665,24561,6112,10212,350850,327328,46019,44254,77582,71325,21664,68,45
2021-11-03T23:59:59+01:00,4374,4079,27032,25702,36385,33421,35788,35450,40942,41069,44089,43986,28547,31791,20312,25456,6368,10743,3655,3336,24138,23144,33336,30449,33358,32994,38579,38562,41915,41942,27585,30682,19659,24552,6107,10207,350233,326928,46000,44247,77582,71324,21656,68,45
2021-11-02T23:59:59+01:00,4340,4038,26813,25564,36152,33249,35626,35338,40808,40969,44006,43918,28521,31773,20301,25447,6367,10739,3626,3309,24036,23065,33224,30373,33291,32944,38518,38508,41870,41910,27565,30661,19643,24541,6105,10200,348840,326264,45949,44221,77582,71324,21535,68,45
2021-11-01T23:59:59+01:00,4298,4001,26724,25501,36037,33175,35549,35292,40737,40918,43968,43899,28514,31764,20297,25446,6366,10738,3608,3273,23989,23016,33169,30338,33256,32914,38479,38483,41844,41885,27555,30654,19637,24533,6104,10198,348152,325860,45923,44204,77582,71322,21504,68,45
2021-10-31T23:59:59+01:00,4298,4001,26720,25501,36035,33175,35549,35292,40736,40918,43967,43898,28513,31764,20297,25446,6366,10738,3608,3273,23989,23016,33169,30338,33256,32914,38478,38483,41843,41885,27555,30654,19637,24533,6104,10198,348144,325859,45922,44204,77582,71322,21503,68,45
2021-10-30T23:59:59+02:00,4295,3999,26709,25496,36021,33167,35543,35288,40727,40914,43959,43898,28512,31764,20297,25445,6366,10737,3608,3273,23985,23013,33166,30338,33256,32911,38477,38482,41842,41885,27555,30654,19637,24533,6104,10198,348067,325843,45922,44204,77582,71322,21503,68,45
2021-10-29T23:59:59+02:00,4271,3980,26567,25401,35836,33048,35429,35217,40627,40845,43912,43873,28509,31754,20296,25443,6366,10737,3596,3265,23931,22976,33113,30283,33208,32876,38436,38444,41816,41867,27550,30646,19632,24526,6103,10198,347139,325455,45866,44184,77582,71321,21461,68,45
2021-10-28T23:59:59+02:00,4239,3938,26396,25273,35639,32914,35282,35118,40530,40770,43848,43832,28498,31742,20287,25436,6365,10735,3567,3229,23843,22890,33028,30190,33144,32825,38381,38394,41768,41838,27539,30631,19625,24517,6099,10191,346051,324835,45792,44144,77582,71321,21354,68,45
2021-10-27T23:59:59+02:00,4213,3914,26356,25240,35595,32869,35241,35068,40494,40742,43824,43814,28495,31735,20285,25430,6360,10733,3552,3210,23796,22850,32981,30151,33119,32798,38370,38370,41757,41818,27530,30615,19617,24510,6098,10189,345629,324476,45782,44138,77582,71320,21352,68,45
2021-10-26T23:59:59+02:00,4170,3885,26218,25125,35451,32765,35147,34990,40424,40693,43783,43792,28484,31724,20280,25424,6357,10731,3524,3197,23731,22768,32903,30081,33073,32748,38315,38331,41718,41795,27522,30605,19612,24501,6097,10187,344772,323967,45753,44106,77582,71317,21273,68,45
2021-10-25T23:59:59+02:00,4161,3877,26204,25107,35418,32742,35120,34976,40410,40686,43779,43788,28483,31723,20279,25424,6357,10731,3519,3190,23727,22762,32884,30062,33070,32742,38308,38327,41717,41792,27521,30604,19612,24498,6097,10187,344619,323903,45744,44098,77582,71316,21257,68,45
2021-10-24T23:59:59+02:00,4150,3872,26181,25077,35385,32714,35090,34952,40396,40668,43767,43779,28482,31719,20278,25422,6357,10731,3509,3181,23713,22745,32873,30053,33058,32734,38299,38319,41709,41784,27515,30601,19612,24493,6097,10186,344383,323765,45736,44098,77581,71316,21257,68,45
2021-10-23T23:59:59+02:00,4150,3872,26179,25073,35380,32713,35086,34949,40393,40666,43765,43779,28482,31719,20278,25422,6357,10731,3509,3181,23713,22744,32872,30053,33056,32734,38298,38318,41709,41784,27515,30601,19612,24493,6097,10186,344357,323759,45736,44098,77581,71316,21257,68,45
2021-10-22T23:59:59+02:00,4129,3840,26083,25001,35270,32616,34993,34887,40317,40624,43724,43752,28475,31714,20275,25415,6357,10730,3471,3152,23654,22681,32808,29997,33004,32696,38261,38287,41675,41759,27508,30593,19608,24490,6096,10185,343639,323272,45702,44075,77581,71316,21217,68,45
2021-10-21T23:59:59+02:00,4063,3793,25977,24908,35144,32501,34893,34816,40246,40568,43664,43716,28463,31700,20269,25409,6357,10728,3285,2999,23510,22528,32713,29906,32933,32628,38202,38233,41624,41719,27490,30574,19592,24473,6091,10176,342736,322112,45676,44043,77580,71316,21160,68,45
2021-10-20T23:59:59+02:00,4054,3776,25946,24878,35094,32454,34857,34783,40224,40547,43644,43702,28458,31695,20265,25404,6352,10724,3252,2971,23470,22488,32671,29873,32905,32600,38176,38203,41602,41697,27475,30562,19582,24462,6088,10172,342397,321711,45669,44029,77580,71316,21148,68,45
2021-10-19T23:59:59+02:00,4036,3749,25875,24833,35039,32408,34818,34744,40190,40520,43623,43688,28454,31690,20257,25395,6347,10721,3149,2857,23351,22378,32592,29805,32865,32557,38149,38159,41571,41673,27460,30545,19573,24455,6081,10167,341980,320920,45645,43988,77580,71315,21119,68,45
2021-10-18T23:59:59+02:00,4027,3731,25835,24807,35008,32370,34799,34730,40172,40506,43613,43674,28447,31683,20247,25388,6346,10721,3120,2839,23304,22340,32560,29762,32841,32521,38123,38139,41551,41650,27453,30538,19566,24446,6078,10163,341718,320558,45637,43970,77580,71315,21106,68,45
2021-10-17T23:59:59+02:00,4020,3719,25819,24801,34995,32358,34790,34724,40169,40502,43608,43666,28443,31678,20247,25383,6345,10719,3031,2760,23264,22313,32549,29748,32835,32511,38119,38132,41550,41642,27453,30535,19565,24444,6076,10163,341601,320255,45637,43970,77580,71315,21105,68,45
2021-10-16T23:59:59+02:00,4020,3719,25819,24801,34995,32358,34790,34724,40168,40501,43608,43666,28442,31677,20247,25382,6345,10718,3030,2758,23263,22313,32549,29748,32835,32510,38117,38131,41549,41641,27452,30535,19565,24443,6075,10161,341596,320241,45637,43970,77580,71315,21104,68,45
2021-10-15T23:59:59+02:00,4010,3710,25781,24770,34963,32332,34767,34701,40149,40489,43597,43659,28438,31674,20244,25379,6343,10714,2999,2733,23202,22242,32492,29698,32803,32464,38088,38104,41530,41624,27444,30528,19562,24439,6075,10157,341362,319786,45621,43943,77579,71315,21095,68,45
2021-10-14T23:59:59+02:00,3990,3680,25708,24710,34898,32265,34721,34665,40115,40456,43566,43644,28430,31665,20238,25375,6340,10709,2955,2676,23119,22156,32429,29603,32751,32407,38030,38061,41491,41587,27427,30513,19554,24430,6072,10156,340877,319103,45600,43898,77579,71315,21056,68,45
2021-10-13T23:59:59+02:00,3975,3657,25677,24689,34872,32234,34701,34650,40101,40434,43548,43624,28422,31659,20234,25366,6334,10702,2934,2655,23086,22116,32403,29564,32740,32372,38010,38041,41475,41575,27420,30499,19547,24423,6072,10151,340591,318782,45595,43890,77579,71315,21051,68,45
2021-10-12T23:59:59+02:00,3958,3636,25626,24637,34812,32170,34668,34620,40072,40407,43528,43611,28409,31644,20230,25357,6328,10695,2906,2621,22998,22018,32304,29474,32696,32324,37953,38003,41450,41538,27395,30486,19540,24413,6069,10141,340161,318090,45577,43853,77579,71313,21028,68,45
2021-10-11T23:59:59+02:00,3950,3624,25599,24611,34797,32147,34639,34601,40061,40395,43517,43598,28399,31635,20223,25352,6324,10690,2885,2610,22967,21985,32261,29439,32671,32294,37936,37986,41429,41521,27389,30480,19534,24406,6067,10137,339938,317776,45564,43845,77579,71313,21018,68,45
2021-10-10T23:59:59+02:00,3947,3622,25594,24604,34788,32136,34633,34587,40053,40390,43508,43590,28398,31630,20218,25348,6324,10686,2877,2604,22957,21969,32249,29422,32666,32287,37925,37975,41423,41516,27383,30476,19533,24405,6067,10137,339834,317653,45562,43842,77579,71313,21018,68,45
2021-10-09T23:59:59+02:00,3946,3619,25593,24602,34787,32132,34630,34586,40050,40386,43506,43590,28396,31629,20217,25345,6323,10686,2877,2603,22957,21969,32249,29422,32664,32286,37924,37975,41422,41515,27383,30476,19532,24405,6067,10136,339801,317644,45562,43842,77579,71313,21018,68,45
2021-10-08T23:59:59+02:00,3911,3595,25520,24544,34724,32078,34598,34555,40016,40358,43472,43564,28386,31619,20204,25329,6315,10682,2850,2568,22859,21902,32199,29367,32627,32238,37896,37931,41397,41491,27371,30458,19526,24397,6063,10135,339285,317092,45544,43827,77579,71312,20999,68,45
2021-10-07T23:59:59+02:00,3887,3551,25443,24463,34654,32005,34549,34515,39976,40316,43439,43538,28376,31607,20188,25319,6308,10672,2792,2506,22732,21760,32127,29279,32575,32160,37849,37883,41354,41450,27351,30440,19510,24383,6056,10123,338690,316216,45517,43801,77579,71311,20957,68,45
2021-10-06T23:59:59+02:00,3873,3531,25407,24419,34614,31966,34523,34485,39957,40299,43420,43520,28369,31598,20176,25301,6304,10660,2777,2489,22699,21718,32096,29242,32553,32130,37833,37858,41335,41435,27341,30430,19500,24371,6054,10119,338315,315875,45514,43798,77579,71311,20951,68,45
2021-10-05T23:59:59+02:00,3851,3512,25350,24357,34544,31892,34484,34446,39938,40263,43382,43497,28359,31586,20156,25281,6299,10631,2740,2447,22621,21598,32004,29151,32498,32066,37791,37817,41305,41406,27325,30420,19490,24361,6044,10109,337801,315172,45492,43772,77577,71309,20895,68,45
2021-10-04T23:59:59+02:00,3828,3490,25302,24312,34498,31856,34449,34413,39911,40242,43362,43476,28351,31577,20148,25264,6290,10617,2725,2437,22576,21552,31975,29102,32469,32042,37771,37799,41279,41390,27314,30404,19481,24352,6040,10099,337388,314821,45481,43758,77577,71306,20877,68,45
2021-10-03T23:59:59+02:00,3819,3487,25287,24305,34488,31849,34441,34406,39905,40232,43356,43472,28347,31575,20145,25255,6289,10610,2720,2431,22562,21541,31967,29092,32455,32033,37764,37793,41271,41386,27312,30399,19477,24346,6035,10093,337274,314696,45480,43756,77577,71306,20874,68,45
2021-10-02T23:59:59+02:00,3819,3487,25287,24305,34487,31849,34441,34406,39904,40232,43356,43472,28347,31575,20145,25255,6289,10610,2719,2431,22562,21541,31967,29092,32455,32033,37764,37793,41271,41386,27312,30399,19477,24346,6035,10093,337272,314695,45480,43756,77577,71306,20874,68,45
2021-10-01T23:59:59+02:00,3800,3469,25238,24239,34420,31780,34379,34365,39869,40207,43326,43454,28343,31568,20143,25253,6287,10607,2676,2389,22462,21452,31915,29021,32405,31991,37726,37745,41246,41369,27305,30394,19473,24341,6034,10091,336832,314133,45453,43729,77575,71304,20824,68,45
2021-09-30T23:59:59+02:00,3768,3427,25137,24119,34311,31699,34304,34303,39797,40148,43271,43405,28328,31549,20132,25245,6284,10596,2614,2337,22341,21334,31833,28917,32345,31920,37676,37697,41206,41343,27276,30382,19470,24328,6032,10086,336033,313338,45411,43704,77570,71304,20746,68,45
2021-09-29T23:59:59+02:00,3750,3407,25109,24073,34281,31671,34278,34277,39778,40126,43250,43387,28319,31541,20127,25239,6278,10589,2607,2323,22313,21303,31810,28897,32325,31896,37659,37680,41190,41331,27271,30371,19465,24319,6031,10082,335707,313091,45407,43700,77570,71304,20733,68,45
2021-09-28T23:59:59+02:00,3722,3375,25022,24001,34199,31602,34228,34227,39729,40086,43214,43355,28303,31522,20119,25227,6274,10580,2586,2297,22219,21229,31744,28824,32278,31849,37625,37637,41165,41305,27250,30356,19463,24310,6028,10080,335138,312586,45373,43670,77570,71303,20641,68,45
2021-09-27T23:59:59+02:00,3699,3351,24979,23973,34162,31562,34205,34197,39708,40052,43193,43334,28295,31512,20112,25222,6270,10572,2567,2283,22183,21197,31712,28784,32252,31828,37603,37619,41145,41292,27241,30351,19460,24306,6027,10076,334798,312319,45363,43654,77569,71303,20605,68,45
2021-09-26T23:59:59+02:00,3546,3247,24922,23938,34152,31554,34198,34194,39702,40046,43187,43328,28294,31510,20110,25221,6269,10571,2556,2276,22167,21178,31708,28777,32248,31824,37595,37612,41140,41286,27238,30347,19457,24304,6026,10075,334394,312214,45363,43653,77569,71302,20600,68,45
2021-09-25T23:59:59+02:00,3545,3247,24921,23938,34152,31554,34198,34194,39700,40045,43186,43328,28294,31509,20110,25221,6269,10571,2556,2275,22165,21175,31708,28777,32246,31823,37592,37610,41140,41286,27238,30346,19457,24304,6026,10075,334388,312199,45363,43653,77568,71302,20600,68,45
2021-09-24T23:59:59+02:00,3521,3215,24839,23862,34039,31475,34130,34131,39643,39998,43152,43302,28280,31498,20107,25215,6268,10569,2520,2244,22079,21086,31614,28713,32201,31786,37536,37572,41120,41264,27226,30335,19454,24301,6025,10075,333861,311743,45330,43640,77567,71301,20423,68,44
2021-09-23T23:59:59+02:00,3350,3064,24701,23714,33949,31385,34053,34071,39585,39945,43094,43258,28263,31484,20099,25203,6265,10567,2470,2200,21965,20982,31545,28636,32149,31730,37500,37538,41085,41230,27212,30315,19447,24285,6024,10072,332820,311122,45302,43622,77567,71299,20298,68,44
2021-09-22T23:59:59+02:00,3327,3039,24665,23659,33917,31352,34030,34032,39556,39929,43071,43233,28253,31475,20095,25192,6265,10562,2455,2188,21935,20951,31508,28598,32131,31701,37478,37523,41062,41219,27202,30309,19444,24281,6024,10071,332469,310858,45293,43618,77565,71298,20262,68,44
2021-09-21T23:59:59+02:00,3200,2906,24468,23501,33773,31252,33965,33949,39487,39881,43050,43191,28234,31455,20086,25186,6257,10555,2391,2157,21797,20813,31397,28493,32054,31624,37423,37475,41030,41185,27191,30297,19436,24266,6021,10066,331410,310081,45254,43590,77565,71297,20104,68,44
2021-09-20T23:59:59+02:00,3176,2884,24422,23455,33725,31212,33935,33916,39456,39850,43026,43166,28229,31445,20082,25180,6257,10551,2383,2145,21759,20771,31351,28446,32031,31588,37393,37456,41017,41176,27180,30290,19427,24259,6019,10059,331045,309772,45238,43583,77565,71295,20056,68,44
2021-09-19T23:59:59+02:00,3172,2882,24412,23449,33717,31204,33927,33909,39451,39835,43017,43165,28228,31444,20082,25178,6257,10551,2379,2141,21752,20765,31347,28438,32027,31587,37386,37448,41009,41175,27180,30290,19426,24258,6019,10059,330968,309718,45238,43582,77564,71295,20047,68,44
2021-09-18T23:59:59+02:00,3172,2882,24412,23449,33717,31204,33927,33909,39451,39835,43017,43165,28228,31444,20082,25178,6257,10551,2379,2141,21752,20765,31347,28435,32025,31587,37386,37448,41009,41175,27180,30290,19426,24257,6019,10059,330968,309712,45238,43582,77564,71295,20047,68,44
2021-09-17T23:59:59+02:00,3145,2845,24307,23334,33612,31103,33851,33841,39381,39781,42982,43138,28214,31436,20080,25171,6255,10549,2332,2098,21672,20687,31274,28372,31962,31540,37346,37414,40989,41161,27172,30275,19424,24250,6019,10058,330317,309259,45197,43562,77563,71295,19885,67,44
2021-09-16T23:59:59+02:00,3095,2797,24194,23202,33516,30995,33783,33737,39335,39721,42929,43089,28188,31415,20064,25160,6252,10541,2292,2056,21567,20589,31191,28297,31895,31474,37323,37359,40955,41122,27161,30255,19417,24242,6017,10057,329497,308653,45159,43552,77563,71289,19731,67,44
2021-09-15T23:59:59+02:00,3072,2784,24153,23155,33485,30951,33768,33706,39306,39692,42911,43071,28178,31404,20058,25155,6251,10539,2279,2041,21530,20547,31159,28251,31869,31451,37291,37325,40932,41095,27147,30246,19410,24234,6017,10053,329167,308294,45146,43551,77562,71287,19701,67,44
2021-09-14T23:59:59+02:00,3032,2752,24045,23012,33342,30812,33683,33621,39249,39641,42860,43021,28160,31388,20049,25147,6247,10534,2260,2016,21446,20465,31069,28162,31804,31389,37242,37283,40888,41068,27137,30226,19401,24226,6015,10050,328354,307770,45111,43544,77561,71283,19506,67,44
2021-09-13T23:59:59+02:00,3014,2732,23994,22959,33295,30753,33650,33571,39224,39610,42829,42997,28154,31374,20044,25145,6245,10530,2245,2000,21394,20417,31024,28112,31774,31357,37219,37263,40874,41046,27131,30220,19397,24222,6014,10049,327969,307471,45095,43531,77561,71280,19432,67,44
2021-09-12T23:59:59+02:00,3010,2725,23990,22951,33289,30748,33641,33565,39219,39607,42826,42995,28152,31372,20043,25144,6245,10529,2242,1997,21378,20408,31014,28094,31755,31349,37213,37256,40868,41040,27126,30219,19395,24219,6014,10047,327901,307349,45095,43531,77560,71278,19432,67,44
2021-09-11T23:59:59+02:00,3008,2724,23988,22949,33287,30747,33639,33564,39219,39605,42825,42995,28149,31370,20043,25144,6245,10529,2241,1995,21374,20407,31013,28091,31755,31349,37213,37254,40867,41039,27124,30219,19395,24219,6014,10047,327881,307332,45095,43531,77560,71278,19431,67,44
2021-09-10T23:59:59+02:00,2966,2682,23856,22821,33157,30631,33537,33487,39144,39521,42777,42955,28133,31353,20038,25136,6244,10527,2204,1957,21259,20304,30901,27998,31665,31294,37148,37212,40821,41006,27116,30209,19389,24209,6012,10046,327139,306789,45075,43512,77560,71277,19128,67,44
2021-09-09T23:59:59+02:00,2916,2643,23675,22673,33046,30501,33436,33385,39072,39448,42736,42907,28105,31336,20029,25130,6242,10525,2150,1900,21138,20174,30809,27900,31589,31198,37085,37156,40773,40958,27092,30193,19380,24200,6008,10043,326236,306037,45051,43493,77558,71274,18898,66,44
2021-09-08T23:59:59+02:00,2895,2612,23634,22622,33016,30462,33420,33357,39052,39426,42721,42892,28099,31327,20026,25125,6241,10525,2139,1888,21104,20143,30778,27884,31574,31173,37067,37133,40762,40944,27086,30188,19375,24195,6007,10042,325920,305810,45045,43489,77557,71273,18868,66,42
2021-09-07T23:59:59+02:00,2842,2557,23485,22477,32897,30354,33345,33271,38996,39362,42676,42858,28081,31310,20022,25120,6240,10522,2084,1847,20969,20009,30662,27797,31499,31107,37019,37081,40724,40915,27069,30163,19369,24184,6006,10040,325167,305158,45020,43467,77556,71268,18609,66,42
2021-09-06T23:59:59+02:00,2819,2542,23453,22433,32866,30321,33324,33251,38974,39349,42660,42843,28078,31306,20020,25118,6239,10519,2060,1829,20927,19965,30631,27770,31478,31081,37000,37061,40710,40903,27061,30155,19367,24175,6003,10038,324900,304853,45004,43459,77555,71267,18593,66,42
2021-09-05T23:59:59+02:00,2808,2539,23447,22428,32864,30316,33322,33246,38971,39346,42656,42837,28076,31302,20018,25117,6238,10518,2056,1826,20915,19958,30621,27764,31475,31077,36997,37059,40706,40900,27056,30153,19365,24171,6002,10038,324837,304780,45003,43459,77555,71267,18591,66,42
2021-09-04T23:59:59+02:00,2808,2539,23444,22427,32863,30316,33322,33245,38971,39345,42655,42836,28076,31302,20018,25117,6238,10518,2054,1823,20913,19958,30621,27764,31474,31076,36997,37059,40705,40900,27056,30153,19365,24171,6002,10038,324831,304773,45003,43459,77555,71267,18588,66,42
2021-09-03T23:59:59+02:00,2785,2505,23367,22349,32789,30245,33282,33202,38927,39316,42625,42823,28068,31289,20017,25115,6236,10517,2038,1806,20864,19899,30572,27725,31440,31041,36969,37033,40675,40888,27048,30145,19363,24169,6001,10038,324332,304429,44975,43450,77553,71259,18534,66,42
2021-09-02T23:59:59+02:00,2754,2473,23261,22252,32729,30155,33223,33147,38889,39283,42586,42790,28048,31277,20013,25101,6234,10514,2015,1787,20790,19839,30513,27663,31402,31010,36929,36996,40642,40859,27038,30133,19360,24158,6001,10038,323727,304003,44945,43432,77552,71254,18442,66,42
2021-09-01T23:59:59+02:00,2732,2459,23237,22215,32699,30123,33201,33121,38862,39262,42573,42774,28040,31270,20008,25099,6234,10514,1998,1772,20749,19796,30480,27635,31375,30986,36910,36980,40623,40843,27028,30124,19359,24152,6001,10038,323472,303726,44934,43425,77551,71253,18403,66,42
2021-08-31T23:59:59+02:00,2687,2416,23114,22109,32618,30023,33147,33064,38817,39221,42547,42749,28029,31264,20002,25095,6233,10510,1974,1752,20663,19701,30408,27575,31326,30944,36870,36948,40594,40818,27019,30112,19353,24147,6001,10036,322895,303310,44904,43410,77550,71246,18233,66,42
2021-08-30T23:59:59+02:00,2665,2392,23062,22066,32578,29981,33121,33027,38788,39201,42528,42731,28024,31257,19995,25086,6232,10506,1927,1712,20539,19598,30313,27480,31265,30893,36837,36921,40573,40784,27003,30097,19352,24138,6001,10034,322553,302598,44889,43401,77550,71241,18185,66,42
2021-08-29T23:59:59+02:00,2634,2362,22974,22000,32515,29924,33078,32996,38742,39165,42498,42710,28015,31250,19992,25081,6232,10505,1901,1687,20435,19530,30244,27430,31230,30859,36796,36892,40548,40766,26990,30086,19351,24133,6001,10034,322096,302169,44873,43378,77548,71231,18093,66,42
2021-08-28T23:59:59+02:00,2628,2360,22974,22000,32511,29924,33077,32996,38739,39164,42497,42710,28014,31250,19992,25081,6232,10505,1901,1685,20434,19529,30238,27430,31230,30856,36793,36890,40548,40766,26990,30086,19351,24133,6001,10034,322083,302158,44873,43377,77548,71231,18087,66,42
2021-08-27T23:59:59+02:00,2628,2360,22969,21997,32504,29923,33075,32993,38737,39162,42493,42710,28013,31250,19992,25081,6231,10505,1900,1684,20428,19528,30230,27429,31228,30854,36790,36889,40546,40766,26990,30086,19351,24132,6001,10034,322064,302143,44873,43377,77548,71229,18075,66,42
2021-08-26T23:59:59+02:00,2545,2276,22781,21791,32371,29781,32956,32886,38649,39074,42427,42641,27988,31217,19979,25063,6230,10499,1814,1603,20159,19258,30090,27264,31085,30727,36681,36795,40460,40692,26948,30045,19332,24108,5995,10032,320843,300632,44853,43353,77547,71213,17848,66,42
2021-08-25T23:59:59+02:00,2539,2268,22761,21766,32360,29759,32942,32871,38637,39059,42416,42635,27983,31214,19972,25057,6227,10497,1803,1594,20111,19214,30054,27234,31064,30690,36656,36763,40441,40676,26935,30032,19329,24100,5994,10031,320654,300269,44853,43353,77547,71211,17846,66,42
2021-08-24T23:59:59+02:00,2521,2257,22722,21724,32334,29714,32923,32839,38627,39039,42397,42621,27977,31203,19967,25049,6226,10496,1793,1585,20073,19172,30021,27193,31043,30655,36642,36742,40421,40658,26929,30022,19325,24097,5994,10027,320367,299980,44843,43348,77547,71206,17816,66,42
2021-08-23T23:59:59+02:00,2502,2225,22654,21651,32263,29657,32887,32808,38588,39008,42367,42608,27961,31194,19964,25038,6226,10494,1749,1541,19949,19050,29902,27114,30978,30608,36593,36698,40379,40629,26917,30007,19319,24087,5994,10021,319925,299241,44832,43324,77545,71198,17730,66,42
2021-08-22T23:59:59+02:00,2493,2216,22618,21619,32244,29639,32871,32800,38571,38992,42362,42599,27957,31189,19959,25038,6226,10493,1739,1528,19910,19012,29866,27081,30947,30572,36572,36682,40360,40607,26909,30003,19316,24084,5994,10019,319755,298951,44826,43321,77544,71189,17698,66,42
2021-08-21T23:59:59+02:00,2474,2203,22563,21569,32204,29602,32848,32776,38557,38969,42345,42589,27950,31181,19957,25035,6226,10492,1709,1504,19809,18914,29794,27023,30913,30528,36537,36640,40336,40586,26898,29994,19311,24080,5992,10019,319509,298443,44813,43306,77542,71183,17613,66,42
2021-08-20T23:59:59+02:00,2436,2161,22476,21462,32127,29519,32786,32728,38506,38929,42303,42561,27943,31167,19953,25020,6225,10488,1662,1467,19635,18787,29667,26920,30838,30469,36474,36594,40290,40548,26883,29975,19302,24071,5991,10015,318924,297627,44790,43280,77539,71165,17474,66,42
2021-08-19T23:59:59+02:00,2346,2093,22316,21324,31989,29394,32695,32644,38404,38849,42233,42506,27917,31134,19946,25008,6220,10479,1606,1417,19376,18580,29453,26770,30717,30360,36355,36498,40188,40463,26855,29945,19291,24055,5987,10010,317985,296353,44769,43250,77539,71140,17141,66,42
2021-08-18T23:59:59+02:00,2336,2084,22290,21302,31967,29373,32673,32621,38376,38831,42220,42491,27902,31124,19940,25003,6220,10477,1583,1399,19321,18521,29413,26736,30691,30329,36326,36477,40164,40432,26838,29934,19287,24043,5982,10006,317725,295919,44769,43249,77539,71138,17134,66,42
2021-08-17T23:59:59+02:00,2319,2068,22265,21274,31951,29343,32647,32596,38363,38819,42196,42472,27896,31111,19934,24998,6220,10477,1570,1388,19278,18472,29381,26697,30646,30302,36298,36443,40136,40408,26816,29919,19280,24026,5978,10002,317478,295518,44769,43246,77539,71134,17100,66,42
2021-08-16T23:59:59+02:00,2280,2051,22198,21231,31910,29298,32622,32575,38339,38798,42164,42455,27887,31104,19932,24988,6220,10476,1546,1363,19069,18327,29235,26581,30569,30213,36251,36389,40098,40366,26796,29903,19273,24007,5972,10000,317128,294513,44769,43240,77537,71132,17031,66,42
2021-08-15T23:59:59+02:00,2253,2028,22144,21174,31862,29257,32598,32542,38311,38779,42143,42441,27880,31099,19926,24981,6219,10476,1524,1347,18950,18209,29077,26453,30489,30131,36185,36338,40043,40309,26777,29879,19263,23998,5969,9999,316792,293589,44760,43223,77536,71124,16962,66,42
2021-08-14T23:59:59+02:00,2247,2025,22118,21158,31850,29241,32594,32536,38303,38774,42137,42438,27879,31098,19925,24980,6219,10475,1494,1319,18837,18115,29014,26389,30449,30083,36160,36307,40022,40294,26770,29873,19260,23997,5968,9996,316703,293043,44757,43204,77536,71120,16938,66,42
2021-08-13T23:59:59+02:00,2230,2014,22072,21120,31813,29217,32556,32507,38288,38760,42127,42428,27877,31094,19922,24977,6218,10475,1419,1254,18581,17855,28837,26228,30333,29992,36108,36239,39977,40258,26754,29860,19255,23988,5965,9992,316467,291676,44752,43188,77534,71110,16879,66,42
2021-08-12T23:59:59+02:00,2194,1976,21983,21025,31742,29139,32500,32457,38241,38717,42087,42394,27861,31075,19915,24967,6216,10475,1326,1194,18279,17541,28585,26000,30189,29862,36014,36146,39900,40189,26719,29813,19235,23965,5963,9989,315889,289928,44741,43136,77531,71063,16740,66,42
2021-08-11T23:59:59+02:00,2192,1971,21963,21009,31724,29118,32485,32441,38233,38708,42076,42377,27852,31072,19912,24963,6215,10471,1318,1181,18223,17486,28549,25955,30142,29824,35994,36108,39864,40156,26707,29786,19228,23955,5963,9987,315708,289452,44741,43133,77531,71060,16739,66,42
2021-08-10T23:59:59+02:00,2183,1950,21936,20972,31686,29096,32469,32421,38206,38681,42058,42368,27846,31064,19911,24960,6214,10467,1284,1147,17709,17032,28373,25800,30048,29733,35825,35985,39814,40112,26683,29763,19221,23939,5959,9986,315460,287755,44736,43104,77529,70810,16702,64,42
2021-08-09T23:59:59+02:00,2159,1936,21886,20919,31628,29049,32434,32391,38181,38660,42044,42343,27835,31055,19910,24951,6213,10465,1241,1107,17240,16578,28241,25694,29992,29678,35778,35940,39782,40077,26674,29749,19216,23933,5959,9984,315079,286279,44730,43084,77529,70798,16660,64,42
2021-08-08T23:59:59+02:00,2143,1918,21832,20874,31584,29012,32400,32365,38157,38652,42022,42322,27828,31051,19904,24947,6213,10462,1176,1045,16894,16236,28130,25610,29934,29605,35730,35902,39760,40051,26662,29735,19207,23923,5957,9979,314762,285035,44729,43063,77528,70790,16606,64,42
2021-08-07T23:59:59+02:00,2099,1875,21696,20791,31502,28944,32326,32304,38100,38603,41989,42293,27819,31024,19899,24938,6211,10460,1030,919,16384,15783,27824,25319,29706,29418,35553,35744,39619,39939,26606,29671,19188,23894,5954,9975,314132,282380,44696,42942,77522,70700,16462,64,42
2021-08-06T23:59:59+02:00,2089,1865,21645,20752,31459,28911,32293,32285,38074,38583,41977,42277,27815,31015,19895,24938,6211,10460,911,811,15357,14805,26677,24420,29415,29185,35306,35544,39302,39699,26564,29624,19178,23884,5953,9972,313900,277381,44692,42920,77522,69895,16369,64,42
2021-08-05T23:59:59+02:00,2050,1836,21539,20665,31402,28834,32232,32226,38014,38532,41932,42239,27798,30996,19887,24925,6209,10457,812,705,14466,14058,25652,23637,28699,28667,34773,35109,38984,39453,26497,29544,19146,23850,5950,9962,313341,272477,44669,42868,77521,68396,16181,64,42
2021-08-04T23:59:59+02:00,2030,1817,21467,20614,31357,28766,32198,32184,37978,38510,41895,42210,27785,30980,19882,24912,6207,10453,734,659,14093,13715,25246,23333,28487,28440,34630,34984,38885,39359,26458,29499,19124,23827,5945,9957,312891,270030,44662,42838,77521,68355,16110,64,42
2021-08-03T23:59:59+02:00,2021,1801,21440,20588,31339,28753,32185,32174,37968,38496,41879,42197,27776,30974,19877,24905,6206,10451,714,645,14009,13624,25168,23257,28419,28383,34582,34936,38833,39320,26432,29472,19112,23815,5942,9951,312685,269302,44658,42834,77519,68329,16107,64,42
2021-08-02T23:59:59+02:00,2011,1780,21395,20550,31293,28731,32158,32143,37942,38480,41866,42182,27767,30962,19877,24897,6205,10447,683,615,13806,13414,24462,22707,28135,28160,34434,34824,38755,39256,26405,29440,19104,23811,5942,9949,312394,266882,44655,42820,77519,68101,16057,64,42
2021-08-01T23:59:59+02:00,1991,1763,21343,20503,31244,28691,32131,32124,37923,38461,41845,42165,27761,30955,19874,24889,6205,10447,645,587,13637,13254,24161,22450,27896,27942,34344,34715,38687,39184,26389,29421,19098,23805,5942,9947,312090,265179,44649,42808,77518,68078,15997,64,42
2021-07-31T23:59:59+02:00,1966,1733,21263,20426,31174,28653,32076,32084,37888,38432,41822,42144,27758,30946,19869,24885,6205,10447,373,357,12692,12231,23644,22008,27550,27585,34032,34420,38255,38840,26319,29336,19072,23760,5937,9941,311669,260145,44637,42772,77516,67506,15887,64,42
2021-07-30T23:59:59+02:00,1941,1713,21238,20404,31142,28633,32061,32063,37882,38425,41814,42136,27753,30943,19868,24885,6204,10447,365,350,12605,12158,23320,21717,27273,27373,33813,34255,38093,38705,26295,29318,19071,23752,5937,9939,311478,258725,44636,42764,77516,66948,15860,64,42
2021-07-29T23:59:59+02:00,1872,1644,21006,20165,31001,28485,31957,31951,37791,38335,41720,42076,27725,30918,19855,24866,6197,10438,299,290,11976,11623,22191,20878,26231,26534,32828,33561,37710,38414,26212,29217,19042,23705,5931,9930,310262,253105,44607,42674,77508,65188,15563,64,42
2021-07-28T23:59:59+02:00,1852,1629,20966,20113,30981,28455,31941,31930,37769,38316,41697,42055,27714,30906,19850,24856,6197,10436,255,239,11693,11318,21783,20496,25800,26107,32662,33404,37596,38323,26175,29166,19023,23682,5930,9925,309941,250176,44607,42674,77496,65127,15558,63,42
2021-07-27T23:59:59+02:00,1842,1623,20927,20070,30957,28422,31906,31914,37748,38283,41673,42042,27707,30899,19849,24851,6197,10433,216,216,11446,11101,21579,20306,25654,25986,32549,33296,37507,38239,26144,29128,19013,23670,5927,9921,309705,248689,44607,42639,77495,65054,15475,63,41
2021-07-26T23:59:59+02:00,1816,1587,20801,19939,30849,28322,31847,31851,37693,38214,41630,42011,27681,30881,19838,24837,6191,10430,181,188,11151,10778,21074,19863,25404,25777,32387,33146,37375,38151,26108,29094,19000,23647,5926,9913,308940,246396,44576,42525,77488,64848,15353,63,41
2021-07-25T23:59:59+02:00,1809,1579,20778,19927,30839,28312,31835,31836,37686,38208,41620,42002,27677,30878,19837,24835,6191,10429,169,175,11045,10671,20922,19757,25171,25583,32146,32936,37229,38016,26089,29080,18994,23640,5925,9910,308824,245129,44567,42510,77480,64432,15346,63,41
2021-07-24T23:59:59+02:00,1789,1564,20696,19853,30794,28272,31800,31800,37657,38179,41598,41990,27670,30872,19834,24833,6191,10429,163,170,10982,10616,20846,19694,25099,25522,32093,32905,37199,37995,26083,29075,18992,23638,5925,9910,308473,244759,44556,42487,77476,64365,15255,63,41
2021-07-23T23:59:59+02:00,1734,1529,20503,19707,30635,28157,31714,31726,37590,38127,41559,41947,27659,30855,19829,24827,6190,10424,151,159,10722,10409,20489,19392,24292,24875,31608,32573,36630,37537,26039,29033,18976,23620,5924,9908,307641,241881,44547,42440,77459,62972,15003,63,41
2021-07-22T23:59:59+02:00,1670,1472,20194,19433,30391,27978,31584,31613,37460,38021,41462,41864,27632,30831,19818,24803,6186,10423,114,132,10259,10031,19744,18878,23337,24202,30898,31984,35594,36773,25927,28935,18942,23587,5922,9904,306164,238266,44512,41775,77454,60438,14643,63,41
2021-07-21T23:59:59+02:00,1655,1464,20156,19381,30361,27948,31560,31590,37440,37996,41441,41840,27623,30823,19813,24797,6181,10419,96,111,9949,9699,19285,18426,22464,23435,30563,31651,35359,36575,25845,28838,18911,23534,5914,9894,305836,235524,44503,40084,77452,60266,14635,63,40
2021-07-20T23:59:59+02:00,1648,1458,20122,19354,30329,27924,31535,31570,37424,37978,41429,41828,27608,30808,19813,24790,6181,10416,85,100,9681,9418,18954,18159,22191,23151,30385,31494,35194,36431,25799,28790,18895,23498,5913,9890,305577,233124,44501,40076,77451,60164,14624,63,40
2021-07-19T23:59:59+02:00,1637,1450,20008,19268,30245,27853,31476,31513,37405,37959,41414,41809,27603,30797,19807,24783,6180,10413,78,94,9484,9221,18642,17884,21729,22729,30131,31263,35076,36327,25765,28751,18877,23482,5913,9887,304999,231494,44495,39135,77449,60049,14615,63,40
2021-07-18T23:59:59+02:00,1626,1444,19939,19200,30117,27755,31412,31447,37346,37907,41370,41757,27582,30766,19798,24768,6176,10410,72,86,9373,9105,18472,17733,21537,22540,29962,31064,34962,36226,25733,28728,18866,23464,5913,9881,304212,230234,44495,38831,77446,60007,14605,63,40
2021-07-17T23:59:59+02:00,1625,1440,19932,19198,30117,27754,31412,31443,37341,37905,41365,41755,27581,30765,19797,24768,6176,10410,72,82,9352,9090,18441,17711,21518,22527,29952,31057,34944,36222,25730,28726,18866,23463,5913,9881,304180,230082,44495,38828,77446,59996,14601,63,40
2021-07-16T23:59:59+02:00,1572,1395,19659,18958,29997,27658,31330,31374,37286,37842,41324,41723,27563,30747,19790,24758,6174,10404,71,80,9234,8976,18059,17406,21215,22253,29562,30700,34808,36116,25707,28702,18859,23450,5911,9879,303202,228805,44472,38105,77445,59666,14373,63,39
2021-07-15T23:59:59+02:00,1514,1351,19402,18711,29824,27510,31219,31274,37203,37759,41254,41656,27520,30718,19774,24745,6170,10401,62,68,8869,8672,17154,16584,19661,21025,28642,29778,34184,35534,25539,28521,18803,23400,5905,9867,301924,222690,44432,36644,77437,58745,14150,63,39
2021-07-14T23:59:59+02:00,1500,1338,19372,18675,29799,27484,31195,31242,37191,37745,41235,41649,27512,30711,19765,24738,6169,10398,54,63,8579,8374,16605,15981,19166,20505,28077,29277,33793,35160,25426,28392,18763,23333,5900,9856,301643,218517,44431,36285,77435,58316,14147,63,39
2021-07-13T23:59:59+02:00,1489,1327,19334,18650,29782,27459,31171,31226,37176,37718,41211,41621,27503,30697,19763,24733,6168,10392,36,57,8271,8115,16209,15633,18889,20226,27813,29026,33523,34901,25327,28271,18730,23292,5898,9851,301356,215819,44430,36248,77434,57824,14138,63,39
2021-07-12T23:59:59+02:00,1473,1317,19283,18632,29746,27430,31154,31205,37164,37701,41195,41607,27499,30693,19761,24727,6167,10392,35,52,8010,7903,15929,15354,18189,19676,27496,28705,33111,34539,25158,28074,18671,23218,5892,9846,301091,214530,44429,34317,77434,56842,14130,63,39
2021-07-11T23:59:59+02:00,1463,1309,19251,18601,29719,27398,31137,31174,37156,37680,41181,41595,27490,30684,19759,24727,6166,10391,33,51,7965,7857,15864,15284,18099,19622,27412,28642,32996,34476,25103,28029,18651,23196,5892,9843,300838,213953,44426,34306,77432,56594,14123,63,39
2021-07-10T23:59:59+02:00,1334,1193,18746,18180,29266,27095,30852,30941,36909,37519,40977,41445,27416,30624,19733,24695,6163,10388,32,51,7835,7787,15575,15146,17880,19472,27168,28500,32829,34360,25037,27983,18635,23183,5891,9843,298619,213531,44290,34183,77403,56352,13102,63,39
2021-07-09T23:59:59+02:00,1323,1187,18718,18149,29245,27078,30839,30928,36898,37507,40966,41436,27412,30620,19731,24691,6163,10387,29,49,7793,7742,15504,15079,17815,19378,26946,28270,32579,34147,24973,27920,18613,23157,5891,9840,298473,213246,44271,34179,77402,55191,13070,63,39
2021-07-08T23:59:59+02:00,1245,1105,18451,17934,29094,26925,30700,30807,36795,37404,40867,41358,27378,30586,19712,24672,6158,10381,24,45,7627,7607,15207,14832,17384,19018,26254,27666,32304,33879,24804,27762,18554,23094,5888,9832,297197,212109,44214,32757,77394,54171,12705,63,39
2021-07-07T23:59:59+02:00,1146,1013,18140,17611,28892,26740,30570,30682,36683,37282,40760,41271,27343,30537,19698,24656,6155,10378,21,37,7431,7396,14765,14466,16917,18573,25500,27053,31895,33497,24535,27436,18460,23001,5879,9823,295622,209189,44163,31920,77384,53211,12326,63,39
2021-07-06T23:59:59+02:00,1123,996,18062,17543,28847,26690,30520,30635,36647,37247,40725,41240,27326,30511,19687,24642,6153,10375,14,31,7215,7166,14418,14104,16565,18223,24747,26406,31593,33233,24345,27222,18412,22930,5872,9816,295044,207121,44159,30513,77381,52316,12323,63,39
2021-07-05T23:59:59+02:00,1081,968,17986,17480,28802,26631,30480,30600,36622,37202,40697,41214,27320,30497,19681,24636,6153,10370,4,18,6986,6980,14113,13834,16213,17860,24189,25894,31020,32666,24064,26924,18304,22790,5864,9806,294552,205624,44157,28411,77377,51183,12272,63,39
2021-07-04T23:59:59+02:00,1059,952,17914,17430,28764,26608,30457,30571,36613,37193,40682,41202,27314,30486,19676,24633,6153,10369,4,18,6961,6961,14060,13781,16136,17799,24105,25837,30866,32574,23971,26835,18272,22749,5862,9802,294235,205228,44157,28401,77366,50669,12256,63,39
2021-07-03T23:59:59+02:00,645,581,16176,15714,27603,25688,29663,29848,35970,36581,40181,40771,27156,30319,19611,24545,6144,10352,4,18,6572,6722,13549,13482,15739,17495,23743,25559,30558,32378,23872,26739,18240,22709,5858,9798,286718,204928,44117,28324,77283,50376,9368,63,39
2021-07-02T23:59:59+02:00,606,542,16046,15569,27446,25539,29582,29789,35940,36552,40162,40758,27150,30310,19608,24542,6144,10352,4,18,6525,6648,13475,13386,15652,17364,23599,25373,30404,32213,23680,26528,18151,22631,5856,9795,285815,204244,44117,28165,77282,49493,9361,63,39
2021-07-01T23:59:59+02:00,548,494,15866,15414,27232,25383,29504,29709,35886,36501,40097,40712,27129,30291,19597,24529,6142,10348,4,17,6378,6516,13127,13112,15123,16925,22328,24382,29644,31529,23399,26239,18032,22496,5849,9779,284621,200700,44113,26487,77269,48338,9317,63,37
2021-06-30T23:59:59+02:00,518,474,15761,15307,27122,25296,29435,29636,35829,36449,40055,40677,27113,30260,19586,24512,6138,10348,3,15,6183,6335,12695,12724,14553,16377,21703,23783,29048,30998,22981,25772,17901,22313,5842,9767,283794,196434,44110,26462,77262,46772,9288,63,37
2021-06-29T23:59:59+02:00,462,423,15012,14639,26858,25078,29337,29537,35749,36366,39986,40628,27094,30235,19578,24499,6138,10346,3,13,6070,6207,12436,12462,14157,15983,20912,23158,28462,30444,22533,25248,17748,22138,5834,9757,281303,193283,44106,25952,77253,45052,9241,63,37
2021-06-28T23:59:59+02:00,426,392,14388,14003,26699,24974,29264,29471,35689,36299,39943,40594,27076,30215,19570,24488,6138,10342,2,13,6002,6111,12258,12322,13970,15807,20286,22607,28060,30071,22197,24891,17619,21975,5829,9752,279372,191601,44103,25288,77248,43660,9186,63,37
2021-06-27T23:59:59+02:00,349,325,14043,13630,26636,24916,29225,29434,35667,36277,39925,40580,27065,30208,19567,24484,6137,10341,2,13,5964,6067,12142,12206,13824,15677,19732,22130,27449,29570,21920,24552,17498,21851,5825,9751,278258,190760,44099,23761,77238,42463,9152,63,37
2021-06-26T23:59:59+02:00,348,324,14032,13618,26621,24905,29220,29427,35660,36276,39922,40579,27064,30207,19567,24484,6137,10341,2,13,5959,6065,12132,12204,13818,15674,19719,22118,27404,29535,21773,24422,17458,21795,5824,9749,278185,190737,44096,23757,77238,41982,9151,63,37
2021-06-25T23:59:59+02:00,224,211,12774,12403,25165,23753,28921,29194,35554,36191,39854,40517,27040,30179,19556,24472,6135,10339,2,13,5916,6020,12033,12123,13674,15553,19408,21878,27018,29177,21449,24027,17280,21598,5821,9740,271965,189508,44092,23472,77218,40568,9145,63,37
2021-06-24T23:59:59+02:00,159,157,11799,11571,24047,22873,28557,28840,35403,36025,39739,40411,27001,30130,19545,24448,6133,10335,2,12,5699,5791,11576,11708,13093,14960,17868,20479,25362,27580,20674,23168,16960,21191,5811,9730,266717,184517,44071,19847,77213,38153,9110,63,37
2021-06-23T23:59:59+02:00,123,131,11434,11250,23552,22503,28308,28596,35226,35898,39649,40323,26970,30103,19536,24410,6131,10323,2,12,5624,5680,11363,11493,12793,14611,17474,20069,24612,26810,19879,22417,16767,20937,5803,9714,264104,182163,44061,19228,77208,35601,9031,63,37
2021-06-22T23:59:59+02:00,102,118,11253,11041,23391,22363,28228,28523,35150,35837,39602,40278,26955,30078,19528,24401,6131,10322,1,10,5515,5559,11096,11233,12426,14242,16870,19468,23878,26040,19499,21992,16604,20758,5796,9698,262962,179123,44057,18353,77206,34158,9014,63,37
2021-06-21T23:59:59+02:00,90,106,11002,10857,22557,21697,27976,28295,35082,35774,39539,40236,26938,30059,19522,24391,6131,10321,1,9,5397,5459,10877,11017,12118,13920,16480,19123,23427,25570,19207,21676,16500,20638,5790,9696,260374,177656,44046,17339,77199,32981,8892,63,37
2021-06-20T23:59:59+02:00,84,105,10937,10766,22308,21482,27717,28094,35002,35697,39494,40191,26926,30043,19520,24386,6129,10318,1,8,5356,5407,10789,10916,12023,13817,16283,18938,23156,25329,19106,21569,16447,20580,5784,9692,259084,177341,44044,16277,77193,32731,8815,63,37
2021-06-19T23:59:59+02:00,83,101,10914,10743,22276,21459,27699,28081,34990,35693,39485,40187,26925,30042,19520,24384,6129,10318,1,8,5324,5376,10707,10824,11931,13697,16135,18787,22847,24967,19018,21482,16435,20567,5783,9692,258934,177233,44024,14778,77193,32718,8815,63,37
2021-06-18T23:59:59+02:00,80,99,10866,10692,21963,21134,27440,27862,34935,35656,39452,40164,26916,30033,19519,24381,6129,10316,1,8,5308,5367,10678,10793,11891,13649,16073,18724,22763,24871,18852,21300,16390,20501,5782,9687,257547,176838,44020,14777,77192,32171,8815,63,37
2021-06-17T23:59:59+02:00,71,91,10288,10262,20685,20173,26578,27127,34563,35330,39192,39973,26852,29951,19498,24344,6122,10311,1,8,5113,5227,10300,10539,11445,13247,15391,18112,21392,23547,18393,20808,16226,20329,5778,9673,251761,171522,43999,14203,77179,31358,8409,63,37
2021-06-16T23:59:59+02:00,63,79,9954,9953,20000,19542,25945,26525,34311,35127,39031,39823,26806,29898,19474,24319,6121,10307,1,7,4971,5081,9913,10206,10985,12796,14687,17421,20539,22607,17989,20361,16056,20115,5768,9661,247923,167736,43983,12934,77166,30315,8143,63,36
2021-06-15T23:59:59+02:00,48,73,9711,9708,19700,19297,25718,26327,34179,35018,38935,39742,26774,29862,19467,24304,6116,10303,1,7,4866,4964,9675,9990,10750,12536,14262,16993,19937,22028,17664,19969,15834,19883,5759,9649,246142,165637,43973,11843,77158,29306,7946,63,35
2021-06-14T23:59:59+02:00,44,68,9579,9581,19403,19037,25541,26183,34062,34938,38871,39702,26755,29842,19461,24293,6116,10300,1,7,4786,4900,9487,9851,10574,12400,14002,16776,19620,21733,17498,19811,15732,19749,5758,9645,244937,164171,43971,11841,77154,28632,7651,63,35
2021-06-13T23:59:59+02:00,43,64,9418,9453,19114,18854,25186,25931,33862,34770,38763,39635,26739,29830,19451,24285,6116,10296,0,7,4702,4831,9278,9678,10404,12224,13677,16429,19271,21402,17369,19661,15685,19684,5756,9643,243292,163304,43970,11840,77149,27186,7336,63,35
2021-06-12T23:59:59+02:00,43,64,9408,9435,19102,18841,25186,25926,33862,34767,38760,39634,26739,29830,19451,24285,6116,10296,0,7,4699,4817,9267,9616,10371,12122,13628,16275,19216,21266,17260,19535,15568,19582,5754,9641,243243,163275,43970,11838,77144,26151,7325,63,35
2021-06-11T23:59:59+02:00,38,60,9247,9255,18867,18631,24383,25253,33684,34610,38625,39521,26705,29796,19440,24261,6116,10291,0,7,4621,4707,9046,9357,10111,11824,13105,15722,18239,20366,17074,19337,15528,19538,5751,9638,240318,159242,43968,11837,77139,25562,7295,63,35
2021-06-10T23:59:59+02:00,36,56,8851,8926,18221,18135,23536,24581,33364,34329,38422,39355,26646,29743,19416,24233,6113,10284,0,7,4446,4530,8469,8863,9302,11101,11957,14615,16233,18443,16184,18368,15242,19171,5742,9616,236700,149533,43314,11804,77113,23858,7059,61,35
2021-06-09T23:59:59+02:00,19,38,8399,8424,17391,17413,22388,23538,32877,33860,38134,39134,26538,29638,19368,24174,6103,10271,0,7,4310,4413,8180,8602,9056,10847,11621,14246,15749,17894,15809,17936,15000,18886,5735,9606,232699,147697,41425,11763,77072,21937,6465,46,35
2021-06-08T23:59:59+02:00,11,26,8081,8104,16921,17003,21964,23171,32631,33665,37971,39004,26494,29597,19358,24152,6100,10266,0,7,4192,4332,7926,8351,8750,10502,11259,13899,15106,17188,15346,17413,14738,18607,5730,9588,229971,145983,41393,10646,77062,20223,6047,46,35
2021-06-07T23:59:59+02:00,8,22,7883,7874,16563,16681,21425,22712,32349,33396,37854,38886,26464,29549,19338,24123,6095,10265,0,7,4116,4252,7744,8208,8591,10357,11086,13727,14791,16860,15146,17156,14564,18414,5726,9583,228346,144894,40421,10553,77042,19214,5632,46,35
2021-06-06T23:59:59+02:00,6,19,7776,7766,16429,16534,21230,22506,32122,33169,37718,38780,26437,29524,19326,24106,6095,10259,0,7,4088,4215,7696,8089,8536,10226,10977,13580,14594,16639,14960,16976,14475,18293,5719,9577,227111,144402,40122,10540,77024,18171,5499,46,35
2021-06-05T23:59:59+02:00,6,19,7753,7753,16404,16510,21222,22503,32111,33162,37716,38779,26436,29524,19325,24105,6095,10259,0,7,4077,4174,7681,8023,8522,10094,10962,13408,14575,16534,14925,16921,14466,18283,5719,9576,227006,144316,40122,10540,77023,17571,5485,46,35
2021-06-04T23:59:59+02:00,6,17,7642,7651,16126,16271,20948,22253,31688,32787,37601,38657,26403,29485,19314,24092,6093,10257,0,7,4070,4164,7653,8000,8495,10063,10895,13335,14470,16401,14842,16828,14429,18239,5719,9574,225408,143976,39347,10210,77005,17478,5485,46,35
2021-06-03T23:59:59+02:00,4,17,7387,7419,15248,15482,19314,20863,30775,31861,37095,38194,26271,29349,19269,24040,6087,10239,0,7,4010,4125,7564,7929,8371,9966,10722,13152,13898,15827,14577,16511,14343,18131,5716,9561,218776,141746,37766,10090,76993,17206,5333,46,35
2021-06-02T23:59:59+02:00,4,17,7252,7274,14872,15057,18883,20458,30308,31404,36867,37931,26207,29285,19249,24011,6084,10237,0,7,3980,4095,7502,7843,8283,9871,10581,13021,13449,15395,14452,16328,14313,18093,5713,9556,215698,139949,37335,9996,76992,17173,5329,46,35
2021-06-01T23:59:59+02:00,4,14,6976,7035,14475,14748,18539,20140,29980,31092,36642,37698,26151,29206,19225,23982,6082,10226,0,7,3879,4011,7260,7669,8049,9678,10317,12745,13040,14971,14016,15873,14197,17938,5706,9548,212957,137808,37288,9742,76971,16366,4953,46,35
2021-05-31T23:59:59+02:00,4,14,6815,6847,14252,14514,17837,19538,29637,30751,36350,37434,26058,29108,19198,23929,6072,10214,0,7,3802,3902,7050,7421,7825,9395,9973,12360,12601,14450,13486,15258,13996,17707,5697,9532,211515,134617,35251,9421,76956,15585,4804,46,35
2021-05-30T23:59:59+02:00,4,14,6792,6831,14205,14474,17759,19479,29587,30712,36319,37408,26046,29096,19195,23922,6071,10212,0,7,3758,3830,6891,7207,7678,9159,9765,12039,12344,14096,13365,15087,13930,17624,5694,9525,211216,133878,35238,9319,76898,14039,4728,46,35
2021-05-29T23:59:59+02:00,4,14,6791,6830,14195,14468,17754,19473,29582,30708,36316,37407,26044,29093,19195,23921,6071,10212,0,7,3747,3818,6861,7173,7644,9108,9729,11992,12270,13997,13323,15018,13900,17599,5693,9520,211184,133736,35238,9318,76883,13583,4727,46,35
2021-05-28T23:59:59+02:00,4,14,6781,6817,14178,14456,17738,19452,29569,30695,36305,37387,26041,29089,19193,23917,6071,10212,0,6,3733,3795,6840,7133,7609,9053,9675,11887,12026,13728,13133,14826,13870,17558,5690,9517,211031,132438,35237,9317,76880,13564,4725,46,35
2021-05-27T23:59:59+02:00,4,14,6691,6734,13908,14238,17251,19106,28888,30152,36144,37255,25992,29054,19178,23901,6070,10206,0,6,3610,3632,6552,6880,7234,8744,9177,11329,11316,12830,12579,14254,13739,17364,5682,9505,209942,128908,33792,8986,76839,12337,4167,46,35
2021-05-26T23:59:59+02:00,4,14,6621,6628,13699,14036,16996,18795,28344,29637,35968,37081,25951,29004,19161,23871,6069,10199,0,6,3519,3490,6329,6591,6944,8317,8835,10851,10663,12027,12014,13638,13592,17148,5677,9483,208330,125284,33041,8802,76823,11166,3839,45,33
2021-05-25T23:59:59+02:00,4,14,6540,6532,13492,13814,16733,18583,27619,28990,35875,36984,25927,28974,19149,23855,6064,10198,0,6,3470,3398,6186,6423,6797,8126,8608,10561,10315,11660,11670,13159,13485,16986,5674,9475,207610,123433,31584,8664,76340,10100,3769,44,33
2021-05-24T23:59:59+02:00,4,14,6470,6436,13314,13615,16510,18303,27203,28560,35529,36583,25870,28906,19130,23831,6063,10196,0,6,3457,3377,6126,6342,6751,8042,8548,10465,10243,11561,11495,12925,13437,16894,5665,9454,207079,122801,29351,8614,76333,9610,3730,44,33
2021-05-23T23:59:59+02:00,4,14,6468,6435,13309,13606,16507,18293,27184,28550,35499,36549,25867,28900,19130,23825,6063,10196,0,3,3452,3373,6120,6331,6741,8035,8520,10434,10203,11502,11412,12821,13417,16861,5665,9453,206964,122787,29335,8197,76332,9602,3724,44,33
2021-05-22T23:59:59+02:00,4,14,6461,6432,13301,13594,16501,18288,27180,28548,35496,36543,25867,28900,19130,23825,6063,10196,0,3,3450,3373,6116,6328,6739,8031,8516,10432,10198,11499,11401,12807,13412,16857,5664,9453,206910,122747,29335,8197,76330,9578,3724,44,33
2021-05-21T23:59:59+02:00,4,14,6398,6375,13148,13489,16327,18138,26911,28369,35066,36277,25841,28862,19122,23819,6062,10192,0,3,3441,3363,6083,6306,6709,7997,8476,10383,10143,11450,10881,12093,13271,16697,5661,9448,206221,120983,29210,8194,75287,9543,3652,44,33
2021-05-20T23:59:59+02:00,3,13,6105,6175,12536,13073,15134,17216,24999,26868,34111,35509,25736,28717,19067,23738,6056,10177,0,3,3382,3317,5986,6190,6593,7840,8327,10217,9901,11142,10541,11635,13158,16513,5651,9434,201451,118967,27467,8111,72748,9195,3524,43,33
2021-05-19T23:59:59+02:00,3,13,5897,5933,12025,12612,14431,16510,24051,26050,33484,34904,25619,28625,19032,23678,6048,10165,0,3,3306,3242,5827,6018,6405,7595,8052,9935,9598,10760,10228,11219,13079,16368,5649,9426,195738,117044,27425,7915,72731,8575,3143,43,33
2021-05-18T23:59:59+02:00,3,12,5726,5822,11626,12293,13809,16010,22897,25100,32816,34296,25502,28490,18984,23625,6043,10155,0,3,3264,3210,5710,5907,6238,7435,7846,9720,9399,10520,10052,10967,12932,16144,5639,9417,190786,115876,26913,7846,72687,7868,2780,43,33
2021-05-17T23:59:59+02:00,3,11,5673,5779,11463,12187,13534,15789,22078,24462,32504,33980,25424,28430,18962,23595,6034,10146,0,3,3147,3136,5520,5723,6063,7220,7638,9492,9174,10275,9960,10843,12874,16080,5636,9412,189014,115115,26211,7838,72291,6715,2495,43,33
2021-05-16T23:59:59+02:00,3,11,5644,5759,11400,12130,13449,15709,21462,23912,31891,33452,25384,28386,18952,23580,6033,10146,0,3,3141,3114,5506,5654,6035,7160,7610,9393,9143,10191,9943,10822,12871,16077,5636,9412,188247,115003,24666,7832,71865,6364,2482,43,30
2021-05-15T23:59:59+02:00,3,11,5635,5749,11368,12121,13420,15700,21386,23841,31351,33076,25373,28381,18951,23577,6032,10145,0,3,3128,3099,5487,5612,6021,7085,7567,9277,8904,9936,9910,10791,12837,16026,5636,9411,188196,114998,24653,7694,71217,5999,2011,43,28
2021-05-14T23:59:59+02:00,3,11,5596,5723,11305,12082,13347,15636,20975,23528,30919,32729,25338,28335,18939,23561,6032,10143,0,3,3095,3059,5450,5524,5999,6949,7526,9074,8843,9741,9836,10681,12751,15897,5636,9408,187472,114826,24332,7358,70345,5250,2010,43,28
2021-05-13T23:59:59+02:00,3,10,5441,5568,10923,11785,12633,15049,18787,21782,29372,31260,25111,28092,18871,23489,6030,10140,0,3,3084,3024,5428,5485,5983,6892,7500,9004,8799,9681,9620,10436,12547,15591,5631,9397,183514,114466,20537,6532,68257,5084,1995,43,28
2021-05-12T23:59:59+02:00,2,10,5411,5541,10853,11727,12532,14961,18664,21658,29009,30895,25016,27995,18854,23460,6029,10135,0,3,3083,3019,5422,5479,5973,6879,7475,8989,8760,9627,9431,10203,12315,15266,5628,9390,182562,114182,19899,5661,68254,5078,1994,43,27
2021-05-11T23:59:59+02:00,2,10,5272,5435,10603,11474,12165,14593,18053,21018,28077,29921,24824,27805,18794,23384,6024,10121,0,3,3040,2978,5333,5323,5873,6693,7345,8746,8595,9404,9249,10005,12164,15077,5619,9370,178472,113123,19003,5553,68122,4179,1935,43,27
2021-05-10T23:59:59+02:00,2,9,5147,5360,10387,11283,11905,14337,17727,20684,27654,29511,24716,27697,18755,23337,6016,10117,0,3,2970,2924,5215,5207,5759,6589,7221,8605,8466,9297,9145,9881,12074,14948,5616,9361,176461,112591,18319,5541,67894,3195,1927,43,27
2021-05-09T23:59:59+02:00,2,9,5072,5315,10289,11168,11805,14218,17385,20399,27263,29134,24628,27610,18726,23301,6013,10114,0,3,2902,2893,5069,5166,5582,6546,7053,8576,8337,9261,9132,9871,12056,14928,5616,9361,176067,112515,17038,5532,67393,2368,1910,43,27
2021-05-08T23:59:59+02:00,2,9,5070,5314,10287,11163,11805,14218,17381,20397,27260,29132,24628,27610,18726,23301,6013,10114,0,3,2901,2892,5067,5166,5582,6546,7053,8576,8334,9260,9131,9870,12056,14928,5616,9361,176050,112512,17038,5532,67390,2362,1909,43,27
2021-05-07T23:59:59+02:00,2,9,5037,5288,10219,11111,11675,14094,16980,20124,26624,28575,24579,27559,18709,23269,6007,10084,0,3,2889,2885,5052,5157,5571,6530,7041,8565,8326,9249,9125,9862,12045,14908,5609,9333,175216,112497,17035,5526,65868,2317,1783,43,27
2021-05-06T23:59:59+02:00,1,9,4768,5129,9763,10768,11109,13576,15890,19100,24211,26278,24079,27029,18604,23167,6002,10070,0,3,2846,2837,4985,5080,5530,6439,6958,8447,8197,9097,9024,9747,12021,14857,5606,9330,170175,111957,14585,5470,62979,1777,1773,41,27
2021-05-05T23:59:59+02:00,1,9,4689,5046,9468,10539,10767,13251,15310,18501,23364,25311,23819,26703,18536,23062,5992,10052,0,2,2827,2800,4937,4995,5471,6319,6876,8282,8072,8881,8916,9614,11943,14770,5605,9321,166510,111009,13268,5464,62829,1359,1772,41,27
2021-05-04T23:59:59+02:00,1,9,4605,4954,9295,10340,10555,13009,14921,18105,22814,24743,23607,26430,18464,22982,5984,10038,0,2,2819,2765,4908,4920,5438,6198,6823,8143,7976,8726,8812,9501,11868,14711,5603,9318,164255,110507,12142,5452,62664,791,1754,41,27
2021-05-03T23:59:59+02:00,1,9,4534,4878,9107,10204,10381,12834,14638,17861,22402,24328,23468,26280,18437,22934,5984,10032,0,2,2746,2694,4827,4847,5364,6113,6728,8039,7794,8560,8726,9414,11829,14662,5600,9313,162742,110284,12141,5449,62571,681,817,41,27
2021-05-02T23:59:59+02:00,1,9,4521,4863,9033,10146,10257,12724,14311,17556,22100,24041,23418,26221,18418,22909,5983,10031,0,2,2740,2687,4770,4813,5276,6030,6590,7911,7675,8458,8680,9372,11805,14628,5598,9308,161855,110164,12138,5447,62467,664,41,41,27
2021-05-01T23:59:59+02:00,1,9,4521,4860,9031,10144,10256,12724,14307,17552,22098,24041,23417,26220,18418,22909,5983,10031,0,2,2740,2687,4770,4813,5276,6030,6589,7911,7675,8458,8680,9372,11805,14628,5598,9308,161835,110164,12138,5446,62467,664,41,41,27
2021-04-30T23:59:59+02:00,0,9,4449,4774,8792,9929,9994,12483,13825,17126,21255,23267,23292,26083,18402,22878,5980,10028,0,2,2736,2685,4759,4805,5267,5996,6578,7880,7642,8419,8676,9369,11804,14625,5596,9307,158242,110136,12137,5444,62139,532,7,41,27
2021-04-29T23:59:59+02:00,0,9,4303,4629,8312,9518,9293,11880,12825,16222,19402,21580,22584,25318,18263,22667,5974,10011,0,2,2713,2665,4717,4734,5224,5922,6514,7774,7560,8303,8566,9254,11738,14549,5589,9298,149033,109637,12122,5180,61588,271,7,40,27
2021-04-28T23:59:59+02:00,0,9,4272,4610,8241,9445,9217,11793,12706,16101,19185,21366,22495,25226,18236,22626,5972,10006,0,2,2710,2653,4692,4673,5196,5878,6484,7700,7512,8220,8549,9229,11721,14526,5587,9292,148648,109443,12034,5106,60778,44,6,40,25
2021-04-27T23:59:59+02:00,0,9,4234,4563,8104,9310,9102,11643,12559,15933,18734,20870,22264,24969,18171,22548,5969,9997,0,2,2707,2649,4690,4669,5186,5870,6471,7681,7477,8182,8486,9150,11639,14444,5583,9288,147918,109181,10960,4932,60055,36,6,40,19
2021-04-26T23:59:59+02:00,0,9,4192,4536,7997,9214,8955,11537,12386,15759,18322,20505,22130,24822,18135,22516,5968,9995,0,2,2707,2647,4686,4665,5181,5862,6458,7661,7444,8153,8438,9102,11583,14365,5579,9271,147140,109076,10825,4674,58968,31,5,40,18
2021-04-25T23:59:59+02:00,0,9,4178,4521,7960,9183,8891,11474,12251,15630,17979,20172,21930,24585,18095,22461,5964,9990,0,2,2707,2647,4685,4663,5178,5858,6453,7658,7442,8149,8383,9043,11560,14337,5579,9269,145757,109053,10814,4507,58657,30,5,40,18
2021-04-24T23:59:59+02:00,0,9,4170,4512,7944,9178,8876,11464,12201,15598,17921,20134,21915,24572,18093,22456,5964,9990,0,2,2706,2647,4685,4663,5178,5858,6453,7658,7442,8149,8383,9042,11560,14337,5579,9269,145657,109053,10813,4507,58484,29,5,38,17
2021-04-23T23:59:59+02:00,0,9,4150,4482,7887,9115,8790,11362,11863,15272,17486,19736,21700,24339,18028,22379,5962,9982,0,2,2703,2645,4682,4660,5171,5850,6438,7648,7419,8118,8362,9015,11551,14328,5577,9266,144389,109039,10466,4347,57645,28,4,38,17
2021-04-22T23:59:59+02:00,0,9,4102,4418,7756,8927,8606,11104,11536,14854,16572,18750,21127,23627,17893,22199,5952,9964,0,2,2695,2639,4676,4638,5149,5824,6395,7613,7350,8071,8234,8856,11406,14177,5572,9257,140660,108420,10336,4093,56359,20,4,37,17
2021-04-21T23:59:59+02:00,0,9,4059,4374,7656,8805,8449,10943,11239,14573,15834,17994,20747,23180,17818,22094,5947,9951,0,2,2686,2628,4658,4617,5132,5803,6383,7595,7321,8047,8185,8793,11366,14137,5570,9255,137731,108131,10206,4009,55696,18,4,35,16
2021-04-20T23:59:59+02:00,0,9,4034,4349,7622,8751,8372,10863,11077,14399,15399,17519,20282,22662,17714,21943,5938,9939,0,2,2677,2618,4648,4604,5108,5784,6355,7570,7281,8007,8091,8661,11290,14050,5566,9251,135581,107557,9940,3969,55312,17,4,35,16
2021-04-19T23:59:59+02:00,0,9,4004,4300,7559,8646,8280,10724,10919,14216,15146,17224,19800,22097,17547,21726,5927,9927,0,2,2672,2616,4644,4600,5094,5769,6336,7553,7254,7962,8038,8608,11263,14003,5564,9247,133511,107223,9587,3965,54916,17,4,33,16
2021-04-18T23:59:59+02:00,0,6,3984,4272,7500,8594,8176,10598,10660,13973,14654,16686,19368,21586,17424,21541,5923,9920,0,2,2671,2615,4644,4600,5094,5769,6335,7550,7251,7961,8034,8605,11261,13999,5563,9244,131089,107199,9516,3963,54223,16,4,33,16
2021-04-17T23:59:59+02:00,0,6,3981,4264,7480,8587,8165,10580,10618,13927,14542,16598,19248,21463,17402,21513,5922,9918,0,2,2671,2615,4643,4598,5087,5764,6321,7545,7226,7938,7988,8559,11242,13976,5561,9244,130650,107187,9506,3757,54021,16,4,33,16
2021-04-16T23:59:59+02:00,0,6,3970,4220,7407,8465,8062,10425,10425,13665,13872,15836,18683,20821,17277,21338,5911,9900,0,2,2668,2612,4638,4591,5082,5751,6303,7534,7188,7903,7678,8168,11147,13835,5554,9227,127808,106383,9445,3464,52994,15,3,33,16
2021-04-15T23:59:59+02:00,0,5,3926,4168,7293,8333,7885,10190,10090,13275,13146,14977,17874,19957,17036,21016,5896,9880,0,2,2667,2604,4626,4574,5068,5718,6270,7498,7116,7830,7118,7502,11018,13673,5550,9217,124165,104705,9285,3314,51461,13,3,33,16
2021-04-14T23:59:59+02:00,0,4,3899,4137,7227,8228,7778,10039,9912,13076,12728,14530,17347,19343,16884,20807,5890,9866,0,2,2633,2585,4608,4542,5040,5671,6235,7465,7058,7770,6468,6733,10753,13373,5546,9209,122774,102348,9048,3313,49839,11,3,31,16
2021-04-13T23:59:59+02:00,0,4,3895,4131,7189,8211,7721,10004,9804,13023,12355,14237,16658,18491,16646,20503,5886,9860,0,2,2607,2556,4588,4516,5013,5636,6177,7395,6970,7666,6255,6478,10162,12686,5537,9188,122068,100100,8826,3302,47690,11,3,31,16
2021-04-12T23:59:59+02:00,0,4,3882,4113,7135,8164,7663,9933,9696,12922,12109,14022,16220,17974,16458,20290,5881,9857,0,2,2578,2545,4521,4473,4907,5566,6059,7318,6852,7566,5508,5655,9710,12147,5497,9146,121732,96727,8789,3293,45769,11,3,30,16
2021-04-11T23:59:59+02:00,0,4,3867,4105,7093,8113,7604,9890,9605,12844,11871,13813,15651,17282,16182,19949,5876,9847,0,2,2502,2466,4392,4352,4756,5433,5897,7166,6703,7461,5206,5294,9578,11985,5497,9142,121138,94561,8357,3242,44068,10,3,30,16
2021-04-10T23:59:59+02:00,0,4,3849,4085,7054,8066,7561,9833,9543,12785,11780,13728,15433,17089,16133,19880,5875,9840,0,2,1942,1903,3581,3633,3885,4669,4894,6249,5848,6672,4934,4989,9449,11833,5490,9133,120673,85835,8357,3242,43475,10,3,30,16
2021-04-09T23:59:59+02:00,0,4,3828,4065,7017,8035,7500,9776,9392,12655,11452,13448,14247,15554,15688,19348,5862,9828,0,2,1085,1084,2221,2437,2378,3300,3108,4604,4220,5206,4241,4253,9197,11474,5465,9103,118771,70111,8355,3239,40541,10,2,30,16
2021-04-08T23:59:59+02:00,0,4,3802,4049,6955,7978,7396,9682,9204,12538,11046,13096,13112,14290,15270,18818,5840,9792,0,2,587,596,1299,1732,1476,2374,2007,3515,2845,3817,2992,2849,8375,10470,5307,8866,117504,55847,8272,3236,37065,9,1,30,16
2021-04-07T23:59:59+02:00,0,4,3755,4023,6877,7922,7304,9611,9076,12409,10736,12788,12381,13520,15050,18554,5834,9770,0,2,358,379,949,1386,1070,1988,1498,3053,1896,2812,1807,1560,7467,9320,5151,8607,116539,46042,8119,3236,34927,8,1,28,16
2021-04-06T23:59:59+02:00,0,4,3739,4011,6856,7884,7248,9544,8983,12329,10525,12571,11996,13025,14830,18263,5823,9757,0,2,351,366,939,1375,1056,1967,1470,3025,1837,2753,1728,1491,7048,8759,4998,8368,115273,44274,8020,3235,34069,7,1,25,16
2021-04-05T23:59:59+02:00,0,4,3733,4010,6845,7871,7234,9534,8964,12301,10461,12512,11885,12878,14731,18170,5821,9754,0,2,349,360,929,1371,1050,1958,1460,3004,1815,2719,1674,1438,6817,8450,4873,8182,114935,43193,7998,3234,33750,7,1,24,16
2021-04-04T23:59:59+02:00,0,4,3733,4010,6843,7865,7233,9533,8961,12301,10451,12507,11881,12874,14728,18169,5821,9754,0,2,349,359,927,1370,1049,1956,1459,3003,1813,2716,1671,1433,6810,8437,4868,8179,114929,43145,7997,3232,33717,7,1,24,16
2021-04-03T23:59:59+02:00,0,4,3733,4010,6843,7864,7232,9533,8961,12301,10450,12507,11881,12873,14726,18167,5821,9754,0,2,349,358,925,1366,1047,1955,1458,2998,1811,2716,1665,1421,6767,8355,4833,8143,114925,42914,7997,3232,33713,6,1,24,16
2021-04-02T23:59:59+02:00,0,4,3731,4008,6840,7861,7225,9527,8948,12294,10434,12491,11754,12758,14683,18108,5818,9745,0,2,347,356,923,1360,1041,1944,1443,2973,1770,2678,1570,1335,6000,7456,4392,7573,114798,40230,7991,2910,33415,6,1,24,16
2021-04-01T23:59:59+02:00,0,3,3692,3996,6806,7840,7183,9497,8896,12255,10361,12420,11407,12350,14302,17588,5812,9725,0,2,342,353,906,1346,1029,1923,1411,2928,1710,2611,1446,1237,5052,6332,3823,6732,114396,36255,6575,2905,33137,6,1,24,16
2021-03-31T23:59:59+02:00,0,3,3686,3991,6792,7820,7165,9479,8861,12222,10271,12348,11072,11941,13953,17088,5806,9703,0,2,339,349,898,1336,1018,1907,1391,2900,1660,2574,1380,1184,4458,5642,3460,6254,113812,33897,5566,2832,32798,6,1,24,16
2021-03-30T23:59:59+02:00,0,3,3668,3966,6756,7782,7108,9412,8772,12119,10109,12192,10813,11664,13732,16823,5799,9689,0,2,335,342,893,1325,1010,1901,1368,2893,1632,2548,1353,1158,4339,5520,3398,6159,112997,33520,5316,2633,32071,6,1,22,16
2021-03-29T23:59:59+02:00,0,3,3658,3944,6730,7760,7068,9359,8676,12024,9926,11983,10374,11194,13360,16357,5783,9656,0,2,330,339,889,1314,1004,1893,1359,2882,1618,2539,1331,1144,4204,5376,3301,6026,111322,32902,5010,2627,31500,5,1,22,16
2021-03-28T23:59:59+02:00,0,3,3617,3887,6615,7602,6951,9215,8550,11832,9772,11792,10166,10932,13184,16176,5779,9647,0,2,330,339,889,1312,1002,1892,1358,2882,1617,2537,1322,1141,4171,5333,3275,6000,110950,32857,4744,2524,30004,4,1,21,16
2021-03-27T23:59:59+01:00,0,3,3616,3875,6603,7538,6921,9102,8500,11662,9720,11638,10053,10808,13089,16087,5778,9647,0,2,330,338,889,1312,1002,1889,1358,2880,1613,2536,1320,1139,4145,5298,3262,5985,110940,32754,4744,2523,28934,4,1,21,16
2021-03-26T23:59:59+01:00,0,3,3609,3868,6575,7501,6893,9027,8452,11549,9629,11510,10004,10745,13042,16030,5770,9626,0,2,325,336,888,1309,998,1877,1355,2859,1593,2522,1295,1122,3958,5068,3153,5830,110881,31987,4520,2482,28410,4,1,21,16
2021-03-25T23:59:59+01:00,0,3,3585,3837,6482,7376,6801,8861,8263,11318,9319,11192,9624,10360,12736,15714,5765,9615,0,2,325,335,886,1301,995,1867,1342,2846,1570,2503,1270,1102,3719,4818,2900,5490,110503,30769,4307,2482,26019,3,1,21,16
2021-03-24T23:59:59+01:00,0,3,3527,3785,6392,7192,6677,8635,8098,11080,9092,10867,9208,9869,12318,15255,5754,9604,0,2,325,334,885,1297,990,1865,1335,2842,1554,2487,1261,1092,3652,4744,2715,5264,109985,30145,4168,2482,23181,0,1,21,16
2021-03-23T23:59:59+01:00,0,3,3509,3752,6345,7138,6600,8576,7981,10952,8845,10633,8786,9402,11867,14733,5744,9590,0,2,325,334,884,1287,985,1856,1330,2833,1550,2479,1236,1067,3560,4667,2518,4941,109170,29356,4077,2482,21188,0,0,21,16
2021-03-22T23:59:59+01:00,0,3,3501,3732,6303,7110,6565,8528,7915,10877,8697,10497,8505,9051,11565,14410,5709,9551,0,2,323,329,878,1276,977,1849,1323,2822,1540,2469,1224,1058,3531,4631,2499,4908,108503,29141,4075,2482,19920,0,0,21,16
2021-03-21T23:59:59+01:00,0,3,3499,3730,6299,7100,6547,8512,7898,10858,8641,10439,8385,8934,11496,14307,5706,9548,0,2,321,328,870,1273,970,1842,1314,2820,1535,2465,1220,1054,3522,4616,2484,4898,108417,29037,4073,2482,19391,0,0,21,15
2021-03-20T23:59:59+01:00,0,3,3491,3692,6291,7028,6530,8375,7873,10675,8597,10304,8307,8848,11458,14268,5706,9548,0,2,321,328,870,1273,970,1841,1313,2820,1535,2463,1220,1054,3522,4615,2484,4897,108383,29032,3862,2481,18728,0,0,21,15
2021-03-19T23:59:59+01:00,0,3,3478,3662,6263,6942,6506,8282,7827,10558,8484,10144,7765,8241,11271,14025,5697,9530,0,2,318,327,865,1266,953,1832,1291,2789,1485,2419,1137,986,2850,3819,2065,4315,106763,26223,3561,2481,18333,0,0,21,15
2021-03-18T23:59:59+01:00,0,3,3467,3644,6222,6902,6471,8220,7763,10472,8368,10016,6805,7138,10990,13724,5685,9505,0,2,317,327,861,1261,947,1822,1276,2781,1461,2399,1098,966,2642,3578,1908,4092,103733,25242,3400,2481,18241,0,0,21,15
2021-03-17T23:59:59+01:00,0,3,3429,3606,6152,6819,6416,8116,7672,10341,8237,9859,6119,6288,10705,13409,5668,9478,0,2,316,327,853,1255,942,1809,1262,2759,1442,2372,1060,941,2513,3446,1827,3975,100931,24607,3399,2481,17966,0,0,21,13
2021-03-16T23:59:59+01:00,0,3,3410,3575,6114,6766,6371,8042,7618,10275,8146,9757,5942,6111,9994,12591,5627,9414,0,2,309,316,839,1238,930,1800,1256,2739,1430,2364,1045,921,2298,3198,1690,3777,98650,23660,3386,2479,17699,0,0,21,13
2021-03-15T23:59:59+01:00,0,3,3373,3543,6015,6685,6241,7949,7474,10155,8018,9630,5188,5277,9547,12040,5583,9344,0,2,308,315,835,1234,928,1793,1254,2726,1421,2355,1031,909,2153,3024,1598,3682,95123,23078,3377,2478,17544,0,0,21,12
2021-03-14T23:59:59+01:00,0,3,3249,3402,5736,6341,5969,7591,7158,9739,7732,9313,4857,4888,9386,11841,5579,9329,0,2,308,314,835,1234,927,1793,1252,2725,1419,2352,1029,906,2150,3021,1595,3681,92731,23056,3323,2475,16038,0,0,21,12
2021-03-13T23:59:59+01:00,0,3,2594,2748,4803,5474,4958,6667,5971,8626,6719,8365,4542,4505,9000,11317,5487,9221,0,2,308,313,834,1232,927,1787,1250,2723,1418,2352,1029,905,2126,2984,1564,3645,82074,22912,3323,2475,15582,0,0,21,12
2021-03-12T23:59:59+01:00,0,2,1772,1938,3467,4320,3451,5338,4223,6988,5081,6856,3867,3799,7743,9767,4973,8532,0,2,304,310,832,1228,921,1781,1243,2703,1393,2335,984,878,1769,2518,1290,3283,63226,21287,3320,2475,15550,0,0,21,12
2021-03-11T23:59:59+01:00,0,2,1276,1461,2562,3585,2552,4403,3131,5898,3723,5469,2691,2522,6036,7658,4198,7352,0,2,299,301,816,1220,908,1758,1225,2674,1368,2288,947,858,1610,2283,1163,3093,45929,20326,3318,2475,15251,0,0,21,12
2021-03-10T23:59:59+01:00,0,2,1055,1245,2195,3225,2178,4011,2681,5457,2811,4502,1554,1317,4673,5935,3631,6584,0,2,289,291,798,1200,886,1722,1191,2600,1329,2222,920,839,1428,2092,1066,2917,34867,19414,3318,2366,14851,0,0,20,12
2021-03-09T23:59:59+01:00,0,2,1039,1215,2132,3088,2114,3896,2597,5324,2728,4376,1520,1286,4596,5862,3589,6525,0,2,285,284,784,1179,869,1696,1165,2559,1311,2194,906,827,1351,1968,994,2801,34455,18841,3315,2322,14099,0,0,20,12
2021-03-08T23:59:59+01:00,0,2,1018,1186,2074,2988,2075,3815,2537,5212,2673,4303,1482,1265,4450,5701,3487,6382,0,2,285,280,779,1171,867,1687,1157,2551,1303,2178,881,806,1180,1742,868,2630,33761,18037,3315,2318,13554,0,0,20,12
2021-03-07T23:59:59+01:00,0,2,1013,1167,2034,2942,2033,3774,2498,5147,2632,4266,1477,1262,4443,5693,3484,6382,0,2,285,280,779,1171,867,1687,1157,2551,1302,2178,878,806,1171,1733,859,2619,33727,18036,3309,2277,13193,0,0,20,12
2021-03-06T23:59:59+01:00,0,2,1012,1164,2023,2928,2021,3755,2482,5120,2615,4244,1464,1252,4409,5647,3470,6370,0,2,285,280,779,1171,867,1686,1157,2551,1302,2178,878,806,1171,1733,859,2618,33583,18035,3308,2276,13067,0,0,20,12
2021-03-05T23:59:59+01:00,0,2,1008,1159,2008,2908,1991,3732,2439,5068,2563,4206,1428,1224,4139,5321,3318,6149,0,2,284,277,772,1164,861,1678,1154,2542,1298,2168,864,802,1163,1724,858,2616,32838,17939,2974,2276,12831,0,0,20,12
2021-03-04T23:59:59+01:00,0,2,915,1011,1919,2782,1925,3595,2363,4913,2473,4046,1397,1202,3896,5059,3051,5796,0,2,284,275,770,1159,858,1669,1153,2527,1293,2159,832,786,1150,1714,851,2603,31577,17820,2970,2253,11778,0,0,20,12
2021-03-03T23:59:59+01:00,0,2,868,902,1852,2684,1854,3491,2294,4798,2399,3963,1384,1187,3786,4952,2828,5521,0,2,282,272,769,1148,855,1651,1147,2485,1283,2133,815,782,1142,1693,843,2595,30897,17788,2851,2097,10997,0,0,20,12
2021-03-02T23:59:59+01:00,0,2,824,826,1756,2561,1770,3368,2202,4674,2339,3885,1349,1165,3656,4817,2619,5170,0,2,282,271,768,1142,851,1648,1142,2480,1279,2123,813,780,1127,1672,832,2576,30160,17680,2661,2096,10142,0,0,20,12
2021-03-01T23:59:59+01:00,0,2,801,790,1656,2418,1699,3223,2103,4501,2259,3764,1331,1153,3605,4752,2575,5110,0,2,282,269,764,1138,848,1636,1138,2468,1274,2112,806,777,1122,1660,824,2569,29905,17581,2577,2096,9240,0,0,20,12
2021-02-28T23:59:59+01:00,0,2,795,767,1638,2350,1671,3151,2080,4402,2244,3697,1325,1147,3595,4737,2560,5099,0,2,281,268,764,1137,848,1631,1138,2466,1274,2107,802,775,1114,1647,820,2559,29796,17558,2574,2063,8870,0,0,20,12
2021-02-27T23:59:59+01:00,0,2,780,750,1617,2290,1654,3040,2061,4276,2223,3603,1322,1144,3595,4735,2559,5098,0,2,281,268,764,1137,848,1631,1138,2466,1274,2106,802,775,1104,1641,803,2545,29791,17557,2573,2016,8365,0,0,20,12
2021-02-26T23:59:59+01:00,0,2,652,669,1513,2177,1603,2883,1998,4040,2122,3367,1230,1074,2939,3938,2124,4505,0,2,281,267,763,1135,847,1630,1138,2464,1272,2103,801,771,1086,1628,793,2528,26969,17483,2573,2014,7274,0,0,20,12
2021-02-25T23:59:59+01:00,0,2,504,592,1396,2072,1536,2755,1938,3913,2022,3253,1179,1039,2706,3666,1957,4261,0,2,264,252,739,1114,805,1561,1088,2363,1198,2011,745,750,1053,1590,781,2500,25890,17392,2545,1412,6336,0,0,20,12
2021-02-24T23:59:59+01:00,0,2,474,562,1326,1962,1466,2612,1868,3763,1946,3103,1141,1010,2566,3531,1878,4140,0,2,235,240,714,1068,778,1499,1058,2300,1143,1960,718,727,1006,1560,768,2469,25246,17201,2533,1032,5551,0,0,20,12
2021-02-23T23:59:59+01:00,0,2,419,522,1244,1822,1391,2468,1792,3553,1878,2981,1115,975,2359,3300,1750,3947,0,2,230,234,699,1042,766,1460,1036,2253,1117,1919,709,716,997,1546,765,2465,24306,17109,2524,835,4668,0,0,20,12
2021-02-22T23:59:59+01:00,0,2,406,488,1144,1713,1288,2371,1683,3446,1797,2910,1093,962,2215,3126,1658,3848,0,2,220,225,675,990,735,1398,1010,2159,1075,1837,665,683,927,1466,726,2406,23714,16918,2521,269,3895,0,0,20,12
2021-02-21T23:59:59+01:00,0,2,389,472,1042,1681,1138,2347,1528,3424,1692,2892,1085,960,2214,3125,1658,3848,0,2,193,219,644,982,724,1390,996,2154,1069,1835,662,680,924,1460,718,2398,23684,16784,2521,254,3272,0,0,20,12
2021-02-20T23:59:59+01:00,0,2,388,470,1041,1681,1137,2347,1527,3422,1692,2890,1085,959,2213,3125,1657,3847,0,2,192,217,641,982,721,1389,990,2151,1067,1835,662,680,924,1460,718,2397,23678,16762,2520,254,3265,0,0,20,12
2021-02-19T23:59:59+01:00,0,2,383,461,1029,1677,1127,2337,1514,3403,1659,2875,1034,930,1839,2618,1355,3454,0,2,169,207,615,978,704,1381,973,2149,1061,1833,659,679,923,1460,717,2394,21917,16638,2520,254,3240,0,0,20,12
2021-02-18T23:59:59+01:00,0,2,361,440,990,1593,1089,2251,1459,3286,1618,2783,1005,906,1662,2372,1221,3243,0,2,149,196,576,967,684,1368,939,2132,1035,1812,648,660,902,1432,703,2373,20917,16312,2520,254,2824,0,0,20,12
2021-02-17T23:59:59+01:00,0,2,338,388,907,1450,980,2054,1326,3032,1507,2563,967,876,1470,2158,1120,3062,0,2,143,189,564,936,659,1314,907,2053,988,1735,613,628,895,1405,697,2353,19835,15815,2520,254,1827,0,0,18,12
2021-02-16T23:59:59+01:00,0,2,332,348,864,1311,929,1871,1265,2812,1440,2402,956,859,1409,2061,1052,2962,0,2,137,176,550,895,644,1260,880,1989,958,1693,603,618,871,1371,683,2288,19463,15487,2519,119,875,0,0,18,12
2021-02-15T23:59:59+01:00,0,2,317,306,835,1280,912,1815,1225,2728,1401,2346,926,826,1230,1831,923,2784,0,2,129,168,529,869,627,1198,854,1916,935,1616,582,581,853,1334,674,2243,18547,15019,2518,79,607,0,0,15,12
2021-02-14T23:59:59+01:00,0,2,317,306,834,1280,911,1815,1224,2728,1401,2346,926,825,1230,1831,923,2783,0,2,128,168,528,861,623,1192,848,1910,931,1613,581,580,850,1333,672,2239,18545,14969,2518,78,605,0,0,14,12
2021-02-13T23:59:59+01:00,0,2,317,306,834,1280,911,1812,1224,2726,1401,2344,926,825,1230,1830,921,2783,0,2,128,168,528,861,623,1192,845,1907,929,1609,578,580,835,1312,660,2222,18538,14966,2515,1,605,0,0,14,12
2021-02-12T23:59:59+01:00,0,2,311,305,825,1275,907,1783,1218,2699,1373,2314,924,823,1229,1827,921,2783,0,2,128,168,526,859,622,1185,839,1895,923,1596,575,578,821,1301,654,2209,18530,14868,2515,1,460,0,0,14,12
2021-02-11T23:59:59+01:00,0,2,293,296,810,1240,901,1748,1201,2634,1350,2259,890,809,1218,1816,920,2773,0,2,125,154,508,820,600,1120,805,1795,901,1537,562,564,794,1267,639,2176,18418,14357,2514,0,214,0,0,14,12
2021-02-10T23:59:59+01:00,0,2,289,287,791,1202,888,1719,1189,2589,1335,2217,885,807,1203,1799,915,2755,0,2,121,144,441,734,554,1027,727,1669,843,1450,547,547,777,1244,626,2146,18392,13599,2409,0,58,0,0,13,0
2021-02-09T23:59:59+01:00,0,2,289,284,785,1187,876,1702,1174,2569,1321,2193,870,801,1189,1780,903,2735,0,2,105,125,385,645,500,892,646,1462,754,1257,492,467,657,1075,545,1878,18282,11887,2362,0,3,0,0,13,0
2021-02-08T23:59:59+01:00,0,2,289,283,783,1182,873,1695,1172,2565,1314,2185,864,798,1173,1756,885,2710,0,2,94,101,339,550,448,789,556,1251,646,1090,415,391,568,877,440,1545,18156,10102,2359,0,1,0,0,13,0
2021-02-07T23:59:59+01:00,0,2,288,282,782,1181,872,1695,1172,2564,1314,2182,858,796,1172,1753,883,2708,0,2,91,100,337,545,446,785,554,1241,642,1084,409,385,547,854,434,1530,18132,9986,2359,0,0,0,0,13,0
2021-02-06T23:59:59+01:00,0,2,288,281,781,1180,872,1694,1172,2564,1314,2181,857,796,1170,1747,881,2706,0,2,91,99,337,541,445,784,553,1237,640,1083,406,380,498,785,403,1484,18116,9768,2357,0,0,0,0,13,0
2021-02-05T23:59:59+01:00,0,2,288,280,781,1179,871,1693,1171,2563,1313,2176,850,790,1146,1736,874,2690,0,1,85,96,329,535,429,765,528,1202,611,1040,383,351,473,757,382,1437,18033,9404,2357,0,0,0,0,13,0
2021-02-04T23:59:59+01:00,0,2,285,272,778,1158,860,1671,1157,2535,1299,2152,827,776,1117,1705,867,2671,0,0,71,77,260,412,334,594,410,972,499,837,311,288,365,612,315,1214,17785,7571,2334,0,0,0,0,13,0
2021-02-03T23:59:59+01:00,0,2,284,267,775,1135,858,1644,1150,2484,1287,2121,807,762,1101,1683,855,2658,0,0,57,56,172,284,259,442,290,721,371,597,214,206,260,452,226,909,17686,5516,2174,0,0,0,0,13,0
2021-02-02T23:59:59+01:00,0,2,283,261,771,1126,852,1622,1142,2458,1275,2104,800,755,1093,1672,853,2650,0,0,37,35,94,144,150,255,177,451,239,377,140,136,178,275,159,586,17533,3433,2173,0,0,0,0,13,0
2021-02-01T23:59:59+01:00,0,2,281,257,766,1107,844,1603,1137,2429,1271,2069,790,742,1087,1660,848,2634,0,0,13,12,17,30,27,65,48,91,76,105,54,48,65,83,47,198,17341,979,2173,0,0,0,0,13,0
2021-01-31T23:59:59+01:00,0,2,275,255,750,1105,836,1592,1126,2418,1260,2061,784,736,1077,1642,841,2620,0,0,12,12,16,28,25,62,42,86,68,97,51,48,60,76,44,185,17304,912,2063,0,0,0,0,13,0
2021-01-30T23:59:59+01:00,0,2,275,255,750,1104,835,1592,1126,2418,1260,2061,783,736,1067,1635,824,2605,0,0,12,10,15,28,25,62,42,86,67,95,50,47,59,76,44,184,17299,902,2016,0,0,0,0,13,0
2021-01-29T23:59:59+01:00,0,2,273,255,750,1103,835,1592,1126,2418,1260,2060,782,735,1066,1633,824,2603,0,0,10,5,13,26,25,60,41,85,66,95,49,46,59,76,44,184,17290,884,2014,0,0,0,0,13,0
2021-01-28T23:59:59+01:00,0,2,269,251,737,1077,800,1536,1089,2357,1184,2000,741,721,1038,1613,808,2583,0,0,5,0,4,8,10,24,20,37,21,45,21,22,25,49,17,108,17106,416,1687,0,0,0,0,13,0
2021-01-27T23:59:59+01:00,0,2,263,244,714,1045,754,1480,1030,2276,1111,1920,706,694,1023,1590,805,2575,0,0,4,0,4,5,7,20,15,23,14,32,6,9,11,12,5,30,16656,197,1563,0,0,0,0,13,0
2021-01-26T23:59:59+01:00,0,2,239,235,699,1020,746,1432,1010,2202,1084,1855,694,680,999,1574,795,2556,0,0,4,0,2,5,6,10,13,12,7,11,3,5,7,8,2,17,16606,112,1203,0,0,0,0,13,0
2021-01-25T23:59:59+01:00,0,2,208,220,646,948,694,1310,967,2056,1026,1720,647,624,921,1477,748,2480,0,0,4,0,2,5,6,10,13,12,7,11,3,5,7,8,2,17,16378,112,303,0,0,0,0,13,0
2021-01-24T23:59:59+01:00,0,2,191,214,620,936,676,1295,949,2039,1010,1710,640,618,910,1458,739,2467,0,0,3,0,2,5,6,10,12,12,6,11,3,5,7,8,2,17,16202,109,259,0,0,0,0,13,0
2021-01-23T23:59:59+01:00,0,2,191,214,620,936,676,1295,949,2039,1010,1710,640,618,910,1458,739,2467,0,0,3,0,2,4,6,10,10,12,6,11,3,5,7,8,2,17,16202,106,259,0,0,0,0,13,0
2021-01-22T23:59:59+01:00,0,2,144,196,562,926,658,1280,915,2029,998,1699,635,617,909,1458,739,2467,0,0,3,0,1,4,6,10,10,12,6,11,3,5,7,8,2,17,15962,105,259,0,0,0,0,13,0
2021-01-21T23:59:59+01:00,0,2,139,188,547,905,638,1239,882,1975,977,1652,623,596,897,1427,732,2448,0,0,3,0,0,4,5,10,9,12,6,11,3,5,7,8,2,16,15595,101,259,0,0,0,0,13,0
2021-01-20T23:59:59+01:00,0,2,133,171,500,840,615,1161,819,1865,940,1580,603,578,880,1404,722,2418,0,0,3,0,0,4,5,10,9,12,6,11,3,5,7,8,2,16,14961,101,257,0,0,0,0,13,0
2021-01-19T23:59:59+01:00,0,2,123,153,429,754,551,1032,735,1676,840,1422,556,528,781,1249,640,2162,0,0,3,0,0,4,5,8,9,12,6,11,3,5,7,8,2,16,13430,99,190,0,0,0,0,13,0
2021-01-18T23:59:59+01:00,0,2,105,119,360,604,461,860,604,1416,714,1213,486,462,692,1086,561,1872,0,0,1,0,0,1,1,0,0,0,0,1,0,0,0,1,0,0,11523,5,81,0,0,0,0,13,0
2021-01-17T23:59:59+01:00,0,2,100,117,356,599,460,854,602,1397,707,1203,480,452,665,1055,541,1825,0,0,1,0,0,1,0,0,0,0,0,1,0,0,0,1,0,0,11322,4,80,0,0,0,0,13,0
2021-01-16T23:59:59+01:00,0,2,100,114,354,590,457,849,590,1384,696,1191,465,438,568,930,479,1726,0,0,0,0,0,1,0,0,0,0,0,0,0,0,0,0,0,0,10917,1,3,0,0,0,0,13,0
2021-01-15T23:59:59+01:00,0,2,98,112,349,588,451,844,584,1377,679,1175,449,420,559,918,468,1702,0,0,0,0,0,0,0,0,0,0,0,0,0,0,0,0,0,0,10761,0,1,0,0,0,0,13,0
2021-01-14T23:59:59+01:00,0,0,80,90,294,486,372,679,466,1123,560,995,368,338,440,752,384,1446,0,0,0,0,0,0,0,0,0,0,0,0,0,0,0,0,0,0,8860,0,0,0,0,0,0,13,0
2021-01-13T23:59:59+01:00,0,0,66,67,209,369,296,508,353,841,430,713,259,239,324,565,295,1108,0,0,0,0,0,0,0,0,0,0,0,0,0,0,0,0,0,0,6630,0,0,0,0,0,0,12,0
2021-01-12T23:59:59+01:00,0,0,44,45,130,218,183,314,213,534,287,445,166,155,212,371,203,744,0,0,0,0,0,0,0,0,0,0,0,0,0,0,0,0,0,0,4264,0,0,0,0,0,0,0,0
2021-01-11T23:59:59+01:00,0,0,14,14,45,60,42,94,61,123,99,132,69,61,93,115,58,254,0,0,0,0,0,0,0,0,0,0,0,0,0,0,0,0,0,0,1334,0,0,0,0,0,0,0,0
2021-01-10T23:59:59+01:00,0,0,13,14,32,48,35,76,52,114,84,122,62,57,85,105,55,239,0,0,0,0,0,0,0,0,0,0,0,0,0,0,0,0,0,0,1193,0,0,0,0,0,0,0,0
2021-01-09T23:59:59+01:00,0,0,13,13,28,47,35,75,51,113,82,119,61,56,84,104,53,238,0,0,0,0,0,0,0,0,0,0,0,0,0,0,0,0,0,0,1172,0,0,0,0,0,0,0,0
2021-01-08T23:59:59+01:00,0,0,9,5,28,42,33,72,49,110,81,118,58,52,78,99,49,238,0,0,0,0,0,0,0,0,0,0,0,0,0,0,0,0,0,0,1121,0,0,0,0,0,0,0,0
2021-01-07T23:59:59+01:00,0,0,6,1,10,21,16,38,28,77,35,77,32,27,51,82,33,181,0,0,0,0,0,0,0,0,0,0,0,0,0,0,0,0,0,0,715,0,0,0,0,0,0,0,0
2021-01-06T23:59:59+01:00,0,0,6,0,5,10,11,30,25,43,21,48,26,24,37,56,23,130,0,0,0,0,0,0,0,0,0,0,0,0,0,0,0,0,0,0,495,0,0,0,0,0,0,0,0
2021-01-05T23:59:59+01:00,0,0,5,0,5,9,11,30,25,43,21,48,26,24,37,55,23,130,0,0,0,0,0,0,0,0,0,0,0,0,0,0,0,0,0,0,492,0,0,0,0,0,0,0,0
2021-01-04T23:59:59+01:00,0,0,4,0,2,4,5,11,14,12,6,12,3,5,7,9,2,18,0,0,0,0,0,0,0,0,0,0,0,0,0,0,0,0,0,0,114,0,0,0,0,0,0,0,0
2021-01-03T23:59:59+01:00,0,0,3,0,2,4,5,10,13,12,6,12,3,5,7,9,2,17,0,0,0,0,0,0,0,0,0,0,0,0,0,0,0,0,0,0,110,0,0,0,0,0,0,0,0
2021-01-02T23:59:59+01:00,0,0,3,0,2,4,5,10,11,12,6,12,3,5,7,9,2,17,0,0,0,0,0,0,0,0,0,0,0,0,0,0,0,0,0,0,108,0,0,0,0,0,0,0,0
2021-01-01T23:59:59+01:00,0,0,3,0,1,4,5,10,11,12,6,12,3,5,7,8,2,17,0,0,0,0,0,0,0,0,0,0,0,0,0,0,0,0,0,0,106,0,0,0,0,0,0,0,0
2020-12-31T23:59:59+01:00,0,0,3,0,0,4,5,10,9,12,6,12,3,5,7,8,2,17,0,0,0,0,0,0,0,0,0,0,0,0,0,0,0,0,0,0,103,0,0,0,0,0,0,0,0
2020-12-30T23:59:59+01:00,0,0,3,0,0,4,5,10,9,12,6,12,3,5,7,8,2,17,0,0,0,0,0,0,0,0,0,0,0,0,0,0,0,0,0,0,103,0,0,0,0,0,0,0,0
2020-12-29T23:59:59+01:00,0,0,3,0,0,3,5,8,9,12,6,12,3,5,7,8,2,17,0,0,0,0,0,0,0,0,0,0,0,0,0,0,0,0,0,0,100,0,0,0,0,0,0,0,0
2020-12-28T23:59:59+01:00,0,0,3,0,0,3,5,8,9,12,5,12,3,5,7,8,2,17,0,0,0,0,0,0,0,0,0,0,0,0,0,0,0,0,0,0,99,0,0,0,0,0,0,0,0
2020-12-27T23:59:59+01:00,0,0,1,0,0,0,0,0,0,0,0,1,0,0,2,4,0,8,0,0,0,0,0,0,0,0,0,0,0,0,0,0,0,0,0,0,16,0,0,0,0,0,0,0,0
