Datum,<15_m,<15_w,15-24_1_m,15-24_1_w,25-34_1_m,25-34_1_w,35-44_1_m,35-44_1_w,45-54_1_m,45-54_1_w,55-64_1_m,55-64_1_w,65-74_1_m,65-74_1_w,75-84_1_m,75-84_1_w,>84_1_m,>84_1_w,<24_2_m,<24_2_w,25-34_2_m,25-34_2_w,35-44_2_m,35-44_2_w,45-54_2_m,45-54_2_w,55-64_2_m,55-64_2_w,65-74_2_m,65-74_2_w,75-84_2_m,75-84_2_w,>84_2_m,>84_2_w,bp_1,bp_2,mo_1,mo_2,az_1,az_2,ja,unb_1,unb_2
2021-09-15T23:59:59+02:00,3068,2774,24180,23210,33526,31018,33819,33818,39367,39767,42988,43145,28239,31444,20039,25199,6115,10366,21549,20568,31192,28273,31862,31468,37259,37306,40890,41040,27111,30167,19246,24028,5838,9763,329257,307285,45237,43523,77791,71295,19733,67,31
2021-09-14T23:59:59+02:00,3030,2742,24079,23068,33390,30878,33738,33734,39311,39716,42937,43096,28222,31427,20030,25191,6111,10361,21464,20486,31103,28187,31798,31409,37212,37264,40846,41015,27100,30147,19237,24020,5836,9760,328468,306772,45203,43516,77790,71291,19536,67,31
2021-09-13T23:59:59+02:00,3012,2722,24029,23016,33347,30822,33708,33683,39285,39686,42907,43072,28216,31415,20025,25190,6110,10358,21414,20443,31063,28138,31770,31377,37188,37243,40833,40993,27094,30141,19233,24016,5835,9759,328098,306483,45186,43502,77790,71290,19465,67,31
2021-09-12T23:59:59+02:00,3008,2715,24024,23008,33343,30819,33698,33677,39280,39683,42904,43070,28214,31413,20024,25189,6110,10357,21399,20436,31054,28121,31751,31369,37183,37238,40827,40987,27089,30140,19231,24013,5835,9757,328033,306369,45186,43502,77789,71289,19464,67,31
2021-09-11T23:59:59+02:00,3006,2714,24022,23006,33341,30817,33696,33676,39280,39681,42903,43070,28211,31411,20024,25189,6110,10357,21394,20435,31053,28118,31751,31369,37183,37237,40826,40986,27087,30140,19231,24013,5835,9757,328012,306352,45186,43502,77789,71289,19463,67,31
2021-09-10T23:59:59+02:00,2964,2669,23889,22880,33220,30704,33595,33600,39206,39599,42856,43030,28195,31394,20019,25181,6109,10355,21279,20336,30947,28028,31661,31314,37119,37197,40781,40953,27079,30130,19225,24003,5833,9756,327279,305821,45167,43484,77789,71288,19166,67,31
2021-09-09T23:59:59+02:00,2916,2630,23714,22730,33118,30578,33501,33500,39136,39531,42816,42983,28168,31376,20010,25175,6107,10353,21160,20205,30851,27932,31584,31221,37056,37142,40732,40904,27055,30114,19217,23995,5828,9753,326420,305075,45143,43464,77786,71285,18936,60,30
2021-09-08T23:59:59+02:00,2895,2600,23676,22681,33087,30538,33485,33473,39116,39511,42801,42968,28162,31367,20007,25170,6106,10353,21127,20173,30820,27914,31568,31197,37039,37119,40722,40891,27048,30107,19211,23990,5827,9752,326111,304844,45137,43460,77786,71284,18905,60,30
2021-09-07T23:59:59+02:00,2842,2546,23525,22539,32970,30432,33409,33388,39061,39449,42758,42934,28145,31349,20004,25165,6105,10350,20991,20038,30706,27830,31491,31133,36992,37068,40683,40863,27032,30081,19205,23979,5826,9750,325368,304196,45114,43440,77785,71278,18646,60,30
2021-09-06T23:59:59+02:00,2819,2532,23494,22495,32939,30399,33388,33368,39041,39436,42742,42919,28142,31345,20002,25163,6104,10347,20950,19995,30676,27803,31470,31107,36973,37050,40669,40851,27024,30073,19203,23970,5823,9748,325105,303897,45098,43432,77784,71277,18630,60,30
2021-09-05T23:59:59+02:00,2808,2529,23486,22489,32938,30394,33387,33364,39038,39433,42738,42913,28140,31341,20000,25162,6103,10346,20937,19987,30669,27798,31468,31104,36970,37049,40664,40848,27019,30071,19201,23966,5822,9748,325041,303828,45097,43432,77784,71276,18629,60,30
2021-09-04T23:59:59+02:00,2808,2529,23483,22489,32937,30394,33387,33362,39037,39432,42737,42912,28140,31341,20000,25162,6103,10346,20935,19987,30669,27797,31467,31102,36969,37049,40663,40848,27019,30071,19201,23966,5822,9748,325036,303820,45097,43432,77784,71276,18624,60,30
2021-09-03T23:59:59+02:00,2785,2494,23409,22415,32869,30326,33348,33319,38993,39403,42707,42900,28132,31328,19999,25160,6101,10345,20886,19931,30622,27758,31435,31067,36941,37024,40634,40836,27011,30063,19199,23964,5821,9748,324554,303481,45069,43424,77780,71268,18572,60,30
2021-09-02T23:59:59+02:00,2755,2462,23303,22319,32813,30238,33294,33264,38956,39369,42669,42868,28112,31317,19995,25146,6099,10342,20811,19872,30569,27698,31400,31038,36903,36987,40604,40807,27001,30051,19196,23953,5821,9748,323964,303069,45038,43408,77778,71263,18483,60,30
2021-09-01T23:59:59+02:00,2734,2448,23281,22283,32785,30207,33274,33236,38930,39348,42656,42853,28103,31309,19990,25144,6099,10342,20770,19831,30541,27672,31380,31016,36884,36971,40587,40791,26992,30042,19195,23947,5821,9748,323714,302809,45027,43404,77777,71263,18446,60,30
2021-08-31T23:59:59+02:00,2689,2405,23163,22178,32706,30108,33220,33177,38884,39307,42630,42828,28092,31303,19984,25140,6098,10339,20683,19738,30469,27614,31333,30972,36844,36939,40559,40767,26983,30031,19189,23942,5821,9746,323142,302395,44996,43389,77776,71257,18279,60,30
2021-08-30T23:59:59+02:00,2667,2381,23111,22135,32666,30068,33197,33140,38855,39289,42610,42810,28087,31297,19977,25132,6097,10335,20559,19639,30375,27521,31276,30921,36811,36911,40539,40733,26968,30018,19188,23933,5821,9744,322810,301700,44981,43381,77776,71252,18229,60,30
2021-08-29T23:59:59+02:00,2636,2351,23029,22071,32607,30013,33153,33111,38809,39253,42580,42789,28077,31290,19974,25127,6097,10334,20455,19572,30310,27473,31239,30888,36770,36881,40514,40714,26955,30007,19187,23928,5821,9744,322363,301271,44965,43358,77774,71242,18141,60,30
2021-08-28T23:59:59+02:00,2630,2349,23029,22071,32605,30013,33151,33111,38806,39252,42579,42789,28076,31290,19974,25127,6097,10334,20454,19571,30306,27472,31239,30885,36767,36879,40514,40714,26955,30007,19187,23928,5821,9744,322350,301259,44964,43357,77774,71242,18137,60,30
2021-08-27T23:59:59+02:00,2630,2349,23024,22067,32601,30013,33150,33109,38804,39250,42575,42789,28075,31290,19974,25127,6096,10334,20449,19569,30294,27470,31238,30883,36765,36878,40512,40714,26955,30007,19187,23927,5821,9744,322336,301242,44964,43357,77774,71239,18125,60,30
2021-08-26T23:59:59+02:00,2548,2265,22841,21861,32475,29874,33035,33006,38717,39161,42511,42721,28050,31257,19961,25109,6095,10328,20177,19302,30153,27304,31101,30760,36656,36783,40430,40641,26913,29965,19168,23903,5815,9743,321136,299735,44944,43334,77773,71223,17904,60,30
2021-08-25T23:59:59+02:00,2542,2257,22821,21835,32465,29855,33022,32991,38706,39147,42501,42716,28045,31255,19954,25103,6092,10326,20129,19261,30114,27274,31080,30724,36630,36750,40411,40625,26900,29952,19165,23894,5814,9742,320956,299370,44944,43333,77773,71222,17902,60,30
2021-08-24T23:59:59+02:00,2524,2246,22783,21793,32438,29813,33003,32958,38697,39127,42483,42702,28039,31244,19949,25095,6091,10325,20091,19218,30080,27234,31059,30688,36616,36729,40391,40608,26894,29942,19161,23891,5814,9738,320672,299080,44934,43327,77773,71217,17873,60,30
2021-08-23T23:59:59+02:00,2504,2214,22713,21722,32374,29756,32967,32927,38656,39096,42452,42689,28023,31235,19946,25084,6091,10323,19969,19095,29962,27156,30994,30640,36567,36686,40349,40579,26882,29929,19155,23881,5814,9732,320236,298348,44923,43302,77770,71212,17785,60,30
2021-08-22T23:59:59+02:00,2495,2205,22679,21689,32355,29738,32950,32919,38640,39080,42447,42680,28019,31230,19941,25084,6091,10322,19930,19057,29927,27123,30963,30604,36546,36670,40330,40557,26874,29925,19152,23878,5814,9730,320069,298060,44916,43299,77769,71203,17752,60,30
2021-08-21T23:59:59+02:00,2476,2192,22625,21640,32316,29701,32926,32895,38626,39058,42430,42670,28012,31222,19939,25081,6091,10321,19828,18960,29856,27067,30929,30561,36512,36628,40306,40536,26863,29916,19147,23874,5812,9730,319827,297558,44903,43284,77767,71197,17666,60,30
2021-08-20T23:59:59+02:00,2439,2152,22537,21537,32241,29620,32864,32848,38578,39018,42387,42642,28005,31208,19935,25067,6090,10317,19657,18835,29729,26963,30853,30502,36452,36584,40260,40499,26848,29896,19138,23866,5811,9726,319253,296745,44880,43262,77764,71179,17530,60,30
2021-08-19T23:59:59+02:00,2350,2085,22376,21402,32110,29501,32774,32765,38477,38940,42316,42588,27979,31175,19928,25055,6085,10308,19398,18630,29525,26814,30736,30394,36332,36488,40158,40413,26821,29866,19127,23850,5807,9721,318327,295479,44860,43232,77764,71153,17206,59,30
2021-08-18T23:59:59+02:00,2341,2076,22350,21380,32089,29481,32753,32743,38449,38921,42303,42572,27964,31165,19922,25050,6085,10306,19344,18571,29486,26780,30711,30363,36303,36467,40134,40381,26804,29854,19122,23838,5802,9717,318070,295044,44860,43232,77764,71151,17199,59,30
2021-08-17T23:59:59+02:00,2324,2060,22323,21352,32071,29452,32728,32719,38437,38909,42279,42553,27959,31153,19917,25045,6085,10306,19301,18518,29453,26739,30667,30336,36275,36432,40106,40357,26782,29839,19115,23821,5798,9713,317829,294639,44860,43229,77764,71147,17162,59,30
2021-08-16T23:59:59+02:00,2288,2043,22257,21308,32032,29406,32704,32697,38413,38889,42248,42536,27950,31146,19915,25035,6085,10305,19094,18375,29311,26624,30589,30248,36228,36379,40066,40315,26762,29823,19108,23802,5792,9711,317484,293641,44860,43223,77762,71146,17094,59,30
2021-08-15T23:59:59+02:00,2261,2021,22202,21251,31988,29366,32680,32664,38385,38870,42229,42523,27943,31141,19908,25028,6084,10305,18977,18258,29154,26494,30507,30165,36160,36328,40009,40259,26743,29799,19099,23793,5789,9710,317154,292713,44852,43206,77760,71138,17026,59,30
2021-08-14T23:59:59+02:00,2255,2018,22176,21235,31976,29349,32676,32658,38377,38865,42223,42520,27942,31140,19907,25027,6084,10304,18864,18165,29093,26429,30472,30118,36136,36297,39988,40245,26735,29793,19096,23792,5788,9707,317064,292176,44849,43187,77760,71134,17002,59,30
2021-08-13T23:59:59+02:00,2238,2007,22131,21199,31939,29325,32640,32631,38361,38851,42213,42510,27940,31136,19904,25024,6083,10304,18608,17906,28913,26271,30357,30024,36083,36228,39943,40209,26719,29781,19091,23783,5785,9703,316834,290806,44844,43173,77758,71124,16943,59,30
2021-08-12T23:59:59+02:00,2201,1970,22045,21106,31868,29250,32587,32581,38314,38808,42176,42476,27923,31117,19897,25014,6081,10304,18302,17591,28657,26047,30212,29897,35988,36134,39867,40140,26683,29735,19071,23761,5783,9700,316267,289056,44832,43118,77755,71078,16807,59,30
2021-08-11T23:59:59+02:00,2199,1965,22026,21088,31851,29228,32572,32565,38306,38799,42165,42460,27915,31114,19893,25009,6080,10300,18246,17534,28619,26001,30163,29860,35966,36097,39830,40107,26671,29709,19064,23751,5783,9698,316086,288574,44832,43115,77755,71075,16805,59,30
2021-08-10T23:59:59+02:00,2191,1944,21999,21051,31819,29206,32558,32545,38281,38773,42147,42453,27909,31106,19892,25006,6079,10296,17723,17082,28446,25844,30067,29769,35797,35974,39779,40065,26647,29686,19057,23735,5779,9697,315848,286867,44827,43086,77753,70825,16770,59,30
2021-08-09T23:59:59+02:00,2167,1930,21947,21001,31763,29162,32525,32516,38256,38752,42134,42429,27898,31097,19891,24997,6078,10294,17251,16624,28311,25739,30012,29715,35752,35928,39745,40030,26638,29672,19052,23729,5779,9695,315479,285385,44822,43067,77752,70812,16727,59,30
2021-08-08T23:59:59+02:00,2152,1913,21894,20958,31719,29127,32491,32491,38232,38744,42114,42409,27891,31093,19885,24993,6078,10291,16907,16280,28199,25655,29956,29643,35704,35890,39724,40004,26626,29659,19043,23720,5777,9690,315172,284144,44821,43046,77751,70805,16674,59,30
2021-08-07T23:59:59+02:00,2107,1870,21761,20875,31637,29060,32417,32430,38176,38692,42081,42381,27882,31066,19880,24984,6076,10289,16398,15826,27897,25372,29727,29458,35526,35733,39584,39894,26569,29596,19024,23691,5774,9686,314546,281508,44789,42924,77745,70716,16527,59,30
2021-08-06T23:59:59+02:00,2097,1860,21711,20838,31596,29027,32382,32411,38150,38672,42069,42365,27876,31057,19876,24984,6076,10289,15368,14846,26749,24479,29435,29226,35277,35535,39269,39653,26525,29550,19014,23681,5773,9683,314315,276509,44785,42902,77745,69913,16434,59,29
2021-08-05T23:59:59+02:00,2058,1831,21603,20752,31538,28950,32324,32355,38092,38621,42024,42328,27859,31038,19867,24971,6074,10286,14477,14099,25728,23701,28721,28712,34746,35101,38953,39407,26457,29471,18982,23647,5770,9673,313765,271629,44762,42849,77744,68414,16243,59,29
2021-08-04T23:59:59+02:00,2037,1812,21530,20699,31491,28878,32292,32313,38056,38597,41990,42301,27847,31022,19862,24958,6072,10283,14107,13758,25323,23394,28507,28488,34603,34975,38856,39314,26418,29426,18959,23624,5765,9668,313309,269184,44756,42821,77744,68372,16174,59,29
2021-08-03T23:59:59+02:00,2028,1796,21503,20673,31474,28863,32279,32303,38046,38583,41974,42289,27837,31016,19858,24951,6071,10281,14023,13667,25244,23318,28439,28430,34555,34928,38805,39274,26392,29399,18947,23612,5762,9662,313103,268453,44752,42820,77743,68346,16170,59,29
2021-08-02T23:59:59+02:00,2018,1775,21458,20637,31431,28842,32252,32272,38020,38568,41961,42274,27828,31004,19858,24943,6070,10277,13819,13458,24535,22768,28159,28209,34405,34816,38725,39211,26365,29367,18939,23608,5762,9660,312820,266032,44749,42806,77743,68121,16119,59,29
2021-08-01T23:59:59+02:00,1998,1759,21407,20589,31379,28803,32227,32253,38001,38549,41939,42257,27822,30997,19855,24934,6070,10276,13648,13299,24233,22514,27918,27991,34313,34707,38655,39139,26349,29348,18933,23602,5762,9658,312520,264329,44743,42794,77742,68098,16053,59,29
2021-07-31T23:59:59+02:00,1973,1729,21325,20511,31312,28767,32172,32215,37964,38521,41916,42236,27818,30989,19850,24930,6070,10276,12702,12271,23712,22071,27572,27637,34003,34410,38223,38796,26279,29263,18907,23558,5757,9652,312105,259289,44731,42759,77740,67526,15940,59,29
2021-07-30T23:59:59+02:00,1948,1710,21304,20489,31280,28748,32157,32197,37958,38514,41908,42228,27813,30986,19849,24930,6069,10276,12615,12194,23381,21783,27288,27424,33784,34247,38062,38662,26255,29245,18905,23550,5757,9650,311923,257854,44730,42751,77740,66970,15913,59,29
2021-07-29T23:59:59+02:00,1879,1641,21071,20253,31141,28602,32056,32087,37865,38425,41815,42168,27785,30961,19836,24911,6062,10268,11985,11659,22250,20941,26247,26586,32801,33553,37677,38371,26173,29144,18876,23503,5751,9641,310720,252233,44703,42660,77732,65211,15613,59,29
2021-07-28T23:59:59+02:00,1859,1626,21031,20203,31121,28573,32041,32065,37844,38406,41792,42147,27774,30949,19831,24901,6062,10266,11706,11358,21839,20558,25811,26156,32637,33400,37566,38280,26136,29093,18857,23480,5750,9636,310405,249308,44702,42660,77720,65151,15607,58,29
2021-07-27T23:59:59+02:00,1849,1620,20990,20161,31097,28540,32008,32049,37823,38372,41768,42133,27767,30942,19830,24896,6062,10263,11457,11144,21637,20368,25669,26034,32525,33294,37477,38196,26104,29054,18847,23468,5747,9632,310167,247828,44702,42624,77719,65076,15525,58,29
2021-07-26T23:59:59+02:00,1823,1585,20864,20037,30991,28440,31949,31985,37768,38304,41725,42101,27742,30924,19819,24882,6056,10260,11163,10817,21130,19926,25421,25825,32363,33141,37345,38108,26069,29020,18834,23445,5746,9624,309409,245530,44671,42510,77714,64871,15404,58,29
2021-07-25T23:59:59+02:00,1816,1576,20842,20026,30981,28430,31938,31970,37761,38297,41715,42091,27738,30922,19818,24880,6056,10259,11058,10711,20979,19818,25187,25632,32125,32932,37202,37975,26051,29006,18828,23437,5745,9621,309294,244270,44661,42495,77706,64458,15398,58,29
2021-07-24T23:59:59+02:00,1796,1561,20761,19952,30938,28392,31903,31934,37735,38269,41692,42079,27731,30916,19815,24878,6056,10259,10995,10656,20899,19756,25115,25571,32072,32901,37173,37954,26045,29001,18826,23435,5745,9621,308950,243897,44650,42472,77702,64391,15308,58,29
2021-07-23T23:59:59+02:00,1741,1526,20569,19808,30773,28278,31815,31862,37666,38217,41652,42036,27720,30898,19810,24872,6055,10254,10738,10452,20533,19449,24309,24925,31588,32570,36606,37497,26002,28959,18810,23418,5744,9619,308116,241020,44641,42426,77684,63000,15054,58,28
2021-07-22T23:59:59+02:00,1676,1469,20258,19535,30530,28093,31684,31746,37534,38110,41553,41953,27694,30874,19799,24848,6051,10253,10278,10076,19788,18939,23351,24256,30879,31981,35572,36735,25891,28861,18777,23385,5742,9615,306628,237417,44605,41759,77678,60475,14692,58,28
2021-07-21T23:59:59+02:00,1661,1461,20219,19485,30500,28063,31660,31723,37514,38085,41533,41930,27685,30866,19794,24842,6046,10249,9967,9741,19327,18485,22477,23490,30543,31646,35337,36537,25808,28764,18746,23332,5734,9605,306301,234666,44597,40067,77676,60302,14685,58,25
2021-07-20T23:59:59+02:00,1655,1455,20185,19458,30472,28038,31635,31704,37497,38068,41521,41916,27670,30851,19794,24835,6046,10246,9699,9462,18995,18216,22207,23203,30367,31492,35173,36393,25762,28718,18730,23297,5733,9601,306046,232274,44595,40058,77675,60201,14673,58,25
2021-07-19T23:59:59+02:00,1644,1447,20073,19370,30390,27966,31577,31651,37478,38049,41506,41897,27665,30840,19788,24828,6045,10243,9499,9265,18680,17940,21743,22784,30113,31260,35053,36291,25728,28679,18712,23281,5733,9598,305472,230641,44589,39114,77674,60086,14665,58,25
2021-07-18T23:59:59+02:00,1633,1441,20005,19304,30263,27866,31511,31586,37416,37997,41464,41845,27644,30809,19779,24813,6041,10240,9389,9150,18512,17787,21552,22594,29945,31062,34939,36190,25696,28655,18701,23264,5733,9592,304683,229379,44589,38814,77672,60045,14656,58,25
2021-07-17T23:59:59+02:00,1632,1437,19998,19302,30263,27863,31511,31582,37411,37995,41460,41843,27643,30808,19778,24813,6041,10240,9368,9135,18479,17765,21533,22581,29935,31055,34920,36186,25693,28653,18701,23263,5733,9592,304650,229224,44589,38811,77672,60034,14652,58,25
2021-07-16T23:59:59+02:00,1579,1392,19723,19054,30138,27766,31427,31509,37354,37932,41419,41811,27624,30791,19771,24803,6039,10234,9250,9020,18104,17462,21228,22307,29544,30699,34785,36080,25669,28629,18694,23250,5731,9590,303649,227956,44567,38089,77670,59701,14423,58,24
2021-07-15T23:59:59+02:00,1521,1349,19461,18805,29956,27620,31319,31410,37270,37849,41350,41743,27581,30761,19755,24789,6035,10231,8885,8716,17186,16628,19681,21079,28625,29775,34163,35500,25501,28446,18639,23201,5725,9577,302368,221834,44525,36633,77662,58773,14193,58,24
2021-07-14T23:59:59+02:00,1507,1336,19432,18769,29933,27594,31295,31378,37257,37836,41330,41736,27573,30754,19746,24782,6034,10227,8598,8418,16633,16028,19187,20559,28059,29276,33771,35123,25389,28317,18600,23135,5720,9566,302090,217663,44522,36275,77659,58343,14191,58,24
2021-07-13T23:59:59+02:00,1495,1326,19394,18744,29915,27570,31272,31363,37242,37808,41306,41708,27564,30740,19744,24777,6033,10221,8292,8157,16234,15673,18913,20281,27796,29027,33499,34867,25290,28197,18567,23094,5718,9561,301803,214961,44521,36240,77658,57851,14183,58,24
2021-07-12T23:59:59+02:00,1479,1316,19347,18727,29881,27541,31255,31342,37230,37791,41289,41693,27561,30736,19742,24771,6032,10221,8032,7940,15954,15396,18210,19733,27483,28707,33084,34505,25122,28002,18507,23019,5712,9556,301545,213679,44520,34300,77658,56872,14174,58,24
2021-07-11T23:59:59+02:00,1469,1308,19315,18697,29851,27510,31239,31311,37222,37770,41275,41681,27552,30727,19740,24771,6031,10220,7988,7893,15889,15325,18122,19679,27399,28645,32972,34443,25068,27957,18487,22997,5712,9553,301293,213105,44517,34289,77656,56629,14166,58,24
2021-07-10T23:59:59+02:00,1340,1191,18809,18279,29408,27217,30951,31077,36975,37611,41074,41530,27478,30667,19714,24739,6028,10217,7857,7823,15606,15190,17901,19527,27157,28505,32805,34326,25002,27911,18471,22984,5711,9553,299092,212683,44378,34167,77627,56387,13151,58,24
2021-07-09T23:59:59+02:00,1329,1185,18781,18248,29386,27200,30939,31064,36964,37599,41063,41522,27474,30663,19712,24735,6028,10216,7815,7776,15536,15124,17836,19433,26936,28275,32556,34113,24938,27848,18449,22958,5711,9550,298946,212402,44359,34164,77626,55222,13120,58,24
2021-07-08T23:59:59+02:00,1251,1103,18513,18032,29237,27048,30801,30946,36861,37497,40964,41444,27439,30628,19693,24716,6023,10210,7647,7640,15238,14877,17405,19072,26241,27673,32284,33846,24769,27691,18390,22896,5708,9542,297670,211266,44305,32738,77618,54204,12756,58,24
2021-07-07T23:59:59+02:00,1152,1011,18202,17707,29036,26864,30669,30822,36748,37377,40858,41358,27405,30580,19679,24699,6020,10207,7450,7429,14797,14509,16939,18629,25485,27061,31876,33466,24503,27367,18295,22801,5699,9533,296091,208343,44254,31900,77607,53245,12385,58,24
2021-07-06T23:59:59+02:00,1129,995,18124,17641,28991,26814,30617,30774,36712,37342,40822,41325,27388,30555,19668,24685,6018,10204,7234,7196,14453,14151,16586,18279,24733,26413,31577,33202,24313,27153,18247,22730,5692,9526,295509,206279,44251,30494,77605,52350,12382,58,24
2021-07-05T23:59:59+02:00,1086,967,18050,17577,28948,26758,30578,30739,36686,37297,40794,41299,27382,30541,19662,24679,6018,10199,7005,7006,14150,13878,16234,17913,24180,25904,31008,32634,24033,26854,18139,22590,5684,9516,295022,204784,44249,28393,77601,51217,12331,58,24
2021-07-04T23:59:59+02:00,1064,951,17979,17528,28909,26737,30556,30710,36676,37287,40779,41287,27376,30530,19657,24676,6018,10198,6979,6989,14096,13832,16159,17855,24096,25848,30855,32543,23941,26765,18107,22549,5682,9512,294705,204393,44248,28384,77590,50710,12318,58,24
2021-07-03T23:59:59+02:00,648,579,16245,15806,27735,25811,29756,29991,36034,36676,40277,40856,27218,30362,19589,24589,6009,10181,6593,6749,13580,13529,15757,17551,23735,25571,30549,32347,23844,26670,18073,22509,5678,9508,287177,204101,44209,28307,77506,50419,9413,58,24
2021-07-02T23:59:59+02:00,609,540,16113,15660,27574,25663,29676,29931,36003,36648,40258,40843,27212,30353,19586,24586,6009,10181,6545,6678,13506,13428,15669,17420,23592,25389,30395,32182,23651,26458,17984,22431,5676,9505,286268,203418,44209,28148,77504,49533,9407,58,24
2021-07-01T23:59:59+02:00,551,492,15935,15505,27357,25509,29598,29853,35948,36597,40192,40797,27191,30335,19575,24574,6007,10177,6405,6549,13165,13156,15140,16978,22326,24400,29631,31498,23370,26170,17865,22297,5669,9489,285076,199885,44204,26472,77491,48384,9365,58,22
2021-06-30T23:59:59+02:00,521,472,15831,15398,27245,25424,29530,29780,35892,36546,40149,40761,27176,30304,19564,24557,6003,10177,6210,6370,12734,12771,14572,16430,21701,23803,29034,30965,22948,25701,17733,22113,5662,9477,284249,195627,44201,26448,77485,46806,9338,58,22
2021-06-29T23:59:59+02:00,464,422,15068,14729,26982,25200,29435,29679,35813,36465,40081,40714,27157,30279,19556,24544,6003,10175,6098,6243,12473,12508,14176,16033,20909,23183,28450,30411,22499,25175,17580,21939,5654,9467,281739,192471,44200,25938,77476,45088,9294,58,22
2021-06-28T23:59:59+02:00,428,391,14439,14089,26825,25095,29360,29613,35755,36400,40037,40680,27139,30258,19548,24533,6003,10171,6031,6148,12294,12369,13988,15856,20289,22631,28049,30037,22162,24816,17451,21776,5649,9462,279801,190787,44196,25278,77470,43695,9240,58,22
2021-06-27T23:59:59+02:00,351,324,14092,13711,26761,25035,29320,29577,35733,36377,40018,40666,27128,30251,19545,24529,6002,10170,5994,6105,12180,12253,13841,15726,19737,22153,27438,29538,21885,24478,17330,21653,5645,9461,278677,189951,44191,23754,77458,42497,9207,58,22
2021-06-26T23:59:59+02:00,350,323,14081,13700,26745,25024,29314,29571,35727,36376,40015,40665,27127,30250,19545,24529,6002,10170,5989,6102,12169,12250,13835,15723,19724,22142,27393,29503,21740,24348,17290,21597,5644,9459,278604,189926,44189,23750,77458,42018,9206,58,22
2021-06-25T23:59:59+02:00,226,210,12814,12480,25277,23878,29012,29337,35621,36293,39948,40603,27103,30223,19534,24517,5999,10168,5946,6055,12073,12170,13693,15601,19414,21903,27008,29144,21417,23954,17116,21400,5641,9450,272363,188702,44185,23467,77437,40607,9201,58,22
2021-06-24T23:59:59+02:00,161,156,11839,11649,24164,22995,28645,28985,35471,36127,39831,40498,27064,30173,19523,24493,5997,10164,5729,5823,11614,11754,13114,15009,17877,20504,25360,27547,20647,23094,16798,20992,5631,9440,267115,183717,44165,19843,77432,38197,9167,57,22
2021-06-23T23:59:59+02:00,125,130,11477,11324,23661,22622,28397,28742,35292,35999,39741,40409,27034,30146,19515,24456,5995,10152,5655,5710,11401,11539,12814,14658,17487,20092,24611,26779,19852,22343,16604,20739,5623,9424,264488,181363,44158,19227,77427,35644,9088,57,22
2021-06-22T23:59:59+02:00,104,117,11294,11112,23501,22480,28317,28670,35216,35937,39695,40364,27019,30121,19507,24447,5995,10151,5546,5589,11134,11278,12447,14287,16885,19496,23878,26013,19472,21919,16441,20560,5616,9408,263340,178333,44155,18359,77425,34194,9071,57,22
2021-06-21T23:59:59+02:00,91,105,11042,10926,22665,21807,28062,28442,35150,35873,39631,40321,27001,30102,19501,24437,5995,10150,5427,5485,10919,11057,12140,13965,16492,19150,23429,25546,19182,21605,16336,20441,5610,9406,260737,176872,44145,17341,77416,33017,8947,57,22
2021-06-20T23:59:59+02:00,85,104,10978,10834,22414,21590,27804,28241,35070,35795,39586,40277,26991,30087,19499,24432,5993,10147,5386,5431,10831,10956,12044,13862,16295,18966,23158,25305,19081,21498,16283,20383,5604,9402,259449,176563,44143,16273,77410,32767,8868,57,22
2021-06-19T23:59:59+02:00,84,100,10954,10809,22381,21566,27786,28228,35058,35791,39576,40273,26989,30086,19499,24430,5993,10147,5355,5399,10749,10866,11952,13741,16147,18814,22851,24943,18995,21411,16271,20370,5603,9402,259295,176459,44120,14774,77410,32754,8868,57,22
2021-06-18T23:59:59+02:00,81,98,10905,10758,22061,21244,27521,28012,35003,35754,39545,40251,26980,30077,19498,24427,5993,10145,5340,5390,10718,10835,11912,13693,16085,18751,22766,24847,18829,21230,16226,20304,5602,9397,257901,176061,44118,14773,77409,32209,8868,57,22
2021-06-17T23:59:59+02:00,72,90,10325,10326,20786,20283,26660,27276,34633,35430,39286,40058,26916,29995,19477,24390,5986,10140,5141,5249,10343,10581,11468,13291,15404,18139,21398,23532,18374,20743,16063,20132,5598,9382,252113,170760,44098,14200,77397,31400,8464,57,22
2021-06-16T23:59:59+02:00,64,78,9987,10013,20104,19651,26022,26673,34384,35228,39123,39906,26870,29942,19453,24365,5985,10136,4997,5104,9953,10245,11008,12838,14700,17448,20548,22598,17971,20297,15893,19919,5588,9370,248265,166978,44082,12928,77383,30360,8197,57,22
2021-06-15T23:59:59+02:00,49,72,9742,9772,19807,19401,25799,26476,34254,35121,39025,39826,26838,29906,19446,24350,5980,10132,4891,4993,9713,10027,10774,12578,14276,17020,19949,22020,17648,19905,15671,19689,5579,9359,246491,164895,44070,11834,77377,29349,8001,57,21
2021-06-14T23:59:59+02:00,45,67,9609,9647,19507,19140,25623,26333,34133,35041,38963,39787,26820,29886,19440,24339,5980,10129,4810,4930,9522,9888,10600,12442,14013,16803,19631,21725,17479,19743,15569,19556,5578,9355,245291,163435,44068,11832,77373,28664,7700,57,21
2021-06-13T23:59:59+02:00,43,63,9449,9518,19216,18954,25271,26079,33932,34873,38857,39720,26804,29874,19430,24331,5980,10126,4726,4862,9310,9713,10433,12267,13687,16457,19283,21394,17352,19594,15522,19489,5576,9353,243645,162574,44068,11832,77369,27217,7381,57,21
2021-06-12T23:59:59+02:00,43,63,9440,9504,19203,18940,25271,26074,33932,34868,38854,39719,26804,29874,19430,24331,5980,10126,4723,4848,9300,9652,10401,12165,13638,16303,19228,21258,17243,19469,15405,19387,5574,9351,243599,162546,44068,11830,77362,26185,7370,57,21
2021-06-11T23:59:59+02:00,38,59,9281,9321,18969,18727,24470,25398,33752,34712,38719,39606,26771,29840,19419,24307,5980,10121,4643,4733,9079,9396,10141,11866,13117,15752,18252,20364,17057,19272,15365,19343,5571,9348,240669,158519,44066,11829,77358,25597,7340,57,21
2021-06-10T23:59:59+02:00,36,55,8887,8987,18317,18233,23617,24719,33431,34431,38514,39440,26712,29784,19395,24279,5977,10114,4468,4556,8497,8901,9333,11145,11968,14647,16262,18449,16166,18309,15080,18976,5562,9326,237032,148837,43405,11796,77332,23896,7103,56,20
2021-06-09T23:59:59+02:00,19,36,8438,8480,17479,17503,22465,23674,32941,33963,38227,39220,26599,29679,19347,24221,5967,10101,4332,4439,8208,8635,9089,10891,11635,14279,15775,17901,15794,17878,14839,18691,5555,9316,233022,147008,41510,11754,77291,21979,6503,33,20
2021-06-08T23:59:59+02:00,11,24,8119,8163,17008,17085,22044,23307,32696,33770,38064,39088,26554,29638,19337,24198,5964,10096,4212,4357,7954,8380,8784,10545,11276,13932,15132,17197,15336,17354,14577,18413,5550,9298,230288,145302,41477,10628,77279,20265,6089,33,20
2021-06-07T23:59:59+02:00,8,20,7921,7931,16650,16759,21500,22850,32414,33499,37946,38970,26525,29590,19317,24168,5959,10095,4135,4277,7773,8236,8624,10402,11105,13760,14818,16870,15136,17097,14401,18222,5546,9293,228661,144217,40501,10535,77257,19259,5671,32,20
2021-06-06T23:59:59+02:00,6,17,7813,7822,16515,16612,21305,22641,32187,33275,37810,38864,26498,29565,19304,24152,5959,10089,4106,4242,7725,8118,8570,10271,10998,13613,14622,16651,14951,16917,14312,18101,5539,9287,227425,143729,40201,10525,77239,18219,5537,32,20
2021-06-05T23:59:59+02:00,6,17,7791,7808,16486,16585,21297,22638,32177,33269,37807,38863,26497,29565,19303,24151,5959,10089,4097,4203,7710,8053,8556,10138,10984,13442,14603,16546,14914,16862,14303,18091,5539,9286,227315,143648,40201,10525,77238,17619,5522,32,20
2021-06-04T23:59:59+02:00,6,15,7677,7705,16208,16347,21020,22390,31753,32895,37692,38742,26464,29525,19291,24138,5957,10087,4090,4194,7684,8030,8530,10107,10917,13369,14498,16415,14832,16769,14266,18047,5539,9284,225714,143312,39425,10196,77219,17528,5522,32,20
2021-06-03T23:59:59+02:00,4,15,7418,7477,15330,15559,19385,20996,30840,31964,37186,38281,26331,29388,19247,24087,5951,10068,4029,4155,7595,7956,8407,10008,10747,13188,13926,15845,14567,16453,14181,17938,5536,9272,219071,141089,37843,10079,77208,17249,5373,32,20
2021-06-02T23:59:59+02:00,4,15,7283,7333,14944,15130,18953,20593,30370,31509,36960,38016,26267,29324,19227,24058,5948,10066,3999,4125,7530,7868,8319,9914,10606,13057,13478,15410,14443,16270,14153,17900,5533,9267,215980,139288,37412,9985,77207,17217,5369,32,20
2021-06-01T23:59:59+02:00,4,12,7007,7088,14543,14818,18607,20275,30042,31198,36736,37782,26211,29242,19203,24028,5946,10055,3897,4039,7287,7691,8087,9721,10339,12781,13073,14986,14009,15817,14037,17747,5526,9259,213223,137158,37367,9730,77186,16406,4989,32,20
2021-05-31T23:59:59+02:00,4,12,6843,6898,14324,14584,17903,19672,29701,30856,36439,37518,26120,29145,19175,23974,5936,10042,3818,3927,7078,7441,7864,9434,9995,12398,12632,14466,13480,15204,13834,17513,5518,9244,211790,133967,35315,9406,77169,15620,4840,32,20
2021-05-30T23:59:59+02:00,4,12,6820,6883,14278,14545,17826,19613,29651,30818,36407,37492,26108,29133,19172,23968,5935,10040,3774,3853,6921,7226,7716,9198,9788,12077,12374,14111,13358,15034,13764,17431,5515,9237,211494,133231,35303,9305,77111,14063,4765,32,20
2021-05-29T23:59:59+02:00,4,12,6818,6882,14269,14539,17821,19607,29646,30814,36404,37491,26106,29130,19172,23967,5935,10040,3765,3840,6892,7193,7683,9146,9752,12030,12301,14013,13317,14965,13734,17407,5514,9232,211462,133092,35303,9304,77096,13611,4764,32,20
2021-05-28T23:59:59+02:00,4,12,6808,6870,14253,14522,17804,19585,29633,30801,36392,37472,26103,29125,19169,23963,5935,10040,3751,3817,6871,7153,7649,9092,9699,11926,12060,13743,13126,14773,13704,17366,5511,9229,211301,131798,35302,9303,77093,13592,4763,32,20
2021-05-27T23:59:59+02:00,4,12,6717,6788,13985,14304,17317,19236,28952,30257,36232,37337,26053,29087,19153,23946,5934,10034,3626,3657,6584,6901,7272,8785,9201,11367,11350,12848,12574,14203,13574,17174,5503,9217,210201,128281,33858,8971,77051,12364,4206,32,20
2021-05-26T23:59:59+02:00,4,12,6646,6680,13770,14101,17064,18927,28405,29744,36053,37158,26012,29035,19135,23917,5933,10027,3534,3513,6359,6612,6984,8359,8858,10888,10695,12047,12010,13587,13428,16958,5498,9195,208576,124661,33104,8788,77036,11187,3875,32,20
2021-05-25T23:59:59+02:00,4,12,6565,6585,13565,13880,16800,18715,27679,29096,35960,37061,25988,29004,19123,23901,5928,10026,3485,3422,6214,6443,6838,8169,8632,10596,10348,11681,11664,13111,13323,16797,5495,9187,207859,122818,31648,8649,76551,10121,3803,31,20
2021-05-24T23:59:59+02:00,4,12,6495,6488,13388,13678,16577,18432,27266,28667,35614,36659,25931,28936,19104,23877,5927,10024,3471,3400,6156,6361,6792,8085,8573,10501,10275,11584,11489,12878,13275,16705,5487,9167,207324,122190,29416,8602,76544,9629,3764,31,20
2021-05-23T23:59:59+02:00,4,12,6493,6487,13383,13669,16574,18422,27247,28657,35584,36625,25928,28929,19104,23871,5927,10024,3466,3396,6150,6351,6782,8078,8545,10470,10235,11527,11406,12777,13255,16674,5487,9166,207209,122178,29399,8190,76543,9622,3758,31,20
2021-05-22T23:59:59+02:00,4,12,6486,6483,13376,13658,16567,18418,27244,28656,35581,36619,25928,28929,19104,23871,5927,10024,3465,3396,6147,6348,6781,8074,8541,10468,10230,11524,11395,12763,13250,16670,5486,9166,207159,122138,29399,8190,76540,9601,3758,31,20
2021-05-21T23:59:59+02:00,4,12,6424,6423,13223,13552,16393,18268,26972,28478,35149,36351,25902,28891,19096,23865,5926,10020,3456,3386,6113,6327,6750,8040,8502,10419,10176,11474,10877,12050,13109,16510,5483,9161,206469,120377,29274,8187,75489,9566,3686,31,20
2021-05-20T23:59:59+02:00,3,11,6131,6222,12612,13134,15196,17345,25056,26976,34194,35579,25797,28746,19042,23783,5920,10005,3396,3341,6019,6210,6637,7884,8354,10258,9938,11166,10537,11591,12996,16327,5473,9148,201693,118371,27528,8106,72944,9224,3557,30,20
2021-05-19T23:59:59+02:00,3,11,5924,5981,12098,12674,14486,16637,24108,26160,33566,34976,25684,28655,19007,23723,5912,9993,3319,3266,5857,6040,6444,7643,8078,9976,9635,10785,10225,11176,12917,16182,5471,9140,195981,116456,27489,7910,72929,8602,3169,30,20
2021-05-18T23:59:59+02:00,3,10,5754,5871,11698,12351,13862,16137,22951,25212,32897,34368,25568,28519,18959,23669,5907,9984,3275,3234,5744,5929,6279,7484,7872,9757,9437,10545,10055,10925,12771,15960,5462,9131,191017,115302,26982,7842,72884,7892,2807,30,20
2021-05-17T23:59:59+02:00,3,9,5701,5826,11535,12244,13589,15915,22134,24575,32584,34052,25487,28459,18937,23639,5898,9975,3158,3158,5553,5744,6104,7268,7662,9528,9212,10299,9964,10801,12713,15896,5459,9126,189242,114542,26280,7834,72490,6732,2520,30,20
2021-05-16T23:59:59+02:00,3,9,5673,5806,11474,12186,13504,15835,21523,24024,31969,33522,25446,28415,18927,23624,5897,9975,3153,3134,5539,5674,6076,7208,7634,9428,9180,10215,9947,10782,12710,15893,5459,9126,188473,114430,24732,7827,72069,6377,2508,30,19
2021-05-15T23:59:59+02:00,3,9,5664,5796,11441,12177,13475,15825,21448,23953,31428,33146,25435,28410,18926,23621,5896,9974,3139,3119,5520,5631,6062,7132,7594,9313,8941,9961,9914,10751,12676,15842,5459,9125,188423,114425,24719,7689,71417,6011,2038,30,19
2021-05-14T23:59:59+02:00,3,9,5624,5771,11379,12139,13403,15760,21037,23641,30997,32799,25399,28364,18915,23604,5896,9972,3107,3079,5484,5542,6041,6996,7554,9111,8881,9766,9841,10641,12589,15715,5459,9122,187700,114256,24400,7355,70545,5264,2037,30,19
2021-05-13T23:59:59+02:00,3,9,5466,5612,10996,11843,12689,15171,18847,21892,29446,31330,25169,28119,18847,23532,5894,9969,3095,3044,5459,5503,6024,6938,7530,9040,8837,9706,9624,10397,12390,15410,5454,9112,183732,113896,20595,6535,68455,5094,2022,30,19
2021-05-12T23:59:59+02:00,2,9,5437,5585,10924,11785,12587,15083,18725,21768,29083,30965,25076,28024,18830,23502,5893,9964,3095,3040,5453,5497,6014,6924,7505,9025,8798,9652,9436,10165,12158,15087,5451,9105,182782,113612,19957,5667,68452,5088,2022,29,19
2021-05-11T23:59:59+02:00,2,9,5300,5481,10676,11535,12221,14710,18113,21131,28150,29994,24883,27835,18770,23425,5888,9949,3053,2999,5364,5341,5914,6739,7375,8782,8636,9429,9253,9969,12010,14897,5442,9087,178699,112566,19063,5558,68319,4188,1962,29,19
2021-05-10T23:59:59+02:00,2,8,5177,5403,10463,11340,11962,14454,17787,20796,27730,29586,24774,27727,18731,23378,5880,9945,2985,2945,5246,5223,5799,6635,7251,8639,8508,9322,9149,9845,11920,14769,5439,9079,176696,112037,18370,5546,68093,3200,1955,29,19
2021-05-09T23:59:59+02:00,2,8,5103,5355,10362,11226,11862,14335,17447,20512,27339,29209,24688,27640,18702,23342,5877,9942,2916,2914,5098,5179,5622,6592,7081,8610,8379,9286,9137,9835,11902,14749,5439,9079,176301,111961,17084,5536,67597,2365,1940,29,19
2021-05-08T23:59:59+02:00,2,8,5102,5354,10360,11222,11862,14335,17443,20510,27336,29206,24688,27640,18702,23342,5877,9942,2916,2913,5097,5179,5622,6592,7081,8610,8376,9286,9136,9834,11902,14749,5439,9079,176284,111958,17084,5536,67594,2361,1940,29,19
2021-05-07T23:59:59+02:00,2,8,5068,5328,10290,11169,11733,14211,17042,20235,26699,28648,24639,27589,18685,23308,5870,9913,2906,2906,5081,5170,5611,6576,7069,8599,8368,9275,9130,9826,11891,14727,5431,9052,175448,111943,17081,5530,66068,2318,1811,29,19
2021-05-06T23:59:59+02:00,1,8,4797,5166,9827,10824,11171,13689,15953,19209,24289,26352,24140,27061,18579,23205,5865,9899,2863,2861,5014,5094,5571,6486,6983,8479,8238,9125,9030,9714,11867,14676,5428,9049,170407,111402,14627,5474,63174,1786,1800,27,19
2021-05-05T23:59:59+02:00,1,8,4719,5088,9533,10594,10829,13363,15372,18602,23445,25385,23879,26737,18510,23099,5855,9881,2843,2825,4964,5009,5512,6365,6899,8314,8114,8909,8923,9583,11789,14590,5427,9041,166738,110460,13314,5469,63024,1364,1797,27,19
2021-05-04T23:59:59+02:00,1,8,4634,4997,9359,10387,10618,13119,14984,18202,22900,24819,23665,26462,18438,23017,5847,9867,2834,2791,4936,4932,5479,6245,6845,8172,8021,8753,8819,9471,11713,14531,5425,9038,164474,109958,12186,5458,62861,796,1776,27,19
2021-05-03T23:59:59+02:00,1,8,4561,4923,9166,10250,10441,12943,14701,17955,22491,24404,23526,26312,18410,22969,5847,9861,2757,2721,4848,4858,5403,6159,6748,8066,7840,8587,8732,9384,11674,14482,5422,9033,162967,109735,12185,5455,62769,686,821,27,19
2021-05-02T23:59:59+02:00,1,8,4548,4909,9089,10192,10315,12831,14374,17648,22187,24117,23476,26252,18391,22944,5846,9860,2751,2714,4788,4824,5312,6075,6610,7937,7722,8486,8686,9343,11650,14448,5420,9028,162078,109619,12182,5453,62665,669,36,27,19
2021-05-01T23:59:59+02:00,1,8,4548,4907,9087,10191,10314,12831,14370,17645,22185,24117,23475,26251,18391,22944,5846,9860,2751,2714,4788,4824,5312,6075,6609,7937,7722,8486,8686,9343,11650,14448,5420,9028,162061,109619,12182,5452,62665,669,36,27,19
2021-04-30T23:59:59+02:00,0,8,4474,4816,8844,9977,10052,12589,13888,17217,21344,23348,23349,26115,18375,22914,5843,9857,2747,2712,4777,4816,5303,6041,6597,7906,7688,8448,8682,9340,11649,14445,5418,9027,158464,109590,12181,5450,62336,537,2,27,19
2021-04-29T23:59:59+02:00,0,8,4325,4672,8359,9564,9348,11985,12884,16316,19499,21666,22641,25354,18236,22703,5837,9840,2724,2691,4735,4744,5259,5965,6534,7799,7607,8330,8571,9224,11583,14369,5412,9018,149257,109093,12167,5176,61785,277,2,26,19
2021-04-28T23:59:59+02:00,0,8,4292,4653,8288,9490,9272,11898,12765,16196,19281,21452,22552,25262,18208,22662,5835,9835,2721,2680,4709,4684,5231,5921,6503,7725,7559,8248,8554,9200,11566,14346,5409,9012,148873,108896,12077,5104,60972,51,1,26,18
2021-04-27T23:59:59+02:00,0,8,4252,4607,8150,9350,9159,11747,12619,16027,18830,20955,22323,25004,18142,22584,5832,9826,2718,2676,4707,4680,5221,5913,6490,7706,7525,8211,8496,9121,11485,14264,5405,9008,148145,108638,10992,4931,60251,43,1,26,15
2021-04-26T23:59:59+02:00,0,8,4210,4579,8044,9255,9012,11642,12445,15853,18417,20591,22189,24857,18106,22552,5831,9824,2718,2674,4703,4675,5216,5904,6476,7686,7490,8183,8448,9073,11429,14185,5401,8991,147367,108528,10857,4673,59165,38,0,26,15
2021-04-25T23:59:59+02:00,0,8,4196,4563,8008,9225,8947,11579,12310,15723,18072,20260,21989,24619,18066,22497,5827,9819,2718,2674,4702,4674,5214,5900,6471,7683,7488,8179,8392,9014,11405,14157,5401,8989,145981,108506,10846,4505,58855,37,0,26,15
2021-04-24T23:59:59+02:00,0,8,4190,4555,7993,9221,8932,11569,12262,15693,18013,20222,21973,24606,18064,22492,5827,9819,2717,2674,4702,4674,5214,5900,6471,7683,7488,8179,8392,9012,11405,14157,5401,8989,145885,108506,10846,4505,58682,36,0,26,13
2021-04-23T23:59:59+02:00,0,8,4170,4522,7936,9158,8847,11467,11919,15367,17579,19823,21759,24373,18000,22415,5825,9811,2714,2672,4699,4671,5208,5892,6457,7674,7465,8148,8371,8985,11397,14149,5399,8986,144616,108494,10497,4347,57840,35,0,26,13
2021-04-22T23:59:59+02:00,0,8,4121,4457,7804,8967,8660,11207,11592,14947,16665,18837,21184,23661,17865,22233,5815,9792,2705,2666,4693,4649,5185,5865,6413,7638,7390,8100,8238,8827,11253,13998,5394,8977,140876,107873,10367,4080,56548,27,0,24,13
2021-04-21T23:59:59+02:00,0,8,4079,4414,7701,8846,8504,11047,11295,14667,15927,18074,20805,23213,17793,22127,5810,9779,2697,2655,4675,4628,5169,5844,6401,7620,7362,8078,8188,8766,11215,13959,5392,8975,137949,107590,10237,3999,55883,25,0,20,12
2021-04-20T23:59:59+02:00,0,8,4054,4387,7666,8794,8428,10967,11132,14492,15492,17597,20341,22696,17691,21974,5802,9768,2689,2646,4665,4615,5144,5824,6373,7596,7322,8038,8094,8634,11140,13872,5388,8971,135797,107018,9971,3959,55501,24,0,20,12
2021-04-19T23:59:59+02:00,0,8,4023,4336,7604,8689,8336,10827,10974,14309,15239,17303,19862,22131,17525,21759,5791,9756,2684,2645,4659,4611,5131,5809,6354,7579,7296,7994,8041,8580,11114,13826,5385,8966,133728,106684,9617,3956,55107,24,0,20,12
2021-04-18T23:59:59+02:00,0,5,4003,4307,7544,8638,8230,10700,10715,14066,14747,16764,19432,21618,17403,21572,5787,9750,2683,2645,4659,4611,5131,5809,6352,7576,7293,7993,8037,8577,11112,13822,5384,8963,131304,106660,9546,3954,54411,23,0,20,12
2021-04-17T23:59:59+02:00,0,5,4000,4299,7524,8632,8220,10682,10673,14020,14637,16676,19311,21495,17381,21544,5786,9748,2683,2645,4658,4609,5125,5804,6338,7571,7268,7969,7991,8531,11093,13799,5382,8963,130867,106649,9537,3747,54209,23,0,20,12
2021-04-16T23:59:59+02:00,0,5,3989,4256,7451,8510,8117,10524,10478,13758,13967,15913,18742,20848,17255,21369,5775,9731,2680,2642,4653,4604,5120,5791,6321,7560,7230,7934,7681,8142,11002,13659,5374,8947,128015,105851,9477,3456,53176,23,0,20,12
2021-04-15T23:59:59+02:00,0,4,3945,4202,7338,8379,7944,10286,10141,13368,13236,15053,17933,19982,17011,21043,5761,9710,2679,2634,4641,4586,5107,5759,6290,7524,7159,7861,7119,7481,10878,13499,5370,8936,124355,104180,9318,3312,51643,21,0,20,12
2021-04-14T23:59:59+02:00,0,3,3918,4172,7272,8273,7838,10135,9966,13167,12816,14607,17402,19368,16859,20831,5756,9697,2645,2615,4623,4554,5078,5711,6255,7491,7101,7800,6481,6717,10614,13207,5366,8928,122961,101848,9082,3312,50017,16,0,20,12
2021-04-13T23:59:59+02:00,0,3,3915,4166,7234,8257,7781,10101,9858,13113,12440,14312,16710,18518,16623,20528,5752,9691,2621,2588,4603,4528,5053,5677,6196,7423,7012,7698,6268,6465,10029,12544,5358,8909,122259,99643,8862,3304,47861,16,0,20,11
2021-04-12T23:59:59+02:00,0,3,3901,4148,7181,8211,7724,10032,9750,13011,12193,14100,16265,17999,16434,20314,5747,9688,2592,2577,4535,4486,4946,5607,6081,7347,6894,7599,5520,5640,9580,12007,5318,8867,121925,96275,8826,3296,45930,16,0,20,11
2021-04-11T23:59:59+02:00,0,3,3886,4140,7139,8158,7663,9987,9657,12933,11953,13892,15699,17308,16157,19971,5742,9678,2516,2493,4405,4363,4791,5473,5918,7195,6741,7492,5217,5277,9449,11845,5318,8863,121330,94086,8397,3246,44219,15,0,20,11
2021-04-10T23:59:59+02:00,0,3,3868,4120,7100,8111,7619,9930,9595,12874,11861,13807,15481,17116,16108,19903,5741,9671,1955,1923,3585,3639,3911,4704,4909,6269,5886,6704,4942,4969,9321,11693,5312,8854,120862,85306,8397,3246,43629,15,0,20,11
2021-04-09T23:59:59+02:00,0,3,3848,4100,7060,8082,7555,9873,9442,12745,11532,13521,14291,15579,15664,19372,5728,9660,1094,1094,2222,2440,2393,3322,3118,4619,4253,5233,4251,4233,9072,11336,5287,8825,118953,69525,8395,3243,40687,15,0,20,11
2021-04-08T23:59:59+02:00,0,3,3822,4084,6999,8029,7452,9778,9254,12625,11128,13166,13157,14311,15242,18828,5698,9614,589,599,1302,1731,1482,2386,2016,3525,2862,3836,2997,2824,8263,10349,5142,8603,117641,55244,8314,3240,37215,13,0,20,11
2021-04-07T23:59:59+02:00,0,3,3774,4059,6921,7975,7359,9708,9125,12494,10819,12857,12428,13538,15023,18560,5692,9594,358,378,950,1386,1074,1999,1503,3062,1912,2827,1813,1534,7357,9207,4987,8344,116666,45432,8163,3240,35081,10,0,19,11
2021-04-06T23:59:59+02:00,0,3,3758,4047,6899,7937,7304,9641,9032,12414,10605,12638,12043,13043,14801,18262,5681,9580,351,364,940,1376,1059,1978,1476,3034,1850,2768,1733,1467,6944,8649,4836,8106,115384,43674,8064,3239,34223,9,0,17,11
2021-04-05T23:59:59+02:00,0,3,3753,4046,6888,7924,7291,9630,9012,12386,10541,12579,11932,12895,14702,18169,5679,9577,349,358,929,1372,1053,1970,1466,3013,1829,2734,1680,1414,6715,8343,4714,7922,115044,42605,8043,3238,33903,9,0,17,11
2021-04-04T23:59:59+02:00,0,3,3753,4046,6886,7918,7290,9629,9009,12386,10530,12574,11929,12891,14699,18168,5679,9577,349,357,927,1372,1052,1968,1465,3012,1827,2731,1677,1409,6708,8330,4709,7919,115039,42557,8042,3237,33869,9,0,17,11
2021-04-03T23:59:59+02:00,0,3,3753,4046,6886,7917,7289,9629,9009,12386,10529,12574,11929,12890,14697,18166,5679,9577,349,356,925,1368,1050,1967,1464,3007,1825,2731,1672,1397,6665,8249,4674,7884,115035,42328,8042,3237,33865,9,0,17,11
2021-04-02T23:59:59+02:00,0,3,3751,4044,6884,7914,7283,9623,8997,12379,10513,12558,11802,12775,14654,18105,5675,9568,347,354,923,1361,1043,1955,1449,2981,1784,2692,1576,1310,5898,7340,4238,7318,114906,39648,8037,2903,33568,9,0,17,11
2021-04-01T23:59:59+02:00,0,2,3711,4032,6850,7892,7241,9592,8945,12339,10441,12487,11455,12364,14264,17573,5662,9541,342,351,907,1346,1031,1934,1417,2935,1725,2624,1452,1217,4961,6231,3688,6494,114460,35739,6623,2898,33291,9,0,17,11
2021-03-31T23:59:59+02:00,0,2,3705,4028,6835,7872,7223,9573,8909,12307,10353,12415,11123,11957,13913,17074,5654,9512,339,348,899,1336,1021,1919,1397,2906,1675,2588,1386,1164,4379,5549,3334,6025,113863,33422,5619,2825,32956,9,0,17,11
2021-03-30T23:59:59+02:00,0,2,3687,4004,6797,7833,7163,9504,8819,12203,10190,12259,10863,11678,13689,16808,5647,9497,335,341,893,1325,1014,1913,1374,2899,1647,2562,1359,1138,4254,5425,3272,5929,113036,33034,5360,2628,32230,9,0,17,11
2021-03-29T23:59:59+02:00,0,2,3678,3982,6771,7810,7123,9451,8723,12107,10007,12051,10429,11210,13312,16338,5630,9462,330,337,889,1315,1008,1905,1366,2889,1631,2553,1334,1124,4121,5280,3175,5798,111353,32416,5051,2622,31665,8,0,17,11
2021-03-28T23:59:59+02:00,0,2,3635,3926,6656,7651,7006,9309,8596,11913,9855,11860,10217,10950,13136,16152,5625,9452,330,337,889,1315,1006,1904,1364,2889,1630,2551,1325,1121,4088,5238,3149,5772,110980,32373,4787,2520,30157,6,0,17,11
2021-03-27T23:59:59+01:00,0,2,3634,3915,6644,7586,6976,9195,8546,11741,9803,11706,10103,10827,13041,16064,5624,9452,330,336,889,1315,1006,1901,1364,2887,1626,2550,1323,1119,4062,5203,3136,5757,110971,32270,4787,2519,29084,6,0,17,11
2021-03-26T23:59:59+01:00,0,2,3628,3907,6616,7549,6948,9120,8498,11628,9711,11578,10054,10763,12995,16008,5615,9430,325,334,888,1312,1002,1889,1361,2866,1605,2536,1297,1103,3881,4977,3030,5604,110911,31517,4564,2478,28558,6,0,17,11
2021-03-25T23:59:59+01:00,0,2,3605,3876,6525,7422,6856,8955,8306,11395,9402,11261,9673,10379,12692,15692,5610,9420,325,333,886,1304,999,1878,1348,2853,1581,2517,1271,1084,3647,4735,2778,5269,110534,30316,4356,2478,26164,5,0,17,11
2021-03-24T23:59:59+01:00,0,2,3548,3824,6436,7236,6734,8727,8138,11158,9172,10934,9254,9890,12273,15232,5599,9410,325,332,885,1301,994,1876,1340,2849,1565,2501,1262,1074,3580,4662,2597,5047,110019,29701,4210,2478,23321,2,0,17,11
2021-03-23T23:59:59+01:00,0,2,3530,3791,6387,7180,6656,8667,8020,11029,8917,10699,8828,9416,11821,14710,5590,9395,325,332,884,1291,989,1867,1335,2840,1561,2493,1238,1049,3484,4586,2404,4727,109198,28916,4104,2478,21319,2,0,17,11
2021-03-22T23:59:59+01:00,0,2,3522,3771,6344,7151,6622,8620,7954,10953,8767,10563,8545,9062,11518,14380,5554,9356,323,327,878,1281,981,1860,1328,2829,1551,2483,1226,1039,3455,4550,2385,4694,108526,28702,4101,2477,20040,2,0,17,11
2021-03-21T23:59:59+01:00,0,2,3520,3769,6340,7140,6605,8604,7935,10934,8711,10505,8425,8945,11446,14277,5552,9353,321,326,869,1278,974,1853,1319,2827,1547,2479,1222,1036,3446,4535,2371,4685,108441,28600,4100,2477,19505,2,0,17,11
2021-03-20T23:59:59+01:00,0,2,3512,3731,6332,7068,6590,8467,7910,10750,8667,10369,8347,8859,11408,14238,5552,9353,321,326,869,1278,974,1852,1318,2827,1547,2477,1222,1036,3446,4534,2371,4684,108408,28595,3888,2476,18842,2,0,17,11
2021-03-19T23:59:59+01:00,0,2,3499,3701,6306,6984,6566,8374,7864,10633,8552,10208,7805,8252,11224,13996,5542,9334,318,325,864,1271,957,1842,1295,2794,1497,2432,1138,968,2779,3744,1958,4114,106787,25809,3588,2476,18450,2,0,17,11
2021-03-18T23:59:59+01:00,0,2,3488,3683,6264,6943,6533,8312,7801,10546,8435,10079,6844,7150,10945,13695,5532,9309,317,325,861,1266,951,1833,1275,2786,1472,2412,1100,951,2572,3505,1802,3893,103756,24834,3429,2476,18359,2,0,17,11
2021-03-17T23:59:59+01:00,0,2,3451,3645,6193,6858,6478,8206,7710,10415,8303,9920,6159,6301,10651,13379,5514,9277,316,325,854,1260,946,1821,1261,2764,1452,2385,1063,926,2453,3379,1723,3783,100936,24224,3428,2476,18081,2,0,17,11
2021-03-16T23:59:59+01:00,0,2,3433,3616,6154,6805,6433,8133,7657,10350,8209,9818,5982,6125,9943,12582,5474,9213,309,314,840,1244,934,1812,1255,2744,1438,2377,1048,905,2238,3137,1589,3587,98679,23286,3418,2474,17815,2,0,17,11
2021-03-15T23:59:59+01:00,0,2,3396,3583,6055,6725,6303,8041,7515,10231,8080,9693,5226,5289,9498,12034,5431,9143,308,313,836,1240,932,1805,1253,2731,1429,2368,1035,892,2095,2964,1503,3493,95157,22713,3411,2473,17660,2,0,17,11
2021-03-14T23:59:59+01:00,0,2,3270,3436,5774,6377,6026,7678,7200,9816,7792,9370,4892,4896,9341,11836,5427,9133,308,312,836,1240,931,1805,1251,2730,1427,2365,1033,890,2092,2961,1500,3492,92750,22692,3356,2470,16143,2,0,17,11
2021-03-13T23:59:59+01:00,0,2,2615,2774,4831,5507,5007,6746,6001,8694,6776,8423,4576,4512,8957,11314,5337,9025,308,312,835,1238,931,1800,1248,2728,1426,2365,1033,889,2068,2925,1470,3457,82035,22552,3356,2470,15689,2,0,17,11
2021-03-12T23:59:59+01:00,0,2,1788,1952,3488,4350,3489,5400,4250,7047,5127,6904,3899,3802,7700,9755,4833,8342,304,309,833,1234,925,1793,1239,2708,1400,2348,987,864,1718,2461,1201,3105,63099,20948,3353,2470,15659,2,0,17,11
2021-03-11T23:59:59+01:00,0,2,1284,1467,2581,3608,2579,4456,3155,5951,3757,5509,2712,2516,5993,7630,4064,7163,299,300,817,1225,912,1770,1221,2679,1375,2302,950,844,1560,2230,1077,2916,45705,19997,3351,2470,15354,2,0,17,10
2021-03-10T23:59:59+01:00,0,2,1060,1246,2212,3244,2203,4063,2701,5509,2846,4539,1576,1311,4636,5902,3505,6393,289,290,799,1206,890,1734,1187,2606,1336,2236,925,824,1380,2040,981,2742,34635,19093,3351,2362,14947,2,0,15,10
2021-03-09T23:59:59+01:00,0,2,1044,1218,2145,3101,2138,3948,2616,5375,2762,4413,1541,1280,4553,5823,3463,6332,285,283,785,1185,872,1708,1162,2565,1318,2207,910,812,1302,1916,910,2631,34209,18523,3348,2318,14182,2,0,15,10
2021-03-08T23:59:59+01:00,0,2,1022,1187,2088,3000,2098,3866,2557,5262,2706,4341,1500,1259,4404,5660,3361,6186,285,279,780,1177,870,1699,1154,2557,1310,2191,885,791,1135,1691,785,2467,33500,17733,3348,2314,13636,1,0,15,10
2021-03-07T23:59:59+01:00,0,2,1017,1168,2048,2957,2056,3825,2517,5197,2665,4304,1495,1256,4397,5652,3359,6186,285,279,780,1177,870,1699,1154,2557,1309,2191,882,791,1126,1681,777,2456,33469,17733,3342,2273,13275,0,0,15,10
2021-03-06T23:59:59+01:00,0,2,1017,1164,2037,2943,2044,3806,2501,5170,2647,4283,1482,1246,4363,5607,3345,6174,285,279,780,1177,870,1698,1154,2557,1309,2191,882,791,1126,1681,777,2455,33324,17732,3341,2272,13151,0,0,15,10
2021-03-05T23:59:59+01:00,0,2,1013,1160,2022,2923,2013,3783,2458,5118,2593,4245,1442,1218,4095,5275,3193,5952,284,276,773,1170,864,1689,1151,2548,1306,2181,868,787,1118,1672,776,2453,32583,17636,2993,2272,12914,0,0,15,10
2021-03-04T23:59:59+01:00,0,2,919,1013,1934,2795,1945,3645,2382,4962,2502,4086,1411,1197,3854,5015,2928,5603,284,274,771,1165,861,1681,1150,2534,1302,2172,835,772,1106,1661,769,2441,31330,17521,2989,2249,11859,0,0,15,10
2021-03-03T23:59:59+01:00,0,2,872,905,1869,2699,1874,3540,2312,4846,2428,4002,1398,1184,3744,4909,2706,5331,283,272,770,1155,858,1663,1144,2492,1292,2145,815,768,1098,1643,762,2434,30654,17495,2872,2091,11080,0,0,15,10
2021-03-02T23:59:59+01:00,0,2,827,830,1772,2575,1789,3416,2222,4722,2368,3922,1363,1162,3610,4774,2503,4983,283,271,769,1149,854,1660,1139,2487,1288,2135,813,766,1084,1622,751,2415,29921,17388,2683,2090,10221,0,0,15,10
2021-03-01T23:59:59+01:00,0,2,804,791,1672,2431,1718,3272,2122,4550,2288,3801,1345,1150,3558,4710,2459,4921,283,269,765,1145,853,1648,1135,2475,1283,2125,805,762,1079,1611,744,2408,29666,17292,2599,2090,9314,0,0,15,10
2021-02-28T23:59:59+01:00,0,2,798,767,1653,2365,1690,3200,2099,4450,2274,3734,1339,1144,3548,4695,2445,4911,282,268,765,1144,853,1643,1135,2473,1283,2120,801,760,1071,1598,740,2398,29559,17269,2597,2057,8943,0,0,15,10
2021-02-27T23:59:59+01:00,0,2,783,750,1631,2304,1673,3086,2080,4324,2252,3638,1336,1141,3548,4693,2444,4910,282,268,765,1144,853,1642,1135,2473,1283,2119,801,760,1061,1592,723,2384,29554,17267,2596,2010,8430,0,0,15,10
2021-02-26T23:59:59+01:00,0,2,655,669,1524,2191,1620,2926,2016,4085,2150,3400,1243,1070,2893,3898,2017,4326,282,268,764,1142,852,1641,1135,2471,1281,2116,799,755,1043,1579,713,2368,26747,17193,2596,2008,7327,0,0,15,10
2021-02-25T23:59:59+01:00,0,2,505,589,1405,2088,1552,2797,1952,3955,2050,3286,1193,1038,2662,3628,1851,4083,265,253,739,1118,810,1571,1087,2369,1207,2023,743,733,1011,1542,701,2340,25674,17100,2564,1404,6383,0,0,15,10
2021-02-24T23:59:59+01:00,0,2,475,558,1336,1975,1479,2653,1882,3801,1971,3135,1153,1008,2523,3490,1772,3964,236,240,712,1073,783,1508,1057,2308,1152,1972,716,710,964,1513,690,2310,25016,16912,2552,1024,5594,0,0,15,10
2021-02-23T23:59:59+01:00,0,2,418,516,1253,1835,1403,2505,1805,3590,1899,3013,1127,972,2318,3259,1645,3773,231,234,697,1049,771,1469,1035,2260,1126,1931,707,698,954,1499,687,2306,24078,16819,2542,827,4698,0,0,15,10
2021-02-22T23:59:59+01:00,0,2,405,482,1153,1723,1300,2408,1695,3483,1818,2942,1105,958,2175,3086,1560,3677,220,225,675,997,740,1406,1009,2166,1082,1849,664,666,885,1422,651,2248,23498,16629,2538,268,3921,0,0,15,10
2021-02-21T23:59:59+01:00,0,2,386,466,1050,1690,1147,2384,1537,3459,1713,2923,1097,956,2174,3085,1560,3677,193,219,644,989,729,1398,995,2161,1073,1847,661,663,882,1417,643,2241,23468,16493,2538,254,3285,0,0,15,10
2021-02-20T23:59:59+01:00,0,2,386,464,1049,1690,1146,2384,1535,3457,1713,2921,1097,955,2173,3085,1559,3676,191,217,641,989,725,1397,989,2158,1071,1847,661,663,882,1417,643,2241,23461,16470,2537,254,3279,0,0,15,10
2021-02-19T23:59:59+01:00,0,2,381,455,1037,1686,1136,2374,1520,3438,1679,2906,1046,927,1801,2577,1262,3293,170,207,615,984,707,1389,972,2156,1065,1845,658,662,879,1417,642,2240,21714,16346,2537,254,3254,0,0,15,10
2021-02-18T23:59:59+01:00,0,2,361,435,997,1603,1098,2287,1467,3319,1638,2816,1015,904,1625,2333,1131,3085,150,196,576,973,687,1376,938,2139,1040,1825,647,643,858,1389,628,2219,20721,16022,2537,254,2843,0,0,15,10
2021-02-17T23:59:59+01:00,0,2,338,382,912,1460,989,2087,1332,3063,1526,2595,978,873,1436,2121,1030,2907,144,189,564,942,661,1325,905,2061,987,1749,612,611,851,1363,623,2200,19640,15525,2537,254,1839,0,0,15,10
2021-02-16T23:59:59+01:00,0,2,332,343,868,1322,937,1899,1270,2838,1458,2433,966,856,1373,2025,963,2811,138,176,550,899,646,1271,877,1997,957,1707,602,601,829,1332,610,2140,19270,15206,2536,118,875,0,0,15,10
2021-02-15T23:59:59+01:00,0,2,316,303,840,1291,920,1843,1230,2754,1420,2376,937,823,1195,1791,832,2634,129,168,528,872,628,1209,850,1923,934,1630,581,564,811,1295,601,2098,18352,14735,2535,78,607,0,0,13,10
2021-02-14T23:59:59+01:00,0,2,316,303,839,1291,919,1843,1228,2754,1420,2376,937,823,1195,1791,832,2633,129,168,527,864,624,1204,844,1917,930,1627,580,563,809,1294,600,2094,18350,14689,2535,77,604,0,0,13,10
2021-02-13T23:59:59+01:00,0,2,316,303,839,1291,919,1840,1228,2752,1420,2374,936,823,1195,1790,830,2633,129,168,527,864,624,1204,842,1914,928,1623,578,563,794,1274,588,2078,18343,14687,2531,3,604,0,0,13,10
2021-02-12T23:59:59+01:00,0,2,312,302,829,1286,915,1810,1222,2725,1392,2345,934,821,1194,1787,830,2633,129,168,525,861,623,1197,836,1902,922,1610,575,561,780,1262,582,2064,18335,14586,2531,3,460,0,0,13,10
2021-02-11T23:59:59+01:00,0,2,293,293,814,1251,909,1775,1205,2659,1370,2290,899,807,1183,1775,829,2623,127,154,507,819,600,1131,802,1802,899,1550,561,547,756,1226,568,2032,18221,14071,2530,2,213,0,0,13,10
2021-02-10T23:59:59+01:00,0,2,290,287,795,1213,896,1745,1193,2613,1355,2248,894,805,1168,1759,824,2606,123,145,440,732,554,1038,723,1675,840,1464,542,531,741,1205,558,2005,18197,13316,2425,2,59,0,0,12,0
2021-02-09T23:59:59+01:00,0,2,290,284,790,1199,884,1727,1178,2594,1340,2224,879,798,1154,1738,813,2581,106,125,384,643,500,904,644,1469,749,1269,490,452,622,1042,489,1765,18081,11655,2379,0,3,0,0,12,0
2021-02-08T23:59:59+01:00,0,2,289,283,788,1194,883,1720,1176,2590,1333,2216,873,794,1137,1716,796,2555,95,102,338,546,447,798,554,1252,641,1103,414,378,538,846,392,1446,17956,9892,2376,0,1,0,0,12,0
2021-02-07T23:59:59+01:00,0,2,288,282,786,1193,882,1720,1176,2589,1333,2213,866,792,1134,1713,795,2553,93,101,336,541,445,794,552,1243,637,1097,409,373,518,820,385,1431,17929,9777,2376,0,0,0,0,12,0
2021-02-06T23:59:59+01:00,0,2,288,281,785,1192,882,1719,1176,2589,1333,2212,865,791,1132,1707,793,2551,93,100,336,538,444,793,551,1239,635,1096,405,368,468,750,356,1385,17912,9559,2374,0,0,0,0,12,0
2021-02-05T23:59:59+01:00,0,2,288,281,785,1191,881,1717,1175,2588,1332,2207,858,784,1108,1696,786,2535,87,97,328,532,427,775,525,1204,606,1053,382,340,446,724,339,1339,17828,9205,2374,0,0,0,0,12,0
2021-02-04T23:59:59+01:00,0,2,285,273,782,1169,869,1694,1161,2560,1316,2184,835,770,1080,1666,779,2517,72,79,256,411,332,606,407,976,494,844,309,276,341,587,279,1126,17579,7395,2351,0,0,0,0,12,0
2021-02-03T23:59:59+01:00,0,2,284,268,778,1147,866,1665,1154,2509,1303,2151,812,756,1063,1643,769,2501,58,56,170,282,258,450,286,726,368,594,209,194,242,430,195,846,17472,5364,2187,0,0,0,0,12,0
2021-02-02T23:59:59+01:00,0,2,283,262,774,1138,859,1643,1146,2482,1292,2133,805,748,1054,1631,766,2489,36,36,92,140,149,260,173,453,235,374,135,124,165,261,136,543,17308,3312,2187,0,0,0,0,12,0
2021-02-01T23:59:59+01:00,0,2,281,259,769,1119,851,1623,1139,2451,1287,2098,796,734,1047,1620,762,2473,11,13,15,28,26,66,46,89,71,106,49,45,58,75,39,178,17113,915,2187,0,0,0,0,11,0
2021-01-31T23:59:59+01:00,0,2,275,257,753,1117,843,1612,1129,2440,1276,2089,790,728,1037,1602,755,2460,10,13,14,27,24,63,40,84,64,98,46,45,53,68,36,165,17077,850,2077,0,0,0,0,11,0
2021-01-30T23:59:59+01:00,0,2,275,257,753,1116,842,1612,1129,2440,1276,2089,789,728,1027,1595,738,2446,10,11,14,27,24,63,40,84,63,96,45,44,52,68,36,164,17073,841,2030,0,0,0,0,11,0
2021-01-29T23:59:59+01:00,0,2,275,257,753,1115,842,1612,1129,2440,1276,2088,788,727,1026,1593,738,2444,9,6,12,25,24,62,38,82,62,96,44,43,52,68,36,164,17066,823,2028,0,0,0,0,11,0
2021-01-28T23:59:59+01:00,0,2,271,252,741,1090,807,1557,1092,2379,1198,2029,747,713,997,1573,722,2422,4,0,3,6,9,26,19,37,20,48,21,22,23,45,15,97,16885,395,1696,0,0,0,0,11,0
2021-01-27T23:59:59+01:00,0,2,265,245,718,1058,759,1502,1032,2298,1116,1948,712,686,982,1552,719,2414,3,0,3,4,6,22,15,23,13,35,6,9,10,10,4,27,16424,190,1573,0,0,0,0,11,0
2021-01-26T23:59:59+01:00,0,2,241,236,701,1032,751,1452,1012,2222,1088,1883,700,672,959,1536,709,2395,3,0,1,4,5,12,13,12,6,11,3,5,6,7,1,16,16371,105,1209,0,0,0,0,11,0
2021-01-25T23:59:59+01:00,0,2,208,221,648,959,698,1329,968,2073,1029,1746,652,616,881,1441,665,2322,3,0,1,4,5,12,13,12,6,11,3,5,6,7,1,16,16138,105,309,0,0,0,0,11,0
2021-01-24T23:59:59+01:00,0,2,191,215,622,947,679,1315,950,2057,1014,1736,644,610,871,1421,656,2309,3,0,1,4,5,11,12,12,5,11,3,5,6,7,1,16,15964,102,264,0,0,0,0,11,0
2021-01-23T23:59:59+01:00,0,2,191,215,622,947,679,1315,950,2057,1014,1736,644,610,871,1421,656,2309,3,0,1,4,5,11,10,12,5,11,3,5,6,7,1,16,15964,100,264,0,0,0,0,11,0
2021-01-22T23:59:59+01:00,0,2,144,197,564,937,661,1300,916,2047,1001,1725,639,609,870,1421,656,2309,3,0,0,4,5,11,10,12,5,11,3,5,6,7,1,16,15723,99,264,0,0,0,0,11,0
2021-01-21T23:59:59+01:00,0,2,139,189,549,913,639,1259,883,1993,979,1677,625,588,858,1389,649,2290,3,0,0,4,4,11,9,12,5,11,3,5,6,7,1,15,15346,96,264,0,0,0,0,11,0
2021-01-20T23:59:59+01:00,0,2,134,173,502,847,616,1178,820,1883,942,1606,604,571,841,1366,639,2262,3,0,0,4,4,11,9,12,5,11,3,5,6,7,1,15,14713,96,262,0,0,0,0,11,0
2021-01-19T23:59:59+01:00,0,2,123,154,430,760,553,1044,736,1692,841,1444,556,521,743,1206,562,2008,3,0,0,4,4,9,9,12,5,11,3,5,6,7,1,15,13171,94,193,0,0,0,0,11,0
2021-01-18T23:59:59+01:00,0,2,104,122,361,606,462,870,605,1424,715,1235,488,455,659,1045,495,1736,1,0,0,1,0,1,0,0,0,0,0,0,0,1,0,0,11290,4,83,0,0,0,0,11,0
2021-01-17T23:59:59+01:00,0,2,100,120,357,600,460,865,603,1405,707,1225,483,444,632,1014,478,1694,1,0,0,1,0,1,0,0,0,0,0,0,0,1,0,0,11096,4,82,0,0,0,0,11,0
2021-01-16T23:59:59+01:00,0,2,100,117,355,592,457,860,592,1392,696,1213,466,429,535,885,416,1595,0,0,0,1,0,1,0,0,0,0,0,0,0,0,0,0,10688,2,3,0,0,0,0,11,0
2021-01-15T23:59:59+01:00,0,2,99,115,350,590,451,856,586,1385,679,1197,450,411,527,873,408,1572,0,0,0,0,0,0,0,0,0,0,0,0,0,0,0,0,10539,0,1,0,0,0,0,11,0
2021-01-14T23:59:59+01:00,0,0,81,93,292,488,372,691,467,1130,558,1012,370,327,412,715,335,1332,0,0,0,0,0,0,0,0,0,0,0,0,0,0,0,0,8664,0,0,0,0,0,0,11,0
2021-01-13T23:59:59+01:00,0,0,67,70,208,370,296,513,352,847,431,718,256,228,303,536,252,1023,0,0,0,0,0,0,0,0,0,0,0,0,0,0,0,0,6460,0,0,0,0,0,0,10,0
2021-01-12T23:59:59+01:00,0,0,45,47,126,218,182,319,211,538,285,447,161,145,196,351,172,686,0,0,0,0,0,0,0,0,0,0,0,0,0,0,0,0,4129,0,0,0,0,0,0,0,0
2021-01-11T23:59:59+01:00,0,0,11,15,42,60,42,94,60,119,94,134,65,58,83,103,49,223,0,0,0,0,0,0,0,0,0,0,0,0,0,0,0,0,1252,0,0,0,0,0,0,0,0
2021-01-10T23:59:59+01:00,0,0,11,15,29,49,35,76,51,110,81,124,57,54,77,93,46,209,0,0,0,0,0,0,0,0,0,0,0,0,0,0,0,0,1117,0,0,0,0,0,0,0,0
2021-01-09T23:59:59+01:00,0,0,11,14,26,48,35,76,50,109,79,121,56,53,76,92,45,208,0,0,0,0,0,0,0,0,0,0,0,0,0,0,0,0,1099,0,0,0,0,0,0,0,0
2021-01-08T23:59:59+01:00,0,0,7,7,26,42,33,73,47,107,78,120,53,49,71,87,41,208,0,0,0,0,0,0,0,0,0,0,0,0,0,0,0,0,1049,0,0,0,0,0,0,0,0
2021-01-07T23:59:59+01:00,0,0,5,1,9,21,15,39,28,77,34,82,32,27,47,74,28,162,0,0,0,0,0,0,0,0,0,0,0,0,0,0,0,0,681,0,0,0,0,0,0,0,0
2021-01-06T23:59:59+01:00,0,0,5,0,4,8,10,31,25,43,19,52,26,24,34,51,19,120,0,0,0,0,0,0,0,0,0,0,0,0,0,0,0,0,471,0,0,0,0,0,0,0,0
2021-01-05T23:59:59+01:00,0,0,5,0,4,8,10,31,25,43,19,52,26,24,34,50,19,120,0,0,0,0,0,0,0,0,0,0,0,0,0,0,0,0,470,0,0,0,0,0,0,0,0
2021-01-04T23:59:59+01:00,0,0,4,0,1,3,4,12,13,12,5,12,3,5,6,8,1,17,0,0,0,0,0,0,0,0,0,0,0,0,0,0,0,0,106,0,0,0,0,0,0,0,0
2021-01-03T23:59:59+01:00,0,0,3,0,1,3,4,10,12,12,5,12,3,5,6,8,1,16,0,0,0,0,0,0,0,0,0,0,0,0,0,0,0,0,101,0,0,0,0,0,0,0,0
2021-01-02T23:59:59+01:00,0,0,3,0,1,3,4,10,10,12,5,12,3,5,6,8,1,16,0,0,0,0,0,0,0,0,0,0,0,0,0,0,0,0,99,0,0,0,0,0,0,0,0
2021-01-01T23:59:59+01:00,0,0,3,0,0,3,4,10,10,12,5,12,3,5,6,7,1,16,0,0,0,0,0,0,0,0,0,0,0,0,0,0,0,0,97,0,0,0,0,0,0,0,0
2020-12-31T23:59:59+01:00,0,0,3,0,0,3,4,10,9,12,5,12,3,5,6,7,1,16,0,0,0,0,0,0,0,0,0,0,0,0,0,0,0,0,96,0,0,0,0,0,0,0,0
2020-12-30T23:59:59+01:00,0,0,3,0,0,3,4,10,9,12,5,12,3,5,6,7,1,16,0,0,0,0,0,0,0,0,0,0,0,0,0,0,0,0,96,0,0,0,0,0,0,0,0
2020-12-29T23:59:59+01:00,0,0,3,0,0,3,4,8,9,12,5,12,3,5,6,7,1,16,0,0,0,0,0,0,0,0,0,0,0,0,0,0,0,0,94,0,0,0,0,0,0,0,0
2020-12-28T23:59:59+01:00,0,0,3,0,0,3,4,8,9,12,5,12,3,5,6,7,1,16,0,0,0,0,0,0,0,0,0,0,0,0,0,0,0,0,94,0,0,0,0,0,0,0,0
2020-12-27T23:59:59+01:00,0,0,1,0,0,0,0,0,0,0,0,0,0,0,1,3,0,7,0,0,0,0,0,0,0,0,0,0,0,0,0,0,0,0,12,0,0,0,0,0,0,0,0
