Datum,<15_1_m,<15_1_w,15-24_1_m,15-24_1_w,25-34_1_m,25-34_1_w,35-44_1_m,35-44_1_w,45-54_1_m,45-54_1_w,55-64_1_m,55-64_1_w,65-74_1_m,65-74_1_w,75-84_1_m,75-84_1_w,>84_1_m,>84_1_w,<15_2_m,<15_2_w,15-24_2_m,15-24_2_w,25-34_2_m,25-34_2_w,35-44_2_m,35-44_2_w,45-54_2_m,45-54_2_w,55-64_2_m,55-64_2_w,65-74_2_m,65-74_2_w,75-84_2_m,75-84_2_w,>84_2_m,>84_2_w,bp_1,bp_2,mo_1,mo_2,az_1,az_2,ja,unb_1,unb_2
2021-10-29T23:59:59+02:00,4262,3960,26549,25379,35810,33019,35376,35186,40591,40815,43874,43833,28498,31737,20287,25430,6362,10725,3584,3249,23924,22966,33119,30272,33181,32859,38409,38407,41776,41823,27527,30608,19618,24503,6095,10184,346755,325153,45849,44163,77579,71298,21453,62,37
2021-10-28T23:59:59+02:00,4229,3923,26400,25269,35635,32898,35243,35092,40505,40750,43823,43796,28486,31727,20282,25423,6361,10723,3558,3216,23853,22892,33052,30188,33126,32815,38365,38366,41736,41798,27518,30596,19612,24494,6091,10177,345773,324612,45778,44128,77579,71298,21378,62,37
2021-10-27T23:59:59+02:00,4205,3900,26359,25236,35593,32853,35203,35045,40469,40722,43800,43778,28483,31720,20280,25418,6356,10721,3543,3198,23804,22852,33005,30151,33102,32788,38353,38342,41725,41778,27510,30580,19604,24487,6090,10175,345360,324255,45769,44122,77579,71297,21376,62,37
2021-10-26T23:59:59+02:00,4163,3872,26223,25122,35455,32751,35114,34970,40400,40674,43759,43756,28472,31709,20275,25412,6354,10719,3515,3186,23739,22772,32931,30082,33056,32738,38300,38306,41686,41755,27502,30570,19599,24478,6089,10173,344524,323756,45741,44090,77579,71295,21299,62,37
2021-10-25T23:59:59+02:00,4156,3864,26208,25104,35423,32728,35086,34956,40386,40667,43755,43752,28471,31708,20274,25412,6354,10719,3510,3179,23734,22767,32914,30063,33053,32732,38293,38303,41685,41752,27501,30569,19599,24475,6089,10173,344373,323695,45732,44083,77579,71294,21282,62,37
2021-10-24T23:59:59+02:00,4145,3859,26185,25075,35391,32701,35058,34933,40373,40650,43742,43743,28470,31704,20273,25410,6354,10719,3501,3171,23720,22750,32904,30054,33041,32724,38283,38295,41677,41744,27495,30566,19599,24470,6089,10172,344144,323559,45724,44083,77578,71294,21282,62,37
2021-10-23T23:59:59+02:00,4145,3859,26183,25071,35386,32700,35054,34930,40370,40648,43740,43743,28470,31704,20273,25410,6354,10719,3501,3171,23720,22748,32903,30054,33039,32724,38282,38294,41677,41744,27495,30566,19599,24470,6089,10172,344118,323552,45724,44083,77578,71294,21282,62,37
2021-10-22T23:59:59+02:00,4124,3828,26087,25002,35279,32603,34962,34870,40294,40606,43699,43716,28464,31700,20270,25403,6354,10718,3464,3143,23662,22686,32841,29999,32987,32687,38245,38263,41644,41719,27489,30559,19595,24467,6088,10171,343412,323076,45690,44060,77578,71294,21242,62,37
2021-10-21T23:59:59+02:00,4058,3782,25982,24909,35154,32489,34863,34800,40223,40550,43637,43680,28454,31687,20265,25398,6354,10717,3278,2993,23517,22536,32745,29907,32916,32620,38185,38208,41593,41679,27472,30541,19581,24451,6085,10165,342519,321928,45664,44028,77577,71294,21185,62,37
2021-10-20T23:59:59+02:00,4049,3767,25951,24880,35103,32443,34830,34768,40201,40529,43618,43666,28449,31682,20263,25394,6349,10715,3245,2965,23477,22496,32704,29874,32888,32592,38159,38178,41572,41657,27457,30529,19571,24440,6082,10163,342190,321531,45660,44014,77577,71294,21173,62,37
2021-10-19T23:59:59+02:00,4031,3740,25881,24835,35050,32397,34791,34730,40168,40502,43598,43652,28444,31675,20256,25387,6344,10712,3142,2852,23358,22388,32625,29807,32848,32549,38132,38133,41540,41633,27442,30512,19562,24433,6075,10158,341778,320742,45637,43973,77577,71293,21144,62,37
2021-10-18T23:59:59+02:00,4022,3722,25839,24809,35021,32360,34773,34715,40152,40488,43588,43638,28437,31668,20246,25380,6343,10712,3113,2834,23312,22350,32592,29764,32824,32514,38106,38113,41520,41610,27435,30505,19555,24424,6072,10154,341518,320381,45630,43955,77577,71293,21131,62,37
2021-10-17T23:59:59+02:00,4015,3710,25823,24803,35008,32350,34764,34710,40150,40485,43583,43633,28434,31664,20246,25375,6342,10710,3026,2755,23273,22323,32581,29751,32818,32504,38102,38106,41519,41602,27435,30502,19554,24422,6070,10154,341411,320082,45630,43955,77577,71293,21130,62,37
2021-10-16T23:59:59+02:00,4015,3710,25823,24803,35008,32350,34763,34710,40149,40484,43583,43633,28433,31663,20246,25374,6342,10709,3025,2753,23272,22323,32581,29751,32818,32503,38101,38105,41519,41601,27434,30502,19554,24421,6069,10152,341405,320070,45630,43955,77577,71293,21129,62,37
2021-10-15T23:59:59+02:00,4005,3700,25785,24773,34977,32324,34739,34687,40130,40472,43571,43626,28429,31660,20243,25371,6340,10705,2995,2729,23212,22253,32525,29701,32787,32456,38072,38078,41499,41584,27426,30495,19551,24417,6069,10148,341170,319620,45614,43927,77576,71293,21120,62,37
2021-10-14T23:59:59+02:00,3985,3672,25712,24714,34918,32263,34696,34652,40099,40439,43541,43611,28421,31651,20237,25368,6337,10700,2951,2671,23129,22167,32461,29607,32736,32399,38014,38035,41460,41547,27409,30481,19543,24409,6066,10147,340708,318938,45593,43882,77576,71293,21082,62,37
2021-10-13T23:59:59+02:00,3971,3649,25681,24693,34892,32233,34677,34637,40084,40416,43522,43591,28413,31645,20232,25359,6331,10693,2930,2650,23096,22128,32435,29568,32725,32364,37996,38014,41443,41536,27402,30467,19536,24402,6066,10142,340420,318621,45591,43874,77576,71293,21075,62,37
2021-10-12T23:59:59+02:00,3954,3629,25631,24641,34832,32172,34645,34607,40055,40389,43502,43578,28400,31630,20228,25350,6325,10686,2903,2616,23008,22032,32335,29478,32682,32316,37939,37977,41418,41499,27378,30454,19529,24392,6063,10132,339995,317934,45574,43837,77576,71291,21052,62,37
2021-10-11T23:59:59+02:00,3947,3617,25606,24616,34817,32149,34616,34589,40044,40378,43491,43565,28390,31621,20221,25345,6321,10682,2882,2605,22978,22000,32292,29443,32657,32285,37922,37960,41397,41482,27372,30448,19523,24385,6061,10128,339780,317621,45560,43829,77576,71291,21042,62,37
2021-10-10T23:59:59+02:00,3944,3615,25602,24609,34809,32139,34610,34575,40037,40373,43483,43558,28389,31616,20216,25341,6321,10678,2874,2599,22966,21982,32280,29426,32652,32278,37911,37949,41391,41477,27366,30444,19522,24384,6061,10128,339682,317494,45558,43826,77576,71291,21042,62,37
2021-10-09T23:59:59+02:00,3943,3612,25601,24606,34808,32135,34608,34574,40034,40369,43481,43558,28387,31615,20215,25338,6320,10678,2874,2598,22966,21982,32280,29426,32650,32277,37910,37949,41390,41476,27366,30444,19521,24384,6061,10127,339649,317485,45558,43826,77576,71291,21042,62,37
2021-10-08T23:59:59+02:00,3908,3588,25532,24549,34749,32080,34575,34543,40001,40341,43447,43532,28377,31605,20203,25323,6312,10674,2847,2563,22867,21916,32231,29371,32613,32229,37882,37906,41365,41452,27354,30426,19515,24376,6057,10126,339144,316936,45540,43811,77576,71290,21022,62,37
2021-10-07T23:59:59+02:00,3884,3544,25457,24468,34679,32008,34527,34504,39962,40299,43416,43505,28367,31593,20187,25313,6304,10664,2789,2501,22741,21773,32160,29285,32561,32152,37836,37858,41322,41411,27334,30408,19499,24362,6050,10114,338552,316062,45513,43785,77576,71289,20983,62,37
2021-10-06T23:59:59+02:00,3870,3525,25420,24424,34639,31969,34501,34473,39943,40283,43397,43487,28360,31584,20174,25295,6300,10652,2774,2484,22708,21731,32129,29248,32539,32121,37820,37834,41303,41396,27324,30398,19489,24350,6048,10110,338177,315722,45510,43782,77576,71289,20976,62,37
2021-10-05T23:59:59+02:00,3848,3506,25363,24364,34567,31894,34462,34434,39923,40248,43359,43463,28350,31572,20153,25275,6295,10622,2737,2442,22632,21615,32036,29156,32484,32058,37778,37792,41273,41367,27308,30388,19479,24340,6038,10100,337661,315025,45488,43756,77574,71287,20918,62,37
2021-10-04T23:59:59+02:00,3825,3484,25316,24321,34523,31862,34428,34403,39899,40230,43339,43444,28343,31563,20145,25258,6286,10609,2722,2432,22587,21569,32007,29107,32454,32034,37758,37774,41247,41351,27297,30372,19470,24331,6034,10090,337270,314674,45477,43741,77574,71284,20900,62,37
2021-10-03T23:59:59+02:00,3816,3482,25301,24315,34514,31857,34422,34397,39895,40221,43334,43440,28339,31561,20142,25249,6285,10602,2717,2426,22573,21558,31999,29097,32440,32025,37751,37768,41239,41347,27295,30367,19466,24325,6029,10084,337168,314549,45476,43739,77574,71284,20897,62,37
2021-10-02T23:59:59+02:00,3816,3482,25301,24314,34513,31857,34422,34397,39894,40221,43334,43440,28339,31561,20142,25249,6285,10602,2716,2426,22573,21558,31999,29097,32440,32025,37751,37768,41239,41347,27295,30367,19466,24325,6029,10084,337165,314548,45476,43739,77574,71284,20897,62,37
2021-10-01T23:59:59+02:00,3797,3464,25253,24247,34450,31787,34360,34357,39859,40197,43304,43422,28336,31555,20140,25247,6283,10599,2673,2384,22473,21469,31947,29026,32390,31983,37713,37720,41214,41330,27288,30362,19462,24320,6028,10082,336728,313986,45452,43712,77573,71282,20847,62,37
2021-09-30T23:59:59+02:00,3765,3422,25153,24132,34348,31709,34289,34298,39792,40139,43253,43381,28322,31536,20129,25239,6280,10588,2611,2332,22353,21351,31865,28922,32330,31912,37663,37672,41174,41304,27259,30350,19459,24307,6026,10077,335970,313192,45411,43687,77568,71282,20769,62,37
2021-09-29T23:59:59+02:00,3747,3402,25125,24088,34319,31681,34263,34272,39772,40117,43232,43363,28313,31528,20124,25233,6274,10581,2604,2318,22325,21320,31842,28902,32310,31888,37646,37655,41158,41292,27253,30338,19454,24298,6025,10073,335646,312943,45407,43683,77568,71282,20756,62,37
2021-09-28T23:59:59+02:00,3720,3371,25038,24017,34238,31614,34215,34223,39728,40078,43197,43333,28297,31509,20116,25221,6270,10572,2583,2292,22232,21246,31775,28829,32263,31841,37612,37612,41133,41267,27232,30323,19452,24289,6022,10071,335095,312439,45373,43653,77568,71281,20664,62,37
2021-09-27T23:59:59+02:00,3697,3347,24997,23991,34201,31574,34192,34193,39708,40044,43177,43312,28289,31499,20108,25216,6266,10564,2564,2278,22196,21214,31743,28789,32237,31820,37590,37594,41113,41254,27223,30318,19449,24285,6021,10067,334759,312172,45364,43637,77567,71281,20628,62,37
2021-09-26T23:59:59+02:00,3544,3243,24939,23956,34191,31566,34185,34190,39702,40037,43171,43306,28288,31497,20106,25215,6265,10563,2553,2271,22180,21195,31739,28782,32233,31816,37582,37587,41108,41248,27220,30314,19446,24283,6020,10066,334353,312067,45364,43636,77567,71280,20623,62,37
2021-09-25T23:59:59+02:00,3543,3243,24938,23956,34191,31566,34185,34190,39700,40036,43170,43306,28288,31496,20106,25215,6265,10563,2553,2270,22178,21192,31739,28782,32231,31815,37579,37585,41108,41248,27220,30313,19446,24283,6020,10066,334347,312052,45364,43636,77566,71280,20623,62,37
2021-09-24T23:59:59+02:00,3519,3211,24857,23880,34078,31486,34117,34127,39643,39989,43136,43280,28273,31485,20103,25209,6264,10561,2517,2239,22092,21103,31645,28718,32184,31778,37523,37547,41088,41226,27207,30302,19443,24280,6019,10066,333821,311595,45331,43623,77565,71279,20444,62,36
2021-09-23T23:59:59+02:00,3349,3060,24719,23730,33988,31396,34041,34068,39585,39936,43078,43236,28256,31471,20095,25197,6261,10559,2467,2195,21978,21000,31577,28640,32134,31722,37487,37513,41053,41192,27193,30282,19436,24264,6018,10063,332780,310976,45303,43605,77565,71277,20320,62,36
2021-09-22T23:59:59+02:00,3326,3035,24683,23678,33956,31363,34018,34030,39558,39920,43055,43212,28247,31462,20091,25186,6261,10554,2452,2183,21950,20970,31540,28602,32116,31694,37465,37498,41030,41181,27183,30276,19433,24260,6018,10062,332435,310714,45294,43601,77563,71276,20286,62,36
2021-09-21T23:59:59+02:00,3200,2902,24486,23522,33812,31263,33953,33947,39489,39872,43033,43170,28228,31442,20082,25180,6253,10547,2388,2152,21813,20832,31430,28497,32039,31617,37411,37449,40998,41147,27172,30264,19425,24245,6015,10057,331377,309938,45255,43573,77563,71275,20129,62,36
2021-09-20T23:59:59+02:00,3176,2880,24440,23475,33765,31223,33923,33914,39458,39841,43009,43145,28223,31432,20078,25174,6253,10543,2381,2140,21776,20791,31386,28450,32017,31581,37382,37431,40984,41138,27161,30257,19416,24239,6013,10050,331011,309637,45239,43566,77563,71273,20082,62,35
2021-09-19T23:59:59+02:00,3172,2878,24430,23469,33757,31215,33916,33907,39453,39826,43000,43144,28222,31431,20078,25172,6253,10543,2377,2136,21769,20786,31382,28442,32014,31580,37375,37423,40976,41137,27161,30257,19415,24238,6013,10050,330934,309584,45239,43565,77562,71273,20074,62,35
2021-09-18T23:59:59+02:00,3172,2878,24430,23469,33757,31215,33916,33907,39453,39826,43000,43144,28222,31431,20078,25172,6253,10543,2377,2136,21769,20786,31382,28440,32012,31580,37375,37423,40976,41137,27161,30257,19415,24237,6013,10050,330934,309579,45239,43565,77562,71273,20074,62,35
2021-09-17T23:59:59+02:00,3145,2840,24325,23354,33652,31114,33840,33839,39383,39772,42965,43117,28208,31423,20076,25166,6251,10541,2330,2093,21689,20709,31312,28378,31948,31533,37335,37390,40956,41123,27153,30242,19413,24230,6013,10049,330283,309130,45197,43545,77561,71273,19913,61,35
2021-09-16T23:59:59+02:00,3095,2792,24212,23222,33556,31005,33772,33734,39337,39712,42912,43068,28182,31402,20060,25155,6248,10533,2290,2051,21583,20612,31229,28305,31882,31467,37312,37335,40923,41085,27142,30222,19406,24222,6011,10048,329463,308529,45158,43536,77561,71267,19758,61,35
2021-09-15T23:59:59+02:00,3072,2779,24171,23174,33525,30961,33757,33703,39307,39684,42894,43050,28172,31391,20054,25149,6247,10531,2277,2036,21546,20569,31197,28257,31855,31444,37280,37301,40900,41059,27128,30213,19399,24214,6011,10044,329132,308168,45145,43535,77560,71265,19727,61,35
2021-09-14T23:59:59+02:00,3032,2747,24064,23032,33381,30820,33673,33619,39250,39633,42843,43000,28154,31375,20045,25141,6243,10526,2258,2011,21461,20487,31106,28167,31791,31382,37231,37259,40856,41033,27118,30193,19390,24206,6009,10041,328321,307644,45110,43528,77559,71261,19531,61,35
2021-09-13T23:59:59+02:00,3014,2728,24013,22979,33335,30760,33641,33569,39225,39602,42812,42976,28148,31362,20040,25139,6241,10522,2243,1995,21409,20440,31061,28116,31762,31350,37208,37239,40842,41011,27112,30187,19386,24202,6008,10040,327939,307344,45094,43515,77559,71260,19457,61,35
2021-09-12T23:59:59+02:00,3010,2721,24009,22971,33329,30756,33632,33563,39220,39599,42809,42974,28146,31360,20039,25138,6241,10521,2240,1992,21393,20431,31052,28098,31743,31342,37202,37232,40836,41005,27107,30186,19384,24199,6008,10038,327872,307222,45094,43515,77558,71259,19457,61,35
2021-09-11T23:59:59+02:00,3008,2720,24007,22969,33327,30755,33630,33562,39220,39597,42808,42974,28143,31358,20039,25138,6241,10521,2239,1990,21389,20430,31051,28095,31743,31342,37202,37230,40835,41004,27105,30186,19384,24199,6008,10038,327852,307205,45094,43515,77558,71259,19456,61,35
2021-09-10T23:59:59+02:00,2966,2678,23874,22841,33198,30639,33528,33487,39146,39513,42760,42934,28127,31341,20034,25130,6240,10519,2202,1952,21272,20327,30939,28002,31654,31289,37139,37188,40789,40971,27097,30176,19378,24189,6006,10037,327111,306663,45074,43496,77558,71258,19155,61,35
2021-09-09T23:59:59+02:00,2916,2639,23697,22692,33086,30509,33428,33386,39074,39440,42719,42886,28099,31324,20025,25124,6238,10517,2148,1895,21151,20196,30846,27905,31578,31194,37076,37132,40741,40923,27073,30160,19369,24180,6002,10034,326215,305911,45050,43477,77556,71255,18925,57,35
2021-09-08T23:59:59+02:00,2895,2608,23657,22642,33056,30470,33412,33358,39054,39418,42704,42871,28093,31315,20022,25119,6237,10517,2137,1883,21118,20164,30815,27889,31563,31169,37058,37109,40730,40909,27066,30154,19364,24175,6001,10033,325899,305681,45044,43473,77556,71254,18896,57,33
2021-09-07T23:59:59+02:00,2842,2553,23507,22497,32936,30362,33337,33272,38998,39354,42660,42837,28075,31298,20018,25114,6236,10514,2082,1842,20982,20030,30697,27803,31488,31103,37010,37057,40692,40880,27049,30129,19358,24164,6000,10031,325147,305029,45019,43451,77555,71249,18635,57,33
2021-09-06T23:59:59+02:00,2819,2538,23476,22453,32905,30329,33316,33252,38977,39341,42644,42822,28072,31294,20016,25112,6235,10511,2058,1824,20940,19987,30666,27776,31468,31078,36991,37038,40678,40868,27041,30121,19356,24155,5997,10029,324882,304728,45003,43443,77554,71248,18619,57,33
2021-09-05T23:59:59+02:00,2808,2535,23469,22447,32903,30324,33314,33247,38974,39338,42640,42816,28070,31290,20014,25111,6234,10510,2054,1821,20928,19980,30656,27770,31465,31074,36988,37036,40673,40865,27036,30119,19354,24151,5996,10029,324817,304654,45002,43443,77554,71248,18617,57,33
2021-09-04T23:59:59+02:00,2808,2535,23466,22446,32902,30324,33314,33246,38974,39337,42639,42815,28070,31290,20014,25111,6234,10510,2052,1818,20926,19980,30656,27770,31464,31073,36988,37036,40672,40865,27036,30119,19354,24151,5996,10029,324811,304647,45002,43443,77554,71248,18614,57,33
2021-09-03T23:59:59+02:00,2785,2501,23389,22369,32830,30253,33274,33203,38930,39308,42609,42802,28062,31277,20013,25109,6232,10509,2036,1801,20877,19922,30608,27731,31431,31038,36960,37011,40643,40853,27028,30111,19352,24149,5995,10029,324312,304304,44974,43435,77552,71240,18563,57,33
2021-09-02T23:59:59+02:00,2754,2469,23283,22272,32769,30162,33215,33148,38892,39275,42570,42769,28042,31265,20009,25095,6230,10506,2013,1782,20802,19861,30548,27668,31393,31007,36921,36974,40610,40824,27018,30099,19349,24138,5995,10029,323706,303876,44944,43417,77551,71235,18470,57,33
2021-09-01T23:59:59+02:00,2732,2455,23259,22235,32740,30130,33193,33122,38865,39254,42557,42753,28034,31258,20004,25093,6230,10506,1995,1767,20761,19817,30517,27640,31366,30983,36902,36958,40592,40808,27008,30090,19348,24132,5995,10029,323451,303599,44933,43410,77550,71234,18432,57,33
2021-08-31T23:59:59+02:00,2687,2412,23136,22130,32659,30030,33139,33064,38820,39212,42531,42728,28023,31252,19998,25089,6229,10502,1971,1747,20673,19723,30446,27580,31317,30940,36862,36926,40563,40783,26999,30078,19342,24127,5995,10027,322873,303182,44903,43395,77549,71227,18262,57,33
2021-08-30T23:59:59+02:00,2665,2388,23083,22087,32619,29988,33115,33027,38791,39192,42512,42710,28018,31245,19991,25080,6228,10498,1924,1707,20547,19622,30349,27485,31256,30889,36829,36898,40542,40749,26983,30063,19341,24118,5995,10025,322533,302468,44888,43386,77549,71222,18213,57,33
2021-08-29T23:59:59+02:00,2634,2358,22996,22024,32556,29931,33072,32996,38745,39156,42482,42689,28009,31238,19988,25075,6228,10497,1898,1682,20444,19554,30280,27435,31221,30855,36788,36869,40517,40731,26970,30052,19340,24113,5995,10025,322080,302040,44872,43363,77547,71212,18121,57,33
2021-08-28T23:59:59+02:00,2628,2356,22996,22024,32552,29931,33071,32996,38742,39155,42481,42689,28008,31238,19988,25075,6228,10497,1898,1680,20443,19553,30275,27434,31221,30852,36785,36867,40517,40731,26970,30052,19340,24113,5995,10025,322067,302029,44872,43362,77547,71212,18115,57,33
2021-08-27T23:59:59+02:00,2628,2356,22991,22020,32546,29931,33070,32993,38740,39153,42477,42689,28007,31238,19988,25075,6227,10497,1897,1679,20437,19551,30266,27433,31220,30850,36782,36866,40515,40731,26970,30052,19340,24112,5995,10025,322050,302014,44872,43362,77547,71209,18103,57,33
2021-08-26T23:59:59+02:00,2545,2272,22801,21814,32412,29789,32952,32886,38652,39064,42412,42620,27982,31205,19975,25057,6226,10491,1811,1598,20165,19281,30123,27266,31078,30724,36673,36771,40430,40657,26928,30011,19321,24088,5989,10023,320829,300499,44852,43338,77546,71193,17874,57,33
2021-08-25T23:59:59+02:00,2539,2264,22781,21789,32401,29768,32938,32871,38640,39050,42401,42614,27977,31202,19968,25051,6223,10489,1800,1589,20117,19237,30087,27236,31057,30688,36647,36739,40412,40641,26915,29998,19318,24080,5988,10022,320642,300136,44852,43338,77546,71192,17872,57,33
2021-08-24T23:59:59+02:00,2521,2253,22742,21747,32375,29723,32919,32838,38630,39030,42382,42600,27971,31191,19963,25043,6222,10488,1790,1580,20079,19195,30054,27195,31036,30653,36633,36718,40392,40623,26909,29988,19314,24077,5988,10018,320354,299847,44842,43333,77546,71187,17842,57,33
2021-08-23T23:59:59+02:00,2502,2221,22671,21674,32304,29666,32883,32807,38591,38999,42352,42587,27955,31182,19960,25032,6222,10486,1746,1536,19953,19073,29936,27115,30971,30606,36584,36675,40350,40594,26897,29974,19308,24067,5988,10012,319911,299111,44831,43308,77544,71179,17754,57,33
2021-08-22T23:59:59+02:00,2493,2212,22635,21642,32285,29648,32867,32799,38574,38983,42347,42578,27951,31177,19955,25032,6222,10485,1736,1523,19914,19035,29900,27082,30940,30570,36563,36659,40331,40572,26889,29970,19305,24064,5988,10010,319741,298821,44825,43305,77543,71170,17722,57,33
2021-08-21T23:59:59+02:00,2474,2199,22580,21592,32245,29611,32843,32775,38560,38960,42330,42568,27944,31169,19953,25029,6222,10484,1706,1499,19812,18936,29828,27024,30906,30526,36528,36617,40307,40551,26878,29961,19300,24060,5986,10010,319495,298312,44812,43290,77541,71164,17636,57,33
2021-08-20T23:59:59+02:00,2436,2157,22491,21485,32168,29528,32780,32727,38510,38920,42288,42540,27937,31155,19949,25014,6221,10480,1659,1462,19638,18809,29702,26921,30831,30466,36465,36571,40261,40513,26863,29942,19291,24051,5985,10006,318908,297496,44789,43264,77538,71146,17497,57,33
2021-08-19T23:59:59+02:00,2346,2089,22329,21348,32030,29404,32690,32643,38409,38842,42218,42486,27911,31122,19942,25002,6216,10471,1603,1412,19379,18602,29490,26771,30711,30356,36346,36476,40159,40428,26835,29912,19280,24035,5981,10001,317971,296223,44769,43234,77538,71121,17166,57,33
2021-08-18T23:59:59+02:00,2336,2080,22303,21326,32008,29383,32668,32620,38381,38824,42205,42470,27896,31112,19936,24997,6216,10469,1580,1394,19324,18542,29450,26737,30685,30325,36318,36455,40135,40397,26818,29901,19276,24023,5976,9997,317710,295788,44769,43234,77538,71119,17159,57,33
2021-08-17T23:59:59+02:00,2319,2064,22278,21298,31992,29353,32642,32595,38368,38812,42181,42451,27890,31099,19930,24992,6216,10469,1567,1383,19281,18491,29419,26698,30640,30298,36290,36420,40107,40373,26796,29886,19269,24006,5972,9993,317463,295385,44769,43231,77538,71115,17125,57,33
2021-08-16T23:59:59+02:00,2280,2047,22212,21255,31951,29309,32618,32574,38344,38791,42149,42434,27881,31092,19928,24982,6216,10468,1543,1358,19072,18346,29273,26584,30563,30209,36242,36368,40070,40331,26776,29870,19262,23987,5966,9991,317114,294382,44769,43225,77536,71113,17058,57,33
2021-08-15T23:59:59+02:00,2253,2024,22158,21198,31903,29269,32594,32541,38316,38772,42128,42420,27874,31087,19922,24975,6215,10468,1521,1342,18953,18229,29114,26456,30483,30126,36174,36317,40015,40274,26757,29846,19252,23978,5963,9990,316779,293455,44760,43208,77535,71105,16989,57,33
2021-08-14T23:59:59+02:00,2247,2021,22132,21182,31891,29253,32590,32535,38308,38767,42122,42417,27873,31086,19921,24974,6215,10467,1491,1314,18839,18135,29051,26392,30443,30078,36149,36286,39994,40259,26749,29840,19249,23977,5962,9987,316690,292908,44757,43188,77535,71101,16965,57,33
2021-08-13T23:59:59+02:00,2230,2010,22086,21144,31854,29229,32553,32507,38293,38753,42112,42407,27871,31081,19918,24971,6214,10467,1416,1249,18583,17873,28871,26232,30327,29986,36097,36217,39949,40223,26733,29828,19244,23968,5959,9983,316454,291535,44752,43172,77533,71091,16907,57,33
2021-08-12T23:59:59+02:00,2194,1972,21997,21048,31783,29152,32496,32457,38246,38710,42075,42373,27855,31062,19911,24961,6212,10467,1323,1189,18276,17558,28619,26003,30183,29857,36003,36124,39873,40155,26697,29781,19224,23945,5957,9980,315877,289782,44741,43119,77530,71044,16769,57,33
2021-08-11T23:59:59+02:00,2192,1967,21977,21032,31765,29131,32481,32441,38238,38701,42064,42357,27846,31059,19908,24957,6211,10463,1315,1176,18221,17502,28583,25958,30135,29818,35982,36086,39837,40122,26685,29754,19217,23935,5957,9978,315697,289303,44741,43116,77530,71041,16768,57,33
2021-08-10T23:59:59+02:00,2183,1946,21949,20995,31727,29109,32465,32421,38211,38674,42046,42348,27840,31051,19907,24954,6210,10459,1281,1143,17700,17047,28407,25799,30041,29728,35813,35963,39787,40079,26661,29731,19210,23919,5953,9977,315448,287597,44736,43087,77528,70791,16731,55,33
2021-08-09T23:59:59+02:00,2159,1932,21898,20944,31670,29062,32431,32391,38186,38654,42032,42324,27829,31042,19906,24945,6209,10457,1238,1104,17227,16585,28275,25692,29986,29674,35766,35918,39753,40044,26652,29717,19205,23913,5953,9975,315072,286110,44730,43067,77528,70778,16689,55,33
2021-08-08T23:59:59+02:00,2143,1914,21844,20900,31625,29025,32396,32365,38162,38646,42010,42303,27822,31038,19900,24941,6209,10454,1173,1042,16882,16244,28164,25609,29929,29601,35718,35880,39731,40018,26640,29704,19196,23904,5951,9970,314754,284872,44729,43046,77527,70770,16635,55,33
2021-08-07T23:59:59+02:00,2099,1871,21708,20818,31542,28957,32322,32304,38105,38596,41977,42274,27813,31011,19895,24932,6207,10452,1027,917,16370,15791,27860,25319,29700,29414,35538,35723,39591,39906,26584,29640,19177,23875,5948,9966,314123,282217,44696,42924,77521,70681,16491,55,33
2021-08-06T23:59:59+02:00,2089,1861,21657,20779,31501,28925,32290,32285,38079,38576,41965,42258,27809,31002,19891,24932,6207,10452,908,809,15343,14811,26706,24422,29410,29183,35289,35523,39276,39666,26542,29594,19167,23865,5947,9963,313894,277212,44692,42902,77521,69878,16399,55,33
2021-08-05T23:59:59+02:00,2050,1832,21549,20692,31442,28847,32229,32226,38020,38525,41920,42220,27792,30983,19882,24919,6205,10449,809,703,14450,14065,25682,23639,28695,28667,34757,35087,38958,39420,26475,29514,19134,23831,5944,9953,313332,272312,44669,42851,77520,68378,16209,55,33
2021-08-04T23:59:59+02:00,2030,1813,21477,20641,31397,28776,32195,32184,37983,38503,41885,42191,27779,30967,19877,24906,6203,10445,731,657,14079,13723,25273,23332,28482,28440,34614,34961,38860,39326,26436,29469,19112,23808,5939,9948,312879,269861,44662,42821,77520,68336,16139,55,33
2021-08-03T23:59:59+02:00,2021,1797,21450,20615,31381,28762,32182,32174,37973,38489,41869,42178,27770,30961,19872,24899,6202,10443,711,643,13995,13631,25194,23255,28414,28383,34566,34914,38808,39287,26409,29442,19100,23796,5936,9942,312675,269130,44658,42818,77518,68310,16135,55,33
2021-08-02T23:59:59+02:00,2011,1776,21405,20576,31335,28740,32155,32143,37947,38474,41856,42163,27761,30949,19872,24891,6201,10439,680,613,13792,13421,24487,22706,28130,28160,34417,34802,38730,39224,26382,29410,19092,23792,5936,9940,312385,266711,44655,42804,77518,68082,16084,55,33
2021-08-01T23:59:59+02:00,1991,1759,21352,20529,31286,28700,32128,32124,37928,38455,41835,42146,27755,30942,19869,24883,6201,10439,642,585,13621,13259,24187,22451,27891,27942,34326,34694,38662,39153,26366,29391,19086,23786,5936,9938,312081,265009,44649,42792,77517,68059,16023,55,33
2021-07-31T23:59:59+02:00,1966,1729,21272,20452,31215,28661,32072,32084,37893,38426,41811,42125,27751,30934,19864,24879,6201,10439,370,355,12676,12233,23668,22009,27545,27585,34015,34398,38227,38809,26295,29306,19060,23741,5931,9932,311660,259970,44637,42756,77515,67487,15909,55,33
2021-07-30T23:59:59+02:00,1941,1709,21250,20431,31183,28642,32057,32066,37887,38419,41803,42117,27746,30931,19863,24879,6200,10439,362,348,12589,12160,23341,21719,27265,27373,33796,34234,38065,38674,26271,29288,19059,23733,5931,9930,311477,258545,44636,42748,77515,66930,15882,55,33
2021-07-29T23:59:59+02:00,1872,1640,21018,20193,31041,28493,31954,31954,37794,38329,41708,42056,27718,30906,19850,24860,6193,10430,296,288,11960,11626,22209,20877,26222,26533,32812,33540,37681,38382,26188,29187,19030,23686,5925,9921,310261,252921,44607,42658,77507,65170,15581,55,33
2021-07-28T23:59:59+02:00,1852,1625,20978,20140,31022,28463,31938,31933,37772,38310,41685,42035,27707,30894,19845,24850,6193,10428,252,237,11680,11323,21797,20494,25790,26107,32647,33384,37569,38290,26151,29136,19011,23663,5924,9916,309940,249995,44607,42658,77495,65109,15576,54,33
2021-07-27T23:59:59+02:00,1842,1619,20938,20097,30998,28430,31904,31917,37751,38276,41661,42022,27700,30887,19844,24845,6193,10425,213,214,11434,11107,21594,20305,25647,25987,32534,33277,37480,38207,26120,29098,19001,23651,5921,9912,309702,248515,44607,42624,77494,65037,15494,54,32
2021-07-26T23:59:59+02:00,1816,1583,20811,19966,30890,28329,31845,31852,37695,38208,41619,41991,27674,30869,19833,24831,6187,10422,178,187,11141,10782,21086,19862,25397,25778,32372,33126,37349,38119,26084,29064,18988,23628,5920,9904,308935,246219,44575,42510,77487,64832,15372,54,32
2021-07-25T23:59:59+02:00,1809,1575,20788,19954,30879,28319,31833,31837,37687,38202,41609,41981,27670,30866,19832,24829,6187,10421,167,174,11036,10675,20934,19755,25163,25583,32132,32916,37203,37984,26065,29050,18982,23620,5919,9901,308817,244952,44566,42495,77478,64415,15365,54,32
2021-07-24T23:59:59+02:00,1789,1560,20706,19879,30835,28279,31798,31801,37658,38173,41587,41969,27663,30860,19829,24827,6187,10421,161,169,10973,10620,20859,19693,25091,25522,32079,32885,37173,37963,26059,29045,18980,23618,5919,9901,308465,244583,44555,42472,77474,64348,15275,54,32
2021-07-23T23:59:59+02:00,1734,1525,20513,19733,30674,28165,31711,31727,37591,38121,41548,41926,27652,30843,19824,24821,6186,10416,149,158,10714,10416,20501,19393,24283,24876,31595,32553,36605,37506,26016,29003,18964,23600,5918,9899,307633,241716,44546,42424,77457,62956,15021,54,32
2021-07-22T23:59:59+02:00,1670,1468,20202,19459,30433,27983,31581,31613,37461,38014,41451,41843,27625,30819,19813,24797,6182,10415,112,131,10251,10037,19756,18879,23328,24205,30885,31965,35570,36744,25904,28904,18930,23567,5916,9895,306153,238103,44510,41758,77452,60425,14661,54,32
2021-07-21T23:59:59+02:00,1655,1460,20164,19407,30403,27952,31557,31590,37441,37989,41430,41819,27616,30811,19808,24791,6177,10411,94,110,9941,9703,19293,18426,22452,23438,30550,31632,35335,36546,25821,28807,18899,23514,5908,9885,305824,235353,44501,40065,77450,60252,14653,54,31
2021-07-20T23:59:59+02:00,1648,1454,20131,19380,30373,27928,31532,31570,37425,37971,41418,41806,27601,30796,19808,24784,6177,10408,83,99,9673,9425,18960,18158,22179,23154,30373,31475,35170,36402,25775,28759,18883,23478,5907,9881,305567,232954,44499,40057,77449,60150,14642,54,31
2021-07-19T23:59:59+02:00,1637,1446,20017,19294,30289,27856,31473,31515,37406,37952,41403,41788,27596,30785,19802,24777,6176,10405,78,93,9476,9229,18648,17884,21717,22733,30119,31244,35051,36299,25741,28720,18865,23462,5907,9878,304990,231326,44493,39118,77447,60035,14634,54,31
2021-07-18T23:59:59+02:00,1626,1440,19948,19227,30160,27757,31408,31449,37344,37900,41359,41736,27575,30754,19793,24762,6172,10402,72,85,9367,9114,18479,17733,21526,22544,29949,31045,34936,36198,25709,28697,18854,23444,5907,9872,304196,230067,44493,38815,77445,59993,14625,54,31
2021-07-17T23:59:59+02:00,1625,1436,19941,19225,30160,27756,31408,31445,37339,37898,41355,41734,27574,30753,19792,24762,6172,10402,72,81,9347,9099,18448,17711,21507,22531,29939,31038,34918,36194,25706,28695,18854,23443,5907,9872,304165,229916,44493,38812,77445,59982,14621,54,31
2021-07-16T23:59:59+02:00,1572,1391,19666,18979,30039,27661,31326,31375,37283,37835,41314,41702,27555,30736,19785,24752,6170,10396,71,79,9229,8984,18068,17407,21204,22258,29549,30681,34782,36087,25682,28671,18847,23430,5905,9870,303176,228639,44470,38089,77444,59652,14394,54,30
2021-07-15T23:59:59+02:00,1514,1348,19406,18732,29864,27514,31216,31276,37199,37752,41244,41635,27512,30706,19769,24739,6166,10393,62,67,8866,8682,17159,16581,19653,21029,28628,29759,34159,35507,25514,28489,18791,23380,5899,9858,301899,222524,44429,36630,77436,58731,14168,54,30
2021-07-14T23:59:59+02:00,1500,1335,19376,18695,29838,27488,31191,31244,37187,37738,41225,41628,27504,30699,19760,24732,6165,10390,54,62,8577,8385,16609,15979,19160,20509,28064,29259,33768,35131,25401,28360,18751,23313,5894,9847,301615,218354,44428,36273,77434,58301,14165,54,30
2021-07-13T23:59:59+02:00,1489,1324,19339,18671,29821,27463,31167,31228,37172,37711,41201,41600,27495,30685,19758,24727,6164,10384,36,56,8269,8123,16213,15631,18883,20230,27802,29009,33497,34873,25302,28239,18718,23272,5892,9842,301330,215655,44427,36238,77433,57808,14156,54,30
2021-07-12T23:59:59+02:00,1473,1314,19290,18653,29785,27434,31150,31207,37160,37694,41185,41587,27491,30681,19756,24721,6163,10384,35,51,8008,7911,15933,15354,18183,19680,27486,28687,33084,34511,25134,28042,18659,23198,5886,9837,301069,214370,44426,34304,77433,56828,14147,54,30
2021-07-11T23:59:59+02:00,1463,1306,19258,18622,29757,27402,31133,31176,37152,37673,41171,41575,27482,30672,19754,24721,6162,10383,33,50,7964,7864,15867,15284,18093,19626,27401,28624,32970,34448,25079,27997,18639,23176,5886,9834,300816,213791,44423,34293,77431,56582,14139,54,30
2021-07-10T23:59:59+02:00,1334,1190,18751,18201,29307,27101,30849,30942,36902,37513,40967,41425,27408,30612,19728,24689,6159,10380,32,50,7834,7794,15579,15146,17875,19475,27157,28482,32803,34332,25013,27951,18623,23163,5885,9834,298599,213370,44285,34170,77403,56340,13118,54,30
2021-07-09T23:59:59+02:00,1323,1184,18723,18170,29285,27084,30836,30929,36891,37501,40956,41416,27404,30608,19726,24685,6159,10379,29,48,7792,7748,15509,15079,17810,19381,26936,28252,32553,34119,24949,27888,18601,23137,5885,9831,298451,213085,44266,34167,77402,55178,13087,54,30
2021-07-08T23:59:59+02:00,1245,1102,18454,17954,29134,26932,30697,30808,36788,37398,40857,41338,27370,30574,19707,24665,6154,10373,24,44,7622,7610,15210,14831,17378,19021,26244,27648,32278,33852,24780,27731,18542,23075,5882,9823,297177,211944,44209,32745,77394,54159,12717,54,30
2021-07-07T23:59:59+02:00,1146,1010,18143,17631,28933,26746,30566,30683,36676,37277,40750,41251,27336,30525,19693,24649,6151,10370,21,36,7425,7399,14770,14465,16912,18577,25490,27036,31869,33470,24512,27405,18448,22982,5873,9814,295601,209025,44158,31910,77383,53198,12341,54,30
2021-07-06T23:59:59+02:00,1123,993,18066,17562,28887,26696,30516,30636,36640,37242,40715,41220,27319,30499,19682,24635,6149,10367,14,30,7208,7168,14425,14103,16561,18227,24738,26389,31568,33206,24321,27190,18400,22911,5866,9807,295022,206959,44154,30503,77380,52302,12338,54,30
2021-07-05T23:59:59+02:00,1081,965,17990,17498,28844,26638,30476,30601,36615,37197,40687,41194,27313,30485,19676,24629,6149,10362,4,17,6979,6982,14121,13832,16210,17864,24181,25878,30996,32639,24041,26892,18292,22771,5858,9797,294531,205465,44152,28402,77376,51169,12288,54,30
2021-07-04T23:59:59+02:00,1059,949,17918,17447,28806,26616,30453,30572,36605,37188,40672,41182,27307,30474,19671,24626,6149,10361,4,17,6954,6963,14069,13781,16133,17804,24097,25821,30841,32547,23948,26803,18260,22730,5856,9793,294212,205070,44152,28392,77365,50656,12273,54,30
2021-07-03T23:59:59+02:00,645,579,16178,15726,27641,25699,29657,29851,35962,36574,40169,40751,27149,30307,19605,24538,6140,10344,4,17,6566,6721,13557,13483,15735,17500,23733,25542,30535,32351,23852,26707,18227,22690,5852,9789,286690,204774,44113,28315,77281,50364,9378,54,30
2021-07-02T23:59:59+02:00,606,540,16048,15580,27483,25551,29577,29792,35931,36547,40150,40738,27143,30298,19602,24535,6140,10344,4,17,6519,6647,13483,13386,15648,17368,23589,25359,30381,32186,23660,26496,18138,22612,5850,9786,285787,204091,44113,28156,77280,49480,9372,54,30
2021-07-01T23:59:59+02:00,548,492,15869,15426,27270,25396,29498,29713,35877,36496,40085,40692,27122,30279,19591,24522,6138,10340,4,16,6376,6516,13136,13112,15117,16929,22318,24369,29620,31501,23379,26208,18019,22477,5843,9770,284596,200550,44109,26479,77267,48324,9329,54,28
2021-06-30T23:59:59+02:00,518,472,15764,15318,27158,25310,29430,29640,35820,36444,40043,40657,27106,30248,19580,24505,6134,10340,3,14,6180,6334,12704,12725,14547,16381,21693,23770,29026,30970,22960,25741,17888,22294,5836,9758,283767,196285,44106,26454,77260,46756,9301,54,28
2021-06-29T23:59:59+02:00,462,422,15008,14649,26891,25086,29333,29541,35740,36363,39974,40609,27087,30223,19572,24492,6134,10338,3,12,6067,6208,12445,12464,14152,15985,20902,23145,28440,30416,22512,25217,17735,22119,5828,9748,281262,193135,44103,25943,77251,45037,9255,54,28
2021-06-28T23:59:59+02:00,426,391,14380,14005,26733,24981,29261,29475,35680,36297,39931,40575,27069,30203,19564,24481,6134,10334,2,12,6000,6111,12266,12324,13965,15809,20277,22595,28040,30041,22176,24860,17606,21956,5823,9743,279320,191452,44100,25279,77246,43646,9201,54,28
2021-06-27T23:59:59+02:00,349,324,14036,13633,26670,24923,29223,29439,35658,36275,39912,40561,27058,30196,19561,24477,6133,10333,2,12,5962,6068,12150,12207,13819,15680,19723,22117,27430,29539,21899,24521,17485,21832,5819,9742,278210,190612,44096,23752,77235,42448,9167,54,28
2021-06-26T23:59:59+02:00,348,323,14025,13621,26655,24912,29217,29432,35651,36274,39909,40560,27057,30195,19561,24477,6133,10333,2,12,5957,6065,12140,12205,13813,15677,19710,22105,27385,29504,21752,24391,17445,21776,5818,9740,278136,190588,44093,23748,77235,41967,9166,54,28
2021-06-25T23:59:59+02:00,224,210,12765,12403,25188,23761,28918,29199,35545,36189,39841,40498,27033,30168,19550,24465,6131,10331,2,12,5914,6018,12041,12123,13669,15556,19399,21866,26999,29145,21430,23997,17267,21579,5815,9731,271902,189360,44089,23463,77215,40552,9160,54,28
2021-06-24T23:59:59+02:00,159,156,11790,11571,24073,22881,28555,28845,35395,36022,39724,40392,26994,30119,19539,24441,6129,10327,2,11,5696,5787,11585,11708,13088,14964,17859,20466,25346,27548,20656,23137,16948,21172,5805,9721,266655,184367,44067,19840,77211,38138,9126,54,28
2021-06-23T23:59:59+02:00,123,130,11425,11250,23576,22508,28306,28602,35218,35894,39634,40303,26963,30092,19530,24403,6127,10315,2,11,5622,5676,11373,11493,12788,14614,17465,20056,24596,26778,19860,22387,16755,20918,5797,9705,264034,182014,44059,19220,77206,35587,9047,54,28
2021-06-22T23:59:59+02:00,102,117,11243,11040,23415,22368,28225,28529,35142,35832,39587,40257,26948,30067,19522,24394,6127,10314,1,9,5512,5555,11105,11233,12421,14244,16862,19455,23862,26010,19480,21962,16592,20739,5790,9689,262886,178975,44056,18347,77204,34141,9030,54,28
2021-06-21T23:59:59+02:00,90,105,10992,10857,22582,21704,27972,28300,35074,35769,39524,40214,26931,30048,19516,24384,6127,10313,1,8,5394,5455,10887,11018,12113,13921,16472,19109,23412,25542,19188,21647,16487,20619,5784,9687,260299,177512,44045,17332,77197,32964,8908,54,28
2021-06-20T23:59:59+02:00,84,104,10927,10766,22333,21489,27713,28099,34994,35692,39479,40170,26919,30032,19514,24379,6125,10310,1,7,5353,5402,10800,10916,12018,13818,16275,18924,23142,25301,19087,21540,16434,20561,5778,9683,259009,177199,44044,16268,77191,32714,8831,54,28
2021-06-19T23:59:59+02:00,83,100,10904,10743,22301,21466,27695,28086,34982,35688,39470,40166,26918,30031,19514,24377,6125,10310,1,7,5322,5370,10718,10825,11926,13698,16127,18773,22834,24939,18999,21453,16422,20548,5777,9683,258859,177093,44024,14769,77191,32701,8831,54,28
2021-06-18T23:59:59+02:00,80,98,10856,10694,21984,21140,27433,27868,34928,35651,39438,40143,26909,30022,19513,24374,6125,10308,1,7,5307,5361,10689,10794,11886,13649,16065,18710,22750,24843,18833,21271,16377,20482,5776,9678,257469,176697,44020,14768,77190,32155,8831,54,28
2021-06-17T23:59:59+02:00,71,90,10276,10264,20705,20182,26571,27133,34557,35326,39179,39952,26845,29940,19492,24337,6118,10303,1,7,5111,5221,10313,10541,11441,13247,15383,18099,21380,23522,18374,20780,16213,20309,5772,9664,251684,171387,44000,14193,77177,31344,8426,54,28
2021-06-16T23:59:59+02:00,63,78,9939,9956,20020,19548,25938,26532,34306,35123,39018,39802,26799,29887,19468,24312,6117,10299,1,7,4967,5077,9924,10207,10981,12795,14679,17409,20528,22583,17970,20333,16042,20095,5762,9652,247844,167599,43984,12923,77163,30303,8160,54,27
2021-06-15T23:59:59+02:00,48,72,9698,9712,19721,19302,25713,26334,34174,35016,38922,39721,26767,29851,19461,24297,6112,10295,1,7,4863,4962,9684,9991,10746,12535,14254,16981,19926,22004,17646,19941,15820,19863,5753,9640,246069,165503,43974,11833,77156,29292,7963,54,26
2021-06-14T23:59:59+02:00,44,67,9566,9586,19421,19043,25535,26191,34054,34936,38858,39681,26749,29831,19455,24286,6112,10292,1,7,4782,4899,9495,9853,10571,12399,13991,16763,19610,21709,17480,19783,15718,19729,5752,9636,244865,164039,43972,11831,77152,28618,7664,54,26
2021-06-13T23:59:59+02:00,43,63,9406,9458,19131,18859,25179,25938,33855,34768,38750,39614,26733,29819,19445,24278,6112,10288,0,7,4699,4830,9284,9680,10402,12223,13665,16416,19261,21378,17351,19634,15671,19664,5750,9634,243218,163173,43972,11830,77147,27172,7348,54,26
2021-06-12T23:59:59+02:00,43,63,9397,9440,19119,18846,25179,25933,33855,34765,38747,39613,26733,29819,19445,24278,6112,10288,0,7,4696,4816,9272,9618,10369,12121,13616,16262,19206,21242,17242,19508,15554,19562,5748,9632,243170,163143,43972,11828,77142,26137,7337,54,26
2021-06-11T23:59:59+02:00,38,59,9238,9259,18886,18636,24376,25260,33677,34609,38612,39500,26700,29785,19434,24254,6112,10283,0,7,4618,4706,9051,9359,10109,11823,13094,15710,18229,20342,17056,19310,15514,19518,5745,9629,240250,159112,43970,11827,77137,25548,7307,54,26
2021-06-10T23:59:59+02:00,36,55,8844,8929,18238,18140,23527,24588,33358,34328,38409,39335,26641,29731,19410,24226,6109,10276,0,7,4443,4529,8477,8864,9299,11101,11943,14603,16225,18419,16166,18342,15228,19151,5736,9607,236629,149400,43316,11794,77111,23848,7072,52,26
2021-06-09T23:59:59+02:00,19,37,8392,8428,17403,17415,22375,23544,32872,33859,38122,39114,26532,29626,19362,24167,6099,10263,0,7,4306,4412,8186,8601,9054,10847,11608,14234,15741,17870,15790,17910,14986,18866,5729,9597,232625,147561,41421,11753,77070,21928,6476,37,26
2021-06-08T23:59:59+02:00,11,25,8072,8109,16933,17003,21953,23178,32626,33664,37959,38984,26488,29585,19352,24145,6096,10258,0,7,4187,4330,7932,8350,8748,10502,11247,13887,15098,17165,15327,17386,14724,18587,5724,9579,229895,145849,41390,10635,77060,20211,6059,37,26
2021-06-07T23:59:59+02:00,8,21,7875,7879,16575,16680,21414,22720,32344,33394,37841,38866,26458,29537,19332,24116,6091,10257,0,7,4111,4250,7751,8207,8589,10356,11076,13714,14783,16837,15127,17129,14550,18394,5720,9574,228272,144762,40418,10542,77040,19204,5641,37,26
2021-06-06T23:59:59+02:00,6,18,7768,7770,16441,16533,21218,22513,32115,33169,37705,38760,26431,29512,19320,24099,6091,10251,0,7,4083,4214,7703,8087,8535,10224,10968,13567,14586,16616,14941,16949,14461,18273,5713,9568,227036,144272,40118,10529,77022,18161,5507,37,26
2021-06-05T23:59:59+02:00,6,18,7746,7756,16415,16509,21210,22510,32104,33162,37703,38759,26430,29512,19319,24098,6091,10251,0,7,4073,4174,7688,8022,8521,10092,10954,13395,14567,16511,14906,16894,14452,18263,5713,9567,226930,144190,40118,10529,77021,17561,5493,37,26
2021-06-04T23:59:59+02:00,6,16,7635,7654,16136,16270,20936,22260,31681,32787,37588,38637,26397,29473,19308,24085,6089,10249,0,7,4066,4164,7660,7999,8494,10061,10887,13322,14462,16378,14824,16801,14415,18219,5713,9565,225331,143851,39344,10199,77002,17468,5493,37,26
2021-06-03T23:59:59+02:00,4,16,7380,7425,15259,15479,19304,20869,30768,31860,37083,38175,26265,29337,19263,24033,6083,10231,0,7,4006,4125,7572,7928,8371,9964,10714,13139,13890,15805,14559,16484,14329,18111,5710,9552,218699,141622,37765,10079,76990,17196,5343,37,26
2021-06-02T23:59:59+02:00,4,16,7246,7281,14881,15054,18873,20464,30301,31404,36855,37911,26201,29273,19243,24004,6080,10229,0,7,3977,4096,7510,7842,8283,9869,10574,13008,13441,15372,14434,16301,14299,18073,5707,9547,215621,139827,37334,9985,76989,17163,5339,37,26
2021-06-01T23:59:59+02:00,4,13,6972,7037,14483,14744,18529,20147,29974,31092,36631,37678,26145,29193,19219,23975,6078,10218,0,7,3876,4012,7269,7666,8049,9676,10310,12732,13033,14947,13999,15847,14183,17918,5700,9539,212875,137689,37290,9731,76968,16355,4962,37,26
2021-05-31T23:59:59+02:00,4,13,6810,6851,14261,14510,17828,19546,29632,30749,36337,37414,26052,29095,19192,23922,6068,10206,0,7,3799,3902,7059,7419,7825,9393,9966,12348,12594,14426,13470,15232,13982,17687,5692,9524,211435,134501,35251,9410,76953,15574,4814,37,26
2021-05-30T23:59:59+02:00,4,13,6787,6835,14216,14469,17750,19487,29582,30710,36305,37388,26040,29083,19189,23915,6067,10204,0,7,3755,3830,6901,7204,7678,9157,9759,12026,12338,14071,13349,15061,13916,17604,5689,9517,211136,133763,35238,9308,76895,14027,4738,37,26
2021-05-29T23:59:59+02:00,4,13,6785,6834,14207,14463,17745,19481,29577,30706,36302,37387,26038,29080,19189,23914,6067,10204,0,7,3745,3818,6871,7171,7644,9106,9723,11979,12264,13972,13307,14992,13886,17579,5688,9512,211104,133621,35238,9307,76880,13573,4737,37,26
2021-05-28T23:59:59+02:00,4,13,6775,6821,14190,14451,17729,19459,29563,30693,36291,37367,26035,29075,19187,23910,6067,10204,0,6,3731,3795,6850,7131,7609,9051,9670,11874,12021,13702,13116,14801,13856,17538,5685,9509,210948,132324,35237,9306,76877,13554,4735,37,26
2021-05-27T23:59:59+02:00,4,13,6684,6740,13921,14232,17239,19113,28882,30149,36130,37234,25985,29039,19172,23894,6066,10198,0,6,3607,3633,6562,6878,7233,8742,9172,11316,11311,12805,12562,14230,13726,17344,5677,9497,209856,128797,33792,8977,76835,12326,4175,37,26
2021-05-26T23:59:59+02:00,4,13,6614,6633,13711,14030,16986,18803,28338,29636,35954,37059,25944,28989,19155,23864,6065,10191,0,6,3516,3491,6339,6589,6944,8314,8830,10838,10657,12003,11997,13614,13579,17128,5672,9475,208244,125173,33042,8793,76820,11155,3847,36,24
2021-05-25T23:59:59+02:00,4,13,6533,6538,13504,13810,16722,18590,27614,28988,35861,36962,25920,28958,19143,23848,6060,10190,0,6,3467,3398,6195,6419,6797,8123,8604,10547,10309,11637,11653,13136,13474,16965,5669,9467,207525,123326,31586,8655,76337,10086,3775,35,24
2021-05-24T23:59:59+02:00,4,13,6463,6442,13326,13610,16499,18310,27198,28557,35515,36561,25863,28890,19124,23824,6059,10188,0,6,3454,3377,6136,6338,6752,8039,8544,10452,10236,11539,11478,12903,13426,16873,5661,9446,206993,122697,29352,8607,76330,9596,3736,35,24
2021-05-23T23:59:59+02:00,4,13,6461,6441,13321,13601,16496,18300,27179,28547,35485,36527,25860,28883,19124,23818,6059,10188,0,3,3449,3373,6130,6328,6742,8032,8516,10421,10196,11480,11395,12801,13406,16840,5661,9445,206878,122683,29335,8192,76329,9589,3730,35,24
2021-05-22T23:59:59+02:00,4,13,6454,6437,13313,13589,16490,18295,27175,28545,35482,36521,25860,28883,19124,23818,6059,10188,0,3,3447,3373,6126,6325,6740,8028,8512,10419,10191,11477,11384,12787,13401,16836,5660,9445,206823,122643,29335,8192,76327,9565,3730,35,24
2021-05-21T23:59:59+02:00,4,13,6392,6378,13160,13483,16315,18146,26905,28367,35051,36255,25834,28845,19116,23812,6058,10184,0,3,3438,3363,6093,6304,6710,7994,8472,10370,10137,11428,10864,12074,13260,16676,5657,9440,206134,120881,29210,8189,75281,9531,3658,35,24
2021-05-20T23:59:59+02:00,3,12,6097,6176,12548,13068,15123,17224,24992,26868,34095,35487,25729,28701,19061,23730,6052,10169,0,3,3379,3317,5996,6188,6594,7837,8323,10205,9897,11120,10525,11618,13147,16492,5647,9426,201364,118869,27466,8106,72742,9186,3529,34,24
2021-05-19T23:59:59+02:00,3,12,5890,5934,12034,12608,14417,16518,24044,26050,33468,34884,25614,28609,19026,23670,6044,10157,0,3,3302,3242,5835,6019,6404,7592,8048,9924,9593,10739,10212,11202,13068,16347,5645,9418,195654,116949,27425,7910,72726,8567,3143,34,24
2021-05-18T23:59:59+02:00,3,11,5720,5823,11636,12290,13795,16016,22888,25102,32801,34277,25498,28473,18978,23618,6039,10147,0,3,3260,3211,5719,5907,6237,7432,7842,9709,9394,10499,10037,10951,12921,16122,5635,9409,190705,115783,26914,7841,72682,7860,2780,34,24
2021-05-17T23:59:59+02:00,3,10,5667,5779,11472,12184,13522,15794,22070,24464,32491,33961,25419,28413,18956,23588,6030,10138,0,3,3143,3137,5527,5723,6063,7216,7633,9481,9169,10254,9944,10826,12863,16058,5632,9404,188934,115020,26211,7833,72287,6704,2495,34,24
2021-05-16T23:59:59+02:00,3,10,5639,5759,11410,12126,13437,15714,21455,23913,31878,33432,25379,28369,18946,23573,6029,10138,0,3,3138,3115,5513,5654,6035,7156,7605,9382,9138,10170,9928,10806,12860,16055,5632,9404,188166,114908,24665,7827,71862,6353,2483,34,23
2021-05-15T23:59:59+02:00,3,10,5630,5750,11377,12117,13408,15705,21379,23842,31338,33058,25368,28364,18945,23570,6028,10137,0,3,3125,3100,5494,5612,6021,7081,7565,9267,8900,9916,9895,10775,12826,16004,5632,9403,188115,114903,24652,7689,71215,5991,2013,34,23
2021-05-14T23:59:59+02:00,3,10,5591,5724,11315,12077,13335,15641,20968,23531,30906,32711,25333,28318,18933,23554,6028,10135,0,3,3093,3060,5457,5523,6000,6945,7524,9065,8839,9721,9822,10665,12740,15875,5632,9400,187392,114732,24331,7354,70344,5243,2012,34,23
2021-05-13T23:59:59+02:00,3,10,5436,5568,10933,11781,12621,15053,18779,21784,29360,31242,25106,28075,18865,23482,6026,10132,0,3,3082,3025,5434,5484,5984,6888,7498,8995,8795,9661,9604,10421,12537,15569,5627,9389,183432,114373,20537,6527,68256,5076,1997,34,23
2021-05-12T23:59:59+02:00,2,10,5406,5541,10863,11723,12520,14965,18656,21660,28997,30877,25013,27980,18848,23453,6025,10127,0,3,3081,3021,5428,5478,5974,6875,7473,8980,8756,9607,9415,10188,12304,15245,5624,9382,182483,114089,19900,5656,68253,5071,1996,34,22
2021-05-11T23:59:59+02:00,2,10,5269,5436,10613,11470,12153,14597,18046,21020,28065,29905,24821,27790,18788,23377,6020,10113,0,3,3038,2980,5338,5323,5874,6689,7343,8737,8592,9385,9233,9990,12152,15056,5615,9363,178396,113033,19006,5548,68122,4171,1937,34,22
2021-05-10T23:59:59+02:00,2,9,5144,5361,10398,11279,11893,14341,17720,20686,27643,29496,24713,27682,18749,23330,6012,10109,0,3,2967,2926,5221,5207,5759,6585,7219,8596,8463,9278,9129,9866,12062,14927,5612,9354,176388,112501,18322,5536,67894,3186,1929,34,22
2021-05-09T23:59:59+02:00,2,9,5070,5315,10300,11163,11793,14222,17379,20400,27252,29118,24626,27595,18720,23294,6009,10106,0,3,2899,2894,5075,5165,5582,6542,7052,8567,8333,9242,9117,9856,12044,14907,5612,9354,175992,112425,17040,5526,67394,2358,1913,34,22
2021-05-08T23:59:59+02:00,2,9,5069,5314,10297,11159,11793,14222,17375,20398,27249,29116,24626,27595,18720,23294,6009,10106,0,3,2899,2893,5073,5165,5582,6542,7052,8567,8330,9242,9116,9855,12044,14907,5612,9354,175976,112422,17040,5526,67391,2354,1912,34,22
2021-05-07T23:59:59+02:00,2,9,5036,5288,10229,11107,11662,14098,16974,20125,26613,28559,24577,27544,18703,23262,6003,10076,0,3,2888,2886,5058,5157,5571,6526,7040,8556,8322,9231,9110,9847,12033,14887,5605,9326,175141,112407,17037,5520,65869,2311,1786,34,22
2021-05-06T23:59:59+02:00,1,9,4766,5127,9775,10764,11097,13580,15884,19101,24203,26265,24077,27014,18597,23160,5998,10062,0,3,2845,2840,4991,5081,5530,6434,6958,8438,8193,9079,9009,9733,12009,14836,5602,9323,170104,111866,14586,5463,62983,1778,1775,32,22
2021-05-05T23:59:59+02:00,1,9,4685,5046,9480,10535,10756,13254,15304,18500,23356,25298,23817,26687,18529,23055,5988,10044,0,2,2826,2803,4942,4996,5471,6314,6876,8274,8068,8863,8901,9601,11931,14749,5601,9314,166438,110920,13268,5457,62832,1359,1774,32,22
2021-05-04T23:59:59+02:00,1,9,4601,4954,9306,10335,10544,13012,14915,18104,22808,24732,23606,26415,18457,22974,5980,10030,0,2,2818,2769,4914,4920,5438,6193,6823,8134,7972,8708,8797,9488,11856,14690,5599,9311,164184,110418,12143,5446,62668,790,1756,32,22
2021-05-03T23:59:59+02:00,1,9,4530,4879,9116,10201,10369,12836,14634,17858,22397,24318,23467,26265,18430,22926,5980,10024,0,2,2744,2698,4830,4849,5363,6107,6728,8028,7790,8543,8711,9401,11817,14641,5596,9306,162677,110195,12142,5443,62575,680,814,32,22
2021-05-02T23:59:59+02:00,1,9,4517,4865,9040,10144,10246,12726,14308,17551,22095,24032,23417,26206,18411,22901,5979,10023,0,2,2738,2691,4771,4816,5275,6024,6592,7898,7671,8442,8665,9359,11793,14607,5594,9301,161791,110075,12139,5441,62471,663,38,32,22
2021-05-01T23:59:59+02:00,1,9,4517,4862,9038,10143,10245,12726,14304,17547,22093,24032,23416,26205,18411,22901,5979,10023,0,2,2738,2691,4771,4816,5275,6024,6591,7898,7671,8442,8665,9359,11793,14607,5594,9301,161772,110075,12139,5440,62471,663,38,32,22
2021-04-30T23:59:59+02:00,0,9,4445,4776,8799,9928,9984,12485,13822,17121,21251,23258,23291,26068,18395,22870,5976,10020,0,2,2734,2689,4760,4808,5266,5990,6580,7867,7638,8403,8661,9356,11792,14604,5592,9300,158181,110047,12138,5438,62143,531,4,32,22
2021-04-29T23:59:59+02:00,0,9,4298,4631,8320,9516,9282,11882,12819,16217,19399,21571,22583,25304,18256,22659,5970,10003,0,2,2712,2670,4718,4737,5223,5916,6517,7761,7556,8287,8551,9241,11726,14529,5585,9291,148969,109551,12123,5174,61592,271,4,31,22
2021-04-28T23:59:59+02:00,0,9,4266,4612,8249,9443,9206,11795,12699,16096,19182,21358,22494,25213,18229,22618,5968,9998,0,2,2709,2658,4693,4677,5195,5872,6487,7687,7508,8205,8534,9216,11709,14507,5583,9285,148584,109357,12035,5101,60782,45,3,31,21
2021-04-27T23:59:59+02:00,0,9,4228,4565,8112,9308,9091,11645,12552,15928,18731,20862,22263,24955,18164,22540,5965,9989,0,2,2706,2654,4691,4673,5185,5864,6474,7668,7473,8167,8473,9137,11627,14425,5579,9281,147855,109095,10959,4928,60059,37,3,31,16
2021-04-26T23:59:59+02:00,0,9,4187,4538,8005,9212,8944,11539,12379,15754,18319,20497,22129,24808,18128,22508,5964,9987,0,2,2706,2652,4687,4669,5180,5856,6461,7648,7440,8139,8425,9089,11571,14346,5575,9264,147078,108990,10824,4670,58972,32,2,31,16
2021-04-25T23:59:59+02:00,0,9,4173,4523,7968,9181,8881,11476,12244,15625,17976,20163,21929,24571,18088,22453,5960,9982,0,2,2706,2652,4686,4667,5177,5852,6456,7645,7438,8135,8369,9030,11548,14318,5575,9262,145696,108967,10813,4502,58660,31,2,31,16
2021-04-24T23:59:59+02:00,0,9,4166,4515,7952,9176,8866,11466,12196,15594,17918,20125,21914,24558,18086,22448,5960,9982,0,2,2705,2652,4686,4667,5177,5852,6456,7645,7438,8135,8369,9029,11548,14318,5575,9262,145599,108967,10812,4502,58487,30,2,31,15
2021-04-23T23:59:59+02:00,0,9,4146,4485,7895,9113,8781,11364,11858,15268,17483,19726,21699,24325,18021,22371,5958,9974,0,2,2702,2650,4683,4664,5171,5844,6442,7636,7415,8104,8348,9002,11539,14309,5573,9259,144331,108955,10465,4342,57647,29,2,31,15
2021-04-22T23:59:59+02:00,0,9,4097,4421,7764,8924,8597,11106,11531,14850,16567,18741,21127,23614,17886,22191,5948,9956,0,2,2694,2644,4677,4642,5149,5817,6400,7602,7346,8059,8219,8844,11397,14158,5568,9250,140603,108337,10335,4093,56359,21,2,30,15
2021-04-21T23:59:59+02:00,0,9,4055,4378,7664,8803,8441,10945,11236,14569,15830,17982,20746,23167,17811,22086,5943,9943,0,2,2685,2633,4659,4621,5133,5796,6388,7584,7317,8036,8170,8782,11357,14118,5566,9248,137677,108051,10205,4009,55696,19,2,28,14
2021-04-20T23:59:59+02:00,0,9,4030,4352,7630,8750,8365,10865,11073,14395,15396,17507,20282,22649,17707,21935,5935,9931,0,2,2676,2624,4649,4608,5109,5776,6360,7560,7277,7996,8076,8650,11281,14031,5562,9244,135528,107478,9940,3969,55313,18,2,28,14
2021-04-19T23:59:59+02:00,0,9,4000,4301,7567,8645,8273,10726,10915,14212,15143,17212,19803,22084,17540,21718,5925,9919,0,2,2671,2623,4645,4604,5095,5761,6341,7543,7250,7951,8023,8597,11254,13985,5560,9240,133459,107145,9587,3966,54918,18,2,26,14
2021-04-18T23:59:59+02:00,0,6,3980,4273,7508,8593,8168,10600,10656,13969,14651,16674,19371,21572,17417,21533,5921,9913,0,2,2670,2623,4645,4604,5095,5761,6340,7540,7247,7950,8019,8594,11252,13981,5559,9237,131039,107122,9516,3964,54222,17,2,26,14
2021-04-17T23:59:59+02:00,0,6,3977,4265,7488,8586,8157,10582,10615,13923,14539,16586,19251,21450,17395,21505,5920,9911,0,2,2670,2623,4644,4602,5088,5756,6326,7535,7222,7927,7973,8548,11233,13958,5557,9237,130602,107110,9506,3758,54020,17,2,26,14
2021-04-16T23:59:59+02:00,0,6,3966,4221,7415,8462,8054,10427,10422,13661,13870,15823,18684,20808,17270,21330,5909,9893,0,2,2667,2620,4639,4595,5083,5743,6308,7524,7184,7892,7662,8157,11139,13817,5550,9220,127758,106306,9445,3464,52991,17,1,26,14
2021-04-15T23:59:59+02:00,0,5,3922,4168,7301,8330,7878,10192,10087,13271,13144,14964,17873,19947,17029,21008,5894,9873,0,2,2666,2612,4627,4578,5069,5710,6275,7488,7112,7819,7103,7492,11010,13656,5546,9210,124118,104631,9285,3314,51456,15,1,26,14
2021-04-14T23:59:59+02:00,0,4,3895,4136,7235,8224,7771,10041,9910,13072,12726,14518,17346,19334,16877,20799,5888,9859,0,2,2632,2593,4609,4546,5041,5663,6240,7455,7054,7759,6456,6724,10745,13358,5542,9202,122727,102280,9048,3313,49833,13,1,26,14
2021-04-13T23:59:59+02:00,0,4,3891,4130,7197,8207,7714,10006,9802,13019,12353,14225,16656,18481,16641,20495,5884,9853,0,2,2607,2565,4590,4520,5013,5628,6182,7385,6966,7655,6244,6471,10156,12674,5533,9181,122023,100041,8826,3303,47682,13,1,26,14
2021-04-12T23:59:59+02:00,0,4,3878,4112,7142,8161,7656,9936,9694,12918,12106,14010,16217,17965,16453,20281,5879,9850,0,2,2578,2554,4523,4478,4907,5558,6064,7308,6848,7555,5497,5649,9704,12135,5493,9139,121687,96670,8790,3294,45759,13,1,25,14
2021-04-11T23:59:59+02:00,0,4,3863,4104,7100,8109,7596,9893,9602,12841,11869,13801,15648,17276,16177,19940,5874,9840,0,2,2502,2474,4394,4357,4756,5425,5902,7156,6698,7450,5195,5288,9572,11973,5493,9135,121093,94502,8360,3243,44058,12,1,25,14
2021-04-10T23:59:59+02:00,0,4,3845,4084,7061,8062,7553,9836,9541,12782,11778,13716,15430,17083,16128,19871,5873,9833,0,2,1941,1910,3582,3635,3886,4661,4899,6240,5843,6662,4923,4983,9443,11821,5486,9126,120628,85773,8360,3243,43466,12,1,25,14
2021-04-09T23:59:59+02:00,0,4,3824,4064,7024,8032,7492,9780,9390,12653,11451,13435,14245,15549,15683,19339,5860,9821,0,2,1083,1085,2221,2440,2378,3292,3113,4596,4217,5196,4232,4247,9192,11463,5461,9096,118728,70048,8358,3240,40535,12,0,25,14
2021-04-08T23:59:59+02:00,0,4,3798,4048,6962,7979,7388,9686,9202,12536,11047,13083,13109,14284,15265,18809,5838,9785,0,2,583,596,1298,1733,1476,2366,2011,3508,2841,3805,2985,2845,8370,10460,5304,8859,117464,55780,8275,3237,37059,11,0,25,14
2021-04-07T23:59:59+02:00,0,4,3750,4022,6884,7923,7296,9615,9074,12407,10737,12776,12379,13516,15046,18545,5832,9763,0,2,354,379,948,1387,1070,1980,1501,3046,1893,2800,1801,1556,7461,9313,5148,8600,116500,45980,8122,3237,34923,8,0,24,14
2021-04-06T23:59:59+02:00,0,4,3734,4010,6863,7885,7240,9548,8981,12328,10525,12559,11994,13020,14826,18251,5821,9750,0,2,347,365,938,1376,1055,1959,1473,3018,1834,2741,1722,1487,7043,8754,4995,8361,115229,44213,8023,3236,34065,7,0,22,14
2021-04-05T23:59:59+02:00,0,4,3728,4009,6852,7872,7227,9537,8962,12300,10461,12500,11883,12872,14727,18158,5819,9747,0,2,345,359,928,1372,1049,1951,1463,2997,1812,2707,1669,1434,6813,8446,4870,8175,114889,43136,8001,3235,33746,7,0,22,14
2021-04-04T23:59:59+02:00,0,4,3728,4009,6850,7866,7226,9536,8959,12300,10451,12495,11879,12868,14724,18157,5819,9747,0,2,345,358,926,1372,1048,1949,1462,2996,1810,2704,1666,1429,6806,8432,4865,8172,114883,43087,8000,3234,33713,7,0,22,14
2021-04-03T23:59:59+02:00,0,4,3728,4009,6850,7865,7225,9536,8959,12300,10450,12495,11879,12867,14722,18155,5819,9747,0,2,345,357,924,1368,1046,1948,1461,2991,1808,2704,1660,1417,6763,8350,4830,8136,114879,42856,8000,3234,33709,6,0,22,14
2021-04-02T23:59:59+02:00,0,4,3726,4007,6848,7862,7219,9530,8946,12293,10434,12479,11752,12752,14679,18096,5816,9738,0,2,343,355,922,1362,1040,1937,1446,2966,1767,2666,1565,1331,5997,7452,4389,7566,114753,40174,7995,2912,33411,6,0,22,14
2021-04-01T23:59:59+02:00,0,3,3687,3995,6814,7841,7177,9500,8894,12254,10362,12408,11404,12344,14298,17577,5810,9718,0,2,338,352,906,1347,1028,1916,1414,2921,1707,2601,1441,1234,5048,6330,3821,6724,114351,36203,6579,2907,33134,6,0,22,14
2021-03-31T23:59:59+02:00,0,3,3681,3990,6799,7821,7160,9481,8859,12221,10272,12336,11068,11936,13946,17079,5804,9696,0,2,335,348,898,1337,1017,1900,1394,2893,1657,2564,1375,1181,4455,5641,3458,6246,113767,33847,5569,2834,32794,6,0,22,14
2021-03-30T23:59:59+02:00,0,3,3663,3966,6763,7784,7102,9415,8770,12118,10110,12181,10809,11659,13725,16814,5797,9682,0,2,331,341,893,1326,1009,1894,1371,2886,1628,2538,1348,1155,4336,5519,3396,6151,112954,33469,5319,2635,32068,6,0,20,14
2021-03-29T23:59:59+02:00,0,3,3653,3944,6737,7762,7062,9362,8674,12023,9927,11972,10370,11190,13353,16345,5781,9649,0,2,326,337,889,1315,1003,1886,1362,2875,1614,2529,1326,1141,4200,5375,3298,6018,111279,32848,5011,2629,31497,5,0,20,14
2021-03-28T23:59:59+02:00,0,3,3612,3888,6621,7603,6945,9218,8548,11830,9773,11781,10162,10928,13177,16163,5777,9640,0,2,326,337,889,1313,1001,1885,1361,2875,1613,2527,1317,1138,4167,5332,3272,5992,110908,32803,4744,2526,29998,4,0,19,14
2021-03-27T23:59:59+01:00,0,3,3611,3877,6609,7539,6915,9105,8498,11660,9721,11627,10049,10804,13082,16074,5776,9640,0,2,326,336,889,1313,1001,1882,1361,2873,1609,2526,1315,1136,4141,5297,3259,5977,110899,32700,4744,2525,28928,4,0,19,14
2021-03-26T23:59:59+01:00,0,3,3605,3870,6581,7502,6887,9030,8450,11547,9630,11499,10000,10740,13034,16018,5768,9619,0,2,321,334,888,1310,997,1870,1358,2852,1589,2512,1290,1120,3954,5068,3150,5823,110839,31936,4520,2484,28405,4,0,19,14
2021-03-25T23:59:59+01:00,0,3,3582,3839,6489,7376,6795,8864,8261,11316,9320,11182,9619,10355,12728,15702,5763,9608,0,2,321,333,886,1302,994,1860,1345,2839,1566,2493,1265,1100,3715,4818,2897,5483,110461,30718,4308,2484,26014,3,0,19,14
2021-03-24T23:59:59+01:00,0,3,3525,3789,6399,7192,6672,8638,8096,11079,9093,10857,9204,9865,12310,15243,5752,9597,0,2,321,332,885,1298,989,1858,1338,2835,1550,2477,1256,1090,3648,4744,2712,5257,109946,30094,4170,2484,23179,0,0,19,14
2021-03-23T23:59:59+01:00,0,3,3506,3756,6351,7138,6595,8578,7978,10951,8845,10624,8783,9398,11859,14721,5742,9583,0,2,321,332,884,1288,984,1849,1333,2826,1546,2470,1231,1065,3556,4667,2515,4934,109130,29305,4078,2484,21184,0,0,19,14
2021-03-22T23:59:59+01:00,0,3,3498,3736,6309,7110,6560,8530,7912,10876,8697,10488,8502,9047,11557,14397,5707,9544,0,2,319,327,878,1278,976,1842,1326,2815,1536,2460,1219,1055,3527,4631,2496,4901,108463,29091,4076,2483,19915,0,0,19,14
2021-03-21T23:59:59+01:00,0,3,3496,3734,6305,7100,6542,8514,7895,10857,8641,10430,8382,8930,11488,14295,5704,9541,0,2,317,326,870,1275,969,1835,1317,2813,1531,2456,1215,1052,3518,4616,2481,4891,108378,28987,4074,2483,19386,0,0,19,14
2021-03-20T23:59:59+01:00,0,3,3488,3696,6297,7028,6525,8377,7870,10673,8597,10295,8304,8844,11450,14256,5704,9541,0,2,317,326,870,1275,969,1834,1316,2813,1531,2454,1215,1052,3518,4615,2481,4890,108344,28982,3863,2482,18722,0,0,19,14
2021-03-19T23:59:59+01:00,0,3,3475,3666,6269,6942,6501,8284,7824,10556,8484,10135,7761,8237,11263,14013,5695,9523,0,2,314,325,865,1268,952,1825,1294,2782,1481,2410,1133,984,2847,3820,2062,4308,106724,26176,3561,2482,18327,0,0,19,14
2021-03-18T23:59:59+01:00,0,3,3464,3648,6228,6902,6467,8222,7760,10470,8368,10007,6800,7135,10983,13712,5683,9498,0,2,313,325,861,1263,946,1815,1279,2774,1457,2390,1094,964,2640,3579,1905,4085,103696,25196,3400,2482,18235,0,0,19,14
2021-03-17T23:59:59+01:00,0,3,3427,3609,6158,6819,6412,8117,7669,10339,8237,9849,6114,6285,10699,13401,5666,9471,0,2,312,325,853,1257,941,1803,1265,2752,1438,2363,1057,939,2511,3446,1823,3967,100896,24560,3399,2482,17961,0,0,19,12
2021-03-16T23:59:59+01:00,0,3,3409,3579,6119,6766,6367,8043,7615,10273,8146,9747,5937,6109,9989,12587,5625,9407,0,2,305,314,839,1240,929,1794,1259,2732,1426,2355,1042,919,2296,3197,1686,3770,98622,23613,3387,2480,17693,0,0,19,12
2021-03-15T23:59:59+01:00,0,3,3372,3547,6020,6686,6237,7950,7471,10153,8018,9621,5184,5275,9542,12037,5581,9337,0,2,304,313,835,1236,927,1787,1257,2719,1417,2346,1029,907,2151,3023,1595,3675,95099,23032,3378,2479,17538,0,0,19,12
2021-03-14T23:59:59+01:00,0,3,3248,3404,5741,6341,5966,7592,7157,9737,7731,9303,4852,4884,9381,11838,5577,9322,0,2,304,312,835,1236,926,1787,1255,2718,1415,2343,1027,904,2148,3020,1592,3674,92702,23010,3323,2476,16033,0,0,19,12
2021-03-13T23:59:59+01:00,0,3,2592,2749,4807,5472,4956,6668,5968,8624,6718,8356,4537,4501,8995,11314,5485,9214,0,2,304,311,834,1234,926,1781,1253,2716,1414,2343,1027,903,2124,2983,1561,3638,82040,22866,3323,2476,15577,0,0,19,12
2021-03-12T23:59:59+01:00,0,2,1769,1932,3471,4319,3448,5337,4222,6985,5081,6847,3864,3795,7739,9765,4970,8524,0,2,300,308,832,1230,920,1775,1246,2696,1389,2326,982,876,1767,2517,1286,3276,63186,21240,3320,2476,15545,0,0,19,12
2021-03-11T23:59:59+01:00,0,2,1270,1455,2565,3579,2548,4402,3129,5895,3723,5461,2689,2519,6032,7658,4195,7344,0,2,295,299,816,1221,907,1752,1228,2667,1364,2279,945,856,1608,2282,1159,3086,45886,20278,3318,2476,15243,0,0,19,12
2021-03-10T23:59:59+01:00,0,2,1049,1239,2198,3219,2174,4010,2678,5454,2811,4494,1552,1314,4669,5935,3628,6576,0,2,285,289,798,1201,885,1716,1194,2593,1325,2213,918,837,1426,2091,1062,2910,34824,19366,3318,2367,14842,0,0,18,12
2021-03-09T23:59:59+01:00,0,2,1033,1210,2134,3079,2110,3895,2594,5321,2726,4368,1518,1283,4592,5862,3586,6517,0,2,281,282,784,1180,868,1690,1168,2552,1307,2185,904,825,1349,1965,990,2794,34411,18791,3315,2323,14086,0,0,18,12
2021-03-08T23:59:59+01:00,0,2,1012,1180,2077,2979,2071,3814,2534,5209,2671,4295,1480,1262,4445,5700,3483,6374,0,2,281,278,779,1172,866,1681,1160,2544,1299,2169,879,804,1178,1739,864,2623,33713,17987,3315,2319,13542,0,0,18,12
2021-03-07T23:59:59+01:00,0,2,1007,1161,2037,2933,2029,3773,2495,5144,2630,4258,1475,1259,4438,5692,3480,6374,0,2,281,278,779,1172,866,1681,1160,2544,1298,2169,876,804,1169,1729,855,2612,33679,17986,3309,2277,13181,0,0,18,12
2021-03-06T23:59:59+01:00,0,2,1007,1158,2026,2919,2017,3754,2479,5117,2613,4237,1462,1249,4404,5646,3466,6362,0,2,281,278,779,1172,866,1680,1160,2544,1298,2169,876,804,1169,1729,855,2611,33535,17985,3308,2276,13057,0,0,18,12
2021-03-05T23:59:59+01:00,0,2,1003,1154,2010,2899,1987,3731,2436,5065,2561,4199,1426,1222,4134,5320,3314,6142,0,2,280,275,772,1165,860,1672,1157,2535,1294,2159,862,800,1161,1720,854,2609,32792,17889,2974,2276,12821,0,0,18,12
2021-03-04T23:59:59+01:00,0,2,909,1006,1921,2774,1921,3594,2360,4911,2471,4039,1395,1200,3891,5058,3049,5789,0,2,280,273,770,1160,857,1663,1156,2520,1290,2150,830,784,1148,1710,847,2596,31533,17771,2970,2253,11769,0,0,18,12
2021-03-03T23:59:59+01:00,0,2,862,898,1854,2678,1850,3490,2291,4796,2397,3955,1382,1186,3781,4951,2825,5514,0,2,279,271,769,1149,854,1645,1150,2478,1280,2124,813,780,1140,1690,839,2588,30853,17742,2851,2097,10990,0,0,18,12
2021-03-02T23:59:59+01:00,0,2,818,821,1758,2555,1766,3366,2201,4672,2337,3877,1347,1164,3651,4816,2616,5163,0,2,279,270,768,1143,850,1642,1145,2473,1276,2114,811,778,1125,1669,828,2569,30117,17634,2661,2096,10134,0,0,18,12
2021-03-01T23:59:59+01:00,0,2,795,785,1658,2413,1695,3220,2101,4500,2257,3756,1329,1152,3600,4751,2572,5103,0,2,279,268,764,1139,847,1630,1141,2461,1271,2104,804,775,1120,1657,820,2562,29864,17536,2577,2096,9230,0,0,18,12
2021-02-28T23:59:59+01:00,0,2,789,762,1640,2347,1667,3148,2078,4401,2242,3689,1323,1146,3590,4736,2557,5092,0,2,278,267,764,1138,847,1625,1140,2459,1271,2099,800,773,1112,1644,816,2552,29755,17513,2575,2062,8861,0,0,18,12
2021-02-27T23:59:59+01:00,0,2,774,745,1619,2287,1650,3037,2059,4275,2221,3595,1320,1143,3590,4734,2556,5091,0,2,278,267,764,1138,847,1625,1140,2459,1271,2098,800,773,1102,1638,799,2538,29750,17512,2574,2015,8356,0,0,18,12
2021-02-26T23:59:59+01:00,0,2,645,666,1515,2174,1599,2879,1996,4039,2120,3359,1228,1073,2935,3937,2121,4498,0,2,278,266,763,1136,846,1624,1140,2457,1269,2095,799,769,1084,1625,789,2521,26929,17438,2574,2013,7265,0,0,18,12
2021-02-25T23:59:59+01:00,0,2,497,589,1398,2070,1532,2751,1937,3912,2020,3246,1177,1038,2702,3664,1954,4254,0,2,261,251,739,1114,804,1555,1090,2357,1195,2003,743,748,1051,1587,777,2493,25850,17346,2546,1412,6329,0,0,18,12
2021-02-24T23:59:59+01:00,0,2,468,559,1328,1960,1462,2608,1867,3762,1944,3096,1140,1009,2562,3528,1874,4132,0,2,232,238,714,1068,777,1493,1060,2294,1140,1952,716,725,1004,1557,764,2462,25204,17155,2534,1031,5545,0,0,18,12
2021-02-23T23:59:59+01:00,0,2,413,519,1245,1820,1387,2463,1791,3551,1876,2974,1114,974,2355,3297,1746,3940,0,2,227,233,699,1044,765,1454,1038,2247,1114,1911,707,714,995,1543,761,2458,24265,17065,2525,835,4659,0,0,18,12
2021-02-22T23:59:59+01:00,0,2,400,485,1144,1711,1284,2366,1682,3444,1795,2903,1092,960,2211,3123,1655,3841,0,2,217,224,676,992,734,1391,1012,2153,1072,1829,663,681,925,1464,722,2399,23674,16875,2521,269,3885,0,0,18,12
2021-02-21T23:59:59+01:00,0,2,381,468,1042,1679,1134,2342,1527,3422,1690,2885,1084,958,2210,3122,1655,3841,0,2,190,218,645,984,723,1383,998,2148,1066,1827,660,678,922,1458,714,2391,23644,16741,2521,254,3259,0,0,18,12
2021-02-20T23:59:59+01:00,0,2,381,466,1041,1679,1133,2342,1526,3420,1690,2883,1084,957,2209,3122,1654,3840,0,2,189,216,642,984,720,1382,992,2145,1064,1827,660,678,922,1458,714,2390,23638,16719,2520,254,3253,0,0,18,12
2021-02-19T23:59:59+01:00,0,2,376,457,1029,1675,1123,2332,1514,3401,1657,2868,1033,928,1835,2615,1351,3447,0,2,167,206,616,980,702,1374,975,2143,1058,1825,657,677,921,1458,713,2387,21876,16595,2520,254,3229,0,0,18,12
2021-02-18T23:59:59+01:00,0,2,356,436,990,1592,1085,2246,1460,3285,1616,2776,1004,904,1658,2369,1217,3236,0,2,147,195,577,969,682,1361,941,2126,1032,1805,646,658,900,1430,699,2366,20875,16270,2520,254,2819,0,0,18,12
2021-02-17T23:59:59+01:00,0,2,333,384,906,1449,976,2049,1327,3031,1505,2556,966,874,1466,2155,1116,3055,0,2,141,188,565,938,657,1308,909,2047,986,1728,611,626,893,1403,693,2346,19793,15775,2520,254,1821,0,0,16,12
2021-02-16T23:59:59+01:00,0,2,327,345,863,1311,925,1866,1266,2810,1438,2396,955,857,1405,2058,1049,2955,0,2,135,175,551,896,642,1254,881,1983,956,1686,601,616,869,1369,679,2281,19422,15445,2519,119,871,0,0,16,12
2021-02-15T23:59:59+01:00,0,2,312,303,834,1280,908,1810,1226,2726,1400,2340,926,824,1226,1828,920,2777,0,2,127,167,530,870,625,1192,855,1910,933,1609,580,579,851,1332,670,2236,18506,14977,2518,79,604,0,0,14,12
2021-02-14T23:59:59+01:00,0,2,312,303,833,1280,907,1810,1225,2726,1400,2340,926,824,1226,1828,920,2776,0,2,126,167,529,862,621,1187,849,1904,929,1606,579,578,848,1331,668,2232,18504,14928,2518,78,602,0,0,14,12
2021-02-13T23:59:59+01:00,0,2,312,303,833,1280,907,1807,1225,2724,1400,2338,926,824,1226,1827,918,2776,0,2,126,167,529,862,621,1187,846,1901,927,1602,576,578,833,1310,656,2215,18497,14925,2515,1,602,0,0,14,12
2021-02-12T23:59:59+01:00,0,2,308,302,824,1275,903,1777,1219,2697,1372,2308,924,822,1225,1824,918,2776,0,2,126,167,527,860,620,1180,840,1889,921,1589,573,576,819,1299,650,2202,18489,14827,2515,1,458,0,0,14,12
2021-02-11T23:59:59+01:00,0,2,289,293,809,1240,897,1742,1202,2632,1349,2253,890,808,1214,1813,917,2766,0,2,124,153,509,821,598,1115,806,1789,899,1530,560,562,792,1265,635,2169,18377,14317,2514,0,211,0,0,14,12
2021-02-10T23:59:59+01:00,0,2,286,286,790,1203,884,1713,1190,2587,1334,2211,885,806,1199,1796,912,2748,0,2,120,143,442,735,552,1022,728,1663,841,1444,545,545,775,1242,622,2139,18352,13560,2409,0,58,0,0,13,0
2021-02-09T23:59:59+01:00,0,2,286,283,784,1188,872,1696,1175,2567,1320,2187,870,800,1185,1777,900,2728,0,2,104,124,385,646,499,888,647,1456,752,1251,492,465,655,1073,543,1871,18242,11853,2362,0,3,0,0,13,0
2021-02-08T23:59:59+01:00,0,2,285,282,782,1183,869,1689,1173,2563,1313,2179,864,797,1169,1754,882,2703,0,2,93,100,339,551,447,786,557,1245,644,1085,415,389,566,874,438,1539,18116,10070,2359,0,1,0,0,13,0
2021-02-07T23:59:59+01:00,0,2,284,281,781,1182,868,1689,1173,2562,1313,2176,858,795,1168,1751,880,2701,0,2,91,99,337,546,445,782,555,1235,640,1079,409,383,545,851,432,1524,18092,9955,2359,0,0,0,0,13,0
2021-02-06T23:59:59+01:00,0,2,284,280,780,1181,868,1688,1173,2562,1313,2175,857,795,1166,1745,878,2699,0,2,91,98,337,542,444,781,554,1231,638,1078,406,378,496,782,401,1478,18076,9737,2357,0,0,0,0,13,0
2021-02-05T23:59:59+01:00,0,2,284,279,780,1180,867,1687,1172,2561,1312,2170,850,789,1142,1734,871,2683,0,1,85,95,329,536,428,762,529,1196,609,1035,383,350,472,754,381,1431,17993,9376,2357,0,0,0,0,13,0
2021-02-04T23:59:59+01:00,0,2,281,271,777,1159,856,1664,1158,2533,1298,2147,827,775,1113,1703,864,2664,0,0,71,76,260,413,333,593,411,967,497,832,311,287,364,609,314,1208,17745,7546,2334,0,0,0,0,13,0
2021-02-03T23:59:59+01:00,0,2,280,266,774,1136,854,1637,1151,2481,1286,2115,807,761,1097,1681,852,2650,0,0,57,55,173,285,258,442,291,717,369,595,214,205,259,449,225,905,17643,5499,2174,0,0,0,0,13,0
2021-02-02T23:59:59+01:00,0,2,279,260,770,1127,848,1616,1143,2455,1274,2098,800,754,1089,1670,850,2642,0,0,37,34,95,143,149,255,178,448,239,376,140,135,177,273,158,582,17491,3419,2173,0,0,0,0,13,0
2021-02-01T23:59:59+01:00,0,2,277,257,765,1108,840,1596,1138,2426,1270,2063,790,741,1083,1659,845,2626,0,0,13,11,17,30,27,65,49,89,76,104,54,48,65,82,47,198,17300,975,2173,0,0,0,0,13,0
2021-01-31T23:59:59+01:00,0,2,271,255,749,1106,832,1585,1127,2415,1259,2055,784,735,1073,1641,838,2612,0,0,12,11,16,28,25,62,43,84,68,96,51,48,60,75,44,185,17263,908,2063,0,0,0,0,13,0
2021-01-30T23:59:59+01:00,0,2,271,255,749,1105,831,1585,1127,2415,1259,2055,783,735,1063,1634,821,2597,0,0,12,9,15,28,25,62,43,84,67,94,50,47,59,75,44,184,17258,898,2016,0,0,0,0,13,0
2021-01-29T23:59:59+01:00,0,2,270,255,749,1104,831,1585,1127,2415,1259,2054,782,734,1062,1632,821,2595,0,0,10,4,13,26,25,60,41,83,66,94,49,46,59,75,44,184,17250,879,2014,0,0,0,0,13,0
2021-01-28T23:59:59+01:00,0,2,266,250,738,1079,797,1529,1090,2354,1183,1995,741,720,1034,1612,805,2575,0,0,5,0,4,8,10,24,20,37,21,45,21,22,25,49,17,108,17070,416,1687,0,0,0,0,13,0
2021-01-27T23:59:59+01:00,0,2,260,243,715,1047,751,1474,1031,2273,1110,1914,706,693,1019,1589,802,2567,0,0,4,0,4,5,7,20,15,23,14,32,6,9,11,12,5,30,16620,197,1563,0,0,0,0,13,0
2021-01-26T23:59:59+01:00,0,2,236,234,700,1023,743,1426,1011,2199,1083,1849,694,679,995,1573,792,2548,0,0,4,0,2,5,6,10,13,12,7,11,3,5,7,8,2,17,16570,112,1204,0,0,0,0,13,0
2021-01-25T23:59:59+01:00,0,2,205,219,647,951,691,1304,968,2053,1025,1714,647,623,917,1476,745,2472,0,0,4,0,2,5,6,10,13,12,7,11,3,5,7,8,2,17,16342,112,304,0,0,0,0,13,0
2021-01-24T23:59:59+01:00,0,2,188,213,621,939,673,1290,950,2036,1009,1704,640,617,906,1456,736,2459,0,0,3,0,2,5,6,10,12,12,6,11,3,5,7,8,2,17,16167,109,259,0,0,0,0,13,0
2021-01-23T23:59:59+01:00,0,2,188,213,621,939,673,1290,950,2036,1009,1704,640,617,906,1456,736,2459,0,0,3,0,2,4,6,10,10,12,6,11,3,5,7,8,2,17,16167,106,259,0,0,0,0,13,0
2021-01-22T23:59:59+01:00,0,2,141,195,563,929,655,1275,916,2026,997,1693,635,616,905,1456,736,2459,0,0,3,0,1,4,6,10,10,12,6,11,3,5,7,8,2,17,15927,105,259,0,0,0,0,13,0
2021-01-21T23:59:59+01:00,0,2,137,187,548,908,635,1234,883,1972,976,1646,623,595,893,1425,729,2440,0,0,3,0,0,4,5,10,9,12,6,11,3,5,7,8,2,16,15561,101,259,0,0,0,0,13,0
2021-01-20T23:59:59+01:00,0,2,131,170,501,843,612,1156,820,1862,939,1575,603,577,876,1402,719,2410,0,0,3,0,0,4,5,10,9,12,6,11,3,5,7,8,2,16,14928,101,257,0,0,0,0,13,0
2021-01-19T23:59:59+01:00,0,2,121,152,429,756,549,1027,736,1673,839,1417,556,527,778,1247,638,2154,0,0,3,0,0,4,5,8,9,12,6,11,3,5,7,8,2,16,13398,99,190,0,0,0,0,13,0
2021-01-18T23:59:59+01:00,0,2,103,118,360,606,459,857,605,1412,713,1208,486,461,690,1084,560,1869,0,0,1,0,0,1,1,0,0,0,0,1,0,0,0,1,0,0,11499,5,81,0,0,0,0,13,0
2021-01-17T23:59:59+01:00,0,2,99,116,356,601,458,851,603,1393,706,1198,480,451,663,1053,540,1822,0,0,1,0,0,1,0,0,0,0,0,1,0,0,0,1,0,0,11299,4,80,0,0,0,0,13,0
2021-01-16T23:59:59+01:00,0,2,99,113,354,592,455,846,591,1380,695,1186,465,437,566,928,478,1723,0,0,0,0,0,1,0,0,0,0,0,0,0,0,0,0,0,0,10894,1,3,0,0,0,0,13,0
2021-01-15T23:59:59+01:00,0,2,97,111,349,590,449,841,585,1373,678,1170,449,419,558,916,468,1699,0,0,0,0,0,0,0,0,0,0,0,0,0,0,0,0,0,0,10740,0,1,0,0,0,0,13,0
2021-01-14T23:59:59+01:00,0,0,80,89,295,488,370,676,467,1120,559,990,368,337,439,750,384,1443,0,0,0,0,0,0,0,0,0,0,0,0,0,0,0,0,0,0,8842,0,0,0,0,0,0,13,0
2021-01-13T23:59:59+01:00,0,0,66,66,210,371,294,506,354,839,429,711,259,238,323,563,295,1107,0,0,0,0,0,0,0,0,0,0,0,0,0,0,0,0,0,0,6619,0,0,0,0,0,0,12,0
2021-01-12T23:59:59+01:00,0,0,44,44,130,220,182,314,214,534,286,444,166,154,211,370,203,743,0,0,0,0,0,0,0,0,0,0,0,0,0,0,0,0,0,0,4259,0,0,0,0,0,0,0,0
2021-01-11T23:59:59+01:00,0,0,14,13,45,61,42,94,62,121,98,131,69,61,92,114,58,253,0,0,0,0,0,0,0,0,0,0,0,0,0,0,0,0,0,0,1328,0,0,0,0,0,0,0,0
2021-01-10T23:59:59+01:00,0,0,13,13,32,49,35,76,53,112,84,121,62,57,85,104,55,238,0,0,0,0,0,0,0,0,0,0,0,0,0,0,0,0,0,0,1189,0,0,0,0,0,0,0,0
2021-01-09T23:59:59+01:00,0,0,13,12,28,48,35,75,52,111,82,118,61,56,84,103,53,237,0,0,0,0,0,0,0,0,0,0,0,0,0,0,0,0,0,0,1168,0,0,0,0,0,0,0,0
2021-01-08T23:59:59+01:00,0,0,9,4,28,42,33,72,49,108,81,117,58,52,78,98,49,237,0,0,0,0,0,0,0,0,0,0,0,0,0,0,0,0,0,0,1115,0,0,0,0,0,0,0,0
2021-01-07T23:59:59+01:00,0,0,6,1,10,21,16,38,28,77,35,77,32,27,51,82,33,180,0,0,0,0,0,0,0,0,0,0,0,0,0,0,0,0,0,0,714,0,0,0,0,0,0,0,0
2021-01-06T23:59:59+01:00,0,0,6,0,5,10,11,30,25,43,21,48,26,24,37,56,23,129,0,0,0,0,0,0,0,0,0,0,0,0,0,0,0,0,0,0,494,0,0,0,0,0,0,0,0
2021-01-05T23:59:59+01:00,0,0,5,0,5,9,11,30,25,43,21,48,26,24,37,55,23,129,0,0,0,0,0,0,0,0,0,0,0,0,0,0,0,0,0,0,491,0,0,0,0,0,0,0,0
2021-01-04T23:59:59+01:00,0,0,4,0,2,4,5,11,14,12,6,12,3,5,7,9,2,18,0,0,0,0,0,0,0,0,0,0,0,0,0,0,0,0,0,0,114,0,0,0,0,0,0,0,0
2021-01-03T23:59:59+01:00,0,0,3,0,2,4,5,10,13,12,6,12,3,5,7,9,2,17,0,0,0,0,0,0,0,0,0,0,0,0,0,0,0,0,0,0,110,0,0,0,0,0,0,0,0
2021-01-02T23:59:59+01:00,0,0,3,0,2,4,5,10,11,12,6,12,3,5,7,9,2,17,0,0,0,0,0,0,0,0,0,0,0,0,0,0,0,0,0,0,108,0,0,0,0,0,0,0,0
2021-01-01T23:59:59+01:00,0,0,3,0,1,4,5,10,11,12,6,12,3,5,7,8,2,17,0,0,0,0,0,0,0,0,0,0,0,0,0,0,0,0,0,0,106,0,0,0,0,0,0,0,0
2020-12-31T23:59:59+01:00,0,0,3,0,0,4,5,10,9,12,6,12,3,5,7,8,2,17,0,0,0,0,0,0,0,0,0,0,0,0,0,0,0,0,0,0,103,0,0,0,0,0,0,0,0
2020-12-30T23:59:59+01:00,0,0,3,0,0,4,5,10,9,12,6,12,3,5,7,8,2,17,0,0,0,0,0,0,0,0,0,0,0,0,0,0,0,0,0,0,103,0,0,0,0,0,0,0,0
2020-12-29T23:59:59+01:00,0,0,3,0,0,3,5,8,9,12,6,12,3,5,7,8,2,17,0,0,0,0,0,0,0,0,0,0,0,0,0,0,0,0,0,0,100,0,0,0,0,0,0,0,0
2020-12-28T23:59:59+01:00,0,0,3,0,0,3,5,8,9,12,5,12,3,5,7,8,2,17,0,0,0,0,0,0,0,0,0,0,0,0,0,0,0,0,0,0,99,0,0,0,0,0,0,0,0
2020-12-27T23:59:59+01:00,0,0,1,0,0,0,0,0,0,0,0,1,0,0,2,4,0,8,0,0,0,0,0,0,0,0,0,0,0,0,0,0,0,0,0,0,16,0,0,0,0,0,0,0,0
