Datum,<24_1_m,<24_1_w,25-34_1_m,25-34_1_w,35-44_1_m,35-44_1_w,45-54_1_m,45-54_1_w,55-64_1_m,55-64_1_w,65-74_1_m,65-74_1_w,75-84_1_m,75-84_1_w,>84_1_m,>84_1_w,<24_2_m,<24_2_w,25-34_2_m,25-34_2_w,35-44_2_m,35-44_2_w,45-54_2_m,45-54_2_w,55-64_2_m,55-64_2_w,65-74_2_m,65-74_2_w,75-84_2_m,75-84_2_w,>84_2_m,>84_2_w,bp_1,bp_2,mo_1,mo_2,az_1,az_2,ja
2021-07-11T23:59:59+02:00,20412,19689,29450,27170,30908,30957,36885,37454,40885,41298,27251,30440,19463,24417,5924,10023,7856,7819,15607,15066,17858,19369,27005,28240,32547,34006,24758,27613,18212,22698,5628,9439,297542,210266,44019,33610,77111,55891,13954
2021-07-10T23:59:59+02:00,19897,19238,29084,26936,30663,30761,36676,37323,40705,41163,27187,30386,19440,24392,5922,10022,7742,7755,15352,14947,17661,19234,26781,28111,32392,33898,24695,27569,18196,22686,5627,9439,295785,209892,43896,33505,77085,55659,13029
2021-07-09T23:59:59+02:00,19861,19202,29064,26919,30653,30749,36667,37311,40694,41155,27183,30382,19438,24388,5922,10021,7700,7709,15285,14883,17600,19143,26568,27884,32147,33688,24635,27507,18175,22662,5627,9436,295649,209637,43877,33502,77084,54511,12999
2021-07-08T23:59:59+02:00,19525,18914,28923,26771,30521,30637,36566,37211,40597,41080,27151,30347,19421,24370,5917,10017,7536,7575,14995,14643,17181,18792,25908,27314,31884,33428,24469,27351,18117,22600,5624,9430,294422,208552,43825,32147,77076,53503,12645
2021-07-07T23:59:59+02:00,19128,18505,28733,26592,30399,30520,36458,37093,40493,40997,27119,30303,19407,24356,5914,10014,7338,7361,14571,14285,16729,18362,25176,26719,31487,33058,24208,27032,18025,22508,5615,9421,292903,205709,43778,31334,77065,52567,12285
2021-07-06T23:59:59+02:00,19028,18428,28690,26544,30350,30475,36421,37058,40459,40965,27102,30278,19396,24343,5912,10011,7115,7127,14237,13936,16390,18019,24433,26076,31192,32796,24019,26818,17976,22436,5608,9414,292340,203690,43775,29938,77064,51683,12281
2021-07-05T23:59:59+02:00,18914,18338,28650,26489,30313,30444,36397,37014,40433,40940,27097,30264,19390,24337,5912,10006,6880,6924,13939,13669,16042,17657,23894,25579,30634,32236,23743,26521,17869,22297,5600,9404,291873,202202,43773,27888,77060,50566,12232
2021-07-04T23:59:59+02:00,18823,18275,28612,26468,30292,30415,36388,37004,40418,40928,27091,30254,19385,24334,5912,10005,6854,6907,13887,13623,15970,17599,23810,25525,30481,32145,23651,26433,17837,22256,5598,9400,291563,201816,43772,27879,77049,50061,12220
2021-07-03T23:59:59+02:00,16699,16211,27453,25556,29503,29708,35751,36400,39926,40504,26935,30090,19319,24248,5904,9988,6475,6669,13377,13323,15574,17303,23453,25251,30182,31952,23555,26342,17805,22220,5594,9396,284160,201553,43730,27803,76966,49776,9339
2021-07-02T23:59:59+02:00,16532,16029,27292,25411,29426,29649,35721,36373,39908,40491,26929,30080,19316,24245,5904,9988,6427,6599,13304,13223,15486,17174,23310,25070,30029,31791,23362,26132,17716,22142,5592,9393,283267,200875,43730,27646,76964,48896,9333
2021-07-01T23:59:59+02:00,16301,15832,27074,25258,29349,29572,35666,36322,39844,40447,26909,30063,19305,24233,5902,9984,6290,6469,12971,12955,14963,16743,22065,24089,29277,31119,23084,25847,17600,22011,5585,9378,282093,197366,43725,26007,76952,47782,9291
2021-06-30T23:59:59+02:00,16169,15709,26967,25177,29283,29503,35614,36271,39802,40412,26894,30032,19295,24216,5898,9984,6102,6294,12547,12578,14397,16197,21450,23497,28687,30594,22665,25383,17470,21828,5578,9366,281292,193160,43722,25983,76946,46224,9266
2021-06-29T23:59:59+02:00,15353,14995,26708,24958,29190,29405,35535,36191,39734,40365,26873,30009,19288,24203,5898,9982,5992,6173,12294,12317,14007,15804,20665,22880,28106,30046,22218,24860,17318,21655,5570,9356,278805,190044,43721,25480,76938,44514,9223
2021-06-28T23:59:59+02:00,14694,14330,26552,24855,29116,29339,35479,36127,39690,40332,26855,29989,19280,24192,5898,9978,5925,6078,12117,12179,13819,15628,20057,22337,27707,29677,21884,24503,17190,21492,5565,9352,276885,188365,43717,24842,76934,43133,9170
2021-06-27T23:59:59+02:00,14276,13888,26488,24797,29076,29304,35457,36105,39673,40319,26844,29982,19278,24189,5897,9977,5889,6036,12003,12066,13676,15502,19510,21868,27103,29181,21607,24168,17070,21368,5562,9351,275775,187536,43715,23335,76923,41952,9137
2021-06-26T23:59:59+02:00,14265,13877,26473,24786,29070,29298,35452,36104,39670,40318,26843,29981,19278,24189,5897,9977,5884,6033,11992,12063,13670,15498,19497,21857,27058,29146,21462,24040,17030,21312,5561,9349,275706,187510,43713,23331,76923,41475,9136
2021-06-25T23:59:59+02:00,12887,12552,25016,23647,28772,29064,35346,36022,39605,40257,26819,29954,19269,24178,5895,9975,5841,5986,11897,11984,13529,15376,19188,21621,26675,28791,21141,23649,16858,21115,5558,9340,269506,186292,43709,23053,76910,40071,9133
2021-06-24T23:59:59+02:00,11871,11674,23913,22773,28411,28717,35199,35859,39493,40154,26785,29904,19258,24156,5893,9971,5626,5757,11443,11571,12955,14787,17666,20235,25047,27206,20377,22801,16543,20710,5548,9330,264331,181350,43693,19465,76906,37686,9101
2021-06-23T23:59:59+02:00,11480,11335,23421,22412,28170,28479,35022,35734,39407,40068,26755,29878,19250,24119,5891,9960,5553,5645,11231,11357,12657,14438,17279,19830,24302,26442,19592,22059,16351,20459,5540,9314,261770,179007,43687,18858,76901,35161,9023
2021-06-22T23:59:59+02:00,11278,11115,23269,22271,28091,28409,34946,35672,39362,40024,26740,29854,19242,24111,5891,9959,5444,5524,10970,11103,12291,14069,16679,19236,23578,25682,19213,21637,16189,20281,5533,9298,260641,175993,43686,18008,76899,33718,9008
2021-06-21T23:59:59+02:00,11016,10919,22444,21603,27842,28189,34881,35612,39298,39982,26724,29836,19236,24102,5891,9958,5325,5419,10760,10883,11986,13753,16289,18892,23134,25218,18924,21328,16085,20162,5527,9296,258075,174547,43681,17003,76893,32547,8884
2021-06-20T23:59:59+02:00,10946,10829,22200,21388,27585,27992,34801,35534,39253,39938,26715,29823,19234,24098,5889,9955,5285,5364,10678,10784,11891,13653,16096,18709,22864,24981,18823,21222,16032,20104,5521,9292,256802,174245,43679,15950,76892,32297,8807
2021-06-19T23:59:59+02:00,10921,10803,22172,21365,27569,27978,34789,35530,39244,39934,26714,29822,19234,24096,5889,9955,5254,5332,10597,10694,11799,13532,15948,18557,22558,24623,18738,21135,16020,20092,5520,9292,256660,174141,43656,14459,76892,32284,8807
2021-06-18T23:59:59+02:00,10873,10752,21864,21049,27305,27768,34737,35494,39214,39912,26706,29813,19233,24093,5889,9953,5239,5323,10570,10665,11759,13484,15887,18497,22473,24528,18572,20954,15975,20026,5519,9287,255302,173754,43655,14458,76891,31739,8807
2021-06-17T23:59:59+02:00,10286,10318,20598,20096,26448,27038,34369,35170,38962,39724,26642,29734,19213,24057,5882,9949,5043,5186,10198,10416,11324,13089,15213,17890,21115,23225,18120,20471,15812,19855,5515,9272,249562,168497,43637,13888,76880,30952,8407
2021-06-16T23:59:59+02:00,9946,9999,19922,19469,25811,26439,34125,34971,38804,39576,26600,29684,19190,24034,5881,9945,4902,5041,9817,10085,10870,12641,14518,17207,20269,22302,17719,20029,15647,19646,5505,9260,245760,164749,43626,12637,76867,29929,8143
2021-06-15T23:59:59+02:00,9689,9752,19630,19225,25591,26245,33996,34866,38707,39497,26572,29649,19183,24019,5876,9941,4799,4933,9578,9877,10642,12387,14100,16782,19675,21731,17407,19648,15429,19420,5496,9249,244011,162704,43618,11570,76861,28931,7948
2021-06-14T23:59:59+02:00,9555,9627,19334,18968,25417,26102,33877,34787,38646,39459,26555,29629,19177,24008,5876,9938,4730,4872,9402,9741,10474,12253,13846,16573,19360,21439,17245,19497,15328,19292,5495,9245,242833,161277,43616,11568,76857,28298,7649
2021-06-13T23:59:59+02:00,9396,9494,19049,18785,25069,25849,33677,34620,38542,39392,26540,29617,19167,24001,5876,9935,4649,4806,9194,9576,10310,12084,13524,16238,19015,21112,17121,19350,15281,19227,5493,9243,241205,160435,43616,11568,76854,26886,7334
2021-06-12T23:59:59+02:00,9387,9480,19036,18772,25069,25844,33677,34617,38539,39391,26540,29617,19167,24001,5876,9935,4646,4792,9184,9516,10278,11982,13476,16084,18960,20976,17012,19225,15165,19125,5491,9241,241159,160408,43616,11566,76850,25856,7323
2021-06-11T23:59:59+02:00,9226,9298,18806,18565,24276,25176,33501,34464,38407,39279,26508,29584,19157,23978,5876,9930,4569,4677,8969,9262,10022,11690,12960,15537,17994,20087,16827,19031,15125,19081,5488,9238,238275,156419,43615,11565,76847,25279,7294
2021-06-10T23:59:59+02:00,8833,8962,18161,18082,23430,24504,33184,34184,38209,39117,26451,29529,19134,23949,5873,9923,4394,4499,8395,8776,9223,10977,11818,14449,16027,18196,15943,18077,14840,18716,5479,9216,234686,146839,42959,11533,76821,23594,7059
2021-06-09T23:59:59+02:00,8374,8443,17343,17361,22294,23472,32704,33726,37935,38905,26345,29426,19089,23894,5863,9910,4259,4386,8109,8510,8981,10727,11491,14086,15546,17656,15574,17648,14599,18432,5472,9206,230756,145030,41078,11492,76785,21695,6465
2021-06-08T23:59:59+02:00,8049,8121,16877,16946,21877,23109,32461,33534,37773,38776,26301,29385,19079,23871,5860,9905,4140,4304,7857,8258,8678,10383,11139,13739,14907,16963,15123,17127,14338,18155,5467,9188,228051,143346,41046,10384,76776,19985,6051
2021-06-07T23:59:59+02:00,7853,7885,16520,16622,21336,22661,32182,33268,37657,38662,26275,29337,19062,23845,5855,9904,4066,4224,7677,8118,8518,10242,10972,13567,14600,16643,14928,16875,14165,17964,5463,9183,226443,142281,40082,10293,76765,18997,5634
2021-06-06T23:59:59+02:00,7745,7773,16387,16476,21143,22454,31960,33045,37525,38558,26247,29314,19049,23829,5855,9898,4038,4189,7631,8001,8467,10114,10868,13424,14406,16428,14747,16697,14076,17844,5456,9177,225227,141806,39782,10283,76748,17973,5501
2021-06-05T23:59:59+02:00,7723,7759,16358,16449,21136,22451,31950,33039,37523,38557,26246,29314,19048,23828,5855,9898,4029,4150,7616,7936,8453,9981,10854,13253,14388,16323,14710,16642,14067,17834,5456,9176,225118,141725,39782,10283,76747,17373,5487
2021-06-04T23:59:59+02:00,7610,7656,16080,16214,20863,22207,31530,32668,37410,38436,26213,29276,19037,23815,5853,9896,4022,4141,7590,7913,8427,9951,10788,13180,14283,16193,14629,16549,14031,17790,5456,9174,223535,141394,39014,9954,76728,17282,5487
2021-06-03T23:59:59+02:00,7361,7430,15208,15439,19236,20823,30624,31747,36909,37979,26083,29143,18993,23764,5847,9878,3963,4103,7503,7843,8305,9853,10623,12999,13718,15628,14372,16241,13947,17688,5453,9161,216958,139201,37447,9851,76719,17008,5340
2021-06-02T23:59:59+02:00,7226,7288,14827,15015,18806,20424,30158,31295,36683,37715,26019,29080,18973,23736,5844,9877,3933,4073,7439,7757,8218,9765,10484,12869,13275,15200,14250,16059,13920,17651,5450,9156,213892,137428,37018,9758,76719,16976,5337
2021-06-01T23:59:59+02:00,6950,7044,14433,14704,18467,20106,29834,30986,36460,37482,25964,29001,18949,23707,5842,9866,3832,3988,7197,7581,7987,9572,10222,12595,12875,14779,13819,15612,13804,17499,5444,9148,211167,135324,36973,9505,76698,16168,4957
2021-05-31T23:59:59+02:00,6789,6854,14215,14472,17764,19506,29494,30651,36163,37220,25875,28905,18923,23653,5832,9853,3753,3879,6991,7336,7764,9288,9881,12216,12438,14264,13292,15000,13605,17270,5436,9133,209751,132166,34927,9183,76682,15388,4809
2021-05-30T23:59:59+02:00,6766,6840,14169,14434,17687,19447,29444,30613,36132,37197,25863,28893,18920,23647,5831,9851,3710,3807,6845,7131,7616,9061,9680,11908,12182,13923,13172,14831,13537,17188,5433,9126,209457,131451,34915,9083,76628,13882,4734
2021-05-29T23:59:59+02:00,6764,6839,14161,14429,17682,19441,29439,30609,36129,37196,25861,28890,18920,23646,5831,9851,3701,3794,6817,7098,7583,9010,9644,11862,12110,13825,13131,14763,13507,17164,5432,9121,209427,131313,34915,9083,76613,13433,4733
2021-05-28T23:59:59+02:00,6754,6827,14146,14413,17665,19420,29428,30597,36118,37178,25860,28886,18918,23642,5831,9851,3687,3770,6795,7058,7549,8958,9591,11758,11870,13556,12943,14572,13477,17124,5429,9118,209278,130027,34914,9082,76610,13414,4732
2021-05-27T23:59:59+02:00,6663,6747,13878,14196,17181,19073,28752,30058,35959,37048,25814,28852,18903,23628,5830,9845,3563,3610,6508,6808,7173,8654,9096,11200,11164,12665,12395,14009,13348,16933,5422,9106,208204,126530,33480,8753,76568,12196,4175
2021-05-26T23:59:59+02:00,6592,6639,13665,13995,16930,18769,28212,29547,35784,36873,25777,28807,18888,23605,5829,9840,3473,3467,6284,6520,6887,8229,8761,10725,10524,11875,11841,13402,13205,16720,5418,9084,206619,122974,32733,8571,76555,11025,3845
2021-05-25T23:59:59+02:00,6511,6545,13461,13775,16668,18560,27489,28901,35694,36778,25753,28778,18876,23589,5824,9839,3424,3376,6140,6352,6741,8040,8537,10434,10181,11512,11497,12928,13100,16558,5415,9076,205914,121142,31282,8431,76072,9965,3773
2021-05-24T23:59:59+02:00,6441,6448,13285,13575,16448,18278,27081,28478,35349,36381,25697,28710,18857,23566,5823,9837,3411,3354,6082,6270,6696,7958,8478,10339,10109,11415,11324,12700,13054,16467,5407,9056,205383,120526,29072,8386,76064,9473,3735
2021-05-23T23:59:59+02:00,6439,6447,13280,13566,16445,18268,27062,28468,35319,36347,25694,28704,18857,23560,5823,9837,3408,3350,6076,6260,6686,7951,8450,10309,10069,11359,11241,12599,13034,16436,5407,9055,205268,120521,29056,7974,76063,9466,3729
2021-05-22T23:59:59+02:00,6431,6443,13273,13555,16439,18264,27059,28467,35316,36341,25694,28704,18857,23560,5823,9837,3407,3350,6073,6257,6685,7947,8446,10307,10064,11356,11230,12585,13029,16432,5406,9055,205217,120481,29056,7974,76061,9445,3729
2021-05-21T23:59:59+02:00,6372,6383,13121,13449,16267,18113,26790,28291,34888,36074,25669,28668,18849,23554,5822,9833,3398,3340,6040,6236,6655,7914,8407,10258,10010,11307,10717,11874,12890,16273,5403,9050,204531,118731,28931,7971,75023,9412,3658
2021-05-20T23:59:59+02:00,6080,6181,12514,13034,15074,17190,24885,26799,33943,35309,25564,28523,18795,23473,5816,9818,3338,3295,5948,6120,6543,7760,8260,10100,9776,11003,10385,11432,12783,16095,5393,9037,199776,116771,27200,7898,72492,9069,3530
2021-05-19T23:59:59+02:00,5877,5940,12000,12576,14369,16488,23939,25988,33319,34715,25455,28433,18759,23417,5809,9806,3262,3222,5787,5950,6353,7522,7985,9822,9474,10624,10073,11018,12705,15950,5391,9029,194105,114872,27162,7703,72480,8449,3143
2021-05-18T23:59:59+02:00,5707,5830,11601,12254,13746,15990,22784,25039,32654,34110,25339,28298,18713,23367,5804,9797,3220,3194,5677,5844,6193,7364,7780,9612,9281,10389,9907,10770,12561,15732,5382,9020,189157,113751,26659,7635,72436,7759,2781
2021-05-17T23:59:59+02:00,5654,5784,11438,12147,13474,15768,21976,24406,32347,33798,25260,28239,18691,23337,5795,9788,3127,3124,5500,5667,6028,7158,7574,9394,9065,10153,9820,10648,12503,15669,5379,9015,187396,113044,25968,7629,72043,6656,2495
2021-05-16T23:59:59+02:00,5627,5764,11377,12092,13389,15688,21369,23860,31733,33269,25219,28196,18681,23322,5794,9788,3123,3102,5486,5598,6001,7100,7547,9294,9033,10069,9805,10630,12500,15666,5379,9015,186630,112936,24427,7623,71626,6304,2485
2021-05-15T23:59:59+02:00,5618,5755,11344,12083,13359,15678,21297,23789,31201,32895,25208,28191,18680,23319,5793,9787,3109,3087,5467,5556,5987,7025,7508,9179,8802,9816,9772,10599,12466,15615,5379,9014,186581,112931,24415,7485,70979,5943,2022
2021-05-14T23:59:59+02:00,5578,5730,11281,12045,13288,15613,20886,23479,30772,32551,25172,28146,18669,23302,5793,9785,3077,3047,5431,5468,5966,6891,7469,8978,8742,9622,9702,10491,12380,15490,5379,9010,185859,112766,24097,7157,70113,5199,2021
2021-05-13T23:59:59+02:00,5423,5574,10905,11750,12574,15026,18708,21740,29231,31093,24941,27902,18602,23230,5791,9782,3066,3014,5407,5429,5949,6834,7445,8908,8699,9563,9489,10252,12186,15195,5374,9001,181919,112417,20313,6356,68034,5032,2006
2021-05-12T23:59:59+02:00,5393,5547,10833,11692,12473,14938,18581,21613,28861,30725,24851,27807,18585,23201,5790,9777,3066,3010,5401,5423,5939,6820,7421,8893,8662,9509,9306,10024,11959,14876,5371,8994,180951,112139,19679,5503,68031,5026,2006
2021-05-11T23:59:59+02:00,5257,5444,10589,11449,12109,14566,17985,20980,27942,29765,24659,27619,18527,23127,5785,9762,3025,2969,5312,5268,5840,6637,7292,8654,8503,9288,9129,9833,11814,14691,5362,8976,176924,111119,18794,5396,67901,4132,1946
2021-05-10T23:59:59+02:00,5133,5365,10379,11255,11851,14312,17662,20649,27523,29358,24550,27512,18489,23080,5777,9758,2956,2916,5195,5151,5727,6535,7169,8513,8377,9181,9025,9710,11724,14564,5359,8968,174926,110592,18112,5385,67677,3155,1938
2021-05-09T23:59:59+02:00,5062,5317,10281,11143,11752,14195,17323,20368,27133,28987,24464,27427,18460,23044,5774,9755,2890,2885,5049,5108,5552,6492,7004,8484,8252,9146,9013,9700,11706,14544,5359,8968,174532,110516,16841,5375,67188,2337,1924
2021-05-08T23:59:59+02:00,5061,5316,10279,11139,11752,14195,17319,20366,27130,28984,24464,27427,18460,23044,5774,9755,2890,2884,5048,5108,5552,6492,7004,8484,8250,9146,9012,9699,11706,14544,5359,8968,174515,110513,16841,5375,67185,2334,1924
2021-05-07T23:59:59+02:00,5026,5290,10211,11085,11624,14072,16923,20093,26495,28429,24416,27376,18443,23010,5767,9726,2881,2877,5033,5102,5542,6478,6993,8473,8242,9135,9006,9691,11695,14522,5351,8941,173683,110499,16838,5374,65670,2294,1795
2021-05-06T23:59:59+02:00,4756,5129,9750,10742,11068,13559,15843,19076,24099,26148,23918,26855,18337,22908,5762,9712,2839,2833,4966,5028,5499,6387,6909,8354,8110,8988,8906,9581,11671,14472,5348,8938,168666,109957,14394,5319,62818,1769,1784
2021-05-05T23:59:59+02:00,4679,5052,9458,10514,10730,13234,15264,18469,23259,25189,23658,26531,18268,22802,5752,9694,2819,2797,4916,4941,5441,6267,6825,8189,7987,8774,8801,9450,11595,14388,5347,8930,165011,109028,13093,5313,62668,1345,1781
2021-05-04T23:59:59+02:00,4595,4961,9284,10310,10523,12994,14878,18072,22718,24626,23445,26258,18196,22723,5744,9681,2810,2763,4889,4866,5409,6153,6776,8051,7904,8624,8700,9344,11524,14331,5345,8927,162759,108565,11976,5304,62512,786,1761
2021-05-03T23:59:59+02:00,4523,4887,9092,10173,10348,12819,14595,17826,22309,24212,23306,26109,18169,22676,5744,9675,2734,2693,4802,4792,5335,6068,6680,7945,7724,8460,8614,9258,11485,14282,5342,8922,161255,108346,11975,5301,62420,676,813
2021-05-02T23:59:59+02:00,4510,4873,9015,10115,10224,12706,14269,17518,22007,23927,23256,26051,18150,22651,5743,9674,2728,2686,4742,4759,5246,5984,6543,7816,7607,8361,8568,9218,11461,14248,5340,8917,160367,108232,11972,5299,62316,659,34
2021-05-01T23:59:59+02:00,4510,4871,9013,10114,10223,12706,14266,17515,22005,23927,23255,26050,18150,22651,5743,9674,2728,2686,4742,4759,5246,5984,6543,7816,7607,8361,8568,9218,11461,14248,5340,8917,160351,108232,11972,5299,62316,659,34
2021-04-30T23:59:59+02:00,4437,4780,8771,9901,9961,12464,13784,17090,21164,23159,23129,25914,18134,22623,5740,9671,2725,2684,4732,4752,5237,5950,6531,7786,7574,8324,8564,9216,11460,14246,5338,8916,156762,108208,11971,5297,61988,529,1
2021-04-29T23:59:59+02:00,4289,4636,8293,9496,9266,11864,12785,16195,19327,21488,22427,25159,17997,22413,5734,9654,2702,2663,4691,4681,5195,5876,6474,7680,7498,8209,8455,9103,11395,14171,5332,8908,147626,107733,11957,5027,61439,272,1
2021-04-28T23:59:59+02:00,4256,4617,8222,9422,9190,11780,12667,16076,19113,21275,22339,25067,17969,22372,5732,9649,2699,2652,4665,4622,5168,5833,6444,7607,7449,8127,8438,9079,11379,14149,5331,8902,147247,107541,11867,4955,60631,47,1
2021-04-27T23:59:59+02:00,4217,4571,8084,9284,9077,11629,12524,15907,18667,20782,22112,24809,17906,22296,5729,9641,2696,2648,4663,4618,5158,5825,6431,7588,7418,8091,8381,9001,11298,14069,5327,8899,146524,107288,10794,4783,59916,39,1
2021-04-26T23:59:59+02:00,4175,4544,7978,9189,8931,11526,12352,15734,18259,20419,21978,24663,17871,22268,5729,9640,2696,2646,4659,4615,5154,5815,6415,7569,7386,8060,8333,8953,11243,13991,5324,8882,145758,107180,10659,4527,58839,34,0
2021-04-25T23:59:59+02:00,4161,4529,7942,9159,8867,11464,12218,15604,17914,20093,21780,24427,17831,22213,5725,9635,2696,2646,4658,4614,5152,5811,6410,7566,7384,8056,8277,8894,11221,13963,5324,8881,144384,107159,10648,4361,58530,33,0
2021-04-24T23:59:59+02:00,4155,4521,7927,9155,8852,11454,12170,15574,17856,20055,21764,24414,17829,22208,5725,9635,2695,2646,4658,4614,5152,5811,6410,7566,7384,8056,8277,8894,11221,13963,5324,8881,144288,107159,10648,4361,58358,32,0
2021-04-23T23:59:59+02:00,4135,4488,7871,9092,8769,11352,11830,15249,17424,19659,21550,24183,17767,22131,5723,9627,2692,2644,4655,4611,5145,5804,6396,7557,7361,8025,8256,8867,11213,13955,5322,8878,143030,107147,10301,4203,57519,31,0
2021-04-22T23:59:59+02:00,4086,4423,7739,8900,8584,11093,11505,14830,16511,18676,20981,23479,17633,21951,5714,9608,2683,2638,4650,4591,5122,5777,6356,7521,7292,7979,8123,8713,11071,13805,5318,8869,139298,106529,10179,3955,56236,24,0
2021-04-21T23:59:59+02:00,4044,4380,7637,8781,8429,10936,11212,14551,15782,17922,20605,23031,17561,21846,5709,9595,2675,2627,4632,4572,5106,5756,6344,7506,7268,7958,8074,8652,11034,13766,5316,8868,136397,106253,10050,3879,55574,22,0
2021-04-20T23:59:59+02:00,4019,4354,7602,8728,8352,10857,11050,14377,15349,17447,20144,22517,17461,21694,5702,9584,2668,2618,4623,4559,5081,5736,6316,7482,7228,7919,7980,8521,10960,13679,5312,8864,134257,105685,9786,3840,55194,21,0
2021-04-19T23:59:59+02:00,3989,4304,7541,8624,8260,10718,10893,14196,15096,17153,19666,21953,17296,21480,5691,9572,2663,2617,4617,4555,5068,5721,6297,7465,7203,7876,7927,8467,10934,13633,5309,8859,132199,105353,9432,3837,54801,21,0
2021-04-18T23:59:59+02:00,3971,4275,7481,8573,8154,10591,10634,13954,14607,16615,19238,21445,17174,21294,5687,9566,2663,2617,4617,4555,5068,5721,6296,7462,7201,7875,7924,8464,10932,13629,5308,8856,129790,105332,9362,3835,54107,21,0
2021-04-17T23:59:59+02:00,3967,4267,7461,8567,8144,10573,10593,13908,14498,16527,19117,21321,17152,21266,5685,9564,2663,2617,4616,4553,5063,5716,6282,7457,7176,7852,7878,8418,10913,13606,5307,8856,129352,105323,9354,3629,53904,21,0
2021-04-16T23:59:59+02:00,3956,4224,7389,8445,8041,10416,10400,13647,13829,15771,18550,20678,17027,21091,5674,9547,2660,2614,4611,4548,5059,5705,6266,7446,7138,7817,7572,8032,10824,13468,5299,8840,126512,104537,9294,3341,52879,21,0
2021-04-15T23:59:59+02:00,3912,4170,7277,8315,7876,10178,10067,13257,13100,14914,17742,19815,16785,20769,5661,9526,2659,2606,4600,4532,5046,5675,6236,7411,7069,7749,7023,7402,10710,13316,5295,8829,122868,102932,9136,3207,51360,19,0
2021-04-14T23:59:59+02:00,3885,4141,7212,8209,7770,10028,9895,13058,12682,14468,17218,19205,16634,20560,5656,9513,2626,2587,4582,4501,5018,5628,6201,7378,7014,7688,6401,6654,10450,13031,5291,8821,121486,100650,8903,3207,49745,14,0
2021-04-13T23:59:59+02:00,3882,4135,7175,8193,7713,9995,9787,13006,12309,14177,16529,18360,16398,20260,5652,9507,2602,2560,4563,4476,4994,5595,6142,7310,6925,7587,6192,6405,9900,12389,5283,8802,120800,98511,8686,3200,47592,14,0
2021-04-12T23:59:59+02:00,3868,4117,7123,8147,7657,9928,9681,12905,12063,13964,16087,17845,16211,20046,5647,9504,2573,2549,4497,4434,4887,5527,6028,7235,6807,7488,5449,5587,9452,11854,5243,8760,120468,95164,8651,3192,45674,14,0
2021-04-11T23:59:59+02:00,3856,4110,7082,8095,7599,9884,9588,12826,11826,13757,15524,17160,15936,19706,5642,9494,2498,2466,4368,4312,4733,5394,5865,7083,6656,7382,5147,5227,9321,11695,5243,8756,119886,92990,8224,3143,43975,13,0
2021-04-10T23:59:59+02:00,3838,4091,7043,8048,7555,9828,9528,12767,11734,13671,15307,16969,15887,19638,5641,9487,1941,1899,3552,3594,3859,4630,4860,6163,5801,6598,4874,4921,9193,11542,5237,8747,119422,84255,8224,3143,43386,13,0
2021-04-09T23:59:59+02:00,3818,4071,7004,8019,7491,9773,9375,12639,11407,13386,14127,15439,15447,19108,5629,9477,1082,1073,2199,2403,2353,3262,3080,4524,4185,5140,4194,4191,8948,11190,5213,8718,117531,68601,8222,3141,40457,13,0
2021-04-08T23:59:59+02:00,3792,4055,6943,7966,7389,9679,9189,12520,11002,13032,12996,14188,15040,18588,5610,9447,581,586,1284,1698,1448,2333,1981,3441,2804,3755,2953,2794,8153,10218,5075,8498,116295,54452,8142,3138,36999,12,0
2021-04-07T23:59:59+02:00,3745,4030,6865,7912,7296,9610,9062,12391,10692,12725,12270,13423,14824,18323,5604,9428,350,369,933,1354,1044,1948,1471,2982,1860,2750,1771,1510,7250,9082,4923,8239,115335,44689,7991,3138,34874,9,0
2021-04-06T23:59:59+02:00,3729,4018,6843,7874,7241,9543,8968,12312,10482,12508,11885,12929,14603,18027,5593,9414,343,355,925,1344,1029,1927,1444,2954,1801,2691,1692,1444,6843,8532,4773,8002,114058,42954,7892,3137,34019,8,0
2021-04-05T23:59:59+02:00,3725,4017,6832,7863,7229,9533,8949,12284,10417,12449,11774,12784,14505,17935,5591,9411,341,349,914,1340,1023,1919,1434,2934,1780,2657,1639,1391,6621,8234,4652,7820,113723,41904,7871,3136,33704,8,0
2021-04-04T23:59:59+02:00,3725,4017,6830,7857,7228,9532,8948,12284,10407,12444,11771,12780,14502,17934,5591,9411,341,348,914,1340,1022,1917,1433,2933,1778,2654,1636,1386,6614,8221,4647,7817,113718,41858,7871,3135,33672,8,0
2021-04-03T23:59:59+02:00,3725,4017,6830,7856,7227,9532,8948,12284,10406,12444,11771,12779,14500,17932,5591,9411,341,347,912,1336,1020,1916,1432,2928,1776,2654,1631,1374,6571,8140,4612,7782,113714,41629,7871,3135,33668,8,0
2021-04-02T23:59:59+02:00,3723,4015,6828,7853,7221,9526,8937,12277,10391,12428,11644,12665,14457,17876,5587,9403,339,345,910,1329,1014,1905,1418,2903,1736,2615,1536,1288,5809,7243,4180,7220,113593,38969,7867,2813,33371,8,0
2021-04-01T23:59:59+02:00,3684,4002,6794,7831,7179,9496,8886,12239,10322,12359,11306,12259,14085,17368,5583,9390,334,342,895,1314,1002,1886,1386,2857,1677,2553,1413,1195,4885,6141,3631,6401,113211,35096,6469,2808,33103,8,0
2021-03-31T23:59:59+02:00,3678,3998,6779,7812,7163,9478,8851,12208,10237,12288,10976,11855,13744,16876,5577,9369,331,339,887,1306,992,1871,1366,2829,1627,2518,1348,1143,4313,5477,3285,5943,112641,32832,5476,2735,32772,8,0
2021-03-30T23:59:59+02:00,3660,3974,6743,7774,7106,9412,8763,12104,10075,12134,10719,11579,13521,16611,5571,9355,327,333,881,1296,985,1865,1343,2823,1601,2492,1322,1117,4195,5355,3225,5851,111823,32463,5227,2540,32051,8,0
2021-03-29T23:59:59+02:00,3651,3952,6717,7752,7066,9359,8667,12009,9894,11927,10287,11112,13148,16146,5554,9322,322,329,877,1286,979,1857,1335,2812,1586,2483,1297,1103,4062,5212,3128,5721,110154,31848,4919,2534,31490,7,0
2021-03-28T23:59:59+02:00,3611,3897,6602,7595,6949,9219,8540,11817,9742,11738,10076,10852,12973,15960,5549,9312,322,329,877,1286,977,1856,1334,2812,1585,2481,1289,1100,4029,5170,3102,5696,109782,31806,4656,2433,29994,6,0
2021-03-27T23:59:59+01:00,3610,3886,6590,7530,6920,9105,8491,11646,9690,11584,9962,10729,12879,15872,5548,9312,322,328,877,1286,977,1854,1334,2810,1581,2480,1287,1098,4003,5135,3089,5681,109773,31704,4656,2432,28925,6,0
2021-03-26T23:59:59+01:00,3604,3878,6562,7493,6891,9032,8443,11534,9599,11456,9914,10666,12833,15818,5541,9292,317,326,876,1283,973,1842,1331,2789,1561,2468,1262,1082,3824,4914,2983,5528,109717,30962,4436,2391,28403,6,0
2021-03-25T23:59:59+01:00,3581,3847,6471,7367,6799,8868,8252,11303,9290,11141,9537,10284,12530,15504,5536,9283,317,325,874,1275,970,1831,1318,2776,1537,2449,1236,1063,3592,4673,2734,5194,109345,29768,4229,2391,26019,5,0
2021-03-24T23:59:59+01:00,3527,3796,6384,7183,6679,8642,8086,11069,9065,10817,9122,9797,12113,15045,5525,9273,317,324,873,1272,965,1829,1311,2772,1521,2433,1228,1053,3527,4601,2554,4974,108835,29160,4094,2391,23194,3,0
2021-03-23T23:59:59+01:00,3509,3763,6336,7127,6604,8584,7968,10940,8817,10584,8702,9328,11662,14526,5516,9259,317,324,872,1262,960,1820,1306,2763,1517,2426,1205,1028,3435,4525,2363,4661,108025,28390,4001,2391,21199,3,0
2021-03-22T23:59:59+01:00,3501,3743,6293,7098,6570,8537,7902,10864,8668,10448,8423,8975,11359,14201,5480,9220,315,319,866,1252,952,1813,1299,2752,1508,2416,1194,1019,3407,4490,2344,4628,107355,28181,3998,2390,19929,3,0
2021-03-21T23:59:59+01:00,3499,3741,6289,7087,6553,8521,7883,10845,8612,10391,8304,8858,11289,14099,5478,9217,313,318,857,1249,945,1807,1290,2750,1504,2412,1190,1016,3398,4475,2330,4619,107270,28080,3997,2390,19399,3,0
2021-03-20T23:59:59+01:00,3491,3703,6281,7016,6538,8384,7858,10661,8568,10255,8226,8772,11251,14060,5478,9217,313,318,857,1249,945,1807,1289,2750,1504,2410,1190,1016,3398,4474,2330,4618,107238,28076,3785,2389,18736,3,0
2021-03-19T23:59:59+01:00,3478,3674,6255,6934,6514,8292,7813,10544,8455,10095,7691,8168,11069,13819,5468,9199,310,317,852,1242,928,1797,1266,2719,1454,2365,1106,949,2735,3688,1921,4050,105631,25307,3486,2389,18351,3,0
2021-03-18T23:59:59+01:00,3467,3656,6214,6893,6481,8232,7750,10460,8341,9966,6739,7079,10792,13519,5458,9174,309,317,849,1238,922,1789,1247,2711,1431,2346,1069,932,2528,3450,1765,3829,102631,24340,3329,2389,18261,3,0
2021-03-17T23:59:59+01:00,3430,3618,6143,6809,6428,8129,7660,10334,8211,9808,6063,6240,10508,13216,5441,9148,308,317,842,1234,918,1777,1233,2689,1413,2322,1033,910,2409,3326,1686,3720,99874,23745,3328,2389,17984,3,0
2021-03-16T23:59:59+01:00,3412,3589,6104,6756,6383,8056,7607,10270,8121,9708,5887,6064,9824,12439,5402,9085,301,308,828,1218,906,1768,1227,2670,1400,2314,1019,891,2198,3088,1553,3526,97669,22825,3318,2387,17720,3,0
2021-03-15T23:59:59+01:00,3375,3557,6008,6677,6254,7964,7465,10151,7992,9583,5135,5232,9382,11892,5359,9015,300,307,825,1214,905,1761,1225,2657,1391,2305,1006,879,2057,2916,1467,3433,94164,22260,3311,2386,17566,2,0
2021-03-14T23:59:59+01:00,3250,3411,5732,6332,5978,7604,7153,9737,7708,9270,4802,4841,9225,11695,5355,9005,300,307,825,1214,904,1761,1223,2656,1389,2302,1004,877,2054,2913,1464,3432,91773,22240,3256,2383,16069,2,0
2021-03-13T23:59:59+01:00,2596,2749,4795,5464,4960,6675,5959,8619,6693,8328,4490,4458,8842,11176,5266,8897,300,307,824,1212,904,1756,1220,2654,1388,2302,1004,876,2030,2877,1434,3397,81093,22100,3256,2383,15618,2,0
2021-03-12T23:59:59+01:00,1770,1928,3459,4314,3455,5343,4213,6980,5060,6823,3825,3756,7596,9630,4766,8218,296,304,822,1208,898,1749,1211,2635,1362,2285,958,851,1682,2416,1166,3046,62293,20504,3254,2383,15589,2,0
2021-03-11T23:59:59+01:00,1270,1453,2557,3575,2551,4404,3120,5891,3698,5440,2649,2479,5906,7521,4003,7044,291,295,806,1199,885,1726,1193,2606,1337,2239,922,831,1527,2187,1043,2858,45024,19560,3252,2383,15285,2,0
2021-03-10T23:59:59+01:00,1046,1235,2191,3215,2177,4013,2669,5452,2795,4475,1521,1282,4559,5806,3448,6277,282,285,788,1180,863,1690,1160,2533,1299,2174,897,811,1348,1997,947,2685,34026,18661,3252,2276,14883,2,0
2021-03-09T23:59:59+01:00,1030,1208,2125,3074,2112,3898,2584,5318,2712,4349,1487,1252,4484,5733,3409,6220,278,278,774,1159,846,1663,1135,2493,1281,2146,883,799,1271,1873,876,2575,33622,18096,3249,2232,14124,2,0
2021-03-08T23:59:59+01:00,1009,1177,2068,2975,2072,3816,2525,5205,2657,4277,1449,1232,4338,5575,3308,6079,278,274,769,1151,844,1654,1127,2485,1274,2130,859,778,1105,1648,753,2411,32934,17311,3249,2228,13579,1,0
2021-03-07T23:59:59+01:00,1004,1158,2029,2932,2030,3775,2485,5140,2616,4240,1444,1229,4331,5567,3306,6079,278,274,769,1151,844,1654,1127,2485,1273,2130,856,778,1096,1638,745,2400,32904,17311,3243,2187,13218,0,0
2021-03-06T23:59:59+01:00,1004,1154,2018,2918,2018,3756,2469,5113,2598,4219,1431,1219,4297,5523,3292,6067,278,274,769,1151,844,1654,1127,2485,1273,2130,856,778,1096,1638,745,2399,32760,17311,3242,2186,13094,0,0
2021-03-05T23:59:59+01:00,1000,1150,2003,2898,1988,3733,2426,5061,2545,4182,1395,1191,4031,5198,3142,5846,276,272,762,1144,839,1647,1124,2477,1270,2120,842,774,1089,1629,744,2397,32021,17220,2911,2186,12857,0,0
2021-03-04T23:59:59+01:00,906,1003,1916,2770,1920,3596,2350,4906,2455,4024,1365,1170,3791,4939,2878,5497,276,270,760,1139,837,1640,1123,2470,1267,2114,814,760,1079,1618,737,2385,30774,17126,2907,2163,11805,0,0
2021-03-03T23:59:59+01:00,860,896,1852,2674,1850,3491,2281,4790,2381,3940,1353,1157,3681,4834,2656,5225,275,268,759,1130,834,1622,1117,2428,1257,2088,797,756,1071,1600,730,2378,30102,17100,2791,2010,11028,0,0
2021-03-02T23:59:59+01:00,815,821,1755,2550,1765,3367,2190,4666,2320,3862,1318,1136,3552,4699,2453,4881,275,267,758,1124,831,1619,1113,2423,1253,2078,795,754,1057,1579,719,2359,29380,16995,2602,2009,10168,0,0
2021-03-01T23:59:59+01:00,792,782,1655,2406,1694,3223,2090,4494,2240,3741,1300,1124,3501,4636,2409,4819,275,266,754,1120,830,1607,1109,2411,1248,2068,789,752,1053,1572,717,2357,29127,16919,2518,2009,9261,0,0
2021-02-28T23:59:59+01:00,786,759,1636,2340,1667,3151,2067,4394,2226,3674,1294,1118,3491,4622,2395,4809,274,265,754,1119,830,1602,1109,2409,1248,2063,786,750,1045,1559,713,2347,29021,16897,2516,1976,8892,0,0
2021-02-27T23:59:59+01:00,771,742,1614,2280,1650,3040,2047,4268,2205,3578,1291,1115,3491,4620,2394,4808,274,265,754,1119,830,1601,1109,2409,1248,2062,786,750,1045,1559,713,2346,29016,16895,2515,1975,8383,0,0
2021-02-26T23:59:59+01:00,643,661,1509,2167,1598,2881,1984,4031,2104,3342,1201,1044,2841,3827,1969,4226,274,265,753,1117,829,1600,1109,2407,1246,2059,784,745,1027,1546,703,2330,26228,16821,2515,1973,7285,0,0
2021-02-25T23:59:59+01:00,493,581,1390,2065,1532,2753,1923,3902,2004,3231,1152,1012,2611,3558,1805,3983,257,250,728,1093,787,1532,1063,2309,1173,1968,728,724,996,1509,691,2302,25164,16728,2488,1382,6343,0,0
2021-02-24T23:59:59+01:00,463,550,1321,1952,1459,2609,1853,3749,1927,3082,1114,982,2472,3421,1726,3864,228,237,701,1048,763,1470,1035,2249,1120,1919,701,701,951,1480,680,2272,24513,16542,2477,1013,5554,0,0
2021-02-23T23:59:59+01:00,408,510,1239,1812,1385,2463,1776,3538,1856,2960,1089,948,2269,3193,1601,3678,223,231,686,1025,752,1431,1013,2206,1095,1878,692,689,942,1466,677,2268,23592,16457,2467,817,4666,0,0
2021-02-22T23:59:59+01:00,395,477,1140,1701,1283,2366,1667,3432,1775,2889,1068,935,2128,3021,1516,3583,212,222,664,974,721,1368,988,2112,1051,1797,650,658,873,1390,641,2212,23020,16269,2463,264,3893,0,0
2021-02-21T23:59:59+01:00,376,461,1039,1670,1131,2342,1512,3409,1674,2871,1060,933,2127,3020,1516,3583,185,216,633,966,710,1360,974,2107,1046,1795,647,655,870,1386,633,2205,22991,16138,2463,250,3270,0,0
2021-02-20T23:59:59+01:00,376,459,1038,1670,1130,2342,1510,3407,1674,2869,1060,932,2126,3020,1515,3582,184,214,630,966,707,1359,968,2104,1044,1795,647,655,870,1386,633,2205,22984,16117,2462,250,3264,0,0
2021-02-19T23:59:59+01:00,371,450,1026,1666,1120,2332,1497,3389,1642,2854,1010,904,1755,2514,1218,3200,163,204,604,962,690,1351,951,2102,1038,1793,644,654,868,1386,632,2204,21246,15996,2462,250,3240,0,0
2021-02-18T23:59:59+01:00,353,430,986,1586,1082,2245,1444,3271,1601,2764,981,881,1582,2271,1089,2996,143,193,565,951,670,1340,917,2086,1014,1773,633,635,847,1358,618,2183,20267,15676,2462,250,2833,0,0
2021-02-17T23:59:59+01:00,331,377,902,1444,975,2045,1310,3017,1489,2544,944,851,1393,2059,988,2819,137,186,553,920,644,1289,884,2008,964,1697,599,603,840,1332,613,2164,19195,15183,2462,250,1831,0,0
2021-02-16T23:59:59+01:00,325,339,858,1306,923,1856,1249,2792,1423,2383,933,834,1330,1963,921,2723,131,173,539,878,629,1235,858,1946,934,1655,589,593,818,1301,600,2104,18825,14869,2461,114,872,0,0
2021-02-15T23:59:59+01:00,309,299,830,1275,906,1800,1209,2708,1385,2327,905,802,1154,1731,792,2547,122,165,518,850,611,1173,834,1873,911,1578,568,556,800,1264,591,2062,17915,14402,2460,74,604,0,0
2021-02-14T23:59:59+01:00,309,299,829,1275,905,1800,1207,2708,1385,2327,905,802,1154,1731,792,2547,122,165,517,843,607,1168,828,1867,907,1575,567,556,798,1263,590,2059,17914,14358,2460,74,601,0,0
2021-02-13T23:59:59+01:00,309,299,829,1274,905,1797,1207,2706,1385,2325,905,802,1154,1731,792,2547,122,165,517,843,607,1168,826,1864,905,1571,565,556,783,1243,578,2043,17906,14356,2460,0,601,0,0
2021-02-12T23:59:59+01:00,305,298,819,1269,901,1768,1201,2678,1357,2296,903,800,1153,1728,792,2547,122,165,515,840,606,1161,820,1852,899,1558,562,554,769,1232,572,2030,17898,14257,2460,0,457,0,0
2021-02-11T23:59:59+01:00,286,289,804,1234,895,1734,1185,2611,1335,2241,868,787,1143,1716,791,2537,120,151,497,799,584,1096,786,1752,876,1498,550,540,745,1197,558,1999,17785,13748,2459,0,212,0,0
2021-02-10T23:59:59+01:00,283,283,785,1196,882,1704,1173,2565,1320,2199,863,785,1128,1700,786,2521,116,142,432,717,544,1004,712,1634,824,1419,536,524,732,1180,548,1977,17761,13041,2354,0,58,0,0
2021-02-09T23:59:59+01:00,283,280,781,1181,871,1688,1159,2546,1306,2175,848,780,1114,1683,775,2505,99,123,378,631,493,876,635,1437,735,1232,484,446,611,1019,481,1737,17664,11417,2308,0,3,0,0
2021-02-08T23:59:59+01:00,282,280,779,1176,871,1681,1157,2542,1300,2166,842,777,1099,1663,762,2488,89,101,334,542,442,777,546,1233,631,1069,410,375,533,836,389,1433,17559,9740,2305,0,1,0,0
2021-02-07T23:59:59+01:00,281,279,777,1175,870,1681,1157,2541,1300,2163,836,775,1097,1660,761,2486,87,100,332,537,440,773,544,1224,627,1064,405,370,512,813,383,1419,17534,9630,2305,0,0,0,0
2021-02-06T23:59:59+01:00,281,278,777,1174,870,1680,1157,2541,1300,2162,835,774,1095,1654,760,2484,87,99,332,534,439,772,543,1220,625,1063,401,365,464,744,355,1374,17518,9417,2304,0,0,0,0
2021-02-05T23:59:59+01:00,281,278,777,1173,869,1679,1156,2540,1299,2159,828,768,1072,1644,753,2468,81,96,324,528,423,754,517,1188,597,1022,378,338,445,721,341,1334,17440,9087,2304,0,0,0,0
2021-02-04T23:59:59+01:00,278,271,774,1152,857,1657,1143,2512,1285,2135,806,755,1044,1614,746,2452,67,77,254,407,329,589,401,960,484,820,305,274,334,577,277,1115,17200,7270,2281,0,0,0,0
2021-02-03T23:59:59+01:00,277,266,770,1131,855,1631,1136,2462,1272,2105,787,741,1027,1591,737,2438,54,54,168,278,255,439,281,712,360,581,209,194,236,424,194,838,17104,5277,2122,0,0,0,0
2021-02-02T23:59:59+01:00,276,261,766,1123,850,1609,1126,2438,1260,2088,783,734,1018,1580,735,2430,35,34,91,137,147,250,171,445,232,364,135,124,159,255,136,540,16955,3255,2122,0,0,0,0
2021-02-01T23:59:59+01:00,274,258,761,1104,842,1588,1121,2408,1256,2055,775,721,1012,1570,731,2417,11,12,14,25,25,61,44,88,69,100,49,45,56,73,39,178,16771,889,2122,0,0,0,0
2021-01-31T23:59:59+01:00,268,256,745,1102,834,1577,1111,2397,1245,2046,769,715,1002,1553,724,2404,10,12,13,24,23,58,38,83,62,92,46,45,52,66,36,165,16736,825,2012,0,0,0,0
2021-01-30T23:59:59+01:00,268,256,745,1102,833,1577,1111,2397,1245,2046,768,715,1002,1552,724,2403,10,10,13,24,23,58,38,83,61,90,45,44,51,66,36,164,16733,816,2011,0,0,0,0
2021-01-29T23:59:59+01:00,268,256,745,1101,833,1577,1111,2397,1245,2045,767,714,1001,1550,724,2401,9,5,12,24,23,57,36,81,60,90,44,43,51,66,36,164,16726,801,2009,0,0,0,0
2021-01-28T23:59:59+01:00,264,251,733,1076,798,1522,1075,2337,1169,1988,727,700,972,1530,708,2379,4,0,3,6,9,22,18,36,20,45,21,22,23,44,15,97,16548,385,1681,0,0,0,0
2021-01-27T23:59:59+01:00,258,244,710,1044,750,1466,1018,2256,1096,1907,692,673,959,1509,705,2372,3,0,3,4,6,18,14,22,13,32,6,9,10,9,4,27,16099,180,1560,0,0,0,0
2021-01-26T23:59:59+01:00,234,235,693,1020,742,1416,998,2182,1069,1842,680,659,936,1493,695,2353,3,0,1,4,5,8,12,12,6,11,3,5,6,7,1,16,16048,100,1199,0,0,0,0
2021-01-25T23:59:59+01:00,202,220,641,946,690,1293,956,2036,1011,1707,632,604,859,1398,652,2280,3,0,1,4,5,8,12,12,6,11,3,5,6,7,1,16,15822,100,305,0,0,0,0
2021-01-24T23:59:59+01:00,185,214,615,934,672,1279,938,2020,996,1697,625,598,849,1378,643,2267,3,0,1,4,5,8,11,12,5,11,3,5,6,7,1,16,15650,98,260,0,0,0,0
2021-01-23T23:59:59+01:00,185,214,615,934,672,1279,938,2020,996,1697,625,598,849,1378,643,2267,3,0,1,4,5,8,9,12,5,11,3,5,6,7,1,16,15650,96,260,0,0,0,0
2021-01-22T23:59:59+01:00,138,196,557,924,654,1266,904,2010,985,1686,620,597,848,1378,643,2267,3,0,0,4,5,8,9,12,5,11,3,5,6,7,1,16,15413,95,260,0,0,0,0
2021-01-21T23:59:59+01:00,133,188,542,901,633,1225,871,1956,963,1638,610,576,836,1347,636,2248,3,0,0,4,4,8,9,12,5,11,3,5,6,7,1,15,15043,93,260,0,0,0,0
2021-01-20T23:59:59+01:00,128,172,495,836,610,1149,808,1846,927,1565,589,559,818,1324,626,2220,3,0,0,4,4,8,9,12,5,11,3,5,6,7,1,15,14414,93,258,0,0,0,0
2021-01-19T23:59:59+01:00,115,151,422,750,545,1019,723,1647,822,1400,543,504,716,1163,553,1971,3,0,0,4,4,8,9,12,5,11,3,5,6,7,1,15,12853,93,191,0,0,0,0
2021-01-18T23:59:59+01:00,97,119,353,597,454,847,593,1386,696,1194,476,438,632,1006,486,1704,1,0,0,1,0,0,0,0,0,0,0,0,0,1,0,0,10997,3,81,0,0,0,0
2021-01-17T23:59:59+01:00,93,117,349,592,453,842,591,1367,688,1185,471,429,605,977,470,1663,1,0,0,1,0,0,0,0,0,0,0,0,0,1,0,0,10811,3,81,0,0,0,0
2021-01-16T23:59:59+01:00,93,114,347,584,450,837,580,1354,677,1173,456,415,510,851,409,1566,0,0,0,1,0,0,0,0,0,0,0,0,0,0,0,0,10414,1,2,0,0,0,0
2021-01-15T23:59:59+01:00,92,112,342,582,444,832,574,1347,660,1157,440,397,502,839,401,1543,0,0,0,0,0,0,0,0,0,0,0,0,0,0,0,0,10264,0,0,0,0,0,0
2021-01-14T23:59:59+01:00,75,88,285,480,366,670,458,1097,541,975,363,319,397,689,331,1315,0,0,0,0,0,0,0,0,0,0,0,0,0,0,0,0,8449,0,0,0,0,0,0
2021-01-13T23:59:59+01:00,61,65,201,363,290,498,345,816,415,694,253,223,289,514,249,1010,0,0,0,0,0,0,0,0,0,0,0,0,0,0,0,0,6286,0,0,0,0,0,0
2021-01-12T23:59:59+01:00,40,42,121,214,177,308,205,524,276,429,159,141,185,335,171,682,0,0,0,0,0,0,0,0,0,0,0,0,0,0,0,0,4009,0,0,0,0,0,0
2021-01-11T23:59:59+01:00,11,14,41,56,41,89,59,119,91,127,65,58,82,103,49,223,0,0,0,0,0,0,0,0,0,0,0,0,0,0,0,0,1228,0,0,0,0,0,0
2021-01-10T23:59:59+01:00,11,14,29,46,34,71,50,110,78,117,57,54,76,93,46,209,0,0,0,0,0,0,0,0,0,0,0,0,0,0,0,0,1095,0,0,0,0,0,0
2021-01-09T23:59:59+01:00,11,13,26,45,34,71,49,109,76,114,56,53,75,92,45,208,0,0,0,0,0,0,0,0,0,0,0,0,0,0,0,0,1077,0,0,0,0,0,0
2021-01-08T23:59:59+01:00,7,6,26,41,32,68,46,107,75,113,53,49,70,87,41,208,0,0,0,0,0,0,0,0,0,0,0,0,0,0,0,0,1029,0,0,0,0,0,0
2021-01-07T23:59:59+01:00,5,1,9,20,15,35,28,77,33,77,32,27,47,74,28,162,0,0,0,0,0,0,0,0,0,0,0,0,0,0,0,0,670,0,0,0,0,0,0
2021-01-06T23:59:59+01:00,5,0,4,8,10,27,25,43,19,47,26,24,34,51,19,120,0,0,0,0,0,0,0,0,0,0,0,0,0,0,0,0,462,0,0,0,0,0,0
2021-01-05T23:59:59+01:00,5,0,4,8,10,27,25,43,19,47,26,24,34,50,19,120,0,0,0,0,0,0,0,0,0,0,0,0,0,0,0,0,461,0,0,0,0,0,0
2021-01-04T23:59:59+01:00,4,0,1,3,4,8,13,12,5,11,3,5,6,8,1,17,0,0,0,0,0,0,0,0,0,0,0,0,0,0,0,0,101,0,0,0,0,0,0
2021-01-03T23:59:59+01:00,3,0,1,3,4,8,12,12,5,11,3,5,6,8,1,16,0,0,0,0,0,0,0,0,0,0,0,0,0,0,0,0,98,0,0,0,0,0,0
2021-01-02T23:59:59+01:00,3,0,1,3,4,8,10,12,5,11,3,5,6,8,1,16,0,0,0,0,0,0,0,0,0,0,0,0,0,0,0,0,96,0,0,0,0,0,0
2021-01-01T23:59:59+01:00,3,0,0,3,4,8,10,12,5,11,3,5,6,7,1,16,0,0,0,0,0,0,0,0,0,0,0,0,0,0,0,0,94,0,0,0,0,0,0
2020-12-31T23:59:59+01:00,3,0,0,3,4,8,9,12,5,11,3,5,6,7,1,16,0,0,0,0,0,0,0,0,0,0,0,0,0,0,0,0,93,0,0,0,0,0,0
2020-12-30T23:59:59+01:00,3,0,0,3,4,8,9,12,5,11,3,5,6,7,1,16,0,0,0,0,0,0,0,0,0,0,0,0,0,0,0,0,93,0,0,0,0,0,0
2020-12-29T23:59:59+01:00,3,0,0,3,4,8,9,12,5,11,3,5,6,7,1,16,0,0,0,0,0,0,0,0,0,0,0,0,0,0,0,0,93,0,0,0,0,0,0
2020-12-28T23:59:59+01:00,3,0,0,3,4,8,9,12,5,11,3,5,6,7,1,16,0,0,0,0,0,0,0,0,0,0,0,0,0,0,0,0,93,0,0,0,0,0,0
2020-12-27T23:59:59+01:00,1,0,0,0,0,0,0,0,0,0,0,0,1,3,0,7,0,0,0,0,0,0,0,0,0,0,0,0,0,0,0,0,12,0,0,0,0,0,0
