Datum,<15_m,<15_w,15-24_1_m,15-24_1_w,25-34_1_m,25-34_1_w,35-44_1_m,35-44_1_w,45-54_1_m,45-54_1_w,55-64_1_m,55-64_1_w,65-74_1_m,65-74_1_w,75-84_1_m,75-84_1_w,>84_1_m,>84_1_w,<24_2_m,<24_2_w,25-34_2_m,25-34_2_w,35-44_2_m,35-44_2_w,45-54_2_m,45-54_2_w,55-64_2_m,55-64_2_w,65-74_2_m,65-74_2_w,75-84_2_m,75-84_2_w,>84_2_m,>84_2_w,bp_1,bp_2,mo_1,mo_2,az_1,az_2,ja,unb_1,unb_2
2021-09-07T23:59:59+02:00,2834,2537,23463,22458,32888,30324,33291,33236,38936,39304,42557,42752,27955,31185,19836,24913,6034,10196,20929,19973,30639,27745,31409,31027,36898,36943,40538,40728,26904,29969,19111,23863,5792,9694,323532,303065,44950,43302,77557,71071,18602,58,29
2021-09-06T23:59:59+02:00,2811,2523,23432,22415,32857,30291,33270,33216,38916,39291,42542,42737,27952,31181,19835,24911,6033,10193,20888,19930,30609,27718,31389,31001,36879,36925,40525,40716,26896,29961,19109,23854,5789,9692,323272,302768,44934,43294,77556,71070,18586,58,29
2021-09-05T23:59:59+02:00,2800,2520,23424,22409,32855,30286,33269,33212,38913,39288,42538,42731,27950,31177,19833,24910,6032,10192,20875,19922,30601,27713,31387,30998,36876,36924,40521,40714,26891,29959,19107,23850,5788,9692,323208,302702,44933,43294,77556,71069,18584,58,29
2021-09-04T23:59:59+02:00,2800,2520,23421,22409,32854,30286,33268,33210,38912,39287,42537,42730,27950,31177,19833,24910,6032,10192,20873,19922,30601,27712,31385,30996,36875,36924,40520,40714,26891,29959,19107,23850,5788,9692,323203,302694,44933,43294,77556,71069,18578,58,29
2021-09-03T23:59:59+02:00,2777,2485,23347,22335,32786,30218,33229,33168,38868,39259,42507,42718,27942,31164,19832,24908,6030,10191,20824,19867,30554,27673,31353,30961,36847,36899,40493,40703,26884,29951,19105,23848,5787,9692,322723,302360,44905,43286,77552,71061,18526,58,29
2021-09-02T23:59:59+02:00,2747,2453,23241,22240,32730,30131,33175,33114,38831,39226,42469,42686,27923,31153,19828,24894,6028,10188,20749,19809,30501,27613,31318,30933,36809,36862,40463,40674,26874,29939,19102,23837,5787,9692,322138,301950,44874,43270,77550,71056,18437,58,29
2021-09-01T23:59:59+02:00,2726,2439,23219,22204,32702,30100,33155,33086,38806,39205,42456,42671,27914,31145,19823,24892,6028,10188,20708,19768,30473,27587,31299,30911,36790,36846,40446,40658,26865,29930,19101,23831,5787,9692,321889,301691,44863,43266,77549,71056,18400,58,29
2021-08-31T23:59:59+02:00,2681,2396,23101,22099,32623,30001,33101,33027,38760,39164,42430,42646,27903,31139,19817,24888,6027,10185,20621,19675,30401,27530,31252,30868,36751,36814,40418,40634,26856,29920,19095,23826,5787,9690,321317,301281,44832,43251,77548,71050,18233,58,29
2021-08-30T23:59:59+02:00,2659,2372,23049,22056,32583,29961,33078,32990,38731,39146,42411,42628,27898,31133,19810,24880,6026,10181,20497,19577,30307,27438,31195,30818,36718,36786,40398,40600,26841,29908,19094,23817,5787,9688,320986,300589,44817,43243,77548,71046,18183,58,29
2021-08-29T23:59:59+02:00,2628,2342,22967,21993,32524,29906,33034,32961,38685,39110,42381,42607,27889,31126,19807,24875,6026,10180,20393,19510,30242,27390,31159,30785,36677,36756,40373,40581,26828,29897,19093,23812,5787,9688,320541,300161,44801,43221,77546,71036,18095,58,29
2021-08-28T23:59:59+02:00,2622,2340,22967,21993,32522,29906,33032,32961,38682,39109,42380,42607,27888,31126,19807,24875,6026,10180,20392,19509,30238,27389,31159,30782,36674,36754,40373,40581,26828,29897,19093,23812,5787,9688,320528,300149,44800,43220,77546,71036,18091,58,29
2021-08-27T23:59:59+02:00,2622,2340,22962,21989,32518,29906,33031,32959,38680,39107,42376,42607,27887,31126,19807,24875,6025,10180,20387,19507,30226,27387,31158,30780,36672,36753,40371,40581,26828,29897,19093,23811,5787,9688,320514,300132,44800,43220,77546,71033,18079,58,29
2021-08-26T23:59:59+02:00,2540,2256,22780,21785,32392,29768,32917,32857,38594,39019,42312,42539,27862,31093,19794,24857,6024,10174,20116,19242,30085,27223,31022,30658,36564,36659,40290,40508,26786,29858,19074,23788,5781,9687,319320,298639,44780,43197,77545,71017,17860,58,29
2021-08-25T23:59:59+02:00,2534,2248,22760,21760,32382,29749,32904,32842,38583,39005,42302,42534,27857,31091,19787,24851,6021,10172,20069,19200,30046,27193,31001,30622,36538,36627,40272,40492,26773,29845,19071,23780,5780,9686,319141,298278,44780,43196,77545,71016,17858,58,29
2021-08-24T23:59:59+02:00,2516,2237,22722,21718,32356,29708,32885,32809,38575,38986,42284,42520,27851,31080,19782,24843,6020,10171,20031,19158,30013,27153,30980,30586,36524,36606,40252,40475,26768,29835,19067,23777,5780,9682,318861,297991,44770,43190,77545,71011,17829,58,29
2021-08-23T23:59:59+02:00,2496,2205,22652,21648,32292,29652,32850,32779,38536,38955,42254,42508,27835,31071,19779,24833,6020,10169,19910,19037,29898,27076,30916,30538,36475,36563,40211,40446,26756,29822,19061,23768,5780,9676,318432,297270,44759,43165,77543,71006,17742,58,29
2021-08-22T23:59:59+02:00,2487,2196,22618,21616,32273,29634,32833,32771,38520,38939,42249,42500,27831,31066,19774,24833,6020,10168,19871,19000,29863,27043,30885,30502,36455,36547,40193,40424,26748,29818,19058,23765,5780,9674,318267,296985,44752,43162,77542,70997,17709,58,29
2021-08-21T23:59:59+02:00,2468,2184,22564,21567,32234,29597,32809,32747,38506,38917,42232,42490,27824,31058,19772,24830,6020,10167,19769,18903,29793,26987,30851,30460,36421,36505,40168,40403,26737,29809,19053,23761,5778,9674,318026,296484,44739,43147,77540,70991,17623,58,29
2021-08-20T23:59:59+02:00,2432,2144,22476,21464,32160,29517,32747,32700,38459,38878,42191,42462,27817,31045,19768,24816,6019,10163,19599,18778,29667,26883,30776,30402,36362,36461,40122,40366,26722,29791,19044,23753,5777,9670,317460,295678,44716,43125,77537,70973,17487,58,29
2021-08-19T23:59:59+02:00,2345,2078,22319,21335,32031,29399,32658,32617,38359,38803,42123,42409,27792,31013,19761,24804,6014,10155,19341,18573,29465,26734,30660,30294,36243,36366,40022,40281,26695,29761,19033,23737,5773,9665,316560,294417,44696,43096,77537,70949,17165,57,29
2021-08-18T23:59:59+02:00,2336,2070,22294,21313,32010,29379,32637,32595,38331,38785,42110,42394,27778,31003,19755,24799,6014,10153,19287,18514,29426,26700,30635,30263,36217,36345,39998,40250,26678,29750,19029,23725,5768,9661,316308,293988,44696,43096,77537,70947,17158,57,29
2021-08-17T23:59:59+02:00,2319,2054,22267,21286,31993,29353,32612,32571,38319,38773,42088,42376,27773,30991,19750,24794,6014,10153,19244,18461,29393,26659,30593,30236,36192,36313,39973,40229,26661,29738,19026,23711,5766,9657,316075,293615,44696,43093,77537,70943,17121,57,29
2021-08-16T23:59:59+02:00,2286,2037,22201,21245,31954,29308,32588,32549,38295,38753,42057,42359,27764,30984,19748,24784,6014,10152,19038,18322,29252,26548,30515,30149,36145,36260,39935,40188,26642,29723,19019,23693,5760,9655,315734,292632,44696,43087,77535,70942,17056,57,29
2021-08-15T23:59:59+02:00,2259,2015,22147,21188,31910,29269,32565,32516,38267,38734,42039,42346,27757,30979,19743,24777,6013,10152,18923,18206,29097,26419,30434,30066,36077,36209,39878,40133,26625,29699,19010,23684,5757,9654,315408,291713,44688,43071,77535,70934,16988,57,29
2021-08-14T23:59:59+02:00,2253,2012,22121,21172,31898,29252,32561,32510,38259,38729,42033,42343,27756,30978,19742,24776,6013,10151,18810,18113,29036,26354,30399,30019,36053,36178,39857,40120,26617,29693,19007,23683,5756,9651,315318,291176,44685,43053,77535,70930,16964,57,29
2021-08-13T23:59:59+02:00,2236,2001,22076,21136,31861,29228,32526,32483,38243,38715,42023,42334,27754,30974,19739,24773,6012,10151,18555,17854,28857,26198,30284,29926,36000,36108,39812,40084,26601,29681,19002,23674,5753,9647,315091,289812,44680,43039,77533,70920,16904,57,29
2021-08-12T23:59:59+02:00,2199,1964,21990,21044,31790,29154,32473,32433,38196,38673,41986,42301,27737,30955,19732,24763,6011,10151,18250,17540,28602,25975,30139,29799,35905,36016,39737,40018,26566,29636,18982,23652,5751,9644,314528,288072,44669,42986,77530,70874,16768,57,29
2021-08-11T23:59:59+02:00,2197,1959,21971,21027,31773,29132,32458,32417,38188,38664,41975,42285,27729,30952,19728,24758,6010,10147,18194,17483,28564,25929,30090,29762,35884,35979,39702,39986,26555,29610,18975,23642,5751,9642,314348,287595,44669,42983,77530,70871,16766,57,29
2021-08-10T23:59:59+02:00,2189,1938,21944,20991,31742,29112,32444,32398,38164,38638,41957,42279,27724,30944,19727,24755,6009,10143,17673,17032,28392,25772,29995,29675,35715,35856,39653,39946,26534,29587,18970,23628,5747,9641,314116,285898,44666,42964,77528,70621,16731,57,29
2021-08-09T23:59:59+02:00,2165,1924,21892,20941,31685,29068,32411,32369,38139,38617,41944,42255,27713,30935,19726,24746,6008,10141,17201,16575,28259,25667,29940,29621,35670,35810,39621,39911,26525,29573,18965,23622,5747,9639,313746,284420,44661,42945,77527,70609,16688,57,29
2021-08-08T23:59:59+02:00,2150,1907,21840,20901,31644,29035,32382,32347,38117,38610,41924,42235,27706,30931,19721,24742,6008,10138,16858,16232,28148,25585,29884,29550,35624,35772,39600,39885,26514,29560,18956,23613,5745,9634,313458,283188,44660,42924,77527,70602,16636,57,29
2021-08-07T23:59:59+02:00,2105,1864,21708,20818,31562,28968,32308,32286,38061,38559,41891,42207,27698,30905,19716,24733,6006,10136,16351,15778,27847,25304,29656,29367,35446,35617,39461,39775,26459,29499,18937,23584,5742,9630,312833,280564,44628,42802,77521,70513,16492,57,29
2021-08-06T23:59:59+02:00,2095,1854,21659,20781,31521,28936,32275,32267,38035,38539,41882,42191,27692,30896,19712,24733,6006,10136,15325,14801,26701,24411,29364,29135,35197,35419,39147,39535,26415,29453,18927,23574,5741,9627,312609,275574,44624,42780,77521,69712,16399,57,28
2021-08-05T23:59:59+02:00,2056,1825,21552,20695,31463,28860,32219,32211,37978,38489,41837,42154,27675,30877,19703,24720,6004,10133,14436,14055,25680,23634,28650,28621,34669,34987,38832,39289,26348,29374,18895,23540,5738,9617,312065,270703,44601,42727,77520,68215,16208,57,28
2021-08-04T23:59:59+02:00,2035,1806,21480,20642,31417,28789,32188,32169,37945,38466,41803,42128,27663,30862,19698,24707,6002,10130,14067,13716,25276,23329,28437,28400,34530,34862,38738,39196,26310,29330,18874,23517,5734,9612,311618,268280,44595,42699,77520,68173,16140,57,28
2021-08-03T23:59:59+02:00,2026,1790,21454,20616,31400,28775,32175,32160,37936,38453,41788,42116,27654,30856,19694,24700,6001,10128,13983,13627,25197,23253,28370,28344,34484,34816,38692,39163,26295,29308,18865,23509,5732,9606,311418,267593,44592,42698,77519,68147,16136,57,28
2021-08-02T23:59:59+02:00,2016,1769,21409,20580,31357,28754,32148,32129,37910,38438,41775,42101,27645,30844,19694,24693,6000,10124,13779,13418,24490,22704,28091,28123,34334,34704,38612,39101,26268,29276,18857,23505,5732,9604,311136,265177,44589,42684,77519,67922,16085,57,28
2021-08-01T23:59:59+02:00,1997,1753,21358,20533,31305,28717,32123,32110,37891,38419,41753,42084,27639,30837,19691,24684,6000,10123,13610,13259,24188,22449,27850,27905,34242,34595,38543,39029,26252,29257,18851,23499,5732,9602,310840,263476,44583,42672,77518,67899,16019,57,28
2021-07-31T23:59:59+02:00,1972,1723,21276,20456,31239,28681,32068,32072,37855,38391,41730,42063,27635,30829,19686,24680,6000,10123,12666,12233,23668,22006,27505,27551,33933,34298,38111,38686,26182,29172,18825,23455,5727,9596,310428,258443,44571,42637,77516,67327,15907,57,28
2021-07-30T23:59:59+02:00,1947,1704,21255,20434,31207,28662,32053,32054,37849,38384,41722,42055,27630,30826,19685,24680,5999,10123,12579,12157,23337,21718,27222,27339,33716,34135,37950,38553,26158,29155,18823,23447,5727,9594,310246,257013,44570,42629,77516,66773,15880,57,28
2021-07-29T23:59:59+02:00,1878,1635,21022,20200,31068,28516,31952,31945,37757,38295,41631,41995,27602,30802,19672,24661,5992,10115,11952,11625,22207,20877,26184,26501,32736,33444,37566,38264,26076,29054,18794,23400,5721,9585,309048,251403,44543,42542,77508,65017,15582,57,28
2021-07-28T23:59:59+02:00,1858,1620,20982,20151,31048,28487,31937,31924,37737,38276,41609,41974,27591,30790,19667,24651,5992,10113,11674,11324,21796,20495,25749,26071,32572,33292,37455,38173,26039,29003,18776,23377,5720,9580,308737,248483,44542,42542,77496,64957,15576,56,28
2021-07-27T23:59:59+02:00,1848,1614,20941,20109,31024,28454,31904,31909,37716,38243,41585,41960,27584,30783,19666,24646,5992,10110,11425,11110,21598,20306,25609,25950,32463,33189,37372,38091,26014,28966,18768,23368,5717,9576,308501,247008,44542,42538,77495,64882,15494,56,28
2021-07-26T23:59:59+02:00,1822,1579,20815,19988,30919,28355,31846,31846,37662,38175,41542,41929,27560,30765,19655,24632,5986,10107,11131,10785,21092,19864,25363,25743,32301,33038,37240,38004,25979,28932,18755,23345,5716,9568,307750,244717,44511,42424,77490,64677,15376,56,28
2021-07-25T23:59:59+02:00,1815,1570,20793,19977,30909,28346,31835,31831,37656,38169,41532,41920,27556,30763,19654,24630,5986,10106,11026,10679,20941,19756,25129,25550,32063,32831,37097,37871,25961,28918,18749,23338,5715,9565,307639,243458,44501,42409,77482,64266,15370,56,28
2021-07-24T23:59:59+02:00,1795,1555,20713,19903,30867,28308,31800,31795,37630,38141,41509,41908,27549,30758,19651,24628,5986,10106,10963,10624,20864,19694,25057,25489,32010,32800,37068,37851,25955,28914,18747,23336,5715,9565,307297,243088,44490,42386,77478,64200,15281,56,28
2021-07-23T23:59:59+02:00,1740,1520,20522,19760,30703,28195,31712,31723,37563,38089,41469,41865,27538,30742,19646,24622,5985,10101,10707,10421,20501,19387,24251,24843,31526,32470,36502,37394,25912,28872,18731,23319,5714,9563,306469,240216,44481,42340,77461,62810,15028,56,27
2021-07-22T23:59:59+02:00,1676,1463,20210,19489,30463,28014,31581,31610,37433,37983,41371,41783,27512,30718,19635,24598,5981,10100,10247,10046,19756,18877,23294,24175,30817,31883,35469,36634,25801,28775,18698,23287,5712,9559,304994,236615,44446,41674,77457,60291,14667,56,27
2021-07-21T23:59:59+02:00,1661,1455,20172,19440,30435,27985,31558,31587,37413,37958,41350,41759,27503,30710,19630,24592,5976,10096,9936,9711,19295,18425,22422,23410,30481,31549,35236,36436,25718,28678,18667,23234,5704,9549,304669,233866,44440,39987,77455,60119,14660,56,24
2021-07-20T23:59:59+02:00,1655,1450,20138,19413,30408,27962,31534,31568,37396,37941,41338,41747,27488,30695,19630,24585,5976,10093,9668,9432,18964,18156,22153,23125,30306,31395,35072,36291,25672,28633,18651,23200,5703,9545,304421,231479,44438,39978,77454,60019,14648,56,24
2021-07-19T23:59:59+02:00,1644,1442,20026,19325,30326,27890,31476,31515,37377,37922,41323,41729,27483,30684,19624,24578,5975,10090,9468,9235,18649,17880,21689,22707,30052,31163,34952,36190,25638,28595,18633,23184,5703,9542,303848,229847,44432,39035,77453,59905,14640,56,24
2021-07-18T23:59:59+02:00,1633,1437,19959,19259,30200,27790,31411,31450,37315,37870,41281,41677,27462,30653,19615,24563,5971,10087,9358,9120,18482,17728,21498,22517,29884,30965,34839,36089,25608,28572,18622,23167,5703,9536,303063,228591,44432,38735,77451,59864,14631,56,24
2021-07-17T23:59:59+02:00,1632,1433,19952,19257,30200,27787,31411,31446,37310,37868,41277,41675,27461,30652,19614,24563,5971,10087,9337,9105,18449,17706,21479,22504,29874,30958,34820,36085,25605,28570,18622,23166,5703,9536,303030,228436,44432,38732,77451,59853,14627,56,24
2021-07-16T23:59:59+02:00,1579,1388,19677,19009,30075,27691,31327,31373,37253,37805,41236,41643,27442,30635,19607,24553,5969,10081,9220,8990,18074,17403,21174,22230,29484,30601,34685,35979,25582,28547,18615,23153,5701,9534,302030,227170,44410,38010,77449,59520,14398,56,23
2021-07-15T23:59:59+02:00,1521,1345,19416,18760,29893,27545,31219,31274,37170,37723,41169,41575,27399,30605,19591,24539,5965,10078,8857,8686,17158,16572,19627,21004,28567,29678,34065,35400,25416,28367,18560,23104,5695,9522,300754,221067,44368,36554,77441,58595,14168,56,23
2021-07-14T23:59:59+02:00,1507,1332,19387,18724,29870,27519,31195,31243,37159,37710,41149,41568,27391,30598,19582,24532,5964,10075,8570,8388,16605,15972,19134,20485,28002,29180,33674,35024,25304,28238,18521,23038,5690,9511,300479,216899,44366,36197,77438,58167,14166,56,23
2021-07-13T23:59:59+02:00,1495,1322,19351,18699,29853,27495,31173,31228,37144,37683,41125,41540,27382,30584,19580,24527,5963,10069,8266,8127,16207,15617,18860,20207,27739,28931,33403,34768,25206,28118,18488,22997,5688,9506,300197,214202,44365,36162,77437,57675,14158,56,23
2021-07-12T23:59:59+02:00,1479,1312,19305,18682,29819,27466,31156,31207,37132,37666,41108,41525,27379,30580,19578,24521,5962,10069,8006,7910,15927,15340,18158,19659,27426,28611,32988,34406,25038,27923,18429,22922,5682,9501,299940,212920,44364,34223,77437,56697,14149,56,23
2021-07-11T23:59:59+02:00,1469,1304,19273,18652,29789,27435,31140,31177,37124,37644,41094,41513,27370,30571,19576,24521,5961,10068,7962,7863,15862,15269,18070,19605,27342,28549,32876,34344,24984,27878,18409,22900,5682,9498,299688,212346,44361,34212,77435,56454,14141,56,23
2021-07-10T23:59:59+02:00,1340,1187,18768,18234,29346,27142,30856,30946,36880,37485,40893,41363,27297,30511,19550,24489,5958,10065,7832,7793,15579,15135,17850,19455,27102,28409,32710,34227,24918,27832,18393,22887,5681,9498,297491,211926,44227,34091,77406,56213,13130,56,23
2021-07-09T23:59:59+02:00,1329,1181,18740,18204,29325,27125,30844,30933,36870,37473,40882,41355,27293,30507,19548,24485,5958,10064,7790,7746,15509,15069,17787,19362,26882,28179,32461,34014,24854,27769,18371,22861,5681,9495,297348,211647,44208,34088,77405,55050,13099,56,23
2021-07-08T23:59:59+02:00,1251,1100,18473,17989,29177,26975,30707,30816,36768,37371,40784,41278,27259,30472,19529,24467,5953,10060,7622,7611,15212,14822,17357,19002,26189,27577,32191,33748,24686,27612,18313,22799,5678,9489,296083,210515,44154,32666,77397,54033,12739,56,23
2021-07-07T23:59:59+02:00,1152,1008,18163,17664,28977,26792,30579,30693,36655,37251,40678,41192,27225,30424,19515,24450,5950,10057,7425,7400,14771,14454,16891,18560,25435,26967,31783,33368,24420,27288,18218,22705,5669,9480,294512,207597,44103,31829,77386,53074,12368,56,23
2021-07-06T23:59:59+02:00,1129,992,18086,17598,28932,26742,30528,30646,36619,37216,40642,41159,27208,30399,19504,24437,5948,10054,7209,7168,14428,14096,16540,18211,24685,26319,31484,33104,24230,27074,18170,22634,5662,9473,293933,205540,44100,30423,77385,52180,12365,56,23
2021-07-05T23:59:59+02:00,1086,964,18013,17534,28889,26686,30489,30612,36595,37171,40614,41133,27202,30385,19498,24431,5948,10049,6980,6978,14125,13825,16188,17845,24133,25811,30915,32537,23950,26775,18062,22494,5654,9463,293449,204046,44098,28325,77381,51047,12315,56,23
2021-07-04T23:59:59+02:00,1064,948,17942,17485,28850,26665,30468,30583,36585,37161,40599,41121,27196,30374,19493,24428,5948,10048,6954,6961,14071,13779,16113,17787,24049,25755,30762,32446,23858,26686,18030,22453,5652,9459,293133,203655,44097,28316,77370,50540,12302,56,23
2021-07-03T23:59:59+02:00,648,576,16213,15765,27678,25740,29669,29865,35944,36551,40101,40691,27039,30206,19425,24341,5939,10031,6568,6721,13556,13476,15711,17484,23688,25478,30457,32251,23761,26591,17996,22414,5648,9455,285620,203363,44058,28239,77287,50250,9401,56,23
2021-07-02T23:59:59+02:00,609,538,16081,15619,27517,25593,29589,29805,35913,36524,40082,40678,27033,30197,19422,24338,5939,10031,6520,6650,13482,13375,15623,17353,23545,25295,30303,32086,23568,26379,17907,22336,5646,9452,284713,202680,44058,28080,77286,49363,9395,56,23
2021-07-01T23:59:59+02:00,551,490,15903,15465,27300,25439,29512,29727,35858,36473,40016,40633,27013,30180,19411,24326,5937,10027,6380,6521,13142,13104,15095,16911,22280,24307,29541,31404,23289,26091,17789,22202,5639,9436,283525,199151,44053,26408,77274,48218,9353,56,21
2021-06-30T23:59:59+02:00,521,470,15799,15358,27189,25354,29445,29656,35802,36422,39973,40597,26998,30149,19400,24309,5933,10027,6186,6343,12711,12720,14527,16363,21657,23711,28949,30874,22870,25627,17659,22018,5632,9424,282702,194902,44050,26384,77268,46655,9326,56,21
2021-06-29T23:59:59+02:00,464,420,15036,14690,26927,25130,29351,29557,35723,36341,39905,40550,26979,30126,19392,24296,5933,10025,6074,6216,12450,12457,14132,15967,20865,23091,28365,30322,22423,25103,17507,21844,5624,9414,280198,191750,44049,25875,77260,44941,9282,56,21
2021-06-28T23:59:59+02:00,428,389,14407,14051,26770,25026,29276,29491,35665,36276,39861,40516,26961,30106,19384,24285,5933,10021,6007,6121,12271,12318,13944,15790,20245,22541,27965,29951,22087,24746,17378,21681,5619,9410,278261,190067,44045,25219,77256,43553,9228,56,21
2021-06-27T23:59:59+02:00,351,322,14061,13673,26706,24967,29236,29455,35643,36254,39844,40503,26950,30099,19381,24281,5932,10020,5970,6078,12157,12203,13799,15661,19694,22063,27357,29452,21810,24410,17258,21558,5615,9409,277139,189232,44043,23698,77245,42362,9195,56,21
2021-06-26T23:59:59+02:00,350,322,14050,13662,26690,24956,29230,29449,35637,36253,39841,40502,26949,30098,19381,24281,5932,10020,5965,6075,12146,12200,13793,15658,19681,22052,27312,29417,21665,24280,17218,21502,5614,9407,277067,189207,44041,23694,77245,41883,9194,56,21
2021-06-25T23:59:59+02:00,226,209,12786,12443,25226,23809,28929,29215,35531,36171,39775,40440,26925,30071,19371,24270,5929,10018,5922,6028,12050,12120,13651,15536,19371,21814,26928,29058,21342,23887,17044,21305,5611,9398,270833,187983,44037,23411,77227,40473,9191,56,21
2021-06-24T23:59:59+02:00,161,155,11812,11613,24113,22928,28563,28865,35384,36005,39663,40336,26890,30021,19360,24246,5927,10014,5705,5796,11591,11704,13072,14945,17836,20416,25282,27463,20571,23030,16728,20898,5601,9388,265599,183002,44020,19789,77223,38069,9158,56,21
2021-06-23T23:59:59+02:00,125,129,11450,11289,23613,22556,28315,28623,35206,35878,39573,40248,26860,29994,19352,24209,5925,10003,5631,5683,11378,11489,12773,14594,17446,20006,24534,26696,19777,22280,16536,20646,5593,9372,262981,180653,44014,19173,77218,35521,9079,56,21
2021-06-22T23:59:59+02:00,104,116,11267,11077,23453,22414,28235,28551,35130,35816,39527,40203,26845,29970,19344,24201,5925,10002,5522,5562,11111,11228,12406,14224,16844,19410,23802,25930,19397,21856,16373,20467,5586,9356,261835,177624,44011,18306,77216,34071,9062,56,21
2021-06-21T23:59:59+02:00,91,104,11015,10892,22619,21742,27982,28325,35064,35754,39463,40162,26829,29952,19338,24192,5925,10001,5403,5458,10896,11008,12099,13902,16452,19064,23355,25463,19107,21542,16269,20348,5580,9354,259240,176166,44005,17288,77211,32896,8938,56,21
2021-06-20T23:59:59+02:00,85,103,10951,10801,22369,21526,27724,28124,34984,35676,39418,40118,26820,29938,19336,24188,5923,9998,5362,5403,10809,10907,12003,13799,16255,18880,23084,25222,19006,21435,16216,20290,5574,9350,257955,175856,44003,16220,77208,32646,8860,56,21
2021-06-19T23:59:59+02:00,84,99,10927,10777,22336,21502,27706,28111,34972,35672,39408,40114,26819,29937,19336,24186,5923,9998,5331,5371,10728,10817,11911,13678,16107,18728,22777,24861,18920,21348,16204,20277,5573,9350,257801,175752,43982,14723,77208,32633,8860,56,21
2021-06-18T23:59:59+02:00,81,97,10879,10726,22017,21180,27442,27895,34919,35635,39377,40092,26810,29928,19335,24183,5923,9996,5316,5362,10697,10787,11871,13630,16045,18665,22692,24765,18754,21167,16159,20211,5572,9345,256412,175355,43980,14722,77207,32088,8860,56,21
2021-06-17T23:59:59+02:00,72,89,10299,10294,20743,20220,26582,27164,34551,35311,39124,39904,26746,29846,19315,24147,5916,9991,5118,5223,10322,10533,11427,13228,15364,18053,21325,23451,18300,20680,15996,20040,5568,9330,250645,170058,43961,14149,77196,31282,8456,56,21
2021-06-16T23:59:59+02:00,64,77,9961,9981,20062,19589,25944,26561,34303,35111,38964,39756,26704,29793,19292,24124,5915,9987,4975,5078,9935,10199,10968,12776,14660,17362,20476,22518,17897,20234,15826,19827,5558,9318,246812,166277,43946,12879,77183,30247,8191,56,21
2021-06-15T23:59:59+02:00,49,71,9716,9740,19766,19339,25721,26364,34173,35005,38868,39676,26675,29757,19285,24109,5910,9983,4869,4967,9695,9981,10736,12517,14238,16935,19878,21942,17576,19844,15605,19598,5549,9307,245045,164200,43934,11789,77177,29241,7995,56,20
2021-06-14T23:59:59+02:00,45,66,9583,9615,19466,19078,25546,26221,34052,34926,38807,39637,26658,29737,19279,24098,5910,9980,4788,4904,9504,9842,10563,12381,13976,16719,19562,21648,17410,19687,15504,19465,5548,9303,243848,162743,43932,11787,77173,28567,7695,56,20
2021-06-13T23:59:59+02:00,43,62,9423,9485,19175,18892,25194,25967,33851,34759,38701,39570,26642,29725,19269,24090,5910,9977,4705,4838,9294,9674,10398,12210,13651,16381,19214,21317,17283,19539,15457,19400,5546,9301,242202,161894,43932,11787,77169,27138,7376,56,20
2021-06-12T23:59:59+02:00,43,62,9414,9471,19162,18879,25194,25962,33851,34756,38698,39569,26642,29725,19269,24090,5910,9977,4702,4824,9284,9613,10366,12108,13602,16226,19159,21181,17174,19414,15340,19298,5544,9299,242156,161866,43932,11785,77165,26105,7365,56,20
2021-06-11T23:59:59+02:00,38,58,9256,9289,18929,18666,24394,25287,33671,34602,38564,39456,26609,29692,19258,24067,5910,9972,4624,4709,9064,9358,10106,11814,13081,15678,18185,20289,16988,19217,15300,19254,5541,9296,239234,157853,43931,11784,77162,25519,7335,56,20
2021-06-10T23:59:59+02:00,36,54,8862,8955,18277,18174,23543,24609,33351,34322,38362,39292,26553,29638,19235,24039,5907,9965,4449,4532,8482,8864,9299,11093,11933,14575,16193,18376,16098,18256,15014,18887,5532,9274,235615,148176,43270,11751,77136,23820,7098,55,19
2021-06-09T23:59:59+02:00,19,36,8413,8450,17441,17447,22391,23565,32861,33855,38076,39074,26444,29534,19189,23983,5897,9952,4313,4415,8193,8598,9056,10839,11602,14208,15709,17829,15727,17826,14773,18602,5525,9264,231621,146352,41377,11709,77101,21908,6498,30,19
2021-06-08T23:59:59+02:00,11,24,8095,8133,16970,17030,21972,23200,32616,33662,37914,38944,26400,29494,19179,23960,5894,9947,4193,4333,7939,8343,8751,10494,11243,13861,15066,17126,15270,17303,14511,18324,5520,9246,228894,144648,41345,10583,77092,20196,6084,30,19
2021-06-07T23:59:59+02:00,8,20,7897,7901,16612,16706,21428,22745,32335,33391,37797,38827,26374,29446,19162,23934,5889,9946,4117,4253,7758,8202,8591,10351,11072,13689,14753,16800,15073,17047,14338,18133,5516,9241,227272,143568,40370,10491,77081,19197,5666,29,19
2021-06-06T23:59:59+02:00,6,17,7789,7792,16477,16559,21233,22537,32108,33167,37662,38721,26347,29421,19149,23918,5889,9940,4088,4218,7710,8084,8537,10220,10965,13542,14557,16581,14889,16868,14249,18013,5509,9235,226037,143081,40071,10481,77063,18159,5532,29,19
2021-06-05T23:59:59+02:00,6,17,7767,7778,16448,16532,21225,22534,32098,33161,37659,38720,26346,29421,19148,23917,5889,9940,4079,4179,7695,8019,8523,10087,10951,13371,14538,16476,14852,16813,14240,18003,5509,9234,225927,143000,40071,10481,77062,17559,5517,29,19
2021-06-04T23:59:59+02:00,6,15,7653,7675,16170,16294,20948,22287,31674,32787,37544,38599,26313,29382,19136,23904,5887,9938,4072,4170,7669,7996,8497,10056,10884,13298,14433,16346,14771,16720,14203,17959,5509,9232,224328,142666,39295,10152,77043,17468,5517,29,19
2021-06-03T23:59:59+02:00,4,15,7397,7447,15293,15509,19313,20895,30763,31857,37041,38140,26182,29249,19092,23853,5881,9920,4011,4132,7580,7925,8374,9958,10714,13117,13863,15776,14506,16404,14118,17851,5506,9219,217706,140444,37715,10036,77033,17194,5368,29,19
2021-06-02T23:59:59+02:00,4,15,7262,7303,14907,15081,18881,20493,30293,31402,36815,37876,26118,29185,19072,23824,5878,9918,3981,4102,7515,7838,8286,9865,10573,12986,13415,15344,14382,16221,14090,17813,5503,9214,214618,138648,37284,9942,77032,17162,5364,29,19
2021-06-01T23:59:59+02:00,4,12,6986,7058,14510,14769,18538,20175,29966,31091,36592,37643,26062,29106,19048,23795,5876,9907,3879,4016,7272,7661,8054,9672,10309,12712,13012,14920,13949,15769,13974,17660,5496,9206,211875,136523,37239,9688,77011,16354,4984,29,19
2021-05-31T23:59:59+02:00,4,12,6822,6868,14291,14535,17834,19573,29625,30750,36295,37380,25972,29009,19022,23741,5866,9894,3800,3904,7063,7412,7831,9386,9965,12329,12571,14400,13420,15156,13775,17431,5488,9191,210446,133337,35189,9364,76994,15574,4835,29,19
2021-05-30T23:59:59+02:00,4,12,6799,6853,14245,14497,17757,19514,29575,30712,36264,37357,25960,28997,19019,23735,5865,9892,3757,3830,6906,7198,7683,9151,9758,12010,12314,14047,13299,14986,13706,17349,5485,9184,210151,132602,35177,9263,76940,14026,4760,29,19
2021-05-29T23:59:59+02:00,4,12,6797,6852,14236,14491,17752,19508,29570,30708,36261,37356,25958,28994,19019,23734,5865,9892,3748,3817,6877,7165,7650,9100,9722,11963,12241,13949,13258,14918,13676,17325,5484,9179,210119,132463,35177,9262,76925,13576,4759,29,19
2021-05-28T23:59:59+02:00,4,12,6787,6840,14221,14474,17735,19487,29559,30695,36250,37338,25957,28990,19017,23730,5865,9892,3734,3794,6855,7125,7616,9046,9669,11859,12001,13679,13068,14727,13646,17284,5481,9176,209968,131171,35176,9261,76922,13557,4758,29,19
2021-05-27T23:59:59+02:00,4,12,6696,6759,13953,14257,17250,19140,28880,30152,36091,37207,25911,28956,19002,23716,5864,9886,3609,3634,6568,6873,7240,8738,9171,11300,11291,12784,12516,14158,13516,17092,5473,9164,208891,127654,33735,8930,76880,12329,4201,29,19
2021-05-26T23:59:59+02:00,4,12,6625,6651,13739,14054,16997,18833,28336,29640,35916,37032,25874,28911,18987,23692,5863,9881,3518,3490,6342,6584,6952,8311,8830,10822,10637,11985,11954,13542,13370,16876,5468,9142,207300,124036,32981,8747,76867,11157,3870,29,19
2021-05-25T23:59:59+02:00,4,12,6544,6556,13534,13833,16734,18622,27611,28992,35823,36935,25851,28882,18975,23677,5858,9880,3469,3399,6197,6415,6806,8121,8604,10531,10291,11619,11608,13066,13265,16715,5465,9134,206589,122195,31526,8608,76382,10091,3798,28,19
2021-05-24T23:59:59+02:00,4,12,6474,6459,13357,13633,16512,18339,27198,28564,35477,36535,25794,28814,18956,23653,5857,9878,3455,3377,6139,6333,6761,8037,8545,10436,10218,11522,11435,12833,13217,16623,5457,9114,206055,121569,29299,8562,76375,9599,3759,28,19
2021-05-23T23:59:59+02:00,4,12,6472,6458,13352,13624,16509,18329,27179,28554,35447,36501,25791,28808,18956,23647,5857,9878,3450,3373,6133,6323,6751,8030,8517,10405,10178,11465,11352,12732,13197,16592,5457,9113,205940,121557,29283,8150,76374,9592,3753,28,19
2021-05-22T23:59:59+02:00,4,12,6465,6454,13345,13613,16503,18325,27176,28553,35444,36495,25791,28808,18956,23647,5857,9878,3449,3373,6130,6320,6750,8026,8513,10403,10173,11462,11341,12718,13192,16588,5456,9113,205890,121517,29283,8150,76372,9571,3753,28,19
2021-05-21T23:59:59+02:00,4,12,6403,6394,13192,13507,16330,18175,26905,28375,35014,36227,25765,28770,18948,23641,5856,9874,3440,3363,6097,6299,6719,7992,8474,10354,10120,11412,10823,12005,13051,16428,5453,9108,205201,119757,29158,8147,75323,9536,3682,28,19
2021-05-20T23:59:59+02:00,3,11,6110,6193,12582,13090,15136,17253,24991,26878,34061,35457,25660,28625,18894,23560,5850,9859,3380,3318,6004,6182,6606,7836,8327,10193,9883,11104,10485,11548,12938,16246,5443,9095,200441,117759,27412,8066,72780,9194,3553,27,19
2021-05-19T23:59:59+02:00,3,11,5904,5952,12068,12631,14427,16548,24044,26064,33434,34857,25550,28535,18859,23504,5842,9847,3303,3245,5842,6012,6416,7595,8052,9912,9580,10723,10173,11133,12859,16101,5441,9087,194748,115849,27374,7870,72765,8573,3166,27,19
2021-05-18T23:59:59+02:00,3,10,5734,5843,11668,12308,13804,16049,22888,25115,32768,34251,25434,28400,18813,23454,5837,9838,3260,3213,5729,5901,6251,7436,7847,9694,9382,10483,10004,10883,12714,15880,5432,9078,189797,114699,26868,7802,72721,7866,2804,27,19
2021-05-17T23:59:59+02:00,3,9,5681,5798,11505,12201,13533,15827,22072,24480,32459,33937,25354,28341,18791,23424,5828,9829,3143,3137,5538,5716,6077,7220,7637,9466,9157,10240,9915,10759,12656,15817,5429,9073,188031,113942,26168,7796,72328,6708,2518,27,19
2021-05-16T23:59:59+02:00,3,9,5653,5778,11444,12144,13448,15747,21462,23931,31845,33407,25313,28299,18781,23409,5827,9829,3138,3114,5524,5646,6049,7160,7609,9366,9125,10156,9899,10740,12653,15814,5429,9073,187264,113830,24623,7789,71909,6355,2506,27,18
2021-05-15T23:59:59+02:00,3,9,5644,5768,11411,12135,13419,15737,21388,23860,31305,33031,25302,28294,18780,23406,5826,9828,3124,3099,5505,5604,6035,7084,7569,9251,8888,9902,9866,10709,12619,15763,5429,9072,187214,113825,24611,7651,71257,5991,2037,27,18
2021-05-14T23:59:59+02:00,3,9,5604,5743,11349,12097,13347,15672,20977,23548,30874,32685,25266,28248,18769,23389,5826,9826,3092,3059,5469,5515,6014,6948,7529,9049,8828,9707,9795,10599,12532,15636,5429,9069,186491,113656,24292,7319,70386,5244,2036,27,18
2021-05-13T23:59:59+02:00,3,9,5446,5585,10967,11801,12633,15083,18791,21799,29328,31217,25036,28005,18702,23318,5824,9823,3080,3024,5444,5476,5997,6890,7505,8978,8784,9647,9578,10355,12335,15333,5424,9059,182536,113299,20490,6500,68296,5074,2021,27,18
2021-05-12T23:59:59+02:00,2,9,5417,5558,10895,11743,12532,14995,18669,21675,28965,30852,24944,27910,18685,23289,5823,9818,3080,3020,5438,5470,5987,6876,7480,8963,8745,9593,9391,10125,12103,15010,5421,9052,181588,113015,19852,5635,68293,5068,2021,27,18
2021-05-11T23:59:59+02:00,2,9,5280,5454,10647,11495,12166,14623,18058,21039,28032,29882,24751,27721,18626,23214,5818,9803,3038,2979,5349,5315,5887,6692,7350,8721,8584,9371,9210,9930,11955,14822,5412,9034,177512,111976,18960,5526,68160,4171,1961,27,18
2021-05-10T23:59:59+02:00,2,8,5157,5376,10434,11300,11907,14368,17732,20704,27612,29475,24642,27614,18588,23167,5810,9799,2970,2926,5232,5198,5772,6589,7226,8580,8456,9264,9106,9806,11865,14694,5409,9026,175511,111447,18268,5514,67935,3189,1954,27,18
2021-05-09T23:59:59+02:00,2,8,5083,5328,10334,11186,11807,14249,17392,20421,27221,29098,24556,27527,18559,23131,5807,9796,2901,2895,5085,5154,5596,6546,7058,8551,8328,9228,9094,9796,11847,14674,5409,9026,175116,111371,16983,5504,67440,2359,1939,27,18
2021-05-08T23:59:59+02:00,2,8,5082,5327,10332,11182,11807,14249,17388,20419,27218,29095,24556,27527,18559,23131,5807,9796,2901,2894,5084,5154,5596,6546,7058,8551,8325,9228,9093,9795,11847,14674,5409,9026,175099,111368,16983,5504,67437,2355,1939,27,18
2021-05-07T23:59:59+02:00,2,8,5048,5301,10262,11129,11678,14125,16987,20144,26581,28537,24508,27476,18542,23097,5800,9767,2891,2887,5068,5145,5585,6530,7046,8540,8317,9217,9087,9787,11836,14652,5401,8999,174264,111353,16980,5498,65911,2312,1810,27,18
2021-05-06T23:59:59+02:00,1,8,4778,5140,9799,10784,11116,13608,15898,19122,24173,26246,24009,26951,18436,22994,5795,9753,2849,2842,5001,5070,5545,6437,6963,8420,8186,9066,8987,9676,11812,14601,5398,8996,169235,110810,14527,5442,63025,1783,1799,25,18
2021-05-05T23:59:59+02:00,1,8,4700,5063,9506,10554,10774,13282,15317,18517,23329,25281,23748,26627,18367,22888,5785,9735,2829,2806,4951,4985,5486,6316,6879,8255,8062,8851,8880,9545,11734,14516,5397,8988,165571,109870,13215,5437,62875,1361,1796,25,18
2021-05-04T23:59:59+02:00,1,8,4615,4972,9332,10347,10566,13040,14929,18118,22785,24717,23534,26354,18295,22809,5777,9722,2820,2772,4923,4909,5453,6196,6825,8114,7969,8696,8776,9434,11659,14457,5395,8985,163315,109371,12091,5426,62714,794,1776,25,18
2021-05-03T23:59:59+02:00,1,8,4542,4898,9139,10210,10389,12864,14646,17871,22376,24302,23395,26204,18268,22762,5777,9716,2743,2702,4835,4835,5377,6110,6728,8008,7788,8530,8689,9347,11620,14408,5392,8980,161810,109148,12090,5423,62622,684,821,25,18
2021-05-02T23:59:59+02:00,1,8,4529,4884,9062,10152,10263,12752,14319,17564,22073,24015,23345,26145,18249,22737,5776,9715,2737,2695,4775,4801,5286,6026,6590,7879,7671,8429,8643,9305,11596,14374,5390,8975,160923,109032,12087,5421,62518,667,36,25,18
2021-05-01T23:59:59+02:00,1,8,4529,4882,9060,10151,10262,12752,14315,17561,22071,24015,23344,26144,18249,22737,5776,9715,2737,2695,4775,4801,5286,6026,6589,7879,7671,8429,8643,9305,11596,14374,5390,8975,160906,109032,12087,5420,62518,667,36,25,18
2021-04-30T23:59:59+02:00,0,8,4455,4791,8818,9937,10000,12510,13833,17136,21230,23247,23218,26008,18233,22708,5773,9712,2733,2693,4764,4793,5277,5992,6577,7849,7637,8392,8639,9302,11595,14371,5388,8974,157315,109005,12086,5418,62189,535,2,25,18
2021-04-29T23:59:59+02:00,0,8,4306,4647,8333,9525,9297,11906,12831,16236,19386,21566,22512,25248,18095,22498,5767,9695,2710,2672,4722,4721,5233,5916,6514,7743,7557,8274,8528,9186,11529,14295,5382,8965,148120,108510,12072,5144,61638,275,2,24,18
2021-04-28T23:59:59+02:00,0,8,4273,4628,8262,9451,9221,11819,12712,16117,19168,21352,22424,25156,18067,22457,5765,9690,2707,2661,4696,4661,5205,5872,6483,7669,7509,8192,8511,9162,11513,14273,5381,8959,147738,108317,11982,5072,60825,49,1,24,17
2021-04-27T23:59:59+02:00,0,8,4233,4582,8124,9311,9108,11668,12567,15948,18719,20855,22195,24898,18002,22379,5762,9682,2704,2657,4694,4657,5195,5864,6470,7650,7475,8155,8453,9083,11432,14191,5377,8955,147013,108059,10899,4899,60104,41,1,24,14
2021-04-26T23:59:59+02:00,0,8,4191,4554,8018,9216,8961,11563,12393,15775,18307,20491,22061,24752,17967,22351,5762,9681,2704,2655,4690,4653,5190,5855,6456,7630,7440,8127,8405,9035,11376,14112,5373,8938,146245,107950,10764,4641,59018,36,0,24,14
2021-04-25T23:59:59+02:00,0,8,4177,4538,7982,9186,8897,11500,12258,15645,17962,20161,21861,24514,17927,22296,5758,9676,2704,2655,4689,4652,5188,5851,6451,7627,7438,8123,8349,8976,11352,14084,5373,8937,144861,107928,10753,4474,58708,35,0,24,14
2021-04-24T23:59:59+02:00,0,8,4171,4530,7967,9182,8882,11490,12210,15615,17904,20123,21845,24501,17925,22291,5758,9676,2703,2655,4689,4652,5188,5851,6451,7627,7438,8123,8349,8975,11352,14084,5373,8937,144765,107928,10753,4474,58536,34,0,24,13
2021-04-23T23:59:59+02:00,0,8,4151,4497,7910,9119,8799,11388,11870,15289,17471,19725,21631,24268,17862,22214,5756,9668,2700,2653,4686,4649,5181,5844,6437,7618,7415,8092,8328,8948,11344,14076,5371,8934,143502,107916,10405,4316,57695,33,0,24,13
2021-04-22T23:59:59+02:00,0,8,4102,4432,7778,8928,8614,11128,11543,14869,16557,18739,21056,23557,17727,22033,5747,9649,2691,2647,4680,4627,5158,5818,6393,7582,7342,8044,8195,8790,11202,13925,5366,8925,139764,107298,10275,4051,56406,25,0,22,13
2021-04-21T23:59:59+02:00,0,8,4060,4389,7675,8807,8458,10968,11248,14590,15821,17980,20677,23109,17655,21927,5742,9636,2683,2636,4662,4607,5142,5797,6381,7564,7314,8023,8145,8729,11165,13886,5364,8923,136843,107017,10145,3971,55743,23,0,19,12
2021-04-20T23:59:59+02:00,0,8,4035,4363,7640,8755,8382,10888,11085,14415,15386,17503,20213,22593,17556,21775,5734,9625,2675,2627,4652,4594,5117,5777,6353,7540,7274,7983,8051,8597,11090,13799,5360,8919,134695,106445,9881,3931,55361,22,0,19,12
2021-04-19T23:59:59+02:00,0,8,4004,4312,7578,8651,8290,10749,10927,14232,15133,17209,19734,22029,17390,21561,5723,9613,2670,2626,4646,4590,5104,5762,6334,7523,7248,7939,7998,8543,11064,13753,5357,8914,132630,106111,9527,3928,54967,22,0,19,12
2021-04-18T23:59:59+02:00,0,5,3984,4283,7518,8600,8184,10622,10668,13989,14641,16670,19304,21518,17268,21375,5719,9607,2669,2626,4646,4590,5104,5762,6332,7520,7245,7938,7994,8540,11062,13749,5356,8911,130209,106087,9456,3926,54271,21,0,19,12
2021-04-17T23:59:59+02:00,0,5,3981,4275,7498,8594,8174,10604,10626,13943,14531,16582,19183,21394,17246,21347,5718,9605,2669,2626,4645,4588,5098,5757,6318,7515,7220,7915,7948,8494,11043,13726,5354,8911,129772,106076,9447,3720,54068,21,0,19,12
2021-04-16T23:59:59+02:00,0,5,3970,4232,7425,8472,8071,10446,10432,13681,13862,15819,18615,20748,17121,21172,5707,9588,2666,2623,4640,4583,5093,5744,6300,7504,7182,7880,7638,8105,10952,13587,5346,8895,126925,105278,9387,3429,53035,21,0,19,12
2021-04-15T23:59:59+02:00,0,4,3926,4178,7312,8341,7900,10208,10097,13291,13132,14960,17806,19882,16879,20847,5694,9567,2665,2615,4628,4565,5080,5712,6269,7468,7111,7807,7076,7447,10828,13427,5342,8884,123270,103610,9228,3285,51507,19,0,19,12
2021-04-14T23:59:59+02:00,0,3,3899,4149,7246,8235,7794,10058,9922,13092,12714,14514,17280,19270,16728,20637,5689,9554,2632,2596,4610,4533,5051,5665,6234,7435,7054,7746,6442,6685,10565,13135,5338,8876,121883,101288,8994,3285,49888,14,0,19,12
2021-04-13T23:59:59+02:00,0,3,3896,4143,7208,8219,7737,10024,9814,13039,12340,14221,16591,18422,16492,20336,5685,9548,2608,2569,4590,4507,5026,5631,6175,7367,6965,7644,6229,6433,9981,12471,5330,8857,121188,99083,8776,3277,47735,14,0,19,11
2021-04-12T23:59:59+02:00,0,3,3882,4125,7155,8173,7680,9955,9706,12937,12093,14009,16147,17906,16304,20122,5680,9545,2579,2558,4523,4465,4919,5562,6060,7291,6847,7545,5484,5610,9533,11935,5290,8815,120854,95724,8740,3269,45809,14,0,19,11
2021-04-11T23:59:59+02:00,0,3,3867,4117,7113,8121,7621,9911,9613,12859,11855,13801,15582,17217,16028,19781,5675,9535,2503,2475,4394,4343,4764,5429,5897,7139,6695,7439,5181,5249,9402,11775,5290,8811,120265,93545,8312,3219,44103,13,0,19,11
2021-04-10T23:59:59+02:00,0,3,3849,4098,7074,8074,7577,9855,9553,12800,11764,13716,15365,17025,15979,19713,5674,9528,1944,1907,3575,3622,3889,4664,4891,6219,5840,6652,4907,4943,9274,11623,5284,8802,119802,84795,8312,3219,43514,13,0,19,11
2021-04-09T23:59:59+02:00,0,3,3829,4078,7036,8045,7513,9799,9400,12672,11437,13431,14181,15493,15536,19182,5662,9518,1084,1079,2217,2429,2381,3291,3105,4577,4220,5187,4222,4209,9027,11269,5260,8773,117903,69092,8310,3216,40583,13,0,19,11
2021-04-08T23:59:59+02:00,0,3,3803,4062,6975,7992,7410,9704,9213,12553,11033,13077,13048,14233,15127,18661,5643,9488,582,590,1299,1721,1474,2359,2005,3488,2836,3800,2976,2811,8222,10289,5118,8552,116657,54889,8229,3213,37120,11,0,19,11
2021-04-07T23:59:59+02:00,0,3,3756,4037,6897,7938,7317,9634,9085,12424,10724,12769,12320,13463,14910,18396,5637,9469,351,373,948,1376,1067,1973,1494,3025,1891,2792,1794,1523,7317,9148,4963,8293,115695,45098,8078,3213,34988,8,0,18,11
2021-04-06T23:59:59+02:00,0,3,3740,4025,6875,7900,7262,9567,8992,12344,10511,12551,11935,12968,14688,18100,5626,9455,344,359,938,1366,1052,1952,1467,2997,1832,2733,1715,1456,6905,8591,4812,8055,114416,43346,7979,3212,34131,7,0,16,11
2021-04-05T23:59:59+02:00,0,3,3735,4024,6864,7888,7249,9557,8973,12316,10447,12492,11825,12821,14590,18008,5624,9452,342,353,927,1362,1046,1944,1457,2977,1811,2699,1661,1403,6676,8286,4690,7871,114080,42278,7958,3211,33814,7,0,16,11
2021-04-04T23:59:59+02:00,0,3,3735,4024,6862,7882,7248,9556,8970,12316,10437,12487,11822,12817,14587,18007,5624,9452,342,352,925,1362,1045,1942,1456,2976,1809,2696,1658,1398,6669,8273,4685,7868,114075,42230,7957,3210,33781,7,0,16,11
2021-04-03T23:59:59+02:00,0,3,3735,4024,6862,7881,7247,9556,8970,12316,10436,12487,11822,12816,14585,18005,5624,9452,342,351,923,1358,1043,1941,1455,2971,1807,2696,1653,1386,6626,8192,4650,7833,114071,42001,7957,3210,33777,7,0,16,11
2021-04-02T23:59:59+02:00,0,3,3733,4022,6860,7878,7241,9550,8958,12309,10420,12471,11695,12702,14542,17948,5620,9444,340,349,921,1351,1037,1930,1440,2946,1767,2657,1558,1300,5863,7292,4217,7271,113948,39335,7952,2888,33480,7,0,16,11
2021-04-01T23:59:59+02:00,0,2,3693,4010,6826,7856,7199,9519,8906,12270,10349,12400,11353,12294,14166,17435,5616,9431,335,346,905,1336,1025,1909,1408,2900,1708,2591,1435,1207,4930,6187,3667,6449,113565,35439,6541,2883,33203,7,0,16,11
2021-03-31T23:59:59+02:00,0,2,3687,4006,6811,7837,7182,9501,8871,12238,10261,12328,11022,11888,13820,16942,5610,9410,332,343,897,1328,1015,1894,1388,2872,1658,2555,1370,1155,4350,5513,3315,5981,112992,33140,5540,2810,32868,7,0,16,11
2021-03-30T23:59:59+02:00,0,2,3669,3982,6775,7798,7125,9434,8782,12134,10098,12173,10764,11611,13597,16676,5604,9396,328,336,891,1317,1008,1888,1365,2865,1630,2529,1343,1129,4232,5391,3255,5889,112171,32767,5290,2613,32143,7,0,16,11
2021-03-29T23:59:59+02:00,0,2,3660,3960,6749,7776,7085,9381,8686,12039,9915,11966,10331,11143,13224,16207,5587,9363,323,332,887,1307,1002,1880,1357,2854,1614,2520,1318,1115,4099,5247,3158,5758,110495,32149,4982,2607,31581,6,0,16,11
2021-03-28T23:59:59+02:00,0,2,3618,3904,6634,7617,6968,9240,8559,11845,9763,11775,10120,10883,13048,16021,5582,9353,323,332,887,1307,1000,1879,1356,2854,1613,2518,1309,1112,4066,5205,3132,5732,110122,32106,4718,2505,30076,5,0,16,11
2021-03-27T23:59:59+01:00,0,2,3617,3893,6622,7552,6938,9126,8509,11674,9711,11621,10006,10760,12953,15933,5581,9353,323,331,887,1307,1000,1876,1356,2852,1609,2517,1307,1110,4040,5170,3119,5717,110113,32003,4718,2504,29004,5,0,16,11
2021-03-26T23:59:59+01:00,0,2,3611,3885,6594,7515,6909,9053,8461,11561,9620,11493,9957,10697,12907,15878,5573,9333,318,329,886,1304,996,1864,1353,2831,1588,2503,1282,1094,3859,4945,3013,5564,110057,31252,4496,2463,28480,5,0,16,11
2021-03-25T23:59:59+01:00,0,2,3588,3854,6503,7388,6817,8888,8270,11329,9311,11176,9578,10315,12604,15563,5568,9324,318,328,884,1296,993,1853,1340,2818,1564,2484,1256,1075,3626,4703,2762,5229,109684,30053,4289,2463,26089,4,0,16,11
2021-03-24T23:59:59+01:00,0,2,3533,3803,6414,7202,6697,8662,8103,11093,9085,10851,9163,9827,12186,15104,5557,9314,318,327,883,1293,988,1851,1332,2814,1548,2468,1247,1065,3559,4630,2581,5007,109173,29438,4153,2463,23254,1,0,16,11
2021-03-23T23:59:59+01:00,0,2,3515,3770,6365,7146,6621,8603,7985,10964,8836,10618,8742,9357,11735,14585,5548,9299,318,327,882,1283,983,1842,1327,2805,1544,2460,1223,1040,3467,4554,2388,4689,108358,28659,4060,2463,21257,1,0,16,11
2021-03-22T23:59:59+01:00,0,2,3507,3750,6322,7117,6587,8556,7919,10888,8687,10482,8461,9004,11432,14259,5512,9260,316,322,876,1273,975,1835,1320,2794,1534,2450,1211,1030,3438,4519,2369,4656,107687,28446,4057,2462,19985,1,0,16,11
2021-03-21T23:59:59+01:00,0,2,3505,3748,6318,7106,6570,8540,7900,10869,8631,10424,8341,8888,11361,14157,5510,9257,314,321,867,1270,968,1828,1311,2792,1530,2446,1207,1027,3429,4504,2355,4647,107602,28344,4056,2462,19453,1,0,16,11
2021-03-20T23:59:59+01:00,0,2,3497,3710,6310,7034,6555,8403,7875,10685,8587,10288,8263,8802,11323,14118,5510,9257,314,321,867,1270,968,1827,1310,2792,1530,2444,1207,1027,3429,4503,2355,4646,107569,28339,3844,2461,18790,1,0,16,11
2021-03-19T23:59:59+01:00,0,2,3484,3680,6284,6950,6531,8310,7829,10568,8473,10127,7723,8195,11139,13877,5500,9239,311,320,862,1263,951,1817,1287,2761,1480,2399,1123,959,2765,3714,1943,4077,105952,25561,3544,2461,18399,1,0,16,11
2021-03-18T23:59:59+01:00,0,2,3473,3662,6243,6909,6498,8248,7766,10481,8358,9998,6765,7098,10860,13576,5490,9214,310,320,859,1258,945,1808,1268,2753,1455,2380,1086,942,2558,3475,1787,3856,102931,24589,3386,2461,18308,1,0,16,11
2021-03-17T23:59:59+01:00,0,2,3436,3624,6172,6825,6445,8145,7675,10353,8228,9840,6082,6255,10574,13270,5473,9188,309,320,852,1252,940,1796,1254,2731,1436,2354,1049,918,2439,3350,1708,3746,100156,23983,3385,2461,18030,1,0,16,11
2021-03-16T23:59:59+01:00,0,2,3418,3595,6133,6772,6400,8072,7622,10288,8138,9738,5906,6079,9868,12475,5434,9125,302,310,838,1236,928,1787,1248,2711,1423,2346,1035,899,2225,3109,1575,3551,97910,23054,3375,2459,17764,1,0,16,11
2021-03-15T23:59:59+01:00,0,2,3381,3563,6036,6693,6270,7980,7480,10169,8009,9613,5154,5245,9425,11927,5391,9055,301,309,834,1232,926,1780,1246,2698,1414,2337,1022,887,2083,2936,1489,3457,94399,22483,3368,2458,17610,1,0,16,11
2021-03-14T23:59:59+01:00,0,2,3256,3416,5755,6347,5994,7619,7165,9754,7724,9292,4820,4854,9268,11730,5387,9045,301,308,834,1232,925,1780,1244,2697,1412,2334,1020,885,2080,2933,1486,3456,92003,22462,3313,2455,16096,1,0,16,11
2021-03-13T23:59:59+01:00,0,2,2601,2754,4814,5479,4976,6690,5970,8635,6709,8347,4506,4471,8884,11210,5297,8937,301,308,833,1230,925,1775,1241,2695,1411,2334,1020,884,2056,2897,1456,3421,81311,22322,3313,2455,15642,1,0,16,11
2021-03-12T23:59:59+01:00,0,2,1775,1933,3475,4329,3469,5355,4223,6996,5073,6838,3836,3766,7635,9662,4796,8258,297,305,831,1226,919,1768,1233,2675,1385,2317,974,859,1708,2434,1188,3070,62483,20724,3310,2455,15612,1,0,16,11
2021-03-11T23:59:59+01:00,0,2,1274,1456,2571,3588,2564,4415,3130,5906,3711,5453,2660,2489,5938,7551,4031,7083,292,296,815,1217,906,1745,1215,2646,1360,2271,937,839,1550,2205,1065,2882,45190,19777,3308,2455,15308,1,0,16,10
2021-03-10T23:59:59+01:00,0,2,1050,1238,2202,3227,2189,4024,2678,5465,2807,4486,1532,1289,4588,5833,3475,6314,282,286,797,1198,884,1709,1181,2573,1321,2205,912,819,1371,2015,969,2709,34170,18874,3308,2348,14906,1,0,15,10
2021-03-09T23:59:59+01:00,0,2,1034,1210,2136,3086,2124,3909,2593,5331,2723,4360,1498,1259,4513,5760,3436,6257,278,279,783,1177,867,1683,1156,2533,1303,2177,897,807,1293,1891,898,2599,33765,18308,3305,2304,14146,1,0,15,10
2021-03-08T23:59:59+01:00,0,2,1012,1179,2079,2987,2084,3827,2534,5218,2667,4288,1460,1239,4367,5602,3335,6116,278,275,778,1169,865,1674,1148,2525,1295,2161,872,786,1127,1666,775,2435,33076,17520,3305,2300,13600,1,0,15,10
2021-03-07T23:59:59+01:00,0,2,1007,1160,2039,2944,2042,3786,2494,5153,2626,4251,1455,1236,4360,5594,3333,6116,278,275,778,1169,865,1674,1148,2525,1294,2161,869,786,1118,1656,767,2424,33045,17520,3299,2259,13239,0,0,15,10
2021-03-06T23:59:59+01:00,0,2,1007,1156,2028,2930,2030,3767,2478,5126,2608,4230,1442,1226,4326,5549,3319,6104,278,275,778,1169,865,1673,1148,2525,1294,2161,869,786,1118,1656,767,2423,32900,17519,3298,2258,13115,0,0,15,10
2021-03-05T23:59:59+01:00,0,2,1003,1152,2013,2910,2000,3744,2435,5074,2555,4193,1406,1198,4060,5223,3169,5883,277,272,771,1162,859,1665,1145,2516,1291,2151,855,782,1110,1647,766,2421,32160,17424,2967,2258,12878,0,0,15,10
2021-03-04T23:59:59+01:00,0,2,909,1005,1925,2782,1932,3607,2359,4920,2465,4035,1376,1177,3820,4964,2905,5534,277,270,769,1157,856,1657,1144,2502,1287,2142,822,767,1098,1636,759,2409,30914,17309,2963,2235,11825,0,0,15,10
2021-03-03T23:59:59+01:00,0,2,863,897,1860,2686,1861,3502,2290,4804,2391,3951,1363,1164,3710,4859,2683,5262,276,268,768,1147,853,1639,1138,2460,1277,2116,805,763,1090,1618,752,2402,30240,17283,2846,2081,11047,0,0,15,10
2021-03-02T23:59:59+01:00,0,2,818,822,1763,2562,1776,3378,2200,4680,2331,3873,1328,1142,3580,4724,2480,4915,276,267,767,1141,849,1636,1133,2455,1273,2106,803,761,1076,1597,741,2383,29513,17176,2657,2080,10189,0,0,15,10
2021-03-01T23:59:59+01:00,0,2,795,783,1663,2418,1705,3234,2100,4508,2251,3752,1310,1130,3529,4661,2436,4853,276,265,763,1137,848,1624,1129,2443,1268,2096,797,759,1071,1586,734,2376,29260,17084,2573,2080,9282,0,0,15,10
2021-02-28T23:59:59+01:00,0,2,789,760,1644,2352,1677,3162,2077,4408,2237,3685,1304,1124,3519,4646,2422,4843,275,264,763,1136,848,1619,1129,2441,1268,2091,793,757,1063,1573,730,2366,29153,17061,2571,2047,8912,0,0,15,10
2021-02-27T23:59:59+01:00,0,2,774,743,1622,2292,1660,3050,2058,4282,2216,3589,1301,1121,3519,4644,2421,4842,275,264,763,1136,848,1618,1129,2441,1268,2090,793,757,1053,1567,713,2352,29148,17059,2570,2000,8403,0,0,15,10
2021-02-26T23:59:59+01:00,0,2,646,662,1517,2179,1608,2891,1995,4045,2115,3353,1211,1050,2868,3851,1995,4260,275,264,762,1134,847,1617,1129,2439,1266,2087,791,752,1035,1554,703,2336,26358,16985,2570,1998,7305,0,0,15,10
2021-02-25T23:59:59+01:00,0,2,496,582,1398,2077,1541,2763,1935,3917,2015,3241,1162,1018,2638,3581,1830,4017,258,249,737,1110,805,1547,1080,2341,1192,1994,734,731,1003,1517,692,2308,25293,16891,2543,1399,6362,0,0,15,10
2021-02-24T23:59:59+01:00,0,2,466,551,1329,1964,1468,2619,1865,3764,1938,3091,1123,988,2499,3444,1751,3898,229,236,710,1065,778,1484,1050,2281,1137,1943,707,708,956,1488,681,2278,24640,16704,2532,1019,5573,0,0,15,10
2021-02-23T23:59:59+01:00,0,2,410,511,1246,1824,1393,2472,1788,3553,1867,2969,1098,954,2296,3214,1626,3712,224,230,695,1042,766,1445,1028,2236,1112,1902,698,696,947,1474,678,2274,23717,16616,2522,823,4681,0,0,15,10
2021-02-22T23:59:59+01:00,0,2,397,478,1146,1713,1290,2375,1679,3447,1786,2898,1077,941,2154,3042,1541,3616,213,221,673,991,735,1382,1002,2142,1068,1820,655,664,878,1397,642,2218,23141,16427,2518,266,3908,0,0,15,10
2021-02-21T23:59:59+01:00,0,2,378,462,1044,1680,1137,2351,1523,3424,1682,2880,1069,939,2153,3041,1541,3616,186,215,642,983,724,1374,988,2137,1063,1818,652,661,875,1393,634,2211,23112,16296,2518,252,3277,0,0,15,10
2021-02-20T23:59:59+01:00,0,2,378,460,1043,1680,1136,2351,1521,3422,1682,2878,1069,938,2152,3041,1540,3615,185,213,639,983,721,1373,982,2134,1061,1818,652,661,875,1393,634,2211,23105,16275,2517,252,3271,0,0,15,10
2021-02-19T23:59:59+01:00,0,2,373,451,1031,1676,1126,2341,1508,3403,1649,2863,1019,910,1781,2534,1243,3233,164,203,613,978,703,1365,965,2132,1055,1816,649,660,873,1393,633,2210,21364,16152,2517,252,3247,0,0,15,10
2021-02-18T23:59:59+01:00,0,2,353,431,991,1594,1088,2254,1455,3285,1608,2773,989,887,1608,2291,1114,3029,144,192,574,967,683,1352,931,2115,1030,1796,638,641,852,1365,619,2189,20384,15828,2517,252,2836,0,0,15,10
2021-02-17T23:59:59+01:00,0,2,330,378,907,1451,981,2054,1320,3031,1496,2553,952,857,1419,2079,1013,2852,138,185,562,936,657,1301,898,2037,980,1720,603,609,845,1339,614,2170,19311,15334,2517,252,1832,0,0,15,10
2021-02-16T23:59:59+01:00,0,2,324,339,863,1313,929,1867,1259,2806,1430,2392,940,840,1356,1983,946,2756,132,172,548,893,642,1247,870,1973,950,1678,593,599,823,1308,601,2110,18941,15015,2516,116,873,0,0,15,10
2021-02-15T23:59:59+01:00,0,2,308,299,835,1282,912,1811,1219,2722,1392,2336,911,807,1179,1751,817,2580,123,164,526,866,624,1185,844,1900,927,1601,572,562,805,1271,592,2068,18030,14546,2515,76,605,0,0,13,10
2021-02-14T23:59:59+01:00,0,2,308,299,834,1282,911,1811,1217,2722,1392,2336,911,807,1179,1751,817,2580,123,164,525,859,620,1180,838,1894,923,1598,571,561,803,1270,591,2065,18029,14502,2515,75,602,0,0,13,10
2021-02-13T23:59:59+01:00,0,2,308,299,834,1282,911,1808,1217,2720,1392,2334,911,807,1179,1751,817,2580,123,164,525,859,620,1180,836,1891,921,1594,569,561,788,1250,579,2049,18022,14500,2515,1,602,0,0,13,10
2021-02-12T23:59:59+01:00,0,2,304,298,824,1277,907,1778,1211,2692,1364,2305,909,805,1178,1748,817,2580,123,164,523,856,619,1173,830,1879,915,1581,566,559,774,1239,573,2036,18013,14401,2515,1,458,0,0,13,10
2021-02-11T23:59:59+01:00,0,2,285,289,809,1242,901,1743,1195,2626,1342,2250,874,791,1167,1736,816,2570,121,150,505,815,597,1108,796,1779,892,1521,552,545,750,1204,559,2004,17899,13890,2514,0,212,0,0,13,10
2021-02-10T23:59:59+01:00,0,2,282,283,790,1204,888,1713,1183,2580,1327,2208,869,789,1152,1720,811,2553,117,141,438,728,551,1015,718,1652,833,1437,537,529,735,1184,549,1977,17875,13143,2409,0,58,0,0,12,0
2021-02-09T23:59:59+01:00,0,2,282,280,786,1190,876,1696,1168,2561,1313,2184,854,784,1138,1703,800,2537,100,122,383,641,498,886,639,1450,744,1248,485,451,616,1022,481,1739,17776,11507,2363,0,3,0,0,12,0
2021-02-08T23:59:59+01:00,0,2,282,279,784,1185,876,1689,1166,2557,1307,2176,848,781,1122,1681,783,2516,90,100,337,545,445,786,550,1241,636,1083,409,377,532,832,388,1429,17661,9782,2360,0,1,0,0,12,0
2021-02-07T23:59:59+01:00,0,2,281,278,782,1184,875,1689,1166,2556,1307,2173,842,779,1120,1678,782,2514,88,99,335,540,443,782,548,1232,632,1077,404,372,511,809,382,1415,17636,9671,2360,0,0,0,0,12,0
2021-02-06T23:59:59+01:00,0,2,281,277,781,1183,875,1688,1166,2556,1307,2172,841,778,1118,1672,781,2512,88,98,335,537,442,781,547,1228,630,1076,400,367,463,740,354,1370,17619,9458,2359,0,0,0,0,12,0
2021-02-05T23:59:59+01:00,0,2,281,277,781,1182,874,1686,1165,2555,1306,2169,834,772,1095,1662,774,2496,82,96,327,531,426,763,522,1193,601,1033,377,339,441,714,337,1324,17540,9107,2359,0,0,0,0,12,0
2021-02-04T23:59:59+01:00,0,2,278,269,778,1161,862,1664,1151,2527,1292,2146,812,759,1067,1632,767,2480,68,78,256,409,331,596,405,965,488,830,304,275,336,578,277,1114,17299,7310,2336,0,0,0,0,12,0
2021-02-03T23:59:59+01:00,0,2,277,264,774,1139,860,1638,1144,2477,1279,2116,793,745,1050,1609,758,2466,54,55,170,280,257,445,285,715,363,590,208,195,238,424,194,837,17203,5310,2176,0,0,0,0,12,0
2021-02-02T23:59:59+01:00,0,2,276,259,770,1131,853,1616,1136,2451,1267,2099,789,738,1041,1598,756,2458,35,35,92,139,148,256,173,448,235,370,134,125,161,255,136,538,17052,3280,2176,0,0,0,0,12,0
2021-02-01T23:59:59+01:00,0,2,274,256,765,1112,845,1596,1130,2422,1263,2066,780,725,1034,1588,752,2445,11,12,15,27,26,66,46,88,71,102,49,45,57,75,39,178,16868,907,2176,0,0,0,0,11,0
2021-01-31T23:59:59+01:00,0,2,268,254,749,1110,837,1585,1120,2411,1252,2057,774,719,1024,1571,745,2432,10,12,14,26,24,63,40,83,64,94,46,45,53,68,36,165,16833,843,2066,0,0,0,0,11,0
2021-01-30T23:59:59+01:00,0,2,268,254,749,1109,836,1585,1120,2411,1252,2057,773,719,1014,1564,728,2418,10,10,14,26,24,63,40,83,63,92,45,44,52,68,36,164,16829,834,2019,0,0,0,0,11,0
2021-01-29T23:59:59+01:00,0,2,268,254,749,1108,836,1585,1120,2411,1252,2056,772,718,1013,1562,728,2416,9,5,12,24,24,62,38,81,62,92,44,43,52,68,36,164,16822,816,2017,0,0,0,0,11,0
2021-01-28T23:59:59+01:00,0,2,264,249,737,1083,801,1530,1083,2350,1175,1998,731,704,984,1542,712,2394,4,0,3,6,9,26,19,36,20,45,21,22,23,45,15,97,16642,391,1686,0,0,0,0,11,0
2021-01-27T23:59:59+01:00,0,2,258,242,714,1051,753,1475,1025,2269,1102,1917,696,677,970,1521,709,2387,3,0,3,4,6,22,15,22,13,32,6,9,10,10,4,27,16194,186,1563,0,0,0,0,11,0
2021-01-26T23:59:59+01:00,0,2,234,233,697,1026,745,1425,1005,2195,1075,1852,684,663,947,1505,699,2368,3,0,1,4,5,12,13,12,6,11,3,5,6,7,1,16,16142,105,1202,0,0,0,0,11,0
2021-01-25T23:59:59+01:00,0,2,202,218,644,953,693,1302,962,2049,1017,1716,636,608,869,1410,656,2295,3,0,1,4,5,12,13,12,6,11,3,5,6,7,1,16,15914,105,307,0,0,0,0,11,0
2021-01-24T23:59:59+01:00,0,2,185,212,618,941,674,1288,944,2033,1002,1706,629,602,859,1390,647,2282,3,0,1,4,5,11,12,12,5,11,3,5,6,7,1,16,15741,102,262,0,0,0,0,11,0
2021-01-23T23:59:59+01:00,0,2,185,212,618,941,674,1288,944,2033,1002,1706,629,602,859,1390,647,2282,3,0,1,4,5,11,10,12,5,11,3,5,6,7,1,16,15741,100,262,0,0,0,0,11,0
2021-01-22T23:59:59+01:00,0,2,138,194,560,931,656,1273,910,2023,990,1695,624,601,858,1390,647,2282,3,0,0,4,5,11,10,12,5,11,3,5,6,7,1,16,15501,99,262,0,0,0,0,11,0
2021-01-21T23:59:59+01:00,0,2,133,186,545,908,635,1232,877,1969,968,1647,613,580,846,1359,640,2263,3,0,0,4,4,11,9,12,5,11,3,5,6,7,1,15,15130,96,262,0,0,0,0,11,0
2021-01-20T23:59:59+01:00,0,2,128,170,498,842,612,1156,814,1859,931,1576,592,563,829,1336,630,2235,3,0,0,4,4,11,9,12,5,11,3,5,6,7,1,15,14502,96,260,0,0,0,0,11,0
2021-01-19T23:59:59+01:00,0,2,117,152,427,756,550,1029,730,1671,831,1418,548,513,732,1184,558,1989,3,0,0,4,4,9,9,12,5,11,3,5,6,7,1,15,13003,94,193,0,0,0,0,11,0
2021-01-18T23:59:59+01:00,0,2,99,120,358,603,459,857,600,1410,705,1212,480,447,648,1026,491,1720,1,0,0,1,0,1,0,0,0,0,0,0,0,1,0,0,11143,4,83,0,0,0,0,11,0
2021-01-17T23:59:59+01:00,0,2,95,118,354,597,458,852,598,1391,697,1202,475,437,621,997,475,1679,1,0,0,1,0,1,0,0,0,0,0,0,0,1,0,0,10955,4,82,0,0,0,0,11,0
2021-01-16T23:59:59+01:00,0,2,95,115,352,589,455,847,587,1378,686,1190,460,423,526,871,414,1582,0,0,0,1,0,1,0,0,0,0,0,0,0,0,0,0,10558,2,3,0,0,0,0,11,0
2021-01-15T23:59:59+01:00,0,2,94,113,347,587,449,843,581,1371,669,1174,444,405,518,859,406,1559,0,0,0,0,0,0,0,0,0,0,0,0,0,0,0,0,10409,0,1,0,0,0,0,11,0
2021-01-14T23:59:59+01:00,0,0,77,91,290,485,371,679,464,1117,549,992,365,324,406,702,333,1323,0,0,0,0,0,0,0,0,0,0,0,0,0,0,0,0,8557,0,0,0,0,0,0,11,0
2021-01-13T23:59:59+01:00,0,0,63,68,206,367,295,506,350,835,423,710,255,228,298,527,251,1017,0,0,0,0,0,0,0,0,0,0,0,0,0,0,0,0,6389,0,0,0,0,0,0,10,0
2021-01-12T23:59:59+01:00,0,0,41,45,125,216,181,313,209,532,282,441,160,145,192,344,172,683,0,0,0,0,0,0,0,0,0,0,0,0,0,0,0,0,4081,0,0,0,0,0,0,0,0
2021-01-11T23:59:59+01:00,0,0,11,14,42,58,42,93,60,119,93,129,65,58,83,103,49,223,0,0,0,0,0,0,0,0,0,0,0,0,0,0,0,0,1242,0,0,0,0,0,0,0,0
2021-01-10T23:59:59+01:00,0,0,11,14,29,47,35,75,51,110,80,119,57,54,77,93,46,209,0,0,0,0,0,0,0,0,0,0,0,0,0,0,0,0,1107,0,0,0,0,0,0,0,0
2021-01-09T23:59:59+01:00,0,0,11,13,26,46,35,75,50,109,78,116,56,53,76,92,45,208,0,0,0,0,0,0,0,0,0,0,0,0,0,0,0,0,1089,0,0,0,0,0,0,0,0
2021-01-08T23:59:59+01:00,0,0,7,6,26,41,33,72,47,107,77,115,53,49,71,87,41,208,0,0,0,0,0,0,0,0,0,0,0,0,0,0,0,0,1040,0,0,0,0,0,0,0,0
2021-01-07T23:59:59+01:00,0,0,5,1,9,20,15,38,28,77,33,77,32,27,47,74,28,162,0,0,0,0,0,0,0,0,0,0,0,0,0,0,0,0,673,0,0,0,0,0,0,0,0
2021-01-06T23:59:59+01:00,0,0,5,0,4,8,10,30,25,43,19,47,26,24,34,51,19,120,0,0,0,0,0,0,0,0,0,0,0,0,0,0,0,0,465,0,0,0,0,0,0,0,0
2021-01-05T23:59:59+01:00,0,0,5,0,4,8,10,30,25,43,19,47,26,24,34,50,19,120,0,0,0,0,0,0,0,0,0,0,0,0,0,0,0,0,464,0,0,0,0,0,0,0,0
2021-01-04T23:59:59+01:00,0,0,4,0,1,3,4,11,13,12,5,11,3,5,6,8,1,17,0,0,0,0,0,0,0,0,0,0,0,0,0,0,0,0,104,0,0,0,0,0,0,0,0
2021-01-03T23:59:59+01:00,0,0,3,0,1,3,4,10,12,12,5,11,3,5,6,8,1,16,0,0,0,0,0,0,0,0,0,0,0,0,0,0,0,0,100,0,0,0,0,0,0,0,0
2021-01-02T23:59:59+01:00,0,0,3,0,1,3,4,10,10,12,5,11,3,5,6,8,1,16,0,0,0,0,0,0,0,0,0,0,0,0,0,0,0,0,98,0,0,0,0,0,0,0,0
2021-01-01T23:59:59+01:00,0,0,3,0,0,3,4,10,10,12,5,11,3,5,6,7,1,16,0,0,0,0,0,0,0,0,0,0,0,0,0,0,0,0,96,0,0,0,0,0,0,0,0
2020-12-31T23:59:59+01:00,0,0,3,0,0,3,4,10,9,12,5,11,3,5,6,7,1,16,0,0,0,0,0,0,0,0,0,0,0,0,0,0,0,0,95,0,0,0,0,0,0,0,0
2020-12-30T23:59:59+01:00,0,0,3,0,0,3,4,10,9,12,5,11,3,5,6,7,1,16,0,0,0,0,0,0,0,0,0,0,0,0,0,0,0,0,95,0,0,0,0,0,0,0,0
2020-12-29T23:59:59+01:00,0,0,3,0,0,3,4,8,9,12,5,11,3,5,6,7,1,16,0,0,0,0,0,0,0,0,0,0,0,0,0,0,0,0,93,0,0,0,0,0,0,0,0
2020-12-28T23:59:59+01:00,0,0,3,0,0,3,4,8,9,12,5,11,3,5,6,7,1,16,0,0,0,0,0,0,0,0,0,0,0,0,0,0,0,0,93,0,0,0,0,0,0,0,0
2020-12-27T23:59:59+01:00,0,0,1,0,0,0,0,0,0,0,0,0,0,0,1,3,0,7,0,0,0,0,0,0,0,0,0,0,0,0,0,0,0,0,12,0,0,0,0,0,0,0,0
