Datum,<15_m,<15_w,15-24_1_m,15-24_1_w,25-34_1_m,25-34_1_w,35-44_1_m,35-44_1_w,45-54_1_m,45-54_1_w,55-64_1_m,55-64_1_w,65-74_1_m,65-74_1_w,75-84_1_m,75-84_1_w,>84_1_m,>84_1_w,<24_2_m,<24_2_w,25-34_2_m,25-34_2_w,35-44_2_m,35-44_2_w,45-54_2_m,45-54_2_w,55-64_2_m,55-64_2_w,65-74_2_m,65-74_2_w,75-84_2_m,75-84_2_w,>84_2_m,>84_2_w,bp_1,bp_2,mo_1,mo_2,az_1,az_2,ja,unb_1,unb_2
2021-07-15T23:59:59+02:00,15011316,19264,18641,29672,27362,31054,31128,37010,37581,41022,41412,27311,30504,19503,24461,5933,10043,8718,8583,16909,16330,19385,20739,28282,29391,33780,35102,25231,28140,18399,22931,5647,9472,299311,218871,44080,36084,77170,58101,14088,69,17
2021-07-14T23:59:59+02:00,14911304,19239,18607,29650,27343,31033,31100,37002,37572,41004,41406,27303,30497,19494,24454,5932,10040,8469,8329,16430,15812,18967,20304,27787,28952,33423,34760,25122,28019,18360,22866,5643,9462,299071,215294,44078,35729,77167,57689,14086,69,17
2021-07-13T23:59:59+02:00,14791295,19202,18582,29633,27319,31012,31085,36988,37546,40981,41378,27294,30483,19492,24449,5931,10034,8168,8070,16032,15459,18695,20028,27526,28704,33152,34505,25025,27902,18327,22825,5641,9457,298793,212610,44077,35695,77166,57203,14078,69,17
2021-07-12T23:59:59+02:00,14641286,19160,18565,29601,27291,30995,31064,36976,37529,40964,41363,27291,30479,19490,24443,5930,10034,7909,7855,15756,15189,18003,19487,27217,28390,32743,34148,24858,27710,18268,22750,5635,9452,298545,211352,44076,33786,77166,56227,14069,69,17
2021-07-11T23:59:59+02:00,14561278,19130,18538,29571,27263,30980,31036,36968,37508,40951,41351,27282,30470,19488,24443,5929,10033,7866,7809,15692,15121,17918,19433,27134,28329,32632,34088,24805,27666,18248,22728,5635,9449,298305,210789,44075,33776,77164,55987,14062,69,17
2021-07-10T23:59:59+02:00,13271163,18631,18121,29131,26972,30699,30807,36725,37349,40752,41201,27210,30410,19462,24411,5926,10030,7739,7740,15415,14990,17706,19288,26895,28192,32468,33971,24740,27620,18232,22716,5634,9449,296121,210381,43942,33661,77135,55753,13060,69,17
2021-07-09T23:59:59+02:00,13171157,18604,18091,29111,26955,30687,30794,36715,37337,40741,41193,27206,30406,19460,24407,5926,10029,7697,7695,15346,14926,17644,19195,26676,27962,32220,33758,24678,27557,18210,22690,5634,9446,295981,210108,43923,33658,77134,54594,13029,69,17
2021-07-08T23:59:59+02:00,12411077,18339,17882,28968,26806,30552,30679,36614,37235,40643,41117,27173,30371,19441,24389,5921,10025,7531,7563,15053,14680,17217,18836,25993,27368,31950,33494,24511,27400,18152,22628,5631,9440,294735,208991,43869,32250,77126,53578,12674,69,17
2021-07-07T23:59:59+02:00,1145985,18030,17563,28773,26624,30427,30559,36502,37116,40537,41033,27140,30324,19427,24372,5918,10022,7337,7352,14616,14315,16756,18396,25241,26765,31545,33117,24248,27079,18059,22534,5622,9431,293184,206094,43821,31417,77115,52629,12308,69,17
2021-07-06T23:59:59+02:00,1122969,17953,17502,28730,26576,30378,30514,36466,37081,40503,41001,27123,30299,19416,24359,5916,10019,7121,7121,14274,13963,16414,18050,24497,26119,31248,32854,24058,26865,18011,22463,5615,9424,292621,204052,43818,30018,77114,51745,12305,69,17
2021-07-05T23:59:59+02:00,1080941,17880,17439,28687,26520,30340,30480,36442,37037,40477,40976,27118,30285,19410,24353,5916,10014,6894,6931,13974,13696,16064,17687,23956,25615,30687,32291,23780,26567,17903,22324,5607,9414,292144,202562,43816,27947,77110,50625,12256,69,17
2021-07-04T23:59:59+02:00,1058926,17811,17390,28649,26499,30319,30451,36432,37027,40462,40964,27112,30275,19405,24350,5916,10013,6868,6914,13922,13650,15991,17629,23872,25561,30534,32200,23688,26479,17871,22283,5605,9410,291832,202175,43815,27938,77099,50120,12244,69,17
2021-07-03T23:59:59+02:00,644557,16090,15675,27482,25580,29526,29737,35793,36420,39966,40538,26955,30109,19338,24264,5907,9996,6487,6674,13411,13349,15592,17330,23512,25287,30233,32006,23592,26386,17838,22246,5601,9406,284364,201898,43773,27862,77016,49835,9355,69,17
2021-07-02T23:59:59+02:00,605519,15961,15531,27321,25434,29447,29678,35763,36393,39947,40525,26949,30099,19335,24261,5907,9996,6439,6604,13338,13249,15504,17200,23369,25106,30080,31843,23399,26176,17749,22168,5599,9403,283466,201220,43773,27704,77014,48953,9349,69,17
2021-07-01T23:59:59+02:00,547474,15786,15379,27103,25281,29370,29601,35708,36342,39882,40481,26929,30082,19324,24249,5905,9992,6300,6475,13001,12980,14981,16767,22119,24124,29325,31171,23121,25890,17632,22037,5592,9388,282289,197703,43768,26058,77002,47834,9307,69,17
2021-06-30T23:59:59+02:00,517454,15684,15276,26996,25199,29304,29532,35655,36291,39840,40446,26914,30051,19314,24232,5901,9992,6109,6298,12574,12600,14414,16221,21499,23533,28735,30645,22702,25426,17502,21853,5585,9376,281487,193478,43765,26034,76996,46275,9281,69,17
2021-06-29T23:59:59+02:00,460406,14925,14610,26737,24980,29211,29434,35576,36211,39772,40399,26893,30028,19307,24219,5901,9990,5997,6175,12318,12337,14021,15828,20713,22915,28154,30097,22255,24903,17350,21680,5577,9366,279000,190347,43764,25530,76988,44565,9238,69,17
2021-06-28T23:59:59+02:00,424375,14301,13976,26581,24877,29137,29368,35520,36147,39728,40366,26875,30008,19299,24208,5901,9986,5931,6080,12141,12199,13833,15652,20099,22369,27755,29727,21920,24546,17222,21517,5572,9362,277079,188667,43760,24883,76984,43183,9185,69,17
2021-06-27T23:59:59+02:00,347308,13960,13601,26517,24819,29097,29333,35498,36125,39711,40353,26864,30001,19297,24205,5900,9985,5895,6038,12027,12086,13690,15526,19551,21899,27151,29230,21643,24211,17102,21394,5568,9361,275969,187838,43758,23373,76973,42002,9152,69,17
2021-06-26T23:59:59+02:00,347308,13949,13590,26501,24808,29091,29327,35493,36124,39708,40352,26863,30000,19297,24205,5900,9985,5889,6035,12016,12083,13684,15522,19538,21888,27106,29195,21498,24083,17062,21338,5567,9359,275899,187811,43756,23369,76973,41525,9151,69,17
2021-06-25T23:59:59+02:00,224196,12694,12376,25044,23669,28793,29093,35387,36042,39643,40291,26839,29973,19288,24194,5898,9983,5846,5988,11920,12004,13543,15400,19229,21650,26723,28838,21176,23691,16889,21141,5564,9350,269698,186592,43752,23087,76960,40118,9148,69,17
2021-06-24T23:59:59+02:00,160142,11726,11551,23938,22796,28431,28746,35240,35879,39531,40188,26805,29923,19277,24172,5896,9979,5631,5760,11463,11590,12969,14810,17706,20264,25094,27252,20412,22841,16574,20736,5554,9340,264504,181642,43736,19497,76956,37733,9116,68,17
2021-06-23T23:59:59+02:00,124118,11371,11235,23445,22434,28189,28506,35063,35754,39444,40102,26775,29897,19269,24135,5894,9968,5558,5648,11251,11376,12671,14460,17318,19858,24348,26488,19624,22097,16382,20485,5546,9324,261937,179298,43730,18886,76951,35205,9037,68,17
2021-06-22T23:59:59+02:00,102106,11191,11023,23293,22292,28110,28436,34987,35692,39398,40058,26760,29873,19261,24127,5894,9967,5449,5528,10988,11122,12305,14091,16717,19264,23621,25725,19245,21674,16219,20307,5539,9308,260802,176279,43729,18032,76949,33759,9022,68,17
2021-06-21T23:59:59+02:00,8994,10941,10839,22468,21624,27861,28215,34922,35632,39335,40017,26744,29855,19255,24118,5894,9966,5330,5424,10777,10902,12000,13774,16326,18920,23176,25260,18956,21365,16115,20188,5533,9306,258236,174830,43724,17026,76943,32587,8898,68,17
2021-06-20T23:59:59+02:00,8393,10877,10750,22223,21409,27604,28018,34842,35554,39290,39973,26735,29842,19253,24114,5892,9963,5289,5370,10694,10803,11905,13674,16133,18737,22906,25023,18855,21259,16062,20130,5527,9302,256962,174527,43722,15972,76942,32337,8821,68,17
2021-06-19T23:59:59+02:00,8289,10853,10728,22195,21386,27587,28004,34830,35550,39281,39969,26734,29841,19253,24112,5892,9963,5258,5338,10613,10713,11813,13553,15985,18585,22600,24665,18770,21172,16050,20118,5526,9302,256819,174423,43699,14481,76942,32324,8821,68,17
2021-06-18T23:59:59+02:00,7987,10808,10678,21886,21070,27323,27793,34778,35514,39251,39947,26726,29832,19252,24109,5892,9961,5243,5329,10584,10684,11773,13505,15924,18525,22515,24570,18604,20991,16005,20052,5525,9297,255458,174034,43698,14480,76941,31779,8821,68,17
2021-06-17T23:59:59+02:00,7079,10230,10253,20619,20115,26465,27063,34410,35189,38999,39759,26662,29753,19232,24073,5885,9957,5046,5192,10211,10432,11336,13109,15249,17918,21157,23267,18151,20508,15842,19881,5521,9282,249717,168772,43680,13909,76930,30991,8418,68,17
2021-06-16T23:59:59+02:00,6267,9897,9944,19943,19488,25829,26464,34165,34990,38841,39611,26620,29703,19209,24050,5884,9953,4905,5047,9830,10100,10882,12660,14553,17234,20311,22344,17750,20064,15677,19671,5511,9270,245913,165023,43668,12655,76917,29965,8154,68,17
2021-06-15T23:59:59+02:00,4862,9654,9702,19651,19244,25608,26270,34036,34885,38745,39532,26592,29668,19202,24035,5879,9949,4801,4938,9591,9891,10654,12406,14133,16809,19716,21772,17436,19681,15459,19445,5502,9259,244164,162970,43660,11586,76911,28966,7959,68,17
2021-06-14T23:59:59+02:00,4458,9523,9579,19355,18987,25434,26127,33917,34806,38684,39494,26575,29648,19196,24024,5879,9946,4732,4876,9413,9753,10485,12271,13877,16596,19400,21479,17272,19527,15358,19314,5501,9255,242984,161522,43658,11584,76907,28331,7660,67,17
2021-06-13T23:59:59+02:00,4254,9366,9450,19070,18804,25086,25874,33717,34639,38579,39427,26560,29636,19186,24017,5879,9943,4652,4810,9205,9588,10321,12102,13555,16260,19054,21152,17147,19380,15311,19249,5499,9253,241356,160680,43658,11584,76904,26917,7344,67,17
2021-06-12T23:59:59+02:00,4254,9357,9436,19057,18791,25086,25869,33717,34636,38576,39426,26560,29636,19186,24017,5879,9943,4649,4796,9195,9528,10289,12000,13507,16106,18999,21016,17038,19255,15195,19147,5497,9251,241310,160653,43658,11582,76900,25887,7333,67,17
2021-06-11T23:59:59+02:00,3751,9201,9257,18826,18581,24294,25201,33541,34483,38444,39314,26527,29603,19176,23994,5879,9938,4572,4681,8980,9274,10033,11708,12990,15559,18032,20127,16853,19059,15155,19103,5494,9248,238422,156663,43657,11581,76897,25307,7304,67,17
2021-06-10T23:59:59+02:00,3547,8810,8924,18180,18098,23448,24529,33223,34203,38246,39152,26470,29548,19153,23965,5876,9931,4397,4503,8405,8788,9233,10993,11847,14468,16061,18233,15969,18105,14870,18738,5485,9226,234831,147072,43001,11548,76871,23619,7069,66,17
2021-06-09T23:59:59+02:00,1830,8367,8421,17358,17373,22306,23491,32738,33740,37963,38935,26361,29445,19107,23909,5866,9918,4262,4390,8119,8522,8990,10742,11518,14104,15579,17691,15600,17676,14629,18454,5478,9216,230894,145261,41119,11506,76835,21718,6472,26,17
2021-06-08T23:59:59+02:00,1020,8049,8107,16889,16957,21889,23128,32495,33548,37801,38806,26317,29404,19097,23886,5863,9913,4143,4308,7866,8270,8686,10398,11165,13757,14940,16995,15148,17155,14368,18177,5473,9198,228182,143571,41087,10397,76826,20008,6058,26,17
2021-06-07T23:59:59+02:00,716,7854,7875,16532,16633,21348,22678,32216,33282,37685,38691,26291,29356,19080,23860,5858,9912,4068,4227,7686,8130,8526,10257,10998,13585,14632,16674,14953,16903,14195,17986,5469,9193,226572,142504,40122,10306,76815,19019,5640,25,17
2021-06-06T23:59:59+02:00,513,7747,7766,16399,16488,21155,22472,31992,33059,37553,38587,26263,29333,19067,23844,5858,9906,4040,4192,7640,8013,8475,10129,10894,13442,14438,16459,14771,16725,14106,17866,5462,9187,225354,142029,39823,10296,76798,17994,5507,25,17
2021-06-05T23:59:59+02:00,513,7725,7752,16370,16461,21148,22469,31982,33053,37551,38586,26262,29333,19066,23843,5858,9906,4031,4153,7625,7948,8461,9996,10880,13271,14420,16354,14734,16670,14097,17856,5462,9186,225245,141948,39823,10296,76797,17394,5493,25,17
2021-06-04T23:59:59+02:00,511,7612,7651,16092,16226,20875,22225,31562,32682,37438,38465,26229,29295,19055,23830,5856,9904,4024,4144,7599,7925,8435,9966,10813,13198,14315,16224,14653,16577,14061,17812,5462,9184,223662,141616,39055,9967,76778,17303,5493,25,17
2021-06-03T23:59:59+02:00,311,7365,7425,15220,15451,19248,20840,30655,31761,36937,38007,26098,29162,19011,23778,5850,9886,3965,4106,7511,7855,8313,9868,10646,13017,13749,15657,14394,16269,13977,17709,5459,9171,217081,139416,37489,9864,76769,17029,5344,25,17
2021-06-02T23:59:59+02:00,311,7230,7283,14837,15024,18817,20440,30187,31308,36711,37743,26034,29098,18991,23750,5847,9885,3935,4076,7447,7769,8226,9778,10507,12887,13305,15227,14271,16086,13950,17672,5456,9166,214006,137636,37058,9771,76769,16997,5341,25,17
2021-06-01T23:59:59+02:00,39,6954,7041,14443,14713,18476,20122,29861,30998,36488,37509,25978,29018,18967,23721,5845,9874,3834,3990,7205,7593,7995,9585,10244,12613,12904,14806,13840,15639,13834,17520,5449,9158,211273,135529,37013,9517,76748,16189,4961,25,17
2021-05-31T23:59:59+02:00,39,6792,6851,14225,14480,17773,19521,29521,30663,36191,37246,25888,28922,18941,23667,5835,9861,3756,3880,6999,7347,7772,9301,9903,12234,12466,14290,13312,15026,13635,17291,5441,9143,209853,132367,34966,9194,76732,15409,4813,25,17
2021-05-30T23:59:59+02:00,39,6769,6837,14179,14442,17696,19462,29471,30625,36160,37223,25876,28910,18938,23661,5834,9859,3713,3806,6853,7141,7624,9074,9702,11925,12210,13949,13191,14857,13567,17209,5438,9136,209559,131651,34954,9094,76678,13899,4738,25,17
2021-05-29T23:59:59+02:00,39,6767,6836,14171,14436,17691,19456,29466,30621,36157,37222,25874,28907,18938,23660,5834,9859,3704,3793,6825,7108,7591,9023,9666,11879,12137,13851,13150,14789,13537,17185,5437,9131,209528,131513,34954,9093,76663,13450,4737,25,17
2021-05-28T23:59:59+02:00,39,6757,6824,14156,14420,17674,19435,29455,30609,36146,37204,25873,28903,18936,23656,5834,9859,3690,3770,6803,7068,7557,8971,9613,11775,11897,13582,12962,14598,13507,17145,5434,9128,209379,130227,34953,9092,76660,13431,4736,25,17
2021-05-27T23:59:59+02:00,39,6666,6744,13888,14203,17190,19088,28778,30069,35987,37074,25827,28869,18921,23642,5833,9853,3566,3610,6516,6818,7181,8667,9116,11217,11190,12688,12414,14035,13378,16954,5427,9116,208305,126727,33517,8763,76618,12210,4179,25,17
2021-05-26T23:59:59+02:00,39,6595,6636,13675,14002,16939,18781,28236,29558,35812,36899,25790,28824,18906,23618,5832,9848,3476,3467,6291,6529,6895,8241,8778,10740,10543,11893,11858,13424,13233,16739,5422,9094,206720,123140,32764,8581,76605,11039,3849,25,17
2021-05-25T23:59:59+02:00,39,6514,6541,13471,13781,16677,18572,27513,28912,35720,36804,25767,28795,18894,23602,5827,9847,3427,3376,6147,6361,6749,8052,8554,10449,10200,11529,11512,12949,13128,16577,5419,9086,206010,121306,31313,8441,76124,9977,3777,25,17
2021-05-24T23:59:59+02:00,39,6443,6444,13295,13581,16456,18289,27105,28487,35375,36406,25710,28727,18875,23579,5826,9845,3414,3354,6089,6279,6704,7970,8495,10353,10128,11432,11339,12720,13082,16486,5411,9066,205479,120689,29097,8396,76116,9485,3738,25,17
2021-05-23T23:59:59+02:00,39,6441,6443,13290,13572,16453,18279,27086,28477,35345,36372,25707,28721,18875,23573,5826,9845,3411,3350,6083,6269,6694,7963,8467,10323,10088,11376,11256,12619,13062,16455,5411,9065,205364,120684,29081,7984,76115,9478,3732,25,17
2021-05-22T23:59:59+02:00,39,6433,6439,13283,13561,16447,18275,27083,28476,35342,36366,25707,28721,18875,23573,5826,9845,3410,3350,6080,6266,6693,7959,8463,10321,10083,11373,11245,12605,13057,16451,5410,9065,205313,120644,29081,7984,76113,9457,3732,25,17
2021-05-21T23:59:59+02:00,39,6374,6379,13131,13455,16275,18124,26814,28300,34914,36099,25682,28685,18867,23567,5825,9841,3401,3340,6047,6245,6663,7926,8424,10272,10029,11323,10731,11894,12918,16292,5407,9060,204627,118892,28956,7981,75075,9424,3661,25,17
2021-05-20T23:59:59+02:00,28,6083,6178,12523,13039,15082,17201,24907,26807,33966,35333,25577,28540,18813,23486,5819,9826,3341,3295,5954,6129,6551,7772,8277,10114,9795,11018,10398,11450,12811,16114,5397,9047,199869,116927,27222,7908,72542,9081,3533,24,17
2021-05-19T23:59:59+02:00,28,5878,5937,12009,12582,14375,16499,23961,25996,33342,34738,25468,28450,18777,23430,5812,9814,3265,3222,5793,5959,6361,7534,8002,9836,9493,10639,10086,11036,12733,15969,5395,9039,194195,115028,27184,7713,72529,8461,3146,24,17
2021-05-18T23:59:59+02:00,27,5708,5828,11608,12260,13752,16001,22806,25047,32677,34133,25352,28315,18731,23380,5807,9805,3222,3194,5683,5853,6201,7376,7797,9626,9300,10402,9919,10788,12589,15750,5386,9030,189245,113903,26681,7645,72485,7770,2784,24,17
2021-05-17T23:59:59+02:00,26,5655,5783,11445,12153,13480,15779,21996,24413,32370,33820,25273,28256,18709,23350,5798,9796,3129,3124,5506,5674,6035,7170,7591,9408,9082,10166,9832,10666,12531,15687,5383,9025,187483,113195,25987,7639,72092,6663,2498,24,17
2021-05-16T23:59:59+02:00,26,5628,5763,11384,12098,13395,15699,21389,23867,31756,33291,25232,28213,18699,23335,5797,9796,3125,3102,5492,5605,6008,7112,7563,9307,9050,10082,9817,10648,12528,15684,5383,9025,186717,113087,24446,7633,71675,6310,2488,24,16
2021-05-15T23:59:59+02:00,26,5619,5754,11351,12089,13365,15689,21316,23796,31223,32917,25221,28208,18698,23332,5796,9795,3111,3087,5473,5563,5994,7037,7523,9192,8818,9829,9784,10617,12494,15633,5383,9024,186668,113082,24434,7495,71028,5949,2023,24,16
2021-05-14T23:59:59+02:00,26,5579,5729,11288,12051,13294,15624,20905,23486,30794,32573,25185,28163,18687,23315,5796,9793,3079,3047,5437,5474,5973,6903,7484,8990,8758,9635,9714,10508,12408,15508,5383,9020,185946,112915,24116,7167,70162,5204,2022,24,16
2021-05-13T23:59:59+02:00,26,5424,5573,10911,11756,12580,15037,18727,21747,29253,31114,24954,27919,18620,23243,5794,9790,3068,3014,5413,5435,5956,6846,7460,8920,8715,9576,9501,10268,12213,15212,5378,9011,182005,112565,20331,6364,68083,5037,2007,24,16
2021-05-12T23:59:59+02:00,16,5395,5546,10839,11698,12479,14949,18606,21624,28890,30750,24863,27824,18603,23214,5793,9785,3068,3010,5407,5429,5946,6832,7436,8905,8677,9522,9318,10039,11985,14892,5375,9004,181059,112286,19695,5508,68080,5031,2007,24,16
2021-05-11T23:59:59+02:00,16,5259,5443,10595,11455,12115,14576,18000,20987,27962,29785,24671,27636,18545,23140,5788,9770,3026,2969,5318,5274,5847,6649,7306,8666,8518,9301,9141,9848,11839,14706,5366,8986,177004,111264,18809,5401,67950,4135,1947,24,16
2021-05-10T23:59:59+02:00,15,5135,5365,10384,11261,11857,14322,17675,20655,27542,29378,24562,27529,18507,23093,5780,9766,2957,2916,5201,5157,5734,6547,7183,8525,8392,9194,9037,9724,11749,14579,5363,8978,175004,110736,18124,5390,67726,3158,1939,24,16
2021-05-09T23:59:59+02:00,15,5063,5317,10286,11149,11758,14205,17336,20374,27152,29006,24476,27443,18478,23057,5777,9763,2891,2885,5055,5114,5559,6504,7017,8496,8267,9159,9025,9714,11731,14559,5363,8978,174610,110660,16851,5380,67236,2339,1925,24,16
2021-05-08T23:59:59+02:00,15,5062,5316,10284,11145,11758,14205,17332,20372,27149,29003,24476,27443,18478,23057,5777,9763,2891,2884,5054,5114,5559,6504,7017,8496,8265,9159,9024,9713,11731,14559,5363,8978,174593,110657,16851,5380,67233,2336,1925,24,16
2021-05-07T23:59:59+02:00,15,5028,5290,10216,11092,11630,14082,16936,20099,26514,28448,24428,27392,18461,23023,5770,9734,2882,2877,5039,5108,5549,6490,7006,8485,8257,9148,9018,9705,11720,14537,5355,8951,173761,110643,16848,5379,65720,2296,1796,24,16
2021-05-06T23:59:59+02:00,15,4759,5129,9755,10749,11073,13568,15855,19082,24117,26167,23930,26871,18355,22921,5765,9720,2840,2833,4972,5033,5506,6399,6922,8366,8126,9001,8918,9595,11696,14487,5352,8948,168744,110102,14403,5324,62868,1770,1785,22,16
2021-05-05T23:59:59+02:00,15,4682,5052,9463,10521,10735,13242,15276,18475,23276,25208,23670,26547,18286,22815,5755,9702,2820,2797,4923,4946,5447,6278,6838,8201,8002,8787,8813,9464,11619,14403,5351,8940,165088,109168,13101,5318,62718,1347,1782,22,16
2021-05-04T23:59:59+02:00,15,4598,4961,9289,10317,10528,13002,14890,18078,22735,24645,23457,26274,18214,22736,5747,9689,2811,2763,4895,4871,5414,6160,6785,8061,7910,8634,8710,9354,11546,14345,5349,8937,162836,108673,11984,5309,62562,787,1762,22,16
2021-05-03T23:59:59+02:00,15,4526,4887,9097,10180,10352,12827,14607,17832,22326,24231,23318,26125,18187,22689,5747,9683,2735,2693,4808,4797,5339,6075,6689,7955,7729,8470,8624,9268,11507,14296,5346,8932,161332,108453,11983,5306,62470,677,813,22,16
2021-05-02T23:59:59+02:00,15,4513,4873,9020,10122,10228,12714,14281,17524,22024,23946,23268,26067,18168,22664,5746,9682,2729,2686,4748,4764,5250,5991,6552,7826,7612,8371,8578,9228,11483,14262,5344,8927,160444,108339,11980,5304,62366,660,34,22,16
2021-05-01T23:59:59+02:00,15,4513,4871,9018,10121,10227,12714,14278,17521,22022,23946,23267,26066,18168,22664,5746,9682,2729,2686,4748,4764,5250,5991,6552,7826,7612,8371,8578,9228,11483,14262,5344,8927,160428,108339,11980,5304,62366,660,34,22,16
2021-04-30T23:59:59+02:00,05,4441,4780,8776,9908,9965,12471,13796,17096,21181,23178,23141,25930,18152,22636,5743,9679,2726,2684,4738,4757,5241,5957,6540,7796,7579,8334,8574,9226,11482,14260,5342,8926,156839,108315,11979,5302,62037,530,1,22,16
2021-04-29T23:59:59+02:00,05,4293,4636,8297,9503,9269,11869,12797,16201,19343,21506,22439,25175,18015,22427,5737,9662,2703,2663,4697,4686,5198,5883,6482,7690,7503,8218,8465,9112,11417,14185,5336,8917,147700,107837,11965,5030,61487,273,1,21,16
2021-04-28T23:59:59+02:00,05,4260,4617,8226,9429,9193,11785,12679,16082,19126,21292,22351,25083,17987,22386,5735,9657,2700,2652,4671,4627,5171,5840,6452,7617,7454,8136,8448,9088,11401,14163,5335,8911,147321,107645,11875,4958,60675,48,1,21,16
2021-04-27T23:59:59+02:00,05,4221,4571,8088,9291,9080,11634,12535,15913,18680,20796,22123,24825,17923,22309,5732,9648,2697,2648,4669,4623,5161,5832,6439,7598,7422,8099,8391,9010,11320,14083,5331,8908,146597,107392,10800,4786,59956,40,1,20,14
2021-04-26T23:59:59+02:00,05,4179,4543,7982,9196,8934,11529,12361,15740,18270,20432,21989,24679,17888,22281,5732,9647,2697,2646,4665,4620,5157,5822,6423,7579,7390,8068,8343,8962,11265,14005,5328,8891,145830,107284,10665,4530,58872,35,0,20,14
2021-04-25T23:59:59+02:00,05,4165,4528,7946,9166,8870,11467,12227,15610,17925,20105,21791,24443,17848,22226,5728,9642,2697,2646,4664,4619,5155,5818,6418,7576,7388,8064,8287,8903,11243,13977,5328,8890,144456,107263,10654,4364,58562,34,0,20,14
2021-04-24T23:59:59+02:00,05,4159,4520,7931,9162,8855,11457,12179,15580,17867,20067,21775,24430,17846,22221,5728,9642,2696,2646,4664,4619,5155,5818,6418,7576,7388,8064,8287,8903,11243,13977,5328,8890,144360,107263,10654,4364,58390,33,0,20,14
2021-04-23T23:59:59+02:00,05,4139,4487,7875,9099,8772,11355,11839,15255,17435,19671,21561,24197,17784,22144,5726,9634,2693,2644,4661,4616,5148,5811,6404,7567,7365,8033,8266,8876,11235,13969,5326,8887,143102,107251,10307,4206,57549,32,0,20,14
2021-04-22T23:59:59+02:00,05,4090,4422,7743,8907,8587,11096,11513,14836,16522,18687,20992,23493,17650,21964,5717,9615,2684,2638,4656,4596,5125,5784,6363,7531,7296,7987,8133,8722,11093,13819,5322,8878,139370,106633,10185,3957,56265,25,0,19,14
2021-04-21T23:59:59+02:00,05,4048,4379,7641,8788,8432,10938,11220,14557,15790,17931,20614,23045,17578,21859,5712,9602,2676,2627,4638,4577,5109,5763,6351,7516,7272,7966,8084,8661,11056,13780,5320,8876,136465,106357,10056,3881,55603,23,0,15,13
2021-04-20T23:59:59+02:00,05,4022,4353,7606,8735,8355,10859,11058,14383,15357,17456,20153,22531,17478,21707,5704,9591,2669,2618,4629,4564,5084,5743,6323,7492,7232,7927,7990,8529,10982,13693,5316,8872,134324,105788,9791,3842,55223,22,0,15,13
2021-04-19T23:59:59+02:00,05,3992,4303,7545,8631,8263,10720,10901,14202,15104,17162,19675,21966,17313,21493,5693,9579,2664,2617,4623,4560,5071,5728,6304,7475,7207,7883,7937,8475,10956,13647,5313,8867,132265,105455,9437,3839,54830,22,0,15,13
2021-04-18T23:59:59+02:00,05,3974,4274,7485,8580,8157,10593,10642,13960,14613,16624,19247,21458,17191,21307,5689,9573,2664,2617,4623,4560,5071,5728,6303,7472,7205,7882,7934,8472,10954,13643,5312,8864,129856,105434,9367,3837,54134,22,0,15,13
2021-04-17T23:59:59+02:00,05,3970,4266,7465,8574,8147,10575,10601,13914,14503,16536,19126,21334,17169,21279,5687,9571,2664,2617,4622,4558,5066,5723,6289,7467,7180,7859,7888,8426,10935,13620,5311,8864,129418,105425,9358,3631,53931,22,0,15,13
2021-04-16T23:59:59+02:00,05,3959,4223,7393,8452,8044,10418,10408,13653,13834,15779,18559,20691,17044,21104,5676,9554,2661,2614,4617,4553,5062,5712,6273,7456,7142,7824,7582,8040,10845,13482,5303,8848,126578,104638,9298,3343,52905,22,0,15,13
2021-04-15T23:59:59+02:00,04,3915,4169,7281,8322,7879,10180,10075,13263,13105,14921,17751,19828,16802,20782,5663,9533,2660,2606,4606,4537,5049,5682,6243,7421,7073,7756,7031,7407,10731,13330,5299,8837,122932,103028,9140,3209,51386,20,0,15,13
2021-04-14T23:59:59+02:00,03,3888,4140,7216,8216,7773,10030,9901,13064,12687,14475,17227,19218,16651,20573,5658,9520,2627,2587,4588,4506,5020,5635,6208,7388,7017,7695,6405,6659,10469,13045,5295,8829,121548,100738,8907,3209,49770,15,0,15,13
2021-04-13T23:59:59+02:00,03,3885,4134,7179,8200,7716,9997,9793,13012,12314,14184,16538,18374,16415,20273,5654,9514,2603,2560,4568,4481,4996,5602,6149,7320,6928,7594,6195,6410,9913,12398,5287,8810,120860,98587,8690,3202,47620,15,0,15,12
2021-04-12T23:59:59+02:00,03,3871,4116,7127,8154,7660,9930,9685,12911,12067,13971,16095,17858,16228,20059,5649,9511,2574,2549,4502,4439,4889,5533,6035,7244,6810,7495,5452,5592,9465,11862,5247,8768,120528,95237,8655,3194,45697,15,0,15,12
2021-04-11T23:59:59+02:00,03,3859,4109,7086,8102,7602,9886,9592,12832,11830,13764,15532,17172,15953,19719,5644,9501,2499,2466,4373,4317,4735,5400,5872,7092,6659,7389,5150,5231,9334,11703,5247,8764,119945,93062,8228,3145,43998,14,0,15,12
2021-04-10T23:59:59+02:00,03,3841,4090,7047,8055,7558,9830,9532,12773,11738,13679,15315,16981,15904,19651,5643,9494,1942,1899,3556,3598,3861,4635,4867,6172,5804,6604,4877,4925,9206,11550,5241,8755,119481,84323,8228,3145,43410,14,0,15,12
2021-04-09T23:59:59+02:00,03,3821,4070,7008,8026,7494,9775,9379,12645,11411,13394,14134,15451,15463,19121,5631,9484,1083,1072,2202,2407,2354,3266,3084,4532,4187,5145,4196,4193,8960,11198,5217,8726,117589,68655,8226,3143,40480,14,0,15,12
2021-04-08T23:59:59+02:00,03,3795,4054,6947,7973,7391,9681,9193,12526,11006,13040,13003,14199,15056,18601,5612,9454,582,585,1285,1702,1448,2336,1985,3449,2806,3759,2954,2795,8163,10225,5078,8506,116352,54495,8146,3140,37021,13,0,15,12
2021-04-07T23:59:59+02:00,03,3748,4029,6869,7919,7298,9612,9066,12397,10696,12733,12276,13432,14840,18336,5606,9435,351,368,934,1357,1044,1951,1475,2988,1862,2753,1772,1511,7260,9088,4925,8247,115391,44727,7995,3140,34894,9,0,15,12
2021-04-06T23:59:59+02:00,03,3732,4017,6847,7881,7243,9545,8973,12317,10485,12515,11891,12937,14619,18040,5595,9421,344,354,926,1347,1029,1930,1448,2960,1803,2694,1693,1445,6853,8537,4775,8010,114113,42991,7896,3139,34039,8,0,13,12
2021-04-05T23:59:59+02:00,03,3728,4016,6836,7870,7231,9535,8954,12289,10420,12456,11780,12792,14521,17948,5593,9418,342,348,915,1343,1023,1922,1438,2940,1782,2660,1640,1392,6629,8239,4654,7828,113778,41939,7875,3138,33724,8,0,13,12
2021-04-04T23:59:59+02:00,03,3728,4016,6834,7864,7230,9534,8952,12289,10410,12451,11777,12788,14518,17947,5593,9418,342,347,915,1343,1022,1920,1437,2939,1780,2657,1637,1387,6622,8226,4649,7825,113773,41893,7875,3137,33691,8,0,13,12
2021-04-03T23:59:59+02:00,03,3728,4016,6834,7863,7229,9534,8952,12289,10409,12451,11777,12787,14516,17945,5593,9418,342,346,913,1339,1020,1919,1436,2934,1778,2657,1632,1375,6579,8145,4614,7790,113769,41664,7875,3137,33687,8,0,13,12
2021-04-02T23:59:59+02:00,03,3726,4014,6832,7860,7223,9528,8941,12282,10394,12435,11650,12673,14473,17889,5589,9410,340,344,911,1332,1014,1908,1421,2909,1738,2618,1537,1289,5817,7248,4182,7228,113648,39003,7871,2815,33390,8,0,13,12
2021-04-01T23:59:59+02:00,02,3687,4002,6798,7838,7181,9498,8889,12244,10324,12365,11312,12267,14100,17381,5585,9397,335,341,895,1317,1002,1889,1389,2863,1679,2555,1414,1196,4891,6146,3632,6407,113266,35123,6472,2810,33119,8,0,13,12
2021-03-31T23:59:59+02:00,02,3681,3998,6783,7819,7165,9480,8854,12213,10239,12294,10982,11863,13758,16888,5579,9376,332,338,887,1309,992,1874,1369,2835,1629,2520,1349,1144,4319,5482,3286,5949,112696,32859,5477,2737,32788,8,0,13,12
2021-03-30T23:59:59+02:00,02,3663,3974,6747,7781,7108,9414,8766,12109,10077,12139,10725,11586,13535,16622,5573,9362,328,332,881,1299,985,1868,1346,2829,1603,2494,1323,1118,4201,5360,3226,5857,111875,32490,5228,2542,32067,8,0,13,12
2021-03-29T23:59:59+02:00,02,3654,3952,6721,7759,7068,9361,8670,12014,9896,11932,10293,11118,13162,16156,5556,9329,323,328,877,1289,979,1860,1338,2818,1587,2485,1298,1104,4068,5217,3129,5727,110204,31874,4920,2536,31506,7,0,13,12
2021-03-28T23:59:59+02:00,02,3614,3897,6606,7602,6951,9221,8543,11821,9744,11743,10082,10858,12987,15970,5551,9319,323,328,877,1289,977,1859,1337,2818,1586,2483,1290,1101,4035,5175,3103,5702,109832,31832,4657,2435,30009,6,0,13,12
2021-03-27T23:59:59+01:00,02,3613,3886,6594,7537,6922,9107,8494,11650,9692,11589,9968,10735,12893,15882,5550,9319,323,327,877,1289,977,1856,1337,2816,1582,2482,1288,1099,4009,5140,3090,5687,109823,31729,4657,2434,28940,6,0,13,12
2021-03-26T23:59:59+01:00,02,3607,3878,6566,7500,6893,9034,8446,11538,9601,11461,9919,10672,12847,15828,5543,9299,318,325,876,1286,973,1844,1334,2795,1562,2470,1263,1083,3829,4919,2984,5534,109767,30986,4437,2393,28417,6,0,13,12
2021-03-25T23:59:59+01:00,02,3584,3847,6475,7374,6801,8870,8255,11306,9292,11146,9542,10290,12544,15514,5538,9290,318,324,874,1278,970,1833,1321,2782,1538,2451,1237,1064,3597,4678,2735,5200,109395,29792,4230,2393,26032,5,0,13,12
2021-03-24T23:59:59+01:00,02,3530,3796,6388,7189,6681,8644,8088,11072,9067,10822,9127,9803,12127,15055,5527,9280,318,323,873,1275,965,1831,1314,2778,1522,2435,1229,1054,3532,4605,2555,4980,108885,29183,4094,2393,23206,3,0,13,12
2021-03-23T23:59:59+01:00,02,3512,3763,6339,7133,6606,8586,7970,10943,8819,10589,8707,9334,11676,14536,5518,9265,318,323,872,1265,960,1822,1309,2769,1518,2428,1206,1029,3440,4529,2364,4667,108073,28413,4001,2393,21211,3,0,13,12
2021-03-22T23:59:59+01:00,02,3504,3743,6296,7104,6572,8539,7904,10867,8670,10453,8428,8981,11373,14211,5482,9226,316,318,866,1255,952,1815,1302,2758,1509,2418,1195,1020,3412,4494,2345,4634,107403,28204,3998,2392,19941,3,0,13,12
2021-03-21T23:59:59+01:00,02,3502,3741,6292,7093,6555,8523,7885,10848,8614,10396,8309,8864,11303,14109,5480,9223,314,317,857,1252,945,1809,1293,2756,1505,2414,1191,1017,3403,4479,2331,4625,107318,28103,3997,2392,19411,3,0,13,12
2021-03-20T23:59:59+01:00,02,3494,3703,6284,7022,6540,8386,7860,10664,8570,10260,8231,8778,11265,14070,5480,9223,314,317,857,1252,945,1809,1292,2756,1505,2412,1191,1017,3403,4478,2331,4624,107286,28099,3785,2391,18748,3,0,13,12
2021-03-19T23:59:59+01:00,02,3481,3674,6258,6940,6516,8294,7815,10547,8457,10100,7695,8173,11082,13829,5470,9205,311,316,852,1245,928,1799,1269,2725,1455,2367,1107,950,2740,3692,1922,4056,105676,25330,3486,2391,18363,3,0,13,12
2021-03-18T23:59:59+01:00,02,3470,3656,6217,6899,6483,8233,7752,10462,8342,9971,6741,7082,10805,13529,5460,9180,310,316,849,1240,922,1791,1250,2717,1431,2348,1070,933,2533,3453,1766,3835,102669,24360,3329,2391,18273,3,0,13,12
2021-03-17T23:59:59+01:00,02,3433,3618,6146,6815,6430,8130,7662,10336,8212,9813,6064,6243,10519,13226,5443,9154,309,316,842,1236,918,1779,1236,2695,1413,2324,1034,911,2414,3329,1687,3726,99909,23765,3328,2391,17996,3,0,13,12
2021-03-16T23:59:59+01:00,02,3415,3589,6107,6762,6385,8057,7609,10272,8122,9712,5888,6067,9831,12444,5404,9091,302,307,828,1220,906,1770,1230,2676,1400,2316,1020,892,2202,3091,1554,3532,97695,22844,3318,2389,17731,3,0,13,12
2021-03-15T23:59:59+01:00,02,3378,3557,6011,6683,6256,7965,7467,10153,7993,9587,5136,5234,9389,11897,5361,9021,301,306,825,1216,905,1763,1228,2663,1391,2307,1007,880,2061,2919,1468,3439,94189,22279,3311,2388,17577,2,0,13,12
2021-03-14T23:59:59+01:00,02,3253,3410,5735,6337,5980,7605,7155,9739,7709,9274,4803,4843,9232,11700,5357,9011,301,306,825,1216,904,1763,1226,2662,1389,2304,1005,878,2058,2916,1465,3438,91798,22259,3256,2385,16078,2,0,13,12
2021-03-13T23:59:59+01:00,02,2599,2748,4797,5469,4962,6676,5960,8621,6694,8332,4490,4460,8849,11181,5267,8903,301,306,824,1214,904,1758,1223,2660,1388,2304,1005,877,2034,2880,1435,3403,81115,22119,3256,2385,15626,2,0,13,12
2021-03-12T23:59:59+01:00,02,1773,1927,3461,4319,3456,5344,4214,6982,5061,6827,3825,3757,7602,9635,4767,8224,297,303,822,1210,898,1751,1214,2641,1362,2287,959,852,1686,2419,1167,3052,62312,20523,3254,2385,15597,2,0,13,12
2021-03-11T23:59:59+01:00,02,1273,1452,2558,3580,2552,4405,3121,5893,3699,5443,2650,2480,5911,7526,4004,7050,292,294,806,1201,885,1728,1196,2612,1337,2241,922,832,1530,2190,1044,2864,45041,19578,3252,2385,15293,2,0,13,11
2021-03-10T23:59:59+01:00,02,1049,1234,2191,3220,2178,4014,2670,5453,2796,4476,1522,1283,4563,5811,3449,6282,282,284,788,1182,863,1692,1163,2539,1299,2176,897,812,1351,2000,948,2691,34037,18678,3252,2278,14891,2,0,13,11
2021-03-09T23:59:59+01:00,02,1033,1207,2125,3079,2113,3899,2585,5319,2713,4350,1488,1253,4488,5738,3410,6225,278,277,774,1161,846,1665,1138,2499,1281,2148,883,800,1274,1876,877,2581,33633,18113,3249,2234,14132,2,0,13,11
2021-03-08T23:59:59+01:00,02,1012,1176,2068,2980,2073,3817,2526,5206,2657,4278,1450,1233,4342,5580,3309,6084,278,273,769,1153,844,1656,1130,2491,1274,2132,859,779,1108,1651,754,2417,32944,17328,3249,2230,13587,1,0,13,11
2021-03-07T23:59:59+01:00,02,1007,1157,2029,2937,2031,3776,2486,5141,2616,4241,1445,1230,4335,5572,3307,6084,278,273,769,1153,844,1656,1130,2491,1273,2132,856,779,1099,1641,746,2406,32914,17328,3243,2189,13226,0,0,13,11
2021-03-06T23:59:59+01:00,02,1007,1153,2018,2923,2019,3757,2470,5114,2598,4220,1432,1220,4301,5528,3293,6072,278,273,769,1153,844,1656,1130,2491,1273,2132,856,779,1099,1641,746,2405,32770,17328,3242,2188,13102,0,0,13,11
2021-03-05T23:59:59+01:00,02,1003,1149,2003,2903,1989,3734,2427,5062,2545,4183,1396,1192,4035,5203,3143,5851,277,270,762,1146,839,1649,1127,2482,1270,2122,842,775,1092,1632,745,2403,32031,17236,2911,2188,12865,0,0,13,11
2021-03-04T23:59:59+01:00,02,909,1002,1916,2775,1921,3597,2351,4907,2455,4025,1366,1171,3795,4944,2879,5502,277,268,760,1141,837,1642,1126,2474,1267,2116,814,761,1082,1621,738,2391,30784,17141,2907,2165,11813,0,0,13,11
2021-03-03T23:59:59+01:00,02,863,895,1852,2679,1851,3492,2282,4791,2381,3941,1354,1158,3685,4839,2657,5230,276,266,759,1132,834,1624,1120,2432,1257,2090,797,757,1074,1603,731,2384,30112,17115,2791,2012,11036,0,0,13,11
2021-03-02T23:59:59+01:00,02,818,820,1755,2555,1766,3368,2191,4667,2320,3863,1319,1136,3556,4704,2454,4886,276,265,758,1126,831,1621,1116,2427,1253,2080,795,755,1060,1582,720,2365,29390,17010,2602,2011,10175,0,0,13,11
2021-03-01T23:59:59+01:00,02,795,781,1655,2411,1695,3224,2091,4495,2240,3742,1301,1124,3505,4641,2410,4824,276,264,754,1122,830,1609,1112,2415,1248,2070,789,753,1056,1575,718,2362,29137,16933,2518,2011,9268,0,0,13,11
2021-02-28T23:59:59+01:00,02,789,758,1636,2345,1668,3152,2068,4395,2226,3675,1295,1118,3495,4627,2396,4814,275,263,754,1121,830,1604,1112,2413,1248,2065,786,751,1048,1562,714,2352,29031,16911,2516,1978,8899,0,0,13,11
2021-02-27T23:59:59+01:00,02,774,741,1614,2285,1651,3041,2049,4269,2205,3579,1292,1115,3495,4625,2395,4813,275,263,754,1121,830,1603,1112,2413,1248,2064,786,751,1048,1562,714,2351,29027,16909,2515,1977,8390,0,0,13,11
2021-02-26T23:59:59+01:00,02,646,660,1509,2172,1599,2882,1986,4032,2104,3343,1202,1044,2845,3832,1970,4231,275,263,753,1119,829,1602,1112,2411,1246,2061,784,746,1030,1549,704,2335,26239,16835,2515,1975,7292,0,0,13,11
2021-02-25T23:59:59+01:00,02,496,580,1390,2070,1532,2754,1925,3903,2004,3232,1153,1012,2615,3562,1806,3988,258,248,728,1095,787,1534,1066,2313,1173,1970,728,725,999,1512,692,2307,25174,16742,2488,1384,6349,0,0,13,11
2021-02-24T23:59:59+01:00,02,466,549,1321,1957,1459,2610,1855,3750,1927,3083,1115,982,2476,3425,1727,3869,229,235,701,1050,763,1472,1038,2253,1120,1920,701,702,954,1483,681,2277,24523,16556,2477,1014,5560,0,0,13,11
2021-02-23T23:59:59+01:00,02,410,509,1239,1817,1385,2464,1778,3539,1856,2961,1090,948,2273,3197,1602,3683,224,229,686,1027,752,1433,1016,2210,1095,1879,692,690,945,1469,678,2273,23602,16471,2467,818,4671,0,0,13,11
2021-02-22T23:59:59+01:00,02,397,476,1140,1706,1283,2367,1669,3433,1775,2890,1069,935,2132,3025,1517,3588,213,220,664,976,721,1370,991,2116,1051,1798,650,658,876,1393,642,2217,23030,16283,2463,264,3898,0,0,13,11
2021-02-21T23:59:59+01:00,02,378,460,1039,1674,1131,2343,1514,3410,1674,2872,1061,933,2131,3024,1517,3588,186,214,633,968,710,1362,977,2111,1046,1796,647,655,873,1389,634,2210,23001,16152,2463,250,3274,0,0,13,11
2021-02-20T23:59:59+01:00,02,378,458,1038,1674,1130,2343,1512,3408,1674,2870,1061,932,2130,3024,1516,3587,185,212,630,968,707,1361,971,2108,1044,1796,647,655,873,1389,634,2210,22994,16131,2462,250,3268,0,0,13,11
2021-02-19T23:59:59+01:00,02,373,449,1026,1670,1120,2333,1499,3390,1642,2855,1011,904,1759,2518,1219,3205,164,202,604,964,690,1353,954,2106,1038,1794,644,654,871,1389,633,2209,21256,16010,2462,250,3244,0,0,13,11
2021-02-18T23:59:59+01:00,02,353,429,986,1588,1082,2246,1446,3272,1601,2765,981,881,1586,2275,1090,3001,144,191,565,953,670,1342,920,2090,1014,1774,633,635,850,1361,619,2188,20276,15690,2462,250,2833,0,0,13,11
2021-02-17T23:59:59+01:00,02,330,376,902,1446,975,2046,1312,3018,1489,2545,944,851,1397,2063,989,2824,138,184,553,922,644,1291,887,2012,964,1698,599,603,843,1335,614,2169,19203,15197,2462,250,1831,0,0,13,11
2021-02-16T23:59:59+01:00,02,324,338,858,1308,923,1857,1251,2793,1423,2384,933,834,1334,1967,922,2728,132,171,539,879,629,1237,861,1950,934,1656,589,593,821,1304,601,2109,18833,14882,2461,114,872,0,0,13,11
2021-02-15T23:59:59+01:00,02,308,298,830,1277,906,1801,1211,2709,1385,2328,905,802,1158,1735,793,2552,123,163,518,851,611,1175,837,1877,911,1579,568,556,803,1267,592,2067,17923,14415,2460,74,604,0,0,13,11
2021-02-14T23:59:59+01:00,02,308,298,829,1277,905,1801,1209,2709,1385,2328,905,802,1158,1735,793,2552,123,163,517,844,607,1170,831,1871,907,1576,567,556,801,1266,591,2064,17922,14371,2460,74,601,0,0,13,11
2021-02-13T23:59:59+01:00,02,308,298,829,1276,905,1798,1209,2707,1385,2326,905,802,1158,1735,793,2552,123,163,517,844,607,1170,829,1868,905,1572,565,556,786,1246,579,2048,17914,14369,2460,0,601,0,0,13,11
2021-02-12T23:59:59+01:00,02,304,297,819,1271,901,1769,1203,2679,1357,2297,903,800,1157,1732,793,2552,123,163,515,841,606,1163,823,1856,899,1559,562,554,772,1235,573,2035,17906,14270,2460,0,457,0,0,13,11
2021-02-11T23:59:59+01:00,02,285,288,804,1236,895,1735,1187,2612,1335,2242,868,787,1147,1720,792,2542,121,149,497,800,584,1098,789,1756,876,1499,550,540,748,1200,559,2004,17793,13761,2459,0,212,0,0,13,11
2021-02-10T23:59:59+01:00,02,282,282,785,1198,882,1705,1175,2566,1320,2200,863,785,1132,1704,787,2526,117,140,432,718,544,1006,714,1637,824,1419,536,524,734,1180,549,1976,17769,13052,2354,0,58,0,0,13,0
2021-02-09T23:59:59+01:00,02,282,279,781,1183,871,1689,1161,2547,1306,2176,848,780,1118,1687,776,2510,100,121,378,632,493,877,636,1440,735,1232,484,446,613,1019,481,1736,17672,11425,2308,0,3,0,0,13,0
2021-02-08T23:59:59+01:00,02,282,278,779,1178,871,1682,1159,2543,1300,2167,842,777,1103,1667,763,2493,90,99,334,543,442,778,547,1234,631,1069,410,375,535,836,389,1432,17567,9746,2305,0,1,0,0,13,0
2021-02-07T23:59:59+01:00,02,281,277,777,1177,870,1682,1159,2542,1300,2164,836,775,1101,1664,762,2491,88,98,332,538,440,774,545,1225,627,1064,405,370,514,813,383,1418,17542,9636,2305,0,0,0,0,13,0
2021-02-06T23:59:59+01:00,02,281,276,777,1176,870,1681,1159,2542,1300,2163,835,774,1099,1658,761,2489,88,97,332,535,439,773,544,1221,625,1063,401,365,466,744,355,1373,17526,9423,2304,0,0,0,0,13,0
2021-02-05T23:59:59+01:00,02,281,276,777,1175,869,1680,1158,2541,1299,2160,828,768,1076,1648,754,2473,82,95,324,529,423,755,518,1189,597,1022,378,338,446,721,341,1333,17448,9092,2304,0,0,0,0,13,0
2021-02-04T23:59:59+01:00,02,278,269,774,1154,857,1658,1145,2513,1285,2136,806,755,1048,1618,747,2457,68,77,254,408,329,590,402,961,484,820,305,274,335,577,277,1114,17208,7275,2281,0,0,0,0,13,0
2021-02-03T23:59:59+01:00,02,277,264,770,1133,855,1632,1138,2463,1272,2106,787,741,1031,1595,738,2443,54,54,168,279,255,440,282,712,360,581,209,194,237,424,194,837,17112,5280,2122,0,0,0,0,13,0
2021-02-02T23:59:59+01:00,02,276,259,766,1125,850,1610,1129,2439,1260,2089,783,734,1022,1584,736,2435,35,34,91,138,147,251,171,445,232,364,135,124,160,255,136,539,16964,3257,2122,0,0,0,0,13,0
2021-02-01T23:59:59+01:00,02,274,256,761,1106,842,1589,1124,2409,1256,2056,775,721,1015,1574,732,2422,11,12,14,26,25,62,44,88,69,100,49,45,57,73,39,178,16780,892,2122,0,0,0,0,12,0
2021-01-31T23:59:59+01:00,02,268,254,745,1104,834,1578,1114,2398,1245,2047,769,715,1005,1557,725,2409,10,12,13,25,23,59,38,83,62,92,46,45,53,66,36,165,16745,828,2012,0,0,0,0,12,0
2021-01-30T23:59:59+01:00,02,268,254,745,1104,833,1578,1114,2398,1245,2047,768,715,1005,1556,725,2408,10,10,13,25,23,59,38,83,61,90,45,44,52,66,36,164,16742,819,2011,0,0,0,0,12,0
2021-01-29T23:59:59+01:00,02,268,254,745,1103,833,1578,1114,2398,1245,2046,767,714,1004,1554,725,2406,9,5,12,24,23,58,36,81,60,90,44,43,52,66,36,164,16735,803,2009,0,0,0,0,12,0
2021-01-28T23:59:59+01:00,02,264,249,733,1078,798,1523,1077,2338,1169,1989,727,700,975,1534,709,2384,4,0,3,6,9,23,18,36,20,45,21,22,23,44,15,97,16556,386,1681,0,0,0,0,12,0
2021-01-27T23:59:59+01:00,02,258,242,710,1046,750,1467,1020,2257,1096,1908,692,673,962,1513,706,2377,3,0,3,4,6,19,14,22,13,32,6,9,10,9,4,27,16107,181,1560,0,0,0,0,12,0
2021-01-26T23:59:59+01:00,02,234,233,693,1022,742,1417,1000,2183,1069,1843,680,659,939,1497,696,2358,3,0,1,4,5,9,12,12,6,11,3,5,6,7,1,16,16056,101,1199,0,0,0,0,12,0
2021-01-25T23:59:59+01:00,02,202,218,641,948,690,1294,958,2037,1011,1708,632,604,862,1402,653,2285,3,0,1,4,5,9,12,12,6,11,3,5,6,7,1,16,15830,101,305,0,0,0,0,12,0
2021-01-24T23:59:59+01:00,02,185,212,615,936,672,1280,940,2021,996,1698,625,598,852,1382,644,2272,3,0,1,4,5,9,11,12,5,11,3,5,6,7,1,16,15658,99,260,0,0,0,0,12,0
2021-01-23T23:59:59+01:00,02,185,212,615,936,672,1280,940,2021,996,1698,625,598,852,1382,644,2272,3,0,1,4,5,9,9,12,5,11,3,5,6,7,1,16,15658,97,260,0,0,0,0,12,0
2021-01-22T23:59:59+01:00,02,138,194,557,926,654,1267,906,2011,985,1687,620,597,851,1382,644,2272,3,0,0,4,5,9,9,12,5,11,3,5,6,7,1,16,15421,96,260,0,0,0,0,12,0
2021-01-21T23:59:59+01:00,02,133,186,542,903,633,1226,873,1957,963,1639,610,576,839,1351,637,2253,3,0,0,4,4,9,9,12,5,11,3,5,6,7,1,15,15051,94,260,0,0,0,0,12,0
2021-01-20T23:59:59+01:00,02,128,170,495,837,610,1150,810,1847,927,1566,589,559,821,1328,627,2225,3,0,0,4,4,9,9,12,5,11,3,5,6,7,1,15,14421,94,258,0,0,0,0,12,0
2021-01-19T23:59:59+01:00,02,115,149,422,751,545,1020,725,1648,822,1401,543,504,719,1167,554,1976,3,0,0,4,4,8,9,12,5,11,3,5,6,7,1,15,12860,93,191,0,0,0,0,12,0
2021-01-18T23:59:59+01:00,02,97,117,353,598,454,848,595,1387,696,1195,476,438,635,1010,487,1709,1,0,0,1,0,0,0,0,0,0,0,0,0,1,0,0,11004,3,81,0,0,0,0,12,0
2021-01-17T23:59:59+01:00,02,93,115,349,593,453,843,593,1368,688,1186,471,429,608,981,471,1668,1,0,0,1,0,0,0,0,0,0,0,0,0,1,0,0,10818,3,81,0,0,0,0,12,0
2021-01-16T23:59:59+01:00,02,93,112,347,585,450,838,582,1355,677,1174,456,415,513,855,410,1571,0,0,0,1,0,0,0,0,0,0,0,0,0,0,0,0,10421,1,2,0,0,0,0,12,0
2021-01-15T23:59:59+01:00,02,92,110,342,583,444,833,576,1348,660,1158,440,397,505,843,402,1548,0,0,0,0,0,0,0,0,0,0,0,0,0,0,0,0,10271,0,0,0,0,0,0,12,0
2021-01-14T23:59:59+01:00,00,75,88,285,481,366,671,459,1098,541,976,363,319,399,693,332,1320,0,0,0,0,0,0,0,0,0,0,0,0,0,0,0,0,8454,0,0,0,0,0,0,12,0
2021-01-13T23:59:59+01:00,00,61,65,201,364,290,499,346,816,415,695,253,223,291,518,250,1014,0,0,0,0,0,0,0,0,0,0,0,0,0,0,0,0,6290,0,0,0,0,0,0,11,0
2021-01-12T23:59:59+01:00,00,40,42,121,215,177,309,206,524,276,429,159,141,186,335,171,682,0,0,0,0,0,0,0,0,0,0,0,0,0,0,0,0,4013,0,0,0,0,0,0,0,0
2021-01-11T23:59:59+01:00,00,11,14,41,57,41,90,59,119,91,127,65,58,83,103,49,223,0,0,0,0,0,0,0,0,0,0,0,0,0,0,0,0,1231,0,0,0,0,0,0,0,0
2021-01-10T23:59:59+01:00,00,11,14,29,47,34,72,50,110,78,117,57,54,77,93,46,209,0,0,0,0,0,0,0,0,0,0,0,0,0,0,0,0,1098,0,0,0,0,0,0,0,0
2021-01-09T23:59:59+01:00,00,11,13,26,46,34,72,49,109,76,114,56,53,76,92,45,208,0,0,0,0,0,0,0,0,0,0,0,0,0,0,0,0,1080,0,0,0,0,0,0,0,0
2021-01-08T23:59:59+01:00,00,7,6,26,41,32,69,46,107,75,113,53,49,71,87,41,208,0,0,0,0,0,0,0,0,0,0,0,0,0,0,0,0,1031,0,0,0,0,0,0,0,0
2021-01-07T23:59:59+01:00,00,5,1,9,20,15,36,28,77,33,77,32,27,47,74,28,162,0,0,0,0,0,0,0,0,0,0,0,0,0,0,0,0,671,0,0,0,0,0,0,0,0
2021-01-06T23:59:59+01:00,00,5,0,4,8,10,28,25,43,19,47,26,24,34,51,19,120,0,0,0,0,0,0,0,0,0,0,0,0,0,0,0,0,463,0,0,0,0,0,0,0,0
2021-01-05T23:59:59+01:00,00,5,0,4,8,10,28,25,43,19,47,26,24,34,50,19,120,0,0,0,0,0,0,0,0,0,0,0,0,0,0,0,0,462,0,0,0,0,0,0,0,0
2021-01-04T23:59:59+01:00,00,4,0,1,3,4,9,13,12,5,11,3,5,6,8,1,17,0,0,0,0,0,0,0,0,0,0,0,0,0,0,0,0,102,0,0,0,0,0,0,0,0
2021-01-03T23:59:59+01:00,00,3,0,1,3,4,9,12,12,5,11,3,5,6,8,1,16,0,0,0,0,0,0,0,0,0,0,0,0,0,0,0,0,99,0,0,0,0,0,0,0,0
2021-01-02T23:59:59+01:00,00,3,0,1,3,4,9,10,12,5,11,3,5,6,8,1,16,0,0,0,0,0,0,0,0,0,0,0,0,0,0,0,0,97,0,0,0,0,0,0,0,0
2021-01-01T23:59:59+01:00,00,3,0,0,3,4,9,10,12,5,11,3,5,6,7,1,16,0,0,0,0,0,0,0,0,0,0,0,0,0,0,0,0,95,0,0,0,0,0,0,0,0
2020-12-31T23:59:59+01:00,00,3,0,0,3,4,9,9,12,5,11,3,5,6,7,1,16,0,0,0,0,0,0,0,0,0,0,0,0,0,0,0,0,94,0,0,0,0,0,0,0,0
2020-12-30T23:59:59+01:00,00,3,0,0,3,4,9,9,12,5,11,3,5,6,7,1,16,0,0,0,0,0,0,0,0,0,0,0,0,0,0,0,0,94,0,0,0,0,0,0,0,0
2020-12-29T23:59:59+01:00,00,3,0,0,3,4,8,9,12,5,11,3,5,6,7,1,16,0,0,0,0,0,0,0,0,0,0,0,0,0,0,0,0,93,0,0,0,0,0,0,0,0
2020-12-28T23:59:59+01:00,00,3,0,0,3,4,8,9,12,5,11,3,5,6,7,1,16,0,0,0,0,0,0,0,0,0,0,0,0,0,0,0,0,93,0,0,0,0,0,0,0,0
2020-12-27T23:59:59+01:00,00,1,0,0,0,0,0,0,0,0,0,0,0,1,3,0,7,0,0,0,0,0,0,0,0,0,0,0,0,0,0,0,0,12,0,0,0,0,0,0,0,0
