Datum,<15_m,<15_w,15-24_1_m,15-24_1_w,25-34_1_m,25-34_1_w,35-44_1_m,35-44_1_w,45-54_1_m,45-54_1_w,55-64_1_m,55-64_1_w,65-74_1_m,65-74_1_w,75-84_1_m,75-84_1_w,>84_1_m,>84_1_w,<24_2_m,<24_2_w,25-34_2_m,25-34_2_w,35-44_2_m,35-44_2_w,45-54_2_m,45-54_2_w,55-64_2_m,55-64_2_w,65-74_2_m,65-74_2_w,75-84_2_m,75-84_2_w,>84_2_m,>84_2_w,bp_1,bp_2,mo_1,mo_2,az_1,az_2,ja,unb_1,unb_2
2021-10-23T23:59:59+02:00,4143,3856,26178,25061,35371,32695,35047,34931,40363,40646,43731,43736,28465,31699,20272,25404,6353,10715,23717,22739,32891,30043,33029,32722,38271,38287,41663,41730,27484,30554,19589,24460,6086,10166,344027,323421,45718,44073,77581,71282,21283,62,36
2021-10-22T23:59:59+02:00,4122,3827,26083,24993,35268,32598,34957,34872,40288,40604,43690,43710,28460,31695,20269,25397,6353,10714,23659,22677,32831,29989,32977,32685,38236,38257,41632,41707,27479,30548,19586,24457,6085,10165,343335,322959,45684,44050,77581,71282,21243,62,36
2021-10-21T23:59:59+02:00,4056,3781,25978,24901,35144,32484,34858,34802,40217,40549,43630,43674,28450,31682,20264,25392,6353,10713,23514,22527,32737,29898,32908,32619,38176,38202,41581,41669,27462,30530,19573,24441,6082,10159,342447,321826,45658,44018,77580,71282,21186,62,36
2021-10-20T23:59:59+02:00,4047,3766,25947,24872,35093,32438,34825,34770,40195,40528,43611,43660,28445,31677,20262,25388,6348,10711,23474,22487,32696,29865,32880,32591,38151,38172,41560,41648,27447,30518,19563,24430,6079,10157,342118,321431,45654,44004,77580,71282,21174,62,36
2021-10-19T23:59:59+02:00,4029,3739,25878,24827,35040,32392,34786,34732,40162,40501,43591,43646,28440,31670,20255,25381,6344,10710,23355,22379,32617,29798,32840,32548,38124,38127,41529,41624,27432,30501,19555,24423,6074,10153,341710,320647,45631,43964,77580,71281,21145,62,36
2021-10-18T23:59:59+02:00,4021,3722,25836,24801,35012,32355,34768,34717,40145,40486,43581,43632,28433,31663,20245,25374,6343,10710,23309,22341,32584,29755,32817,32513,38099,38107,41509,41602,27425,30494,19548,24414,6071,10149,341451,320289,45624,43946,77580,71281,21132,62,36
2021-10-17T23:59:59+02:00,4014,3710,25820,24795,34999,32345,34759,34712,40143,40483,43576,43627,28430,31659,20245,25369,6342,10708,23270,22314,32573,29742,32811,32503,38095,38100,41508,41594,27425,30491,19547,24412,6069,10149,341344,319990,45624,43946,77580,71281,21131,62,36
2021-10-16T23:59:59+02:00,4014,3710,25820,24795,34999,32345,34758,34712,40142,40482,43576,43627,28429,31658,20245,25368,6342,10707,23269,22314,32573,29742,32811,32502,38094,38099,41508,41593,27424,30491,19547,24411,6068,10147,341338,319978,45624,43946,77580,71281,21130,62,36
2021-10-15T23:59:59+02:00,4004,3700,25782,24765,34968,32319,34734,34689,40123,40470,43564,43620,28425,31655,20242,25365,6340,10703,23209,22245,32517,29692,32780,32456,38065,38072,41488,41576,27416,30483,19544,24407,6068,10143,341103,319529,45608,43918,77579,71281,21121,62,36
2021-10-14T23:59:59+02:00,3984,3672,25709,24707,34909,32258,34691,34654,40092,40438,43534,43605,28417,31646,20236,25362,6337,10698,23126,22159,32453,29598,32729,32399,38007,38029,41449,41539,27400,30469,19536,24399,6065,10142,340643,318848,45587,43873,77579,71281,21083,62,36
2021-10-13T23:59:59+02:00,3970,3649,25678,24686,34883,32228,34672,34639,40077,40414,43515,43585,28406,31638,20230,25349,6330,10689,23093,22120,32427,29559,32718,32364,37989,38009,41432,41528,27393,30455,19529,24392,6065,10137,340341,318532,45585,43865,77579,71281,21076,62,36
2021-10-12T23:59:59+02:00,3953,3629,25628,24634,34823,32167,34640,34609,40048,40387,43495,43572,28393,31623,20226,25340,6324,10682,23005,22024,32327,29470,32675,32316,37932,37972,41407,41491,27369,30442,19522,24382,6062,10127,339916,317846,45568,43828,77579,71279,21053,62,36
2021-10-11T23:59:59+02:00,3946,3617,25603,24609,34807,32144,34611,34591,40037,40376,43484,43558,28383,31614,20219,25335,6320,10678,22975,21992,32284,29435,32650,32285,37915,37955,41386,41474,27363,30436,19516,24375,6060,10123,339700,317533,45553,43820,77579,71279,21043,62,36
2021-10-10T23:59:59+02:00,3943,3615,25599,24602,34799,32134,34605,34577,40030,40371,43476,43551,28382,31609,20214,25331,6320,10674,22963,21974,32272,29418,32645,32278,37904,37944,41380,41469,27357,30432,19515,24374,6060,10123,339602,317406,45551,43817,77579,71279,21043,62,36
2021-10-09T23:59:59+02:00,3942,3612,25598,24599,34798,32130,34603,34576,40027,40367,43474,43551,28380,31608,20213,25328,6319,10674,22963,21974,32272,29418,32643,32277,37903,37944,41379,41468,27357,30432,19514,24374,6060,10122,339569,317397,45551,43817,77579,71279,21043,62,36
2021-10-08T23:59:59+02:00,3907,3588,25529,24542,34739,32075,34570,34545,39994,40339,43440,43525,28370,31598,20201,25313,6311,10670,22864,21909,32223,29363,32606,32230,37875,37901,41354,41444,27345,30414,19508,24366,6056,10121,339064,316850,45533,43802,77579,71278,21023,62,36
2021-10-07T23:59:59+02:00,3883,3544,25454,24461,34669,32004,34522,34506,39955,40299,43409,43498,28360,31586,20185,25303,6303,10660,22738,21766,32152,29277,32554,32152,37830,37854,41311,41402,27325,30396,19492,24352,6049,10109,338476,315977,45506,43776,77579,71277,20983,62,36
2021-10-06T23:59:59+02:00,3869,3525,25417,24417,34629,31965,34496,34475,39936,40282,43391,43481,28352,31577,20172,25284,6299,10648,22705,21724,32121,29240,32532,32121,37814,37830,41292,41387,27315,30386,19482,24340,6047,10105,338100,315637,45503,43773,77579,71277,20976,62,36
2021-10-05T23:59:59+02:00,3847,3506,25360,24357,34558,31890,34457,34436,39916,40247,43353,43457,28342,31565,20151,25264,6294,10618,22629,21608,32028,29148,32477,32058,37772,37788,41262,41358,27299,30376,19472,24330,6037,10095,337585,314940,45481,43747,77577,71275,20918,62,36
2021-10-04T23:59:59+02:00,3824,3484,25313,24315,34514,31859,34423,34405,39892,40229,43333,43438,28335,31556,20143,25246,6285,10605,22584,21562,31999,29099,32447,32034,37752,37770,41236,41342,27288,30360,19463,24321,6033,10085,337195,314589,45470,43732,77577,71272,20900,62,36
2021-10-03T23:59:59+02:00,3815,3482,25298,24309,34505,31854,34417,34399,39888,40220,43328,43434,28331,31554,20140,25236,6284,10598,22570,21551,31991,29089,32433,32025,37745,37764,41228,41339,27286,30355,19459,24315,6028,10079,337092,314464,45469,43731,77577,71272,20897,62,36
2021-10-02T23:59:59+02:00,3815,3482,25298,24308,34504,31854,34417,34399,39887,40220,43328,43434,28331,31554,20140,25236,6284,10598,22570,21551,31991,29089,32433,32025,37745,37764,41228,41339,27286,30355,19459,24315,6028,10079,337089,314463,45469,43731,77577,71272,20897,62,36
2021-10-01T23:59:59+02:00,3796,3464,25250,24241,34442,31785,34355,34359,39853,40196,43298,43416,28328,31548,20138,25234,6282,10595,22470,21462,31940,29019,32383,31983,37707,37716,41203,41322,27279,30350,19455,24310,6027,10077,336653,313901,45445,43704,77576,71270,20849,62,36
2021-09-30T23:59:59+02:00,3764,3422,25150,24126,34341,31707,34284,34300,39783,40138,43247,43375,28313,31529,20123,25222,6278,10582,22350,21344,31858,28915,32323,31912,37654,37668,41163,41296,27250,30338,19452,24297,6025,10072,335884,313107,45404,43679,77571,71270,20768,62,36
2021-09-29T23:59:59+02:00,3746,3402,25122,24082,34312,31679,34258,34274,39763,40116,43226,43358,28304,31521,20118,25216,6272,10575,22322,21313,31835,28895,32303,31888,37637,37651,41147,41284,27244,30326,19447,24288,6024,10068,335561,312858,45400,43675,77571,71270,20755,62,36
2021-09-28T23:59:59+02:00,3719,3371,25035,24011,34231,31612,34210,34225,39719,40077,43191,43328,28288,31502,20110,25204,6268,10566,22229,21239,31768,28822,32256,31841,37603,37608,41122,41259,27223,30311,19445,24279,6021,10066,335010,312354,45366,43645,77571,71269,20663,62,36
2021-09-27T23:59:59+02:00,3696,3347,24994,23985,34194,31572,34187,34195,39699,40043,43171,43307,28280,31492,20102,25199,6264,10558,22193,21207,31736,28782,32230,31820,37581,37590,41103,41246,27214,30306,19442,24275,6020,10062,334674,312088,45357,43629,77570,71269,20627,62,36
2021-09-26T23:59:59+02:00,3543,3243,24936,23950,34184,31564,34180,34192,39693,40036,43165,43301,28279,31490,20100,25198,6263,10557,22177,21188,31732,28775,32226,31816,37573,37583,41098,41240,27211,30302,19439,24273,6019,10061,334268,311983,45357,43628,77570,71268,20622,62,36
2021-09-25T23:59:59+02:00,3542,3243,24935,23950,34184,31564,34180,34192,39692,40035,43164,43301,28279,31489,20100,25198,6263,10557,22175,21185,31732,28775,32224,31815,37570,37581,41098,41240,27211,30301,19439,24273,6019,10061,334262,311968,45357,43628,77570,71268,20622,62,36
2021-09-24T23:59:59+02:00,3518,3211,24854,23874,34071,31484,34112,34129,39635,39988,43130,43275,28264,31478,20097,25192,6262,10555,22089,21096,31639,28711,32177,31777,37514,37543,41078,41218,27198,30290,19436,24270,6018,10061,333736,311511,45324,43615,77569,71267,20443,62,35
2021-09-23T23:59:59+02:00,3349,3060,24716,23724,33981,31393,34036,34070,39577,39936,43072,43231,28247,31464,20089,25180,6259,10553,21975,20994,31571,28633,32127,31721,37478,37509,41043,41184,27184,30271,19429,24254,6017,10058,332696,310894,45296,43597,77569,71265,20319,62,35
2021-09-22T23:59:59+02:00,3326,3035,24680,23672,33949,31360,34013,34033,39550,39920,43049,43207,28238,31455,20085,25169,6259,10548,21947,20964,31534,28595,32109,31693,37456,37494,41020,41173,27174,30265,19426,24250,6017,10057,332352,310632,45287,43593,77567,71264,20285,62,35
2021-09-21T23:59:59+02:00,3200,2902,24483,23516,33805,31260,33948,33950,39481,39872,43027,43165,28219,31435,20076,25163,6251,10541,21810,20826,31424,28490,32032,31616,37402,37445,40987,41139,27163,30253,19418,24235,6014,10052,331294,309855,45248,43565,77567,71263,20128,62,35
2021-09-20T23:59:59+02:00,3176,2880,24438,23469,33759,31220,33918,33917,39451,39841,43003,43140,28214,31425,20072,25157,6251,10537,21773,20785,31380,28443,32010,31580,37373,37427,40973,41130,27153,30246,19409,24229,6012,10045,330931,309555,45232,43558,77567,71261,20081,62,34
2021-09-19T23:59:59+02:00,3172,2878,24428,23463,33751,31212,33911,33910,39446,39826,42994,43139,28213,31424,20072,25155,6251,10537,21766,20780,31376,28435,32007,31579,37366,37419,40965,41129,27153,30246,19408,24228,6012,10045,330854,309502,45232,43557,77566,71261,20073,62,34
2021-09-18T23:59:59+02:00,3172,2878,24428,23463,33751,31212,33911,33910,39446,39826,42994,43139,28213,31424,20072,25155,6251,10537,21766,20780,31376,28433,32005,31579,37366,37419,40965,41129,27153,30246,19408,24227,6012,10045,330854,309497,45232,43557,77566,71261,20073,62,34
2021-09-17T23:59:59+02:00,3145,2840,24323,23349,33646,31112,33835,33842,39376,39772,42959,43112,28199,31416,20070,25149,6249,10535,21686,20703,31306,28371,31940,31532,37326,37386,40945,41115,27145,30231,19406,24220,6012,10044,330206,309048,45190,43537,77565,71261,19911,61,34
2021-09-16T23:59:59+02:00,3095,2792,24210,23217,33550,31003,33767,33737,39330,39712,42906,43063,28173,31395,20054,25138,6246,10527,21581,20606,31223,28299,31875,31467,37303,37331,40912,41077,27134,30211,19399,24212,6010,10043,329386,308451,45151,43528,77565,71255,19756,61,34
2021-09-15T23:59:59+02:00,3072,2779,24169,23169,33519,30959,33752,33706,39300,39684,42888,43045,28163,31384,20048,25132,6245,10525,21544,20563,31191,28252,31848,31444,37271,37297,40889,41051,27120,30202,19392,24204,6010,10039,329055,308091,45138,43527,77564,71253,19725,61,34
2021-09-14T23:59:59+02:00,3032,2747,24062,23027,33375,30818,33668,33622,39243,39633,42837,42995,28145,31368,20039,25124,6241,10520,21459,20481,31100,28162,31784,31382,37222,37255,40845,41025,27110,30182,19383,24196,6008,10036,328244,307567,45103,43520,77563,71249,19529,61,34
2021-09-13T23:59:59+02:00,3014,2728,24011,22974,33329,30758,33636,33572,39218,39602,42806,42971,28139,31355,20034,25122,6239,10516,21407,20434,31055,28111,31755,31350,37199,37235,40831,41003,27104,30176,19379,24192,6007,10035,327862,307267,45087,43507,77563,71248,19455,61,34
2021-09-12T23:59:59+02:00,3010,2721,24007,22966,33324,30754,33627,33566,39213,39599,42803,42969,28137,31353,20033,25121,6239,10515,21391,20425,31046,28093,31736,31342,37193,37228,40825,40997,27099,30175,19377,24189,6007,10033,327796,307145,45087,43507,77562,71247,19455,61,34
2021-09-11T23:59:59+02:00,3008,2720,24005,22964,33322,30753,33625,33565,39213,39597,42802,42969,28134,31351,20033,25121,6239,10515,21387,20424,31045,28090,31736,31342,37193,37227,40824,40996,27097,30175,19377,24189,6007,10033,327776,307129,45087,43507,77562,71247,19454,61,34
2021-09-10T23:59:59+02:00,2966,2678,23872,22836,33193,30637,33523,33490,39139,39513,42754,42929,28118,31334,20028,25113,6238,10513,21270,20321,30933,27997,31647,31289,37130,37185,40778,40963,27089,30165,19371,24179,6005,10032,327035,306587,45067,43488,77562,71246,19153,61,34
2021-09-09T23:59:59+02:00,2916,2639,23696,22687,33082,30507,33424,33389,39068,39441,42713,42882,28091,31316,20019,25107,6236,10511,21150,20190,30840,27900,31571,31194,37067,37129,40730,40915,27065,30149,19362,24170,6001,10029,326144,305835,45043,43469,77560,71243,18924,57,34
2021-09-08T23:59:59+02:00,2895,2608,23656,22638,33052,30468,33408,33361,39048,39419,42698,42867,28085,31307,20016,25102,6235,10511,21117,20158,30809,27884,31556,31169,37049,37106,40719,40901,27058,30143,19357,24165,6000,10028,325829,305605,45037,43465,77560,71242,18895,57,32
2021-09-07T23:59:59+02:00,2842,2553,23506,22493,32932,30360,33333,33275,38992,39355,42654,42833,28067,31290,20012,25097,6234,10508,20981,20024,30691,27798,31481,31103,37001,37054,40681,40872,27041,30118,19351,24154,5999,10026,325077,304953,45012,43443,77559,71237,18634,57,32
2021-09-06T23:59:59+02:00,2819,2538,23475,22449,32901,30327,33312,33255,38971,39342,42638,42818,28064,31286,20010,25095,6233,10505,20939,19981,30660,27771,31461,31078,36982,37035,40667,40860,27033,30110,19349,24145,5996,10024,324812,304652,44996,43435,77558,71236,18618,57,32
2021-09-05T23:59:59+02:00,2808,2535,23468,22443,32899,30322,33310,33250,38968,39339,42634,42812,28062,31282,20008,25094,6232,10504,20927,19974,30650,27765,31458,31074,36979,37033,40662,40857,27028,30108,19347,24141,5995,10024,324747,304578,44995,43435,77558,71236,18616,57,32
2021-09-04T23:59:59+02:00,2808,2535,23465,22442,32898,30322,33310,33249,38968,39338,42633,42811,28062,31282,20008,25094,6232,10504,20925,19974,30650,27765,31457,31073,36979,37033,40661,40857,27028,30108,19347,24141,5995,10024,324741,304571,44995,43435,77558,71236,18613,57,32
2021-09-03T23:59:59+02:00,2785,2501,23388,22365,32826,30251,33270,33206,38924,39309,42603,42798,28054,31269,20007,25092,6230,10503,20876,19916,30602,27726,31424,31038,36951,37008,40632,40845,27020,30100,19345,24139,5994,10024,324242,304228,44967,43427,77556,71228,18562,57,32
2021-09-02T23:59:59+02:00,2754,2469,23282,22268,32765,30160,33211,33151,38886,39276,42564,42765,28034,31257,20003,25078,6228,10500,20802,19855,30542,27663,31386,31007,36912,36971,40599,40816,27010,30088,19342,24128,5994,10024,323636,303801,44937,43409,77555,71223,18469,57,32
2021-09-01T23:59:59+02:00,2732,2455,23258,22231,32736,30128,33189,33125,38859,39255,42551,42749,28026,31250,19998,25076,6228,10500,20761,19811,30511,27635,31359,30982,36893,36955,40581,40800,27000,30079,19341,24122,5994,10024,323381,303523,44926,43402,77554,71222,18431,57,32
2021-08-31T23:59:59+02:00,2687,2412,23135,22126,32655,30028,33135,33067,38814,39213,42525,42724,28015,31244,19992,25072,6227,10496,20673,19717,30440,27575,31310,30939,36853,36923,40552,40775,26991,30067,19335,24117,5994,10022,322803,303106,44896,43387,77553,71215,18261,57,32
2021-08-30T23:59:59+02:00,2665,2388,23082,22083,32615,29986,33111,33030,38785,39193,42506,42706,28010,31237,19985,25063,6226,10492,20547,19616,30343,27480,31249,30888,36820,36895,40531,40741,26976,30052,19334,24108,5994,10020,322463,302393,44881,43378,77553,71210,18212,57,32
2021-08-29T23:59:59+02:00,2634,2358,22995,22020,32552,29929,33068,32999,38739,39157,42476,42685,28001,31230,19982,25058,6226,10491,20444,19548,30274,27430,31214,30854,36779,36866,40506,40723,26963,30041,19333,24103,5994,10020,322010,301965,44865,43355,77551,71200,18120,57,32
2021-08-28T23:59:59+02:00,2628,2356,22995,22020,32548,29929,33067,32999,38736,39156,42475,42685,28000,31230,19982,25058,6226,10491,20443,19547,30269,27429,31214,30851,36776,36864,40506,40723,26963,30041,19333,24103,5994,10020,321997,301954,44865,43354,77551,71200,18114,57,32
2021-08-27T23:59:59+02:00,2628,2356,22990,22016,32542,29929,33066,32996,38734,39154,42471,42685,27999,31230,19982,25058,6225,10491,20437,19545,30260,27428,31213,30849,36773,36863,40504,40723,26963,30041,19333,24102,5994,10020,321980,301939,44865,43354,77551,71197,18102,57,32
2021-08-26T23:59:59+02:00,2545,2272,22800,21810,32408,29787,32948,32889,38646,39065,42406,42616,27974,31197,19969,25040,6224,10485,20165,19275,30117,27261,31071,30723,36664,36768,40419,40649,26921,30000,19314,24078,5988,10018,320759,300424,44845,43330,77550,71181,17873,57,32
2021-08-25T23:59:59+02:00,2539,2264,22780,21785,32397,29766,32934,32874,38634,39051,42395,42610,27969,31194,19962,25034,6221,10483,20117,19231,30081,27231,31050,30687,36638,36736,40401,40633,26908,29987,19311,24070,5987,10017,320572,300061,44845,43330,77550,71180,17871,57,32
2021-08-24T23:59:59+02:00,2521,2253,22741,21743,32371,29721,32915,32841,38624,39031,42376,42596,27963,31183,19957,25026,6220,10482,20079,19189,30048,27190,31029,30652,36624,36715,40381,40615,26902,29977,19307,24067,5987,10013,320284,299772,44835,43325,77550,71175,17841,57,32
2021-08-23T23:59:59+02:00,2502,2221,22670,21670,32300,29664,32879,32810,38585,39000,42346,42583,27947,31174,19954,25015,6220,10480,19953,19067,29930,27110,30964,30605,36575,36672,40339,40586,26890,29963,19301,24057,5987,10007,319841,299036,44824,43300,77548,71167,17753,57,32
2021-08-22T23:59:59+02:00,2493,2212,22634,21638,32281,29646,32863,32802,38568,38984,42341,42574,27943,31169,19949,25015,6220,10479,19914,19029,29894,27077,30933,30569,36554,36656,40320,40564,26882,29959,19298,24054,5987,10005,319671,298746,44818,43297,77547,71158,17721,57,32
2021-08-21T23:59:59+02:00,2474,2199,22579,21588,32241,29609,32839,32778,38554,38961,42324,42564,27936,31161,19947,25012,6220,10478,19812,18930,29822,27019,30899,30525,36519,36614,40296,40543,26871,29950,19293,24050,5985,10005,319425,298237,44805,43282,77545,71152,17635,57,32
2021-08-20T23:59:59+02:00,2436,2157,22490,21481,32164,29526,32776,32730,38504,38921,42282,42536,27929,31147,19943,24997,6219,10474,19638,18803,29696,26916,30824,30465,36456,36568,40250,40505,26856,29931,19284,24041,5984,10001,318838,297421,44782,43256,77542,71134,17496,57,32
2021-08-19T23:59:59+02:00,2346,2089,22328,21344,32026,29402,32687,32647,38403,38843,42212,42482,27903,31114,19936,24985,6214,10465,19379,18596,29484,26766,30704,30355,36337,36473,40148,40420,26828,29901,19273,24025,5980,9996,317903,296148,44762,43226,77542,71109,17165,57,32
2021-08-18T23:59:59+02:00,2336,2080,22302,21322,32004,29381,32665,32624,38375,38825,42199,42466,27888,31104,19930,24980,6214,10463,19324,18536,29444,26732,30678,30324,36309,36452,40124,40389,26811,29890,19269,24013,5975,9992,317642,295713,44762,43226,77542,71107,17158,57,32
2021-08-17T23:59:59+02:00,2319,2064,22277,21294,31988,29351,32639,32599,38362,38813,42175,42447,27882,31091,19924,24975,6214,10463,19281,18485,29413,26693,30633,30297,36281,36417,40096,40365,26789,29875,19262,23996,5971,9988,317395,295310,44762,43223,77542,71103,17124,57,32
2021-08-16T23:59:59+02:00,2280,2047,22211,21251,31947,29307,32616,32578,38338,38792,42143,42430,27873,31084,19922,24965,6214,10462,19072,18340,29267,26579,30556,30208,36233,36365,40059,40323,26769,29859,19255,23977,5965,9986,317047,294307,44762,43217,77540,71101,17057,57,32
2021-08-15T23:59:59+02:00,2253,2024,22157,21194,31899,29267,32592,32545,38310,38773,42122,42416,27866,31079,19916,24958,6213,10462,18953,18223,29108,26451,30476,30125,36165,36314,40004,40266,26750,29835,19245,23968,5962,9985,316712,293380,44753,43200,77539,71093,16988,57,32
2021-08-14T23:59:59+02:00,2247,2021,22131,21178,31887,29251,32588,32539,38302,38768,42116,42413,27865,31078,19915,24957,6213,10461,18840,18129,29045,26387,30436,30077,36141,36283,39983,40251,26742,29829,19242,23967,5961,9982,316623,292835,44750,43180,77539,71089,16964,57,32
2021-08-13T23:59:59+02:00,2230,2010,22085,21140,31850,29227,32551,32511,38287,38754,42106,42403,27863,31073,19912,24954,6212,10461,18584,17868,28865,26227,30320,29985,36089,36214,39938,40215,26726,29817,19237,23958,5958,9978,316387,291463,44745,43164,77537,71079,16906,57,32
2021-08-12T23:59:59+02:00,2194,1972,21997,21044,31779,29150,32494,32461,38240,38711,42069,42369,27847,31054,19905,24944,6210,10461,18277,17553,28613,25999,30176,29856,35995,36121,39862,40147,26690,29770,19217,23935,5956,9975,315811,289711,44734,43111,77534,71032,16768,57,32
2021-08-11T23:59:59+02:00,2192,1967,21977,21028,31761,29129,32479,32445,38232,38702,42058,42353,27838,31051,19902,24940,6209,10457,18222,17497,28577,25954,30128,29817,35974,36083,39826,40114,26678,29743,19210,23925,5956,9973,315631,289232,44734,43108,77534,71029,16767,57,32
2021-08-10T23:59:59+02:00,2183,1946,21949,20991,31723,29107,32463,32425,38205,38675,42040,42344,27832,31043,19901,24937,6208,10453,17701,17043,28401,25795,30034,29727,35805,35960,39776,40071,26654,29720,19203,23909,5952,9972,315382,287527,44729,43079,77532,70779,16730,55,32
2021-08-09T23:59:59+02:00,2159,1932,21898,20940,31666,29060,32429,32395,38180,38655,42026,42320,27821,31034,19900,24928,6207,10451,17228,16582,28269,25688,29979,29673,35758,35915,39742,40036,26645,29706,19198,23903,5952,9970,315006,286041,44723,43059,77532,70766,16688,55,32
2021-08-08T23:59:59+02:00,2143,1914,21844,20896,31621,29023,32394,32369,38156,38647,42004,42299,27814,31030,19894,24924,6207,10448,16883,16241,28158,25605,29922,29600,35710,35877,39720,40010,26633,29693,19189,23894,5950,9965,314688,284803,44722,43038,77531,70758,16634,55,32
2021-08-07T23:59:59+02:00,2099,1871,21708,20814,31538,28955,32320,32308,38099,38597,41971,42270,27805,31003,19889,24915,6205,10446,16371,15788,27854,25315,29693,29413,35530,35720,39580,39898,26577,29629,19170,23865,5947,9961,314057,282148,44689,42916,77525,70669,16490,55,32
2021-08-06T23:59:59+02:00,2089,1861,21657,20775,31497,28923,32288,32289,38073,38577,41959,42254,27801,30994,19885,24915,6205,10446,15344,14808,26700,24418,29403,29182,35281,35520,39265,39658,26535,29583,19160,23855,5946,9958,313828,277143,44685,42894,77525,69866,16398,55,32
2021-08-05T23:59:59+02:00,2050,1832,21549,20688,31438,28845,32227,32230,38014,38526,41914,42216,27784,30975,19876,24902,6203,10443,14451,14062,25676,23635,28688,28666,34750,35084,38947,39412,26468,29503,19127,23821,5943,9948,313266,272244,44662,42843,77524,68366,16208,55,32
2021-08-04T23:59:59+02:00,2030,1813,21477,20637,31394,28773,32193,32187,37977,38504,41879,42187,27771,30959,19871,24889,6201,10439,14080,13720,25268,23327,28475,28439,34607,34958,38849,39319,26429,29458,19105,23798,5938,9943,312812,269794,44655,42813,77524,68324,16138,55,32
2021-08-03T23:59:59+02:00,2021,1797,21450,20611,31378,28759,32180,32177,37967,38490,41863,42174,27762,30953,19866,24882,6200,10437,13996,13628,25189,23250,28407,28382,34559,34911,38797,39280,26402,29431,19093,23786,5935,9937,312608,269063,44651,42810,77522,68298,16134,55,32
2021-08-02T23:59:59+02:00,2011,1776,21405,20572,31332,28737,32153,32146,37941,38475,41850,42159,27753,30941,19866,24874,6199,10433,13793,13418,24482,22701,28123,28159,34410,34799,38719,39217,26375,29399,19085,23782,5935,9935,312318,266644,44648,42796,77522,68070,16083,55,32
2021-08-01T23:59:59+02:00,1991,1759,21352,20525,31283,28698,32126,32127,37922,38456,41829,42142,27747,30934,19863,24866,6199,10433,13622,13256,24182,22446,27884,27941,34319,34691,38651,39146,26359,29380,19079,23776,5935,9933,312015,264942,44642,42784,77521,68047,16022,55,32
2021-07-31T23:59:59+02:00,1966,1729,21272,20448,31212,28659,32070,32087,37887,38427,41805,42121,27743,30926,19858,24862,6199,10433,12677,12230,23663,22004,27538,27584,34008,34395,38216,38802,26288,29295,19053,23731,5930,9927,311594,259903,44630,42748,77519,67475,15908,55,32
2021-07-30T23:59:59+02:00,1941,1709,21250,20427,31180,28640,32055,32069,37881,38420,41797,42113,27738,30923,19857,24862,6198,10433,12590,12157,23336,21714,27258,27372,33789,34231,38054,38667,26264,29277,19052,23723,5930,9925,311411,258478,44629,42740,77519,66918,15881,55,32
2021-07-29T23:59:59+02:00,1872,1640,21018,20189,31038,28491,31952,31957,37788,38330,41702,42052,27710,30898,19844,24843,6191,10424,11961,11623,22204,20873,26215,26532,32805,33538,37670,38375,26181,29176,19023,23676,5924,9916,310195,252855,44600,42650,77511,65159,15580,55,32
2021-07-28T23:59:59+02:00,1852,1625,20978,20136,31019,28461,31936,31936,37766,38311,41679,42031,27699,30886,19839,24833,6191,10422,11681,11321,21793,20490,25783,26106,32640,33382,37558,38283,26144,29125,19004,23653,5923,9911,309874,249931,44600,42650,77499,65098,15575,54,32
2021-07-27T23:59:59+02:00,1842,1619,20938,20093,30995,28428,31902,31920,37745,38277,41655,42018,27692,30879,19838,24828,6191,10419,11435,11105,21590,20301,25640,25986,32527,33275,37469,38200,26113,29087,18994,23641,5920,9907,309636,248451,44600,42616,77498,65026,15493,54,31
2021-07-26T23:59:59+02:00,1816,1583,20811,19962,30887,28327,31843,31855,37689,38209,41613,41987,27666,30861,19827,24814,6185,10416,11142,10780,21082,19858,25390,25777,32365,33124,37338,38112,26077,29053,18981,23618,5919,9899,308869,246155,44568,42502,77491,64821,15371,54,31
2021-07-25T23:59:59+02:00,1809,1575,20788,19950,30876,28317,31831,31840,37681,38203,41603,41977,27662,30858,19826,24812,6185,10415,11037,10673,20932,19751,25156,25582,32125,32914,37194,37979,26059,29039,18975,23610,5918,9896,308751,244892,44559,42487,77482,64407,15364,54,31
2021-07-24T23:59:59+02:00,1789,1560,20706,19875,30832,28277,31796,31804,37652,38174,41581,41965,27655,30852,19823,24810,6185,10415,10974,10618,20857,19689,25084,25521,32072,32883,37164,37958,26053,29034,18973,23608,5918,9896,308399,244523,44548,42464,77478,64340,15274,54,31
2021-07-23T23:59:59+02:00,1734,1525,20513,19729,30671,28163,31708,31730,37585,38122,41542,41922,27644,30835,19818,24804,6184,10410,10715,10414,20499,19389,24275,24876,31589,32551,36596,37501,26010,28992,18957,23590,5917,9894,307567,241658,44539,42416,77461,62948,15019,54,31
2021-07-22T23:59:59+02:00,1670,1468,20202,19455,30430,27981,31578,31616,37455,38015,41445,41839,27617,30811,19807,24780,6180,10409,10252,10035,19754,18875,23320,24205,30879,31963,35561,36739,25899,28893,18923,23557,5915,9890,306087,238045,44503,41750,77456,60418,14659,54,31
2021-07-21T23:59:59+02:00,1655,1460,20164,19403,30400,27950,31554,31593,37435,37990,41424,41815,27608,30803,19802,24774,6175,10405,9942,9701,19291,18422,22444,23438,30544,31630,35326,36541,25816,28796,18892,23504,5907,9880,305758,235295,44494,40057,77454,60245,14651,54,30
2021-07-20T23:59:59+02:00,1648,1454,20131,19376,30370,27926,31529,31573,37419,37972,41412,41802,27593,30788,19802,24767,6175,10402,9674,9423,18958,18155,22171,23154,30367,31473,35161,36397,25770,28749,18876,23468,5906,9876,305501,232897,44492,40049,77453,60144,14640,54,30
2021-07-19T23:59:59+02:00,1637,1446,20017,19290,30286,27854,31470,31518,37400,37953,41397,41784,27588,30777,19796,24760,6174,10399,9477,9227,18646,17881,21709,22733,30113,31242,35042,36294,25736,28710,18858,23452,5906,9873,304924,231269,44486,39110,77451,60029,14632,54,30
2021-07-18T23:59:59+02:00,1626,1440,19948,19223,30157,27755,31405,31452,37338,37901,41353,41732,27567,30746,19787,24745,6170,10396,9368,9112,18478,17730,21518,22544,29943,31044,34927,36193,25704,28687,18847,23434,5906,9867,304130,230011,44486,38807,77449,59988,14623,54,30
2021-07-17T23:59:59+02:00,1625,1436,19941,19221,30157,27754,31405,31448,37333,37899,41349,41730,27566,30745,19786,24745,6170,10396,9348,9097,18447,17708,21499,22531,29933,31037,34909,36189,25701,28685,18847,23433,5906,9867,304099,229860,44486,38804,77449,59977,14619,54,30
2021-07-16T23:59:59+02:00,1572,1391,19666,18975,30036,27659,31323,31378,37277,37836,41308,41698,27547,30728,19779,24735,6168,10390,9230,8982,18067,17404,21196,22258,29543,30680,34774,36082,25677,28661,18840,23420,5904,9865,303110,228583,44463,38082,77448,59647,14392,54,29
2021-07-15T23:59:59+02:00,1514,1348,19406,18728,29861,27512,31213,31279,37193,37753,41238,41631,27504,30698,19763,24722,6164,10387,8867,8680,17158,16578,19647,21029,28622,29758,34151,35502,25509,28479,18784,23370,5898,9853,301833,222470,44422,36623,77440,58726,14166,54,29
2021-07-14T23:59:59+02:00,1500,1335,19376,18691,29835,27486,31188,31247,37181,37739,41219,41624,27495,30691,19754,24715,6163,10384,8578,8383,16608,15976,19154,20509,28058,29258,33760,35126,25396,28350,18744,23303,5893,9842,301549,218300,44421,36266,77437,58296,14163,54,29
2021-07-13T23:59:59+02:00,1489,1324,19339,18667,29818,27461,31164,31231,37166,37712,41195,41596,27486,30677,19752,24710,6162,10378,8270,8121,16212,15628,18877,20230,27796,29008,33489,34868,25297,28229,18711,23262,5891,9837,301264,215601,44420,36231,77436,57803,14154,54,29
2021-07-12T23:59:59+02:00,1473,1314,19290,18649,29782,27432,31147,31210,37154,37695,41179,41583,27482,30673,19750,24704,6161,10378,8009,7909,15932,15351,18177,19680,27480,28686,33076,34506,25129,28032,18652,23188,5885,9832,301003,214316,44419,34297,77436,56823,14145,54,29
2021-07-11T23:59:59+02:00,1463,1306,19258,18618,29754,27400,31130,31179,37146,37674,41165,41571,27473,30664,19748,24704,6160,10377,7965,7862,15866,15281,18087,19626,27395,28623,32962,34443,25074,27987,18632,23166,5885,9829,300750,213737,44416,34286,77434,56577,14137,54,29
2021-07-10T23:59:59+02:00,1334,1190,18752,18199,29304,27099,30846,30945,36897,37514,40961,41421,27399,30604,19722,24672,6157,10374,7835,7793,15578,15143,17869,19475,27152,28481,32795,34327,25008,27941,18616,23153,5884,9829,298535,213316,44278,34163,77406,56335,13118,54,29
2021-07-09T23:59:59+02:00,1323,1184,18724,18168,29282,27082,30833,30932,36886,37502,40950,41412,27395,30600,19720,24668,6157,10373,7793,7747,15508,15076,17804,19381,26931,28251,32545,34114,24944,27878,18594,23127,5884,9826,298387,213031,44259,34160,77405,55173,13087,54,29
2021-07-08T23:59:59+02:00,1245,1102,18455,17952,29131,26930,30694,30811,36783,37399,40851,41334,27361,30566,19701,24648,6152,10367,7623,7609,15209,14828,17372,19021,26239,27647,32270,33847,24775,27721,18535,23065,5881,9818,297113,211890,44202,32738,77397,54154,12717,54,29
2021-07-07T23:59:59+02:00,1146,1010,18144,17629,28930,26744,30563,30686,36671,37278,40744,41247,27327,30517,19687,24632,6149,10364,7426,7398,14769,14462,16906,18577,25485,27035,31861,33465,24507,27395,18441,22972,5872,9809,295537,208971,44151,31903,77386,53193,12341,54,29
2021-07-06T23:59:59+02:00,1123,993,18067,17560,28884,26694,30513,30639,36635,37243,40709,41216,27310,30491,19676,24618,6147,10361,7209,7167,14424,14100,16555,18227,24733,26388,31560,33201,24316,27180,18393,22901,5865,9802,294958,206905,44147,30496,77383,52297,12338,54,29
2021-07-05T23:59:59+02:00,1081,965,17991,17496,28841,26636,30473,30604,36610,37198,40681,41190,27304,30477,19670,24612,6147,10356,6980,6981,14120,13829,16204,17864,24176,25877,30988,32634,24036,26882,18285,22761,5857,9792,294467,205411,44145,28395,77379,51164,12288,54,29
2021-07-04T23:59:59+02:00,1059,949,17919,17445,28803,26614,30450,30575,36600,37189,40666,41178,27298,30466,19665,24609,6147,10355,6955,6962,14068,13779,16127,17804,24092,25820,30833,32542,23943,26793,18253,22720,5855,9788,294148,205017,44145,28385,77368,50651,12273,54,29
2021-07-03T23:59:59+02:00,645,579,16179,15724,27638,25697,29654,29854,35957,36575,40163,40747,27140,30299,19599,24521,6138,10338,6567,6720,13556,13481,15729,17500,23728,25541,30528,32346,23847,26697,18220,22680,5851,9784,286626,204721,44106,28309,77284,50359,9378,54,29
2021-07-02T23:59:59+02:00,606,540,16049,15578,27480,25549,29574,29795,35926,36548,40144,40734,27134,30290,19596,24518,6138,10338,6520,6646,13482,13384,15642,17368,23584,25358,30374,32181,23655,26486,18131,22602,5849,9781,285723,204038,44106,28150,77283,49475,9372,54,29
2021-07-01T23:59:59+02:00,548,492,15870,15424,27268,25394,29495,29716,35872,36497,40079,40688,27113,30271,19585,24505,6136,10334,6377,6515,13135,13110,15111,16929,22313,24368,29613,31497,23374,26198,18012,22467,5842,9765,284533,200497,44102,26473,77270,48320,9329,54,27
2021-06-30T23:59:59+02:00,518,472,15765,15316,27156,25308,29427,29643,35815,36445,40037,40653,27098,30240,19574,24488,6132,10334,6181,6333,12703,12723,14541,16381,21688,23769,29019,30966,22955,25732,17881,22284,5835,9753,283704,196232,44099,26448,77264,46753,9301,54,27
2021-06-29T23:59:59+02:00,462,422,15009,14647,26889,25084,29330,29544,35735,36364,39968,40605,27079,30215,19566,24475,6132,10332,6068,6207,12444,12462,14146,15985,20897,23144,28433,30412,22507,25208,17728,22109,5827,9743,281199,193082,44096,25937,77255,45034,9255,54,27
2021-06-28T23:59:59+02:00,426,391,14381,14003,26731,24979,29258,29478,35675,36298,39925,40571,27061,30195,19558,24464,6132,10328,6001,6110,12265,12322,13959,15809,20272,22593,28033,30037,22171,24851,17599,21946,5822,9738,279257,191399,44093,25273,77250,43642,9201,54,27
2021-06-27T23:59:59+02:00,349,324,14037,13631,26668,24921,29220,29442,35653,36276,39906,40557,27050,30188,19555,24460,6131,10327,5963,6067,12149,12205,13813,15680,19718,22115,27423,29535,21894,24512,17478,21822,5818,9737,278147,190559,44089,23746,77239,42444,9167,54,27
2021-06-26T23:59:59+02:00,348,323,14026,13619,26653,24910,29214,29435,35646,36275,39903,40556,27049,30187,19555,24460,6131,10327,5958,6064,12139,12203,13807,15677,19705,22103,27378,29500,21747,24382,17438,21766,5817,9735,278073,190535,44086,23742,77239,41963,9166,54,27
2021-06-25T23:59:59+02:00,224,210,12766,12401,25186,23759,28915,29202,35540,36190,39835,40494,27025,30160,19544,24448,6129,10325,5915,6017,12040,12121,13663,15556,19394,21864,26992,29141,21425,23988,17260,21569,5814,9726,271839,189307,44082,23457,77219,40548,9160,54,27
2021-06-24T23:59:59+02:00,159,156,11791,11569,24071,22879,28552,28848,35391,36023,39718,40388,26986,30111,19533,24424,6127,10321,5697,5786,11584,11706,13082,14964,17853,20464,25339,27544,20651,23128,16941,21162,5804,9716,266593,184313,44060,19834,77215,38134,9126,54,27
2021-06-23T23:59:59+02:00,123,130,11426,11248,23574,22506,28303,28605,35214,35895,39628,40299,26955,30084,19524,24386,6125,10309,5623,5675,11372,11491,12782,14614,17459,20054,24589,26774,19855,22378,16748,20908,5796,9700,263972,181960,44052,19214,77210,35583,9047,54,27
2021-06-22T23:59:59+02:00,102,117,11244,11038,23413,22366,28222,28532,35138,35833,39581,40253,26940,30059,19516,24377,6125,10308,5513,5554,11104,11231,12415,14244,16856,19453,23855,26006,19475,21953,16585,20729,5789,9684,262824,178921,44049,18341,77208,34137,9030,54,27
2021-06-21T23:59:59+02:00,90,105,10993,10855,22580,21702,27969,28303,35070,35770,39518,40210,26923,30040,19510,24367,6125,10307,5395,5454,10886,11016,12107,13921,16466,19107,23405,25538,19183,21638,16480,20609,5783,9682,260237,177458,44038,17326,77201,32960,8908,54,27
2021-06-20T23:59:59+02:00,84,104,10928,10764,22331,21487,27710,28102,34990,35693,39473,40166,26911,30024,19508,24362,6123,10304,5354,5401,10799,10914,12012,13818,16269,18922,23135,25297,19082,21531,16427,20551,5777,9678,258947,177145,44037,16262,77195,32710,8831,54,27
2021-06-19T23:59:59+02:00,83,100,10905,10741,22299,21464,27692,28089,34978,35689,39464,40162,26910,30023,19508,24360,6123,10304,5323,5369,10717,10823,11920,13698,16121,18771,22827,24935,18994,21444,16415,20538,5776,9678,258797,177039,44017,14763,77195,32697,8831,54,27
2021-06-18T23:59:59+02:00,80,98,10857,10692,21982,21139,27430,27871,34924,35652,39432,40139,26901,30014,19507,24357,6123,10302,5308,5360,10688,10792,11880,13649,16059,18708,22743,24839,18828,21262,16370,20472,5775,9673,257408,176643,44013,14762,77194,32151,8831,54,27
2021-06-17T23:59:59+02:00,71,90,10276,10262,20704,20181,26568,27136,34553,35327,39173,39948,26837,29932,19486,24320,6116,10297,5111,5220,10312,10539,11435,13247,15377,18096,21373,23520,18370,20771,16206,20299,5771,9659,251624,171334,43993,14187,77181,31341,8425,54,27
2021-06-16T23:59:59+02:00,63,78,9939,9954,20019,19548,25935,26535,34302,35124,39012,39798,26791,29879,19462,24295,6115,10293,4967,5076,9923,10206,10975,12795,14673,17406,20520,22581,17966,20324,16035,20086,5761,9647,247784,167546,43977,12916,77167,30300,8160,54,27
2021-06-15T23:59:59+02:00,48,72,9698,9710,19720,19302,25710,26337,34170,35017,38916,39717,26759,29843,19455,24280,6110,10289,4863,4961,9683,9990,10740,12535,14248,16978,19918,22002,17642,19932,15813,19854,5752,9635,246009,165450,43967,11826,77160,29289,7963,54,26
2021-06-14T23:59:59+02:00,44,67,9566,9584,19419,19043,25532,26194,34050,34937,38852,39677,26741,29823,19449,24269,6110,10286,4782,4898,9493,9852,10565,12399,13985,16760,19602,21707,17476,19774,15711,19720,5751,9631,244805,163986,43965,11824,77156,28615,7663,54,26
2021-06-13T23:59:59+02:00,43,63,9406,9456,19129,18859,25176,25940,33851,34769,38744,39610,26725,29811,19439,24261,6110,10282,4699,4829,9282,9679,10396,12222,13659,16413,19253,21376,17347,19625,15664,19655,5749,9629,243158,163120,43965,11823,77151,27169,7346,54,26
2021-06-12T23:59:59+02:00,43,63,9397,9438,19117,18846,25176,25935,33851,34766,38741,39609,26725,29811,19439,24261,6110,10282,4696,4815,9270,9617,10363,12120,13610,16259,19198,21240,17238,19499,15547,19553,5747,9627,243110,163090,43965,11821,77146,26134,7335,54,26
2021-06-11T23:59:59+02:00,38,59,9238,9257,18884,18636,24373,25262,33673,34610,38606,39496,26692,29777,19428,24237,6110,10277,4618,4705,9049,9358,10103,11822,13088,15707,18221,20340,17052,19301,15507,19509,5744,9624,240190,159059,43963,11820,77141,25545,7305,54,26
2021-06-10T23:59:59+02:00,36,55,8844,8927,18236,18140,23524,24590,33354,34329,38403,39331,26633,29723,19404,24209,6107,10270,4443,4528,8475,8863,9293,11100,11937,14600,16218,18418,16162,18333,15221,19142,5735,9602,236569,149349,43309,11787,77115,23845,7070,52,26
2021-06-09T23:59:59+02:00,19,37,8392,8426,17401,17415,22372,23546,32868,33860,38116,39110,26524,29618,19356,24150,6097,10257,4306,4411,8184,8600,9048,10846,11602,14231,15734,17869,15786,17901,14979,18857,5728,9592,232566,147510,41414,11746,77074,21925,6474,36,26
2021-06-08T23:59:59+02:00,11,25,8072,8107,16931,17004,21950,23180,32624,33665,37953,38980,26480,29577,19346,24128,6094,10252,4187,4329,7930,8349,8742,10501,11242,13884,15092,17164,15323,17377,14717,18578,5723,9574,229838,145798,41383,10629,77064,20208,6058,36,26
2021-06-07T23:59:59+02:00,8,21,7875,7877,16573,16681,21411,22722,32342,33395,37835,38863,26451,29529,19326,24099,6089,10251,4111,4249,7749,8206,8583,10355,11071,13711,14777,16836,15123,17121,14543,18385,5719,9569,228217,144711,40411,10536,77044,19202,5640,36,26
2021-06-06T23:59:59+02:00,6,18,7768,7768,16439,16534,21215,22515,32113,33170,37699,38757,26424,29504,19314,24082,6089,10245,4083,4213,7701,8086,8529,10223,10963,13564,14580,16615,14937,16941,14454,18264,5712,9563,226981,144221,40111,10523,77026,18159,5506,36,26
2021-06-05T23:59:59+02:00,6,18,7746,7754,16413,16510,21207,22512,32102,33163,37697,38756,26423,29504,19313,24081,6089,10245,4073,4173,7686,8021,8515,10091,10949,13392,14561,16510,14902,16886,14445,18254,5712,9562,226875,144139,40111,10523,77025,17559,5492,36,26
2021-06-04T23:59:59+02:00,6,16,7635,7652,16134,16271,20933,22262,31679,32788,37582,38634,26390,29465,19302,24068,6087,10243,4066,4163,7658,7998,8488,10060,10882,13319,14456,16377,14820,16793,14408,18210,5712,9560,225276,143800,39337,10193,77006,17466,5492,36,26
2021-06-03T23:59:59+02:00,4,16,7380,7423,15257,15480,19301,20871,30767,31861,37078,38172,26258,29329,19257,24017,6081,10225,4006,4124,7570,7927,8365,9963,10710,13136,13884,15804,14555,16476,14322,18103,5709,9547,218645,141571,37758,10073,76994,17194,5344,36,26
2021-06-02T23:59:59+02:00,4,16,7246,7279,14879,15055,18870,20466,30300,31405,36850,37908,26194,29265,19237,23988,6078,10223,3977,4095,7508,7841,8277,9868,10570,13005,13435,15371,14430,16293,14292,18065,5706,9542,215567,139776,37327,9979,76993,17161,5340,36,26
2021-06-01T23:59:59+02:00,4,13,6972,7035,14481,14745,18526,20149,29973,31093,36626,37675,26138,29185,19213,23959,6076,10212,3876,4011,7267,7665,8043,9675,10306,12729,13027,14946,13995,15839,14176,17910,5699,9534,212821,137638,37283,9725,76972,16353,4963,36,26
2021-05-31T23:59:59+02:00,4,13,6810,6849,14259,14511,17825,19548,29631,30750,36332,37411,26045,29087,19186,23906,6066,10200,3799,3901,7057,7418,7819,9392,9962,12345,12588,14425,13466,15224,13975,17679,5691,9519,211381,134450,35244,9404,76957,15572,4815,36,26
2021-05-30T23:59:59+02:00,4,13,6787,6833,14214,14470,17747,19489,29581,30711,36300,37385,26033,29075,19183,23899,6065,10198,3755,3829,6899,7203,7672,9156,9755,12023,12332,14070,13345,15053,13909,17596,5688,9512,211082,133712,35231,9302,76899,14025,4739,36,26
2021-05-29T23:59:59+02:00,4,13,6785,6832,14205,14464,17742,19483,29576,30707,36297,37384,26031,29072,19183,23898,6065,10198,3745,3817,6869,7170,7638,9105,9719,11976,12258,13971,13303,14984,13879,17571,5687,9507,211050,133570,35231,9301,76884,13571,4738,36,26
2021-05-28T23:59:59+02:00,4,13,6775,6819,14188,14452,17726,19461,29563,30694,36286,37364,26028,29067,19181,23894,6065,10198,3731,3794,6848,7130,7603,9050,9667,11871,12015,13701,13112,14793,13849,17530,5684,9504,210894,132273,35230,9300,76881,13552,4737,36,26
2021-05-27T23:59:59+02:00,4,13,6684,6738,13919,14232,17237,19115,28882,30150,36125,37231,25978,29031,19166,23878,6064,10192,3607,3632,6560,6878,7227,8741,9169,11313,11306,12804,12558,14222,13719,17336,5676,9492,209802,128747,33785,8972,76839,12324,4177,36,26
2021-05-26T23:59:59+02:00,4,13,6614,6631,13709,14030,16984,18805,28338,29637,35949,37055,25937,28981,19149,23849,6063,10185,3516,3490,6337,6589,6938,8313,8827,10835,10652,12003,11993,13606,13572,17120,5671,9470,208189,125124,33035,8788,76824,11153,3849,36,24
2021-05-25T23:59:59+02:00,4,13,6533,6536,13502,13810,16720,18592,27614,28989,35856,36958,25913,28950,19137,23833,6058,10184,3467,3397,6193,6419,6791,8122,8601,10544,10304,11637,11649,13128,13467,16957,5668,9462,207470,123277,31579,8650,76341,10084,3777,35,24
2021-05-24T23:59:59+02:00,4,13,6463,6440,13324,13610,16497,18312,27198,28558,35510,36557,25856,28882,19118,23809,6057,10182,3454,3376,6134,6338,6746,8038,8541,10449,10231,11539,11474,12895,13419,16865,5660,9441,206938,122648,29345,8602,76334,9594,3738,35,24
2021-05-23T23:59:59+02:00,4,13,6461,6439,13319,13602,16494,18302,27179,28548,35480,36523,25853,28875,19118,23803,6057,10182,3449,3372,6128,6328,6736,8031,8513,10418,10191,11480,11391,12794,13399,16833,5660,9440,206824,122634,29328,8189,76333,9587,3732,35,24
2021-05-22T23:59:59+02:00,4,13,6454,6435,13311,13590,16488,18297,27175,28546,35477,36517,25853,28875,19118,23803,6057,10182,3447,3372,6124,6325,6734,8027,8509,10416,10186,11477,11380,12780,13394,16829,5659,9440,206769,122594,29328,8189,76331,9563,3732,35,24
2021-05-21T23:59:59+02:00,4,13,6392,6376,13158,13484,16313,18148,26905,28368,35046,36251,25827,28837,19110,23797,6056,10178,3438,3362,6091,6304,6704,7993,8469,10367,10132,11428,10860,12067,13253,16669,5656,9435,206080,120832,29203,8186,75285,9529,3660,35,24
2021-05-20T23:59:59+02:00,3,12,6097,6174,12546,13069,15120,17226,24992,26868,34090,35483,25722,28693,19055,23715,6050,10163,3379,3316,5994,6188,6589,7836,8320,10203,9893,11120,10521,11611,13140,16485,5646,9421,201308,118823,27459,8103,72746,9184,3531,34,24
2021-05-19T23:59:59+02:00,3,12,5890,5932,12032,12609,14414,16520,24045,26051,33463,34880,25608,28601,19020,23655,6042,10151,3302,3242,5833,6019,6399,7591,8046,9922,9589,10739,10208,11195,13061,16340,5644,9413,195600,116904,27418,7907,72730,8565,3146,34,24
2021-05-18T23:59:59+02:00,3,11,5720,5821,11634,12291,13792,16018,22889,25102,32796,34273,25492,28465,18972,23602,6037,10141,3260,3211,5717,5907,6232,7431,7840,9706,9390,10499,10033,10944,12915,16116,5634,9404,190650,115739,26907,7839,72686,7858,2782,34,24
2021-05-17T23:59:59+02:00,3,10,5667,5777,11470,12185,13519,15796,22071,24464,32486,33957,25413,28405,18950,23572,6028,10132,3143,3137,5525,5723,6058,7215,7631,9478,9165,10254,9940,10819,12857,16052,5631,9399,188879,114976,26204,7831,72291,6702,2497,34,24
2021-05-16T23:59:59+02:00,3,10,5639,5757,11408,12127,13434,15716,21456,23913,31873,33428,25373,28361,18940,23557,6027,10132,3138,3115,5511,5654,6030,7155,7603,9379,9134,10170,9924,10800,12854,16049,5631,9399,188111,114865,24658,7825,71866,6351,2485,34,23
2021-05-15T23:59:59+02:00,3,10,5630,5748,11375,12118,13405,15707,21380,23842,31333,33053,25362,28356,18939,23554,6026,10131,3125,3100,5492,5612,6016,7080,7563,9264,8896,9915,9891,10769,12820,15998,5631,9398,188060,114860,24645,7687,71219,5989,2014,34,23
2021-05-14T23:59:59+02:00,3,10,5591,5722,11313,12078,13332,15643,20969,23531,30901,32706,25327,28310,18927,23538,6026,10129,3093,3060,5455,5523,5995,6944,7522,9062,8835,9720,9818,10659,12734,15869,5631,9395,187337,114689,24324,7352,70348,5241,2013,34,23
2021-05-13T23:59:59+02:00,3,10,5436,5566,10931,11782,12618,15055,18780,21784,29355,31237,25100,28067,18859,23466,6024,10126,3082,3025,5432,5484,5979,6887,7496,8992,8791,9660,9600,10415,12531,15563,5626,9384,183377,114330,20530,6525,68260,5074,1998,34,23
2021-05-12T23:59:59+02:00,2,10,5406,5539,10861,11724,12517,14967,18657,21660,28992,30872,25007,27972,18842,23437,6023,10121,3081,3021,5426,5478,5969,6874,7471,8977,8752,9606,9411,10182,12298,15239,5623,9377,182428,114046,19893,5654,68257,5069,1997,34,22
2021-05-11T23:59:59+02:00,2,10,5269,5434,10611,11471,12150,14599,18047,21020,28060,29900,24815,27782,18782,23361,6018,10107,3038,2980,5336,5323,5869,6688,7341,8734,8589,9384,9229,9984,12146,15050,5614,9358,178341,112991,18999,5546,68126,4169,1938,34,22
2021-05-10T23:59:59+02:00,2,9,5144,5359,10396,11280,11890,14343,17721,20686,27638,29491,24707,27674,18743,23314,6010,10103,2967,2926,5219,5207,5754,6584,7217,8593,8460,9277,9125,9860,12056,14921,5611,9349,176333,112459,18315,5534,67898,3184,1930,34,22
2021-05-09T23:59:59+02:00,2,9,5070,5313,10298,11164,11790,14224,17380,20400,27247,29114,24620,27587,18714,23278,6007,10100,2899,2894,5073,5165,5578,6541,7050,8564,8330,9241,9113,9850,12038,14901,5611,9349,175937,112383,17034,5524,67398,2357,1914,34,22
2021-05-08T23:59:59+02:00,2,9,5069,5312,10295,11160,11790,14224,17376,20398,27244,29112,24620,27587,18714,23278,6007,10100,2899,2893,5071,5165,5578,6541,7050,8564,8327,9241,9112,9849,12038,14901,5611,9349,175921,112380,17034,5524,67395,2353,1913,34,22
2021-05-07T23:59:59+02:00,2,9,5036,5286,10227,11108,11659,14100,16975,20125,26608,28555,24571,27536,18697,23246,6001,10070,2888,2886,5056,5157,5567,6525,7038,8553,8319,9230,9106,9841,12027,14881,5604,9321,175086,112365,17031,5518,65873,2310,1787,34,22
2021-05-06T23:59:59+02:00,1,9,4766,5125,9773,10765,11094,13582,15885,19101,24198,26262,24071,27006,18591,23144,5996,10056,2845,2840,4989,5081,5526,6433,6956,8435,8190,9078,9005,9727,12003,14830,5601,9318,170050,111824,14580,5461,62987,1777,1776,32,22
2021-05-05T23:59:59+02:00,1,9,4685,5044,9478,10536,10753,13256,15305,18499,23351,25295,23811,26679,18523,23039,5986,10038,2826,2803,4940,4996,5467,6313,6874,8271,8066,8862,8897,9595,11925,14743,5600,9309,166383,110878,13262,5455,62836,1359,1775,32,22
2021-05-04T23:59:59+02:00,1,9,4601,4952,9304,10336,10541,13014,14916,18103,22803,24729,23600,26407,18451,22958,5978,10024,2818,2769,4912,4920,5434,6192,6821,8131,7970,8707,8793,9482,11850,14684,5598,9306,164129,110376,12137,5444,62672,790,1757,32,22
2021-05-03T23:59:59+02:00,1,9,4530,4877,9114,10202,10366,12838,14635,17857,22392,24315,23461,26257,18424,22910,5978,10018,2744,2698,4828,4849,5359,6106,6726,8025,7788,8542,8707,9395,11811,14635,5595,9301,162622,110153,12136,5441,62579,680,815,32,22
2021-05-02T23:59:59+02:00,1,9,4517,4863,9038,10145,10243,12728,14308,17550,22090,24029,23411,26198,18405,22885,5977,10017,2738,2691,4769,4816,5271,6023,6589,7895,7669,8441,8661,9353,11787,14601,5593,9296,161736,110033,12133,5439,62475,663,38,32,22
2021-05-01T23:59:59+02:00,1,9,4517,4860,9036,10144,10242,12728,14304,17546,22088,24029,23410,26197,18405,22885,5977,10017,2738,2691,4769,4816,5271,6023,6588,7895,7669,8441,8661,9353,11787,14601,5593,9296,161717,110033,12133,5438,62475,663,38,32,22
2021-04-30T23:59:59+02:00,0,9,4445,4774,8797,9929,9981,12487,13822,17120,21246,23256,23285,26060,18389,22854,5974,10014,2734,2689,4758,4808,5262,5989,6577,7864,7636,8402,8657,9350,11786,14598,5591,9295,158126,110005,12132,5436,62148,531,4,32,22
2021-04-29T23:59:59+02:00,0,9,4298,4629,8318,9518,9279,11884,12819,16216,19395,21570,22577,25296,18250,22643,5968,9997,2712,2670,4717,4737,5219,5915,6514,7758,7554,8286,8547,9235,11720,14523,5584,9286,148917,109510,12117,5172,61597,271,4,31,22
2021-04-28T23:59:59+02:00,0,9,4266,4610,8247,9445,9203,11797,12699,16095,19178,21357,22488,25205,18223,22602,5966,9992,2709,2658,4692,4677,5191,5871,6484,7684,7506,8204,8530,9210,11703,14501,5582,9280,148532,109316,12029,5099,60787,45,3,31,21
2021-04-27T23:59:59+02:00,0,9,4228,4564,8110,9310,9088,11647,12552,15927,18728,20861,22257,24947,18158,22524,5963,9983,2706,2654,4690,4673,5181,5863,6471,7665,7471,8166,8469,9131,11621,14419,5578,9276,147804,109054,10954,4926,60064,37,3,31,16
2021-04-26T23:59:59+02:00,0,9,4187,4537,8003,9214,8941,11541,12379,15753,18316,20496,22123,24800,18122,22492,5962,9981,2706,2652,4686,4669,5176,5855,6458,7645,7438,8138,8421,9083,11565,14340,5574,9259,147027,108949,10819,4668,58977,32,2,31,16
2021-04-25T23:59:59+02:00,0,9,4173,4522,7966,9183,8878,11478,12244,15624,17973,20162,21923,24563,18082,22437,5958,9976,2706,2652,4685,4667,5173,5851,6453,7642,7436,8134,8365,9024,11542,14312,5574,9257,145645,108926,10808,4500,58665,31,2,31,16
2021-04-24T23:59:59+02:00,0,9,4166,4514,7950,9178,8863,11468,12196,15593,17915,20124,21908,24550,18080,22432,5958,9976,2705,2652,4685,4667,5173,5851,6453,7642,7436,8134,8365,9023,11542,14312,5574,9257,145548,108926,10807,4500,58492,30,2,31,15
2021-04-23T23:59:59+02:00,0,9,4146,4484,7893,9115,8778,11366,11858,15267,17480,19725,21693,24317,18015,22355,5956,9968,2702,2650,4682,4664,5167,5843,6439,7633,7413,8103,8344,8996,11533,14303,5572,9254,144280,108914,10460,4340,57652,29,2,31,15
2021-04-22T23:59:59+02:00,0,9,4097,4420,7762,8926,8594,11108,11531,14849,16564,18740,21121,23606,17880,22175,5946,9950,2694,2644,4676,4642,5145,5816,6397,7599,7344,8058,8215,8838,11391,14152,5567,9245,140552,108296,10330,4091,56364,21,2,30,15
2021-04-21T23:59:59+02:00,0,9,4055,4377,7662,8805,8438,10947,11236,14568,15827,17981,20740,23159,17805,22070,5941,9937,2685,2633,4658,4621,5129,5795,6385,7581,7315,8035,8166,8776,11351,14112,5565,9243,137626,108010,10200,4007,55701,19,2,28,14
2021-04-20T23:59:59+02:00,0,9,4030,4351,7628,8752,8362,10867,11073,14394,15393,17506,20276,22641,17701,21919,5933,9925,2676,2624,4648,4608,5105,5775,6357,7557,7275,7995,8072,8644,11275,14025,5561,9239,135477,107437,9935,3967,55318,18,2,28,14
2021-04-19T23:59:59+02:00,0,9,4000,4300,7565,8647,8270,10728,10915,14211,15140,17211,19797,22076,17534,21702,5923,9913,2671,2623,4644,4604,5092,5760,6338,7540,7248,7950,8019,8590,11248,13979,5559,9235,133408,107103,9582,3965,54923,18,2,26,14
2021-04-18T23:59:59+02:00,0,6,3980,4272,7506,8595,8165,10602,10656,13968,14648,16673,19365,21564,17411,21517,5919,9907,2670,2623,4644,4604,5092,5760,6337,7537,7245,7949,8015,8587,11246,13975,5558,9232,130988,107080,9511,3963,54227,17,2,26,14
2021-04-17T23:59:59+02:00,0,6,3977,4264,7486,8588,8154,10584,10615,13922,14536,16585,19245,21442,17389,21489,5918,9905,2670,2623,4643,4602,5086,5755,6323,7532,7220,7926,7969,8541,11227,13952,5556,9232,130551,107069,9501,3757,54025,17,2,26,14
2021-04-16T23:59:59+02:00,0,6,3966,4220,7413,8464,8051,10429,10422,13660,13867,15823,18678,20800,17264,21314,5907,9887,2667,2620,4638,4595,5081,5742,6305,7521,7182,7891,7658,8150,11133,13811,5549,9215,127708,106265,9440,3463,52996,17,1,26,14
2021-04-15T23:59:59+02:00,0,5,3922,4167,7299,8332,7875,10194,10087,13270,13141,14964,17867,19939,17023,20992,5892,9867,2666,2612,4626,4578,5067,5709,6273,7485,7110,7818,7099,7485,11004,13650,5545,9205,124068,104590,9280,3314,51461,15,1,26,14
2021-04-14T23:59:59+02:00,0,4,3895,4135,7233,8226,7768,10043,9910,13071,12723,14518,17340,19327,16871,20783,5886,9853,2632,2593,4608,4546,5039,5662,6238,7452,7052,7758,6453,6719,10739,13354,5541,9197,122677,102244,9043,3313,49839,13,1,26,14
2021-04-13T23:59:59+02:00,0,4,3891,4129,7195,8209,7711,10008,9802,13018,12350,14225,16650,18474,16635,20479,5882,9847,2607,2565,4589,4520,5011,5627,6180,7382,6964,7654,6241,6466,10151,12672,5532,9176,121973,100008,8821,3303,47688,13,1,26,14
2021-04-12T23:59:59+02:00,0,4,3878,4111,7140,8163,7653,9938,9694,12917,12103,14010,16211,17958,16447,20265,5877,9844,2578,2554,4522,4478,4905,5557,6062,7305,6846,7554,5494,5644,9700,12133,5492,9134,121637,96638,8785,3294,45765,13,1,25,14
2021-04-11T23:59:59+02:00,0,4,3863,4103,7098,8111,7593,9895,9602,12840,11866,13801,15642,17270,16171,19925,5872,9834,2502,2474,4393,4357,4754,5424,5900,7153,6696,7449,5192,5283,9568,11971,5492,9130,121043,94470,8357,3243,44064,12,1,25,14
2021-04-10T23:59:59+02:00,0,4,3845,4083,7059,8064,7550,9838,9541,12781,11775,13716,15424,17077,16122,19856,5871,9827,1941,1910,3581,3635,3884,4660,4897,6237,5841,6661,4920,4978,9439,11819,5485,9121,120578,85741,8357,3243,43472,12,1,25,14
2021-04-09T23:59:59+02:00,0,4,3824,4063,7022,8034,7489,9782,9390,12652,11448,13435,14240,15543,15677,19324,5858,9815,1083,1085,2220,2440,2376,3291,3111,4593,4215,5195,4230,4242,9188,11461,5460,9091,118679,70017,8355,3240,40541,12,0,25,14
2021-04-08T23:59:59+02:00,0,4,3798,4048,6960,7981,7386,9688,9202,12535,11045,13083,13104,14279,15259,18794,5836,9779,583,596,1297,1733,1474,2365,2009,3505,2839,3804,2983,2841,8367,10458,5303,8854,117420,55751,8272,3237,37064,11,0,25,14
2021-04-07T23:59:59+02:00,0,4,3750,4022,6882,7925,7294,9617,9074,12406,10735,12776,12374,13511,15040,18530,5830,9757,354,379,948,1387,1068,1979,1499,3043,1892,2799,1799,1552,7458,9311,5147,8595,116456,45953,8119,3237,34928,8,0,24,14
2021-04-06T23:59:59+02:00,0,4,3734,4010,6861,7887,7238,9550,8981,12327,10523,12559,11989,13015,14820,18237,5819,9744,347,365,938,1376,1053,1958,1471,3015,1833,2740,1720,1483,7040,8752,4994,8356,115186,44186,8020,3236,34070,7,0,22,14
2021-04-05T23:59:59+02:00,0,4,3728,4009,6850,7874,7225,9539,8962,12299,10459,12500,11878,12867,14722,18144,5817,9741,345,359,928,1372,1047,1950,1461,2994,1811,2706,1667,1430,6810,8445,4869,8170,114846,43110,7999,3235,33751,7,0,22,14
2021-04-04T23:59:59+02:00,0,4,3728,4009,6848,7868,7224,9538,8959,12299,10449,12495,11874,12863,14719,18143,5817,9741,345,358,926,1372,1046,1948,1460,2993,1809,2703,1664,1425,6803,8431,4864,8167,114840,43061,7998,3234,33718,7,0,22,14
2021-04-03T23:59:59+02:00,0,4,3728,4009,6848,7867,7223,9538,8959,12299,10448,12495,11874,12862,14717,18141,5817,9741,345,357,924,1368,1044,1947,1459,2988,1807,2703,1658,1413,6760,8349,4829,8131,114836,42830,7998,3234,33714,6,0,22,14
2021-04-02T23:59:59+02:00,0,4,3726,4007,6846,7864,7217,9532,8946,12292,10432,12479,11747,12747,14674,18082,5814,9732,343,355,922,1362,1038,1936,1444,2963,1766,2665,1564,1327,5994,7451,4388,7561,114710,40149,7993,2912,33416,6,0,22,14
2021-04-01T23:59:59+02:00,0,3,3687,3995,6812,7843,7175,9502,8894,12253,10360,12408,11399,12339,14293,17564,5808,9712,338,352,906,1347,1026,1915,1412,2918,1706,2600,1440,1231,5045,6329,3820,6719,114309,36179,6577,2907,33139,6,0,22,14
2021-03-31T23:59:59+02:00,0,3,3681,3990,6797,7823,7158,9483,8859,12220,10270,12336,11063,11931,13941,17065,5802,9689,335,348,898,1337,1015,1899,1392,2890,1657,2563,1374,1178,4452,5641,3457,6242,113723,33826,5567,2834,32799,6,0,22,14
2021-03-30T23:59:59+02:00,0,3,3663,3966,6761,7786,7100,9417,8770,12117,10108,12181,10804,11654,13720,16800,5795,9675,331,341,893,1326,1008,1893,1369,2883,1628,2537,1347,1152,4333,5519,3395,6147,112910,33449,5317,2635,32073,6,0,20,14
2021-03-29T23:59:59+02:00,0,3,3653,3944,6735,7764,7060,9364,8674,12022,9925,11972,10365,11185,13348,16331,5779,9642,326,337,889,1315,1002,1885,1360,2872,1614,2528,1325,1138,4197,5375,3297,6014,111235,32828,5009,2629,31502,5,0,20,14
2021-03-28T23:59:59+02:00,0,3,3612,3888,6619,7605,6943,9220,8548,11829,9771,11781,10157,10923,13172,16149,5775,9633,326,337,889,1313,1000,1884,1359,2872,1613,2526,1316,1135,4164,5332,3271,5988,110864,32783,4742,2526,30003,4,0,19,14
2021-03-27T23:59:59+01:00,0,3,3611,3877,6607,7541,6913,9107,8498,11659,9719,11627,10044,10799,13077,16060,5774,9633,326,336,889,1313,1000,1881,1359,2870,1609,2525,1314,1133,4138,5297,3258,5973,110855,32680,4742,2525,28933,4,0,19,14
2021-03-26T23:59:59+01:00,0,3,3605,3870,6579,7504,6885,9032,8450,11546,9628,11499,9995,10735,13029,16004,5766,9612,321,334,888,1310,996,1869,1356,2849,1589,2511,1289,1117,3952,5068,3149,5819,110795,31917,4518,2484,28410,4,0,19,14
2021-03-25T23:59:59+01:00,0,3,3582,3839,6487,7378,6793,8866,8261,11315,9318,11182,9614,10350,12723,15688,5761,9601,321,333,886,1302,993,1859,1343,2836,1566,2492,1264,1097,3713,4818,2896,5479,110417,30699,4306,2484,26019,3,0,19,14
2021-03-24T23:59:59+01:00,0,3,3525,3789,6397,7194,6670,8640,8096,11078,9091,10857,9199,9860,12305,15229,5750,9590,321,332,885,1298,988,1857,1336,2832,1550,2476,1255,1087,3646,4744,2711,5254,109902,30076,4168,2484,23184,0,0,19,14
2021-03-23T23:59:59+01:00,0,3,3506,3756,6349,7140,6593,8580,7978,10950,8843,10624,8779,9393,11854,14707,5740,9576,321,332,884,1288,983,1848,1331,2823,1546,2469,1230,1062,3554,4667,2515,4931,109087,29288,4076,2484,21189,0,0,19,14
2021-03-22T23:59:59+01:00,0,3,3498,3736,6307,7112,6558,8532,7912,10875,8695,10488,8498,9042,11552,14383,5705,9537,319,327,878,1278,975,1841,1324,2812,1536,2459,1218,1052,3525,4631,2496,4898,108420,29074,4074,2483,19920,0,0,19,14
2021-03-21T23:59:59+01:00,0,3,3496,3734,6303,7102,6541,8516,7895,10856,8639,10430,8378,8925,11483,14281,5702,9534,317,326,870,1275,968,1834,1315,2810,1531,2455,1214,1049,3516,4616,2481,4888,108335,28970,4073,2483,19391,0,0,19,14
2021-03-20T23:59:59+01:00,0,3,3488,3696,6295,7030,6525,8379,7870,10672,8595,10295,8300,8839,11445,14242,5702,9534,317,326,870,1275,968,1833,1314,2810,1531,2453,1214,1049,3516,4615,2481,4887,108302,28965,3862,2482,18727,0,0,19,14
2021-03-19T23:59:59+01:00,0,3,3475,3666,6267,6944,6501,8286,7824,10555,8482,10135,7757,8232,11258,13999,5693,9516,314,325,865,1268,951,1824,1292,2779,1481,2409,1132,981,2845,3820,2062,4306,106682,26160,3560,2482,18332,0,0,19,14
2021-03-18T23:59:59+01:00,0,3,3464,3648,6226,6904,6467,8224,7760,10469,8366,10006,6796,7130,10978,13698,5681,9491,313,325,861,1263,945,1814,1277,2771,1457,2390,1093,961,2639,3579,1905,4083,103653,25182,3399,2482,18240,0,0,19,14
2021-03-17T23:59:59+01:00,0,3,3427,3609,6156,6821,6412,8119,7669,10338,8235,9848,6110,6281,10694,13388,5664,9464,312,325,853,1257,940,1802,1263,2749,1438,2363,1056,936,2510,3446,1823,3965,100855,24546,3398,2482,17966,0,0,19,12
2021-03-16T23:59:59+01:00,0,3,3409,3579,6117,6768,6367,8045,7615,10273,8144,9746,5934,6106,9985,12579,5623,9400,305,314,839,1240,928,1793,1257,2729,1426,2355,1042,917,2295,3197,1686,3768,98590,23601,3386,2480,17698,0,0,19,12
2021-03-15T23:59:59+01:00,0,3,3372,3547,6018,6688,6237,7952,7471,10153,8016,9620,5180,5272,9538,12029,5579,9330,304,313,835,1236,926,1786,1255,2716,1417,2346,1029,905,2150,3023,1595,3673,95066,23020,3377,2479,17543,0,0,19,12
2021-03-14T23:59:59+01:00,0,3,3248,3404,5739,6342,5966,7592,7157,9737,7729,9302,4848,4881,9377,11830,5575,9315,304,312,835,1236,925,1786,1253,2715,1415,2343,1027,902,2147,3020,1592,3672,92669,22998,3322,2476,16035,0,0,19,12
2021-03-13T23:59:59+01:00,0,3,2592,2749,4805,5473,4956,6668,5968,8624,6716,8355,4533,4498,8991,11306,5483,9207,304,311,834,1234,925,1780,1251,2713,1414,2343,1027,901,2123,2983,1561,3636,82007,22854,3322,2476,15579,0,0,19,12
2021-03-12T23:59:59+01:00,0,2,1769,1932,3469,4320,3448,5337,4221,6985,5079,6846,3860,3792,7735,9757,4968,8517,300,308,832,1230,919,1774,1244,2693,1389,2326,982,874,1766,2517,1286,3275,63152,21229,3319,2476,15547,0,0,19,12
2021-03-11T23:59:59+01:00,0,2,1270,1455,2563,3580,2548,4402,3128,5895,3721,5460,2685,2516,6029,7650,4193,7337,295,299,816,1221,906,1751,1226,2664,1364,2279,945,854,1608,2282,1159,3085,45853,20268,3317,2476,15245,0,0,19,12
2021-03-10T23:59:59+01:00,0,2,1049,1239,2197,3220,2174,4010,2677,5454,2811,4493,1548,1311,4665,5928,3626,6570,285,289,798,1201,884,1715,1192,2590,1325,2213,918,835,1426,2091,1062,2909,34795,19356,3317,2367,14844,0,0,18,12
2021-03-09T23:59:59+01:00,0,2,1033,1210,2133,3080,2110,3895,2593,5321,2726,4367,1514,1280,4588,5855,3584,6511,281,282,784,1180,867,1689,1166,2549,1307,2185,904,823,1349,1965,990,2793,34382,18781,3314,2323,14088,0,0,18,12
2021-03-08T23:59:59+01:00,0,2,1012,1180,2076,2980,2071,3814,2533,5208,2671,4294,1476,1259,4441,5693,3481,6368,281,278,779,1172,865,1680,1158,2541,1299,2169,879,802,1178,1739,864,2622,33683,17977,3314,2319,13544,0,0,18,12
2021-03-07T23:59:59+01:00,0,2,1007,1161,2036,2934,2029,3773,2494,5143,2630,4257,1471,1256,4434,5685,3478,6368,281,278,779,1172,865,1680,1158,2541,1298,2169,876,802,1169,1729,855,2611,33649,17976,3308,2277,13183,0,0,18,12
2021-03-06T23:59:59+01:00,0,2,1007,1158,2025,2920,2017,3754,2478,5116,2613,4236,1458,1246,4400,5639,3464,6356,281,278,779,1172,865,1679,1158,2541,1298,2169,876,802,1169,1729,855,2610,33505,17975,3307,2276,13059,0,0,18,12
2021-03-05T23:59:59+01:00,0,2,1003,1154,2009,2900,1987,3731,2435,5064,2561,4198,1422,1219,4130,5313,3312,6136,280,275,772,1165,859,1671,1155,2532,1294,2159,862,798,1161,1720,854,2608,32762,17879,2973,2276,12823,0,0,18,12
2021-03-04T23:59:59+01:00,0,2,909,1006,1920,2775,1921,3594,2359,4910,2471,4038,1392,1198,3887,5051,3047,5783,280,273,770,1160,856,1662,1154,2518,1290,2150,830,782,1148,1710,847,2595,31505,17762,2969,2253,11771,0,0,18,12
2021-03-03T23:59:59+01:00,0,2,862,898,1853,2679,1850,3490,2290,4795,2397,3954,1379,1185,3777,4944,2823,5508,279,271,769,1149,853,1644,1148,2476,1280,2124,813,778,1140,1690,839,2587,30826,17733,2850,2097,10992,0,0,18,12
2021-03-02T23:59:59+01:00,0,2,818,821,1757,2556,1766,3366,2200,4671,2337,3876,1344,1163,3647,4809,2615,5157,279,270,768,1143,849,1641,1143,2471,1276,2114,811,776,1125,1669,828,2568,30091,17625,2660,2096,10136,0,0,18,12
2021-03-01T23:59:59+01:00,0,2,795,785,1657,2414,1695,3220,2100,4499,2257,3755,1326,1151,3596,4744,2571,5097,279,268,764,1139,846,1629,1139,2459,1271,2104,804,773,1120,1657,820,2561,29838,17527,2576,2096,9232,0,0,18,12
2021-02-28T23:59:59+01:00,0,2,789,762,1639,2348,1667,3148,2077,4400,2242,3688,1320,1145,3586,4729,2556,5086,278,267,764,1138,846,1624,1138,2457,1271,2099,800,771,1112,1644,816,2551,29729,17504,2574,2062,8863,0,0,18,12
2021-02-27T23:59:59+01:00,0,2,774,745,1618,2288,1650,3037,2058,4274,2221,3593,1317,1142,3586,4728,2556,5085,278,267,764,1138,846,1624,1138,2457,1271,2098,800,771,1102,1638,799,2537,29726,17503,2573,2015,8357,0,0,18,12
2021-02-26T23:59:59+01:00,0,2,645,666,1514,2175,1599,2879,1995,4038,2120,3357,1226,1072,2931,3932,2121,4492,278,266,763,1136,845,1623,1138,2455,1269,2095,799,767,1084,1625,789,2520,26907,17429,2573,2013,7266,0,0,18,12
2021-02-25T23:59:59+01:00,0,2,497,589,1397,2071,1532,2751,1936,3911,2020,3245,1176,1037,2701,3662,1955,4251,261,251,739,1114,803,1554,1089,2355,1195,2002,743,746,1051,1587,777,2492,25840,17337,2545,1412,6330,0,0,18,12
2021-02-24T23:59:59+01:00,0,2,468,559,1327,1961,1462,2608,1866,3761,1944,3095,1139,1008,2561,3526,1875,4129,232,238,714,1068,776,1492,1059,2292,1140,1951,716,724,1004,1557,764,2461,25194,17147,2533,1031,5546,0,0,18,12
2021-02-23T23:59:59+01:00,0,2,413,519,1244,1821,1387,2463,1790,3550,1876,2973,1114,974,2354,3295,1747,3937,227,233,699,1044,764,1453,1037,2245,1114,1910,707,713,995,1543,761,2457,24257,17057,2524,835,4660,0,0,18,12
2021-02-22T23:59:59+01:00,0,2,400,485,1143,1712,1284,2366,1681,3443,1795,2902,1092,960,2210,3121,1656,3838,217,224,676,992,733,1390,1011,2151,1072,1828,663,680,925,1464,722,2398,23666,16867,2520,269,3886,0,0,18,12
2021-02-21T23:59:59+01:00,0,2,381,468,1042,1679,1134,2342,1526,3421,1690,2884,1084,958,2209,3120,1656,3838,190,218,645,984,722,1382,997,2146,1066,1826,660,677,922,1458,714,2390,23637,16733,2520,254,3259,0,0,18,12
2021-02-20T23:59:59+01:00,0,2,381,466,1041,1679,1133,2342,1525,3419,1690,2882,1084,957,2208,3120,1655,3837,189,216,642,984,719,1381,991,2143,1064,1826,660,677,922,1458,714,2389,23631,16711,2519,254,3253,0,0,18,12
2021-02-19T23:59:59+01:00,0,2,376,457,1029,1675,1123,2332,1513,3400,1657,2867,1033,928,1834,2613,1352,3446,167,206,616,980,701,1373,974,2141,1058,1824,657,676,921,1458,713,2386,21871,16587,2519,254,3229,0,0,18,12
2021-02-18T23:59:59+01:00,0,2,356,436,990,1592,1085,2246,1459,3284,1616,2775,1004,904,1657,2367,1218,3235,147,195,577,969,681,1360,940,2124,1032,1804,646,657,900,1430,699,2365,20870,16262,2519,254,2819,0,0,18,12
2021-02-17T23:59:59+01:00,0,2,333,384,906,1449,976,2049,1326,3030,1505,2555,966,874,1465,2153,1117,3054,141,188,565,938,656,1307,908,2045,986,1727,611,625,893,1403,693,2345,19788,15767,2519,254,1821,0,0,16,12
2021-02-16T23:59:59+01:00,0,2,327,345,863,1311,925,1866,1265,2809,1438,2395,955,857,1404,2056,1050,2954,135,175,551,896,641,1253,880,1981,956,1685,601,615,869,1369,679,2280,19417,15437,2518,119,871,0,0,16,12
2021-02-15T23:59:59+01:00,0,2,312,303,834,1280,908,1810,1225,2725,1400,2339,926,824,1225,1826,920,2776,127,167,530,870,624,1191,854,1908,933,1608,580,578,851,1332,670,2235,18500,14969,2517,79,604,0,0,14,12
2021-02-14T23:59:59+01:00,0,2,312,303,833,1280,907,1810,1224,2725,1400,2339,926,824,1225,1826,920,2775,126,167,529,862,620,1186,848,1902,929,1605,579,577,848,1331,668,2231,18498,14920,2517,78,602,0,0,14,12
2021-02-13T23:59:59+01:00,0,2,312,303,833,1280,907,1807,1224,2723,1400,2337,926,824,1225,1825,918,2775,126,167,529,862,620,1186,845,1899,927,1601,576,577,833,1310,656,2214,18491,14917,2514,1,602,0,0,14,12
2021-02-12T23:59:59+01:00,0,2,308,302,824,1275,903,1777,1218,2696,1372,2307,924,822,1224,1822,918,2775,126,167,527,860,619,1179,839,1887,921,1588,573,575,819,1299,650,2201,18483,14819,2514,1,458,0,0,14,12
2021-02-11T23:59:59+01:00,0,2,289,293,809,1240,897,1742,1201,2631,1349,2252,890,808,1213,1811,917,2765,124,153,509,821,597,1114,805,1787,899,1529,560,561,792,1265,635,2168,18371,14309,2513,0,211,0,0,14,12
2021-02-10T23:59:59+01:00,0,2,286,286,790,1203,884,1713,1189,2586,1334,2210,885,806,1198,1794,912,2747,120,143,442,735,551,1021,727,1661,841,1443,545,544,775,1242,622,2138,18346,13552,2408,0,58,0,0,13,0
2021-02-09T23:59:59+01:00,0,2,286,283,784,1188,872,1696,1174,2566,1320,2186,870,800,1184,1775,900,2727,104,124,385,646,498,887,646,1454,752,1250,492,464,655,1073,543,1871,18236,11846,2361,0,3,0,0,13,0
2021-02-08T23:59:59+01:00,0,2,285,282,782,1183,869,1689,1172,2562,1313,2178,864,797,1168,1752,882,2702,93,100,339,551,446,785,556,1243,644,1084,415,388,566,874,438,1539,18110,10063,2358,0,1,0,0,13,0
2021-02-07T23:59:59+01:00,0,2,284,281,781,1182,868,1689,1172,2561,1313,2175,858,795,1167,1749,880,2700,91,99,337,546,444,781,554,1234,640,1078,409,382,545,851,432,1524,18086,9949,2358,0,0,0,0,13,0
2021-02-06T23:59:59+01:00,0,2,284,280,780,1181,868,1688,1172,2561,1313,2174,857,795,1165,1743,878,2698,91,98,337,542,443,780,553,1230,638,1077,406,377,496,782,401,1478,18070,9731,2356,0,0,0,0,13,0
2021-02-05T23:59:59+01:00,0,2,284,279,780,1180,867,1687,1171,2560,1312,2169,850,789,1141,1732,871,2682,85,95,329,536,427,761,528,1195,609,1034,383,349,472,754,381,1431,17987,9370,2356,0,0,0,0,13,0
2021-02-04T23:59:59+01:00,0,2,281,271,777,1159,856,1664,1157,2532,1298,2146,828,776,1112,1701,864,2663,71,76,260,413,332,592,410,966,497,831,311,286,364,609,314,1208,17741,7540,2333,0,0,0,0,13,0
2021-02-03T23:59:59+01:00,0,2,280,266,774,1136,853,1636,1150,2480,1286,2114,808,762,1096,1680,852,2649,57,55,173,285,258,442,290,716,369,594,214,204,259,449,225,905,17637,5495,2174,0,0,0,0,13,0
2021-02-02T23:59:59+01:00,0,2,279,260,770,1127,847,1615,1142,2454,1274,2097,801,755,1088,1669,850,2641,37,34,95,143,149,255,177,447,239,375,140,134,177,273,158,582,17485,3415,2173,0,0,0,0,13,0
2021-02-01T23:59:59+01:00,0,2,277,257,765,1108,839,1595,1137,2424,1270,2062,791,742,1082,1658,845,2625,13,11,17,30,27,65,48,89,76,103,54,48,65,82,47,198,17293,973,2173,0,0,0,0,13,0
2021-01-31T23:59:59+01:00,0,2,271,255,749,1106,831,1584,1126,2413,1259,2054,785,736,1072,1640,838,2611,12,11,16,28,25,62,42,84,68,95,51,48,60,75,44,185,17256,906,2063,0,0,0,0,13,0
2021-01-30T23:59:59+01:00,0,2,271,255,749,1105,831,1584,1126,2413,1259,2054,784,736,1062,1633,821,2596,12,9,15,28,25,62,42,84,67,93,50,47,59,75,44,184,17252,896,2016,0,0,0,0,13,0
2021-01-29T23:59:59+01:00,0,2,270,255,749,1104,831,1584,1126,2413,1259,2053,783,735,1061,1631,821,2594,10,4,13,26,25,60,40,83,66,93,49,46,59,75,44,184,17244,877,2014,0,0,0,0,13,0
2021-01-28T23:59:59+01:00,0,2,266,250,738,1079,797,1528,1089,2352,1183,1994,742,721,1033,1611,805,2574,5,0,4,8,10,24,19,37,21,45,21,22,25,49,17,108,17064,415,1687,0,0,0,0,13,0
2021-01-27T23:59:59+01:00,0,2,260,243,715,1047,751,1473,1030,2271,1110,1913,707,694,1018,1588,802,2566,4,0,4,5,7,20,15,23,14,32,6,9,11,12,5,30,16614,197,1563,0,0,0,0,13,0
2021-01-26T23:59:59+01:00,0,2,236,234,700,1023,743,1425,1010,2197,1083,1848,695,680,994,1572,792,2547,4,0,2,5,6,10,13,12,7,11,3,5,7,8,2,17,16564,112,1204,0,0,0,0,13,0
2021-01-25T23:59:59+01:00,0,2,205,219,647,951,691,1303,967,2051,1025,1713,648,624,917,1475,745,2471,4,0,2,5,6,10,13,12,7,11,3,5,7,8,2,17,16337,112,304,0,0,0,0,13,0
2021-01-24T23:59:59+01:00,0,2,188,213,621,939,673,1289,949,2034,1009,1703,641,618,906,1455,736,2458,3,0,2,5,6,10,12,12,6,11,3,5,7,8,2,17,16162,109,259,0,0,0,0,13,0
2021-01-23T23:59:59+01:00,0,2,188,213,621,939,673,1289,949,2034,1009,1703,641,618,906,1455,736,2458,3,0,2,4,6,10,10,12,6,11,3,5,7,8,2,17,16162,106,259,0,0,0,0,13,0
2021-01-22T23:59:59+01:00,0,2,141,195,563,929,655,1274,915,2024,997,1692,636,617,905,1455,736,2458,3,0,1,4,6,10,10,12,6,11,3,5,7,8,2,17,15922,105,259,0,0,0,0,13,0
2021-01-21T23:59:59+01:00,0,2,137,187,548,908,635,1233,882,1970,976,1645,624,596,893,1424,729,2439,3,0,0,4,5,10,9,12,6,11,3,5,7,8,2,16,15556,101,259,0,0,0,0,13,0
2021-01-20T23:59:59+01:00,0,2,131,170,501,843,612,1155,819,1860,939,1574,604,578,876,1401,719,2409,3,0,0,4,5,10,9,12,6,11,3,5,7,8,2,16,14923,101,257,0,0,0,0,13,0
2021-01-19T23:59:59+01:00,0,2,121,152,429,756,549,1026,735,1671,839,1416,557,528,778,1246,638,2153,3,0,0,4,5,8,9,12,6,11,3,5,7,8,2,16,13393,99,190,0,0,0,0,13,0
2021-01-18T23:59:59+01:00,0,2,103,118,360,606,459,856,604,1410,713,1207,487,462,690,1083,560,1868,1,0,0,1,1,0,0,0,0,1,0,0,0,1,0,0,11494,5,81,0,0,0,0,13,0
2021-01-17T23:59:59+01:00,0,2,99,116,356,601,458,850,602,1391,706,1197,481,452,663,1052,540,1821,1,0,0,1,0,0,0,0,0,1,0,0,0,1,0,0,11294,4,80,0,0,0,0,13,0
2021-01-16T23:59:59+01:00,0,2,99,113,354,592,455,845,590,1378,695,1185,466,438,566,927,478,1722,0,0,0,1,0,0,0,0,0,0,0,0,0,0,0,0,10889,1,3,0,0,0,0,13,0
2021-01-15T23:59:59+01:00,0,2,97,111,349,590,449,840,584,1371,678,1169,450,420,558,915,468,1698,0,0,0,0,0,0,0,0,0,0,0,0,0,0,0,0,10735,0,1,0,0,0,0,13,0
2021-01-14T23:59:59+01:00,0,0,80,89,295,488,370,675,466,1118,559,989,369,338,439,749,384,1443,0,0,0,0,0,0,0,0,0,0,0,0,0,0,0,0,8838,0,0,0,0,0,0,13,0
2021-01-13T23:59:59+01:00,0,0,66,66,210,371,294,505,353,837,429,710,260,239,323,563,295,1107,0,0,0,0,0,0,0,0,0,0,0,0,0,0,0,0,6616,0,0,0,0,0,0,12,0
2021-01-12T23:59:59+01:00,0,0,44,44,130,220,182,314,213,532,286,443,166,154,211,370,203,743,0,0,0,0,0,0,0,0,0,0,0,0,0,0,0,0,4255,0,0,0,0,0,0,0,0
2021-01-11T23:59:59+01:00,0,0,14,13,45,61,42,94,61,120,98,130,69,61,92,114,58,253,0,0,0,0,0,0,0,0,0,0,0,0,0,0,0,0,1325,0,0,0,0,0,0,0,0
2021-01-10T23:59:59+01:00,0,0,13,13,32,49,35,76,52,111,84,120,62,57,85,104,55,238,0,0,0,0,0,0,0,0,0,0,0,0,0,0,0,0,1186,0,0,0,0,0,0,0,0
2021-01-09T23:59:59+01:00,0,0,13,12,28,48,35,75,51,110,82,117,61,56,84,103,53,237,0,0,0,0,0,0,0,0,0,0,0,0,0,0,0,0,1165,0,0,0,0,0,0,0,0
2021-01-08T23:59:59+01:00,0,0,9,4,28,42,33,72,48,108,81,116,58,52,78,98,49,237,0,0,0,0,0,0,0,0,0,0,0,0,0,0,0,0,1113,0,0,0,0,0,0,0,0
2021-01-07T23:59:59+01:00,0,0,6,1,10,21,16,38,27,77,35,77,32,27,51,82,33,180,0,0,0,0,0,0,0,0,0,0,0,0,0,0,0,0,713,0,0,0,0,0,0,0,0
2021-01-06T23:59:59+01:00,0,0,6,0,5,10,11,30,24,43,21,48,26,24,37,56,23,129,0,0,0,0,0,0,0,0,0,0,0,0,0,0,0,0,493,0,0,0,0,0,0,0,0
2021-01-05T23:59:59+01:00,0,0,5,0,5,9,11,30,24,43,21,48,26,24,37,55,23,129,0,0,0,0,0,0,0,0,0,0,0,0,0,0,0,0,490,0,0,0,0,0,0,0,0
2021-01-04T23:59:59+01:00,0,0,4,0,2,4,5,11,13,12,6,12,3,5,7,9,2,18,0,0,0,0,0,0,0,0,0,0,0,0,0,0,0,0,113,0,0,0,0,0,0,0,0
2021-01-03T23:59:59+01:00,0,0,3,0,2,4,5,10,12,12,6,12,3,5,7,9,2,17,0,0,0,0,0,0,0,0,0,0,0,0,0,0,0,0,109,0,0,0,0,0,0,0,0
2021-01-02T23:59:59+01:00,0,0,3,0,2,4,5,10,10,12,6,12,3,5,7,9,2,17,0,0,0,0,0,0,0,0,0,0,0,0,0,0,0,0,107,0,0,0,0,0,0,0,0
2021-01-01T23:59:59+01:00,0,0,3,0,1,4,5,10,10,12,6,12,3,5,7,8,2,17,0,0,0,0,0,0,0,0,0,0,0,0,0,0,0,0,105,0,0,0,0,0,0,0,0
2020-12-31T23:59:59+01:00,0,0,3,0,0,4,5,10,9,12,6,12,3,5,7,8,2,17,0,0,0,0,0,0,0,0,0,0,0,0,0,0,0,0,103,0,0,0,0,0,0,0,0
2020-12-30T23:59:59+01:00,0,0,3,0,0,4,5,10,9,12,6,12,3,5,7,8,2,17,0,0,0,0,0,0,0,0,0,0,0,0,0,0,0,0,103,0,0,0,0,0,0,0,0
2020-12-29T23:59:59+01:00,0,0,3,0,0,3,5,8,9,12,6,12,3,5,7,8,2,17,0,0,0,0,0,0,0,0,0,0,0,0,0,0,0,0,100,0,0,0,0,0,0,0,0
2020-12-28T23:59:59+01:00,0,0,3,0,0,3,5,8,9,12,5,12,3,5,7,8,2,17,0,0,0,0,0,0,0,0,0,0,0,0,0,0,0,0,99,0,0,0,0,0,0,0,0
2020-12-27T23:59:59+01:00,0,0,1,0,0,0,0,0,0,0,0,1,0,0,2,4,0,8,0,0,0,0,0,0,0,0,0,0,0,0,0,0,0,0,16,0,0,0,0,0,0,0,0
