Datum,<15_m,<15_w,15-24_1_m,15-24_1_w,25-34_1_m,25-34_1_w,35-44_1_m,35-44_1_w,45-54_1_m,45-54_1_w,55-64_1_m,55-64_1_w,65-74_1_m,65-74_1_w,75-84_1_m,75-84_1_w,>84_1_m,>84_1_w,<24_2_m,<24_2_w,25-34_2_m,25-34_2_w,35-44_2_m,35-44_2_w,45-54_2_m,45-54_2_w,55-64_2_m,55-64_2_w,65-74_2_m,65-74_2_w,75-84_2_m,75-84_2_w,>84_2_m,>84_2_w,bp_1,bp_2,mo_1,mo_2,az_1,az_2,ja,unb_1,unb_2
2021-07-24T23:59:59+02:00,1743,1508,20479,19706,30592,28092,31617,31643,37464,38004,41371,41757,27473,30661,19581,24559,5957,10075,10740,10461,20453,19348,24296,24858,31742,32557,36775,37581,25798,28723,18613,23186,5680,9521,305612,239959,44276,41878,77267,63726,15058,70,25
2021-07-23T23:59:59+02:00,1718,1493,20388,19630,30517,28038,31577,31606,37429,37974,41348,41731,27465,30652,19577,24556,5957,10073,10582,10341,20289,19209,24000,24617,31327,32268,36264,37166,25767,28689,18603,23176,5680,9520,305185,238561,44268,41849,77255,62411,14952,70,24
2021-07-22T23:59:59+02:00,1661,1442,20097,19389,30293,27874,31453,31501,37310,37876,41253,41654,27441,30632,19566,24536,5953,10072,10155,9975,19580,18722,23104,23996,30632,31693,35248,36411,25656,28593,18572,23145,5678,9516,303850,235110,44235,41265,77251,59916,14598,70,24
2021-07-21T23:59:59+02:00,1646,1434,20061,19342,30268,27845,31433,31478,37290,37852,41232,41632,27432,30624,19561,24530,5948,10068,9845,9646,19136,18276,22253,23239,30302,31362,35023,36218,25574,28496,18542,23093,5670,9506,303538,232424,44229,39599,77249,59744,14591,70,21
2021-07-20T23:59:59+02:00,1640,1429,20030,19316,30241,27824,31409,31460,37274,37837,41222,41621,27416,30611,19561,24523,5948,10065,9580,9370,18809,18008,21987,22956,30127,31208,34860,36073,25528,28451,18527,23059,5669,9502,303303,230054,44228,39590,77248,59645,14579,70,21
2021-07-19T23:59:59+02:00,1630,1421,19917,19229,30161,27756,31351,31410,37255,37818,41207,41603,27411,30600,19555,24516,5947,10062,9387,9177,18500,17740,21529,22547,29876,30978,34741,35973,25494,28413,18509,23043,5669,9499,302740,228452,44222,38663,77247,59532,14571,70,21
2021-07-18T23:59:59+02:00,1619,1416,19851,19165,30038,27658,31288,31347,37194,37767,41166,41552,27391,30570,19547,24501,5943,10059,9279,9063,18340,17594,21342,22357,29709,30780,34629,35874,25464,28391,18498,23026,5669,9493,301972,227219,44222,38364,77247,59492,14562,70,21
2021-07-17T23:59:59+02:00,1618,1412,19844,19163,30038,27656,31288,31343,37189,37765,41162,41550,27390,30569,19546,24501,5943,10059,9258,9048,18308,17573,21324,22344,29699,30773,34610,35870,25461,28389,18498,23025,5669,9493,301940,227067,44222,38361,77247,59481,14558,70,21
2021-07-16T23:59:59+02:00,1565,1367,19570,18915,29913,27559,31205,31272,37134,37703,41122,41518,27371,30552,19539,24491,5941,10053,9145,8935,17941,17279,21025,22078,29316,30421,34479,35767,25438,28366,18491,23012,5667,9491,300948,225831,44199,37666,77245,59150,14329,70,18
2021-07-15T23:59:59+02:00,1507,1324,19309,18670,29734,27412,31098,31173,37053,37622,41056,41450,27329,30523,19523,24477,5937,10050,8786,8633,17038,16456,19497,20866,28405,29507,33864,35193,25272,28188,18438,22963,5661,9479,299687,219787,44157,36232,77236,58234,14098,70,18
2021-07-14T23:59:59+02:00,1493,1312,19279,18634,29711,27386,31076,31142,37042,37610,41037,41444,27321,30516,19514,24470,5936,10047,8500,8338,16488,15858,19007,20353,27843,29009,33472,34818,25160,28062,18399,22898,5656,9469,299417,215644,44155,35874,77233,57808,14096,70,18
2021-07-13T23:59:59+02:00,1481,1303,19242,18609,29694,27362,31055,31127,37027,37583,41014,41416,27312,30502,19512,24465,5935,10041,8198,8079,16090,15503,18733,20077,27582,28761,33201,34562,25062,27942,18366,22857,5654,9464,299137,212955,44154,35839,77232,57318,14088,70,18
2021-07-12T23:59:59+02:00,1466,1294,19200,18592,29661,27334,31038,31106,37015,37566,40997,41401,27309,30498,19510,24459,5934,10041,7938,7863,15812,15229,18036,19532,27269,28442,32790,34202,24895,27750,18307,22782,5648,9459,298888,211681,44153,33914,77232,56343,14079,70,18
2021-07-11T23:59:59+02:00,1458,1286,19170,18564,29631,27306,31023,31078,37007,37545,40983,41389,27300,30489,19508,24459,5933,10040,7895,7817,15748,15160,17949,19478,27186,28381,32678,34141,24842,27706,18287,22760,5648,9456,298648,211115,44151,33904,77230,56102,14071,70,18
2021-07-10T23:59:59+02:00,1329,1171,18670,18147,29191,27015,30741,30849,36764,37386,40784,41239,27228,30429,19482,24427,5930,10037,7767,7748,15470,15028,17734,19332,26946,28243,32514,34024,24777,27660,18271,22748,5647,9456,296464,210703,44018,33788,77201,55866,13067,70,18
2021-07-09T23:59:59+02:00,1319,1165,18643,18117,29171,26998,30729,30836,36754,37374,40773,41231,27224,30425,19480,24423,5930,10036,7725,7701,15401,14963,17672,19239,26727,28013,32265,33811,24715,27597,18249,22722,5647,9453,296324,210428,43999,33785,77200,54705,13036,70,18
2021-07-08T23:59:59+02:00,1243,1085,18377,17907,29027,26849,30595,30720,36652,37272,40675,41154,27191,30390,19461,24405,5925,10032,7559,7569,15105,14717,17245,18881,26038,27416,31995,33546,24548,27440,18191,22660,5644,9447,295072,209305,43946,32372,77192,53688,12681,70,18
2021-07-07T23:59:59+02:00,1147,993,18068,17588,28832,26667,30470,30599,36540,37153,40569,41070,27158,30343,19447,24388,5922,10029,7364,7358,14667,14352,16783,18439,25286,26811,31588,33168,24285,27118,18097,22566,5635,9438,293521,206401,43898,31538,77181,52736,12314,70,18
2021-07-06T23:59:59+02:00,1124,977,17991,17527,28789,26618,30421,30553,36504,37118,40535,41038,27141,30318,19436,24375,5920,10026,7148,7127,14324,13997,16436,18090,24543,26165,31290,32904,24095,26904,18049,22495,5628,9431,292956,204353,43895,30137,77180,51847,12311,70,18
2021-07-05T23:59:59+02:00,1082,949,17918,17464,28746,26562,30383,30519,36480,37074,40509,41013,27136,30304,19430,24369,5920,10021,6919,6937,14021,13729,16084,17726,23998,25660,30727,32340,23817,26606,17941,22356,5620,9421,292479,202861,43893,28061,77176,50717,12262,70,18
2021-07-04T23:59:59+02:00,1060,934,17849,17415,28708,26541,30362,30490,36470,37064,40494,41001,27130,30294,19425,24366,5920,10020,6893,6920,13968,13683,16011,17668,23914,25605,30574,32249,23725,26518,17909,22315,5618,9417,292167,202473,43892,28052,77165,50211,12250,70,18
2021-07-03T23:59:59+02:00,646,565,16128,15700,27541,25621,29569,29776,35831,36456,39998,40575,26973,30128,19358,24280,5911,10003,6511,6679,13455,13380,15611,17366,23554,25328,30271,32055,23629,26425,17876,22278,5614,9413,284696,202183,43851,27976,77082,49924,9361,70,18
2021-07-02T23:59:59+02:00,607,527,15999,15555,27380,25475,29490,29716,35801,36429,39979,40562,26967,30118,19355,24277,5911,10003,6463,6609,13382,13279,15523,17236,23411,25145,30118,31890,23436,26215,17787,22200,5612,9410,283796,201503,43851,27818,77080,49039,9355,70,18
2021-07-01T23:59:59+02:00,549,482,15824,15403,27162,25322,29413,29639,35746,36378,39914,40518,26947,30101,19344,24265,5909,9999,6324,6480,13045,13010,15000,16803,22155,24163,29362,31217,23158,25928,17669,22067,5605,9395,282619,197986,43846,26165,77068,47915,9313,70,18
2021-06-30T23:59:59+02:00,519,462,15721,15300,27054,25240,29347,29570,35693,36328,39872,40482,26932,30070,19334,24248,5905,9999,6132,6303,12616,12629,14433,16257,21533,23572,28772,30690,22739,25464,17539,21883,5598,9383,281815,193756,43843,26141,77062,46354,9287,70,18
2021-06-29T23:59:59+02:00,462,413,14961,14634,26794,25021,29254,29471,35614,36247,39804,40435,26911,30047,19327,24235,5905,9997,6020,6179,12360,12366,14041,15862,20746,22953,28191,30141,22292,24941,17387,21710,5590,9373,279323,190621,43842,25635,77054,44645,9244,70,18
2021-06-28T23:59:59+02:00,426,382,14335,13998,26638,24918,29180,29405,35558,36182,39760,40402,26893,30027,19319,24224,5905,9993,5954,6084,12183,12227,13853,15686,20130,22407,27792,29771,21956,24584,17259,21547,5585,9369,277397,188941,43838,24986,77050,43261,9191,70,18
2021-06-27T23:59:59+02:00,349,315,13991,13623,26574,24860,29140,29370,35536,36160,39743,40389,26882,30020,19317,24221,5904,9992,5918,6042,12069,12113,13710,15559,19581,21936,27187,29274,21679,24249,17139,21424,5581,9368,276284,188112,43836,23473,77039,42078,9158,70,18
2021-06-26T23:59:59+02:00,349,315,13980,13612,26558,24849,29134,29364,35531,36159,39740,40388,26881,30019,19317,24221,5904,9992,5913,6039,12057,12110,13704,15555,19568,21925,27142,29239,21534,24121,17099,21368,5580,9366,276214,188086,43834,23469,77039,41600,9157,70,18
2021-06-25T23:59:59+02:00,226,202,12724,12396,25101,23710,28836,29130,35425,36077,39675,40327,26857,29992,19308,24210,5902,9990,5870,5992,11961,12031,13563,15433,19259,21687,26758,28880,21212,23729,16926,21171,5577,9357,270009,186865,43830,23186,77026,40193,9154,70,18
2021-06-24T23:59:59+02:00,162,148,11755,11571,23994,22836,28473,28783,35278,35914,39563,40224,26823,29942,19297,24186,5900,9986,5655,5763,11503,11616,12988,14843,17734,20299,25124,27293,20447,22878,16611,20765,5567,9347,264810,181908,43813,19588,77022,37806,9122,69,18
2021-06-23T23:59:59+02:00,126,123,11399,11252,23501,22472,28230,28543,35101,35789,39475,40138,26793,29916,19289,24149,5898,9975,5582,5651,11292,11401,12690,14493,17345,19891,24378,26529,19658,22133,16419,20514,5559,9331,262234,179562,43807,18977,77017,35275,9043,69,18
2021-06-22T23:59:59+02:00,104,110,11218,11040,23347,22330,28151,28471,35025,35727,39429,40094,26778,29892,19281,24141,5898,9974,5473,5531,11028,11147,12323,14123,16743,19297,23651,25764,19279,21710,16256,20336,5552,9315,261096,176540,43804,18121,77015,33829,9027,69,18
2021-06-21T23:59:59+02:00,91,98,10968,10856,22519,21659,27902,28248,34960,35666,39366,40053,26762,29874,19275,24132,5898,9973,5354,5427,10813,10927,12018,13804,16352,18953,23206,25299,18989,21399,16152,20217,5546,9313,258521,175088,43799,17109,77009,32657,8903,69,18
2021-06-20T23:59:59+02:00,85,97,10904,10767,22274,21444,27645,28051,34880,35588,39321,40009,26753,29861,19273,24128,5896,9970,5313,5373,10728,10828,11923,13704,16159,18770,22936,25061,18888,21293,16099,20159,5540,9309,257247,174785,43797,16053,77008,32407,8825,69,18
2021-06-19T23:59:59+02:00,84,93,10880,10743,22242,21420,27628,28037,34868,35584,39311,40005,26752,29860,19273,24126,5896,9970,5282,5341,10647,10738,11831,13583,16011,18618,22629,24702,18803,21206,16087,20147,5539,9309,257096,174681,43774,14560,77008,32394,8825,69,18
2021-06-18T23:59:59+02:00,81,91,10835,10693,21933,21104,27364,27826,34816,35548,39281,39983,26744,29851,19272,24123,5896,9968,5267,5332,10617,10708,11790,13535,15950,18556,22544,24606,18637,21025,16042,20081,5538,9304,255735,174286,43773,14559,77007,31849,8825,69,18
2021-06-17T23:59:59+02:00,72,83,10257,10267,20666,20149,26505,27097,34448,35224,39028,39795,26680,29772,19252,24087,5889,9964,5069,5195,10244,10456,11353,13138,15275,17948,21185,23302,18184,20540,15879,19910,5534,9289,249993,169019,43755,13987,76996,31060,8422,69,18
2021-06-16T23:59:59+02:00,64,71,9923,9958,19988,19521,25868,26497,34202,35025,38870,39647,26638,29722,19229,24064,5888,9960,4927,5049,9858,10123,10895,12689,14577,17261,20338,22377,17782,20096,15712,19699,5524,9277,246182,165267,43743,12714,76983,30032,8158,69,18
2021-06-15T23:59:59+02:00,49,66,9679,9716,19696,19274,25647,26300,34074,34920,38774,39568,26610,29686,19222,24049,5883,9956,4822,4940,9619,9906,10666,12431,14157,16835,19742,21804,17468,19712,15494,19472,5515,9266,244428,163211,43732,11629,76977,29033,7963,69,18
2021-06-14T23:59:59+02:00,45,62,9548,9591,19400,19017,25472,26157,33955,34841,38713,39530,26593,29666,19216,24038,5883,9953,4741,4878,9433,9768,10496,12295,13897,16621,19426,21511,17304,19557,15393,19341,5514,9262,243245,161762,43730,11627,76973,28371,7664,68,18
2021-06-13T23:59:59+02:00,43,58,9389,9461,19111,18833,25122,25904,33755,34674,38608,39463,26578,29654,19206,24031,5883,9950,4660,4812,9224,9603,10332,12126,13574,16285,19080,21184,17179,19409,15346,19276,5512,9260,241607,160920,43730,11627,76970,26953,7348,68,18
2021-06-12T23:59:59+02:00,43,58,9380,9447,19098,18820,25122,25899,33755,34671,38605,39462,26578,29654,19206,24031,5883,9950,4657,4798,9214,9543,10300,12024,13526,16131,19025,21048,17070,19284,15230,19174,5510,9258,241561,160893,43730,11625,76966,25923,7337,68,18
2021-06-11T23:59:59+02:00,38,54,9223,9266,18865,18609,24328,25229,33578,34518,38473,39350,26545,29621,19196,24008,5883,9945,4580,4683,8997,9289,10041,11731,13008,15584,18056,20159,16884,19088,15190,19130,5507,9255,238661,156895,43729,11624,76963,25341,7308,68,18
2021-06-10T23:59:59+02:00,36,50,8830,8932,18216,18120,23482,24554,33259,34238,38275,39188,26488,29566,19173,23980,5880,9938,4405,4506,8420,8798,9240,11015,11863,14488,16083,18259,15998,18132,14905,18765,5498,9233,235056,147281,43072,11591,76937,23649,7073,67,18
2021-06-09T23:59:59+02:00,19,32,8384,8428,17389,17395,22331,23512,32774,33772,37991,38971,26379,29463,19127,23923,5870,9925,4270,4393,8134,8534,8998,10763,11534,14124,15601,17716,15629,17703,14664,18481,5491,9223,231093,145469,41185,11549,76901,21747,6479,27,18
2021-06-08T23:59:59+02:00,11,20,8066,8113,16918,16978,21914,23147,32529,33580,37829,38842,26335,29423,19117,23900,5867,9920,4150,4311,7880,8281,8694,10418,11181,13777,14961,17019,15177,17182,14403,18204,5486,9205,228372,143778,41153,10435,76892,20037,6065,27,18
2021-06-07T23:59:59+02:00,8,16,7871,7881,16560,16655,21370,22695,32250,33313,37712,38726,26309,29375,19100,23874,5862,9919,4075,4230,7700,8140,8534,10276,11012,13605,14652,16695,14981,16929,14230,18013,5482,9200,226757,142704,40185,10343,76881,19046,5647,26,18
2021-06-06T23:59:59+02:00,6,13,7764,7772,16426,16510,21176,22489,32024,33090,37579,38622,26281,29351,19087,23858,5862,9913,4046,4195,7654,8023,8483,10148,10908,13461,14457,16480,14799,16751,14141,17893,5475,9194,225534,142227,39886,10333,76863,18020,5514,26,18
2021-06-05T23:59:59+02:00,6,13,7742,7758,16397,16483,21169,22486,32014,33084,37577,38621,26280,29351,19086,23857,5862,9913,4037,4156,7639,7958,8469,10015,10894,13290,14439,16375,14762,16696,14132,17883,5475,9193,225425,142146,39886,10333,76862,17420,5500,26,18
2021-06-04T23:59:59+02:00,6,11,7628,7656,16118,16247,20893,22240,31594,32711,37464,38500,26247,29313,19075,23844,5860,9911,4030,4147,7613,7935,8443,9985,10827,13217,14334,16245,14681,16603,14096,17839,5475,9191,223837,141814,39112,10004,76843,17329,5500,26,18
2021-06-03T23:59:59+02:00,4,11,7375,7429,15242,15467,19260,20853,30685,31783,36961,38041,26116,29180,19031,23793,5854,9893,3971,4109,7525,7864,8321,9887,10659,13036,13768,15676,14421,16294,14012,17735,5472,9178,217227,139610,37540,9898,76834,17055,5351,26,18
2021-06-02T23:59:59+02:00,4,11,7240,7286,14858,15039,18829,20453,30216,31329,36735,37777,26052,29116,19011,23765,5851,9892,3941,4079,7461,7778,8233,9797,10519,12905,13323,15246,14298,16111,13985,17698,5469,9173,214148,137826,37109,9805,76833,17023,5348,26,18
2021-06-01T23:59:59+02:00,4,9,6964,7043,14463,14727,18488,20135,29890,31018,36512,37543,25996,29037,18987,23736,5849,9881,3840,3993,7219,7602,8002,9604,10256,12631,12921,14824,13867,15663,13869,17546,5462,9165,211412,135716,37064,9551,76812,16215,4968,26,18
2021-05-31T23:59:59+02:00,4,9,6801,6853,14244,14494,17785,19534,29549,30681,36215,37280,25906,28940,18961,23682,5839,9868,3761,3883,7012,7356,7779,9320,9915,12250,12483,14307,13339,15050,13670,17317,5454,9150,209988,132549,35016,9228,76795,15435,4820,26,18
2021-05-30T23:59:59+02:00,4,9,6778,6839,14198,14456,17708,19475,29499,30643,36184,37257,25894,28928,18958,23676,5838,9866,3718,3809,6864,7150,7631,9092,9714,11940,12227,13964,13218,14881,13602,17235,5451,9143,209694,131832,35004,9127,76741,13921,4745,26,18
2021-05-29T23:59:59+02:00,4,9,6776,6838,14189,14450,17703,19469,29494,30639,36181,37256,25892,28925,18958,23675,5838,9866,3709,3796,6835,7117,7598,9041,9678,11894,12154,13866,13177,14813,13572,17211,5450,9138,209662,131693,35004,9126,76726,13472,4744,26,18
2021-05-28T23:59:59+02:00,4,9,6766,6826,14174,14433,17686,19448,29483,30626,36170,37238,25891,28921,18956,23671,5838,9866,3695,3773,6813,7077,7564,8989,9625,11790,11914,13597,12989,14622,13542,17171,5447,9135,209511,130407,35003,9125,76723,13453,4743,26,18
2021-05-27T23:59:59+02:00,4,9,6675,6745,13906,14216,17202,19101,28805,30085,36011,37108,25845,28887,18941,23657,5837,9860,3570,3613,6526,6827,7188,8685,9128,11232,11207,12702,12440,14055,13412,16980,5440,9123,208436,126900,33565,8796,76681,12231,4186,26,18
2021-05-26T23:59:59+02:00,4,9,6604,6637,13693,14014,16950,18794,28263,29574,35836,36933,25808,28842,18926,23633,5836,9855,3480,3470,6301,6538,6901,8259,8790,10755,10559,11906,11882,13441,13267,16765,5435,9101,206850,123306,32812,8614,76668,11060,3855,26,18
2021-05-25T23:59:59+02:00,4,9,6523,6542,13488,13793,16687,18584,27539,28928,35744,36838,25785,28814,18914,23617,5831,9854,3431,3379,6156,6370,6755,8070,8566,10464,10216,11542,11535,12966,13162,16603,5432,9093,206140,121471,31360,8475,76185,9996,3783,26,18
2021-05-24T23:59:59+02:00,4,9,6452,6445,13311,13593,16465,18301,27130,28503,35398,36440,25728,28746,18895,23594,5830,9852,3418,3357,6098,6288,6710,7987,8507,10369,10143,11445,11362,12737,13115,16512,5424,9073,205609,120851,29140,8430,76177,9505,3744,26,18
2021-05-23T23:59:59+02:00,4,9,6450,6444,13306,13584,16462,18291,27111,28493,35368,36406,25725,28740,18895,23588,5830,9852,3415,3353,6092,6278,6700,7980,8479,10339,10103,11389,11279,12636,13095,16481,5424,9072,205494,120846,29124,8018,76176,9498,3738,26,18
2021-05-22T23:59:59+02:00,4,9,6443,6440,13299,13573,16456,18287,27108,28492,35365,36400,25725,28740,18895,23588,5830,9852,3414,3353,6089,6275,6699,7976,8475,10337,10098,11386,11268,12622,13090,16477,5423,9072,205444,120806,29124,8018,76174,9477,3738,26,18
2021-05-21T23:59:59+02:00,4,9,6383,6380,13147,13467,16284,18136,26839,28316,34937,36133,25700,28704,18887,23582,5829,9848,3405,3343,6056,6254,6669,7942,8436,10288,10044,11336,10754,11911,12951,16318,5420,9067,204757,119053,28999,8015,75136,9444,3667,26,18
2021-05-20T23:59:59+02:00,3,8,6091,6179,12538,13050,15091,17213,24931,26822,33989,35366,25595,28559,18833,23501,5823,9833,3345,3298,5963,6137,6557,7788,8289,10129,9809,11031,10419,11463,12841,16137,5410,9054,199997,117074,27263,7940,72601,9102,3539,25,18
2021-05-19T23:59:59+02:00,3,8,5886,5938,12024,12592,14384,16511,23985,26011,33365,34770,25486,28469,18797,23445,5816,9821,3269,3225,5801,5967,6367,7550,8014,9850,9507,10652,10107,11049,12763,15992,5408,9046,194322,115173,27225,7745,72587,8482,3152,25,18
2021-05-18T23:59:59+02:00,3,7,5716,5829,11623,12270,13761,16012,22830,25062,32700,34164,25370,28334,18751,23395,5811,9812,3226,3197,5691,5861,6207,7392,7809,9640,9314,10415,9940,10801,12619,15773,5399,9037,189372,114048,26720,7677,72543,7791,2790,25,18
2021-05-17T23:59:59+02:00,3,6,5663,5784,11460,12163,13490,15790,22018,24428,32392,33850,25291,28275,18729,23365,5802,9803,3132,3127,5514,5682,6041,7186,7602,9422,9096,10178,9853,10679,12561,15710,5396,9032,187610,113339,26023,7671,72150,6682,2504,25,18
2021-05-16T23:59:59+02:00,3,6,5636,5764,11399,12108,13405,15710,21410,23881,31778,33321,25250,28232,18719,23350,5801,9803,3128,3105,5500,5613,6014,7127,7574,9320,9064,10094,9838,10660,12558,15707,5396,9032,186844,113230,24480,7665,71733,6327,2494,25,17
2021-05-15T23:59:59+02:00,3,6,5627,5755,11366,12099,13376,15700,21337,23810,31245,32947,25239,28227,18718,23347,5800,9802,3114,3090,5481,5571,6000,7052,7534,9205,8832,9840,9805,10629,12524,15656,5396,9031,186795,113225,24468,7527,71087,5965,2029,25,17
2021-05-14T23:59:59+02:00,3,6,5587,5730,11303,12061,13304,15635,20926,23499,30815,32602,25203,28182,18707,23330,5800,9800,3082,3050,5445,5482,5979,6918,7494,9003,8772,9646,9735,10520,12438,15531,5396,9027,186072,113057,24149,7199,70219,5220,2028,25,17
2021-05-13T23:59:59+02:00,3,6,5431,5574,10924,11766,12590,15048,18746,21758,29272,31141,24973,27938,18640,23258,5798,9797,3071,3017,5421,5443,5962,6861,7470,8933,8729,9587,9522,10279,12241,15234,5391,9018,182127,112707,20359,6393,68139,5052,2013,25,17
2021-05-12T23:59:59+02:00,2,6,5402,5547,10852,11708,12489,14960,18624,21634,28909,30777,24882,27843,18623,23229,5797,9792,3071,3013,5415,5437,5952,6847,7446,8918,8690,9533,9339,10050,12012,14914,5388,9011,181179,112427,19723,5536,68136,5046,2013,25,17
2021-05-11T23:59:59+02:00,2,6,5266,5444,10607,11463,12124,14587,18017,20999,27979,29811,24689,27655,18565,23155,5792,9777,3029,2972,5326,5282,5853,6664,7316,8679,8531,9311,9160,9859,11866,14727,5379,8993,177120,111401,18836,5429,68004,4150,1953,25,17
2021-05-10T23:59:59+02:00,2,5,5142,5366,10394,11268,11866,14333,17692,20667,27559,29404,24580,27548,18527,23108,5784,9773,2960,2919,5209,5165,5740,6562,7193,8538,8404,9204,9056,9735,11776,14599,5376,8985,175120,110872,18148,5418,67780,3172,1945,25,17
2021-05-09T23:59:59+02:00,2,5,5069,5318,10295,11155,11767,14216,17352,20386,27169,29031,24494,27462,18498,23072,5781,9770,2893,2888,5063,5122,5565,6519,7026,8509,8278,9169,9044,9725,11758,14579,5376,8985,174726,110796,16873,5408,67288,2351,1930,25,17
2021-05-08T23:59:59+02:00,2,5,5068,5317,10293,11151,11767,14216,17348,20384,27166,29028,24494,27462,18498,23072,5781,9770,2893,2887,5062,5122,5565,6519,7026,8509,8276,9169,9043,9724,11758,14579,5376,8985,174709,110793,16873,5408,67285,2348,1930,25,17
2021-05-07T23:59:59+02:00,2,5,5034,5291,10225,11098,11639,14092,16948,20109,26530,28470,24446,27411,18481,23038,5774,9741,2883,2879,5045,5112,5554,6500,7014,8498,8268,9158,9037,9716,11747,14557,5368,8958,173878,110778,16869,5396,65761,2305,1801,25,17
2021-05-06T23:59:59+02:00,1,5,4764,5130,9763,10755,11081,13578,15865,19091,24127,26187,23948,26887,18375,22936,5769,9727,2841,2835,4978,5037,5514,6409,6931,8379,8138,9010,8937,9606,11723,14507,5365,8955,168861,110242,14421,5340,62894,1779,1790,23,17
2021-05-05T23:59:59+02:00,1,5,4687,5053,9470,10526,10742,13252,15285,18486,23286,25227,23687,26563,18306,22830,5759,9709,2821,2799,4928,4950,5455,6288,6847,8213,8014,8795,8832,9475,11646,14423,5364,8947,165202,109306,13118,5335,62744,1354,1787,23,17
2021-05-04T23:59:59+02:00,1,5,4603,4962,9296,10322,10535,13011,14898,18088,22745,24663,23474,26290,18234,22751,5751,9696,2812,2765,4900,4875,5422,6170,6793,8073,7921,8641,8729,9365,11572,14365,5362,8944,162949,108810,11999,5325,62587,792,1767,23,17
2021-05-03T23:59:59+02:00,1,5,4531,4888,9104,10185,10358,12836,14615,17842,22336,24248,23335,26141,18207,22704,5751,9690,2736,2695,4813,4801,5346,6085,6697,7967,7740,8476,8643,9279,11533,14316,5359,8939,161445,108590,11998,5322,62495,682,816,23,17
2021-05-02T23:59:59+02:00,1,5,4518,4874,9027,10127,10233,12723,14289,17534,22034,23962,23285,26083,18188,22679,5750,9689,2730,2688,4753,4768,5256,6001,6560,7838,7623,8376,8597,9239,11509,14282,5357,8934,160557,108476,11995,5320,62391,665,35,23,17
2021-05-01T23:59:59+02:00,1,5,4518,4872,9025,10126,10232,12723,14286,17531,22032,23962,23284,26082,18188,22679,5750,9689,2730,2688,4753,4768,5256,6001,6559,7838,7623,8376,8597,9239,11509,14282,5357,8934,160541,108476,11995,5319,62391,665,35,23,17
2021-04-30T23:59:59+02:00,0,5,4446,4781,8783,9913,9970,12480,13804,17106,21191,23194,23158,25946,18172,22651,5747,9686,2727,2686,4743,4761,5247,5967,6547,7808,7589,8339,8593,9237,11508,14279,5355,8933,156952,108451,11994,5317,62062,534,2,23,17
2021-04-29T23:59:59+02:00,0,5,4297,4638,8302,9505,9273,11877,12804,16210,19353,21519,22455,25190,18034,22442,5741,9669,2704,2665,4702,4689,5204,5893,6488,7702,7513,8222,8484,9123,11443,14203,5349,8924,147798,107971,11980,5045,61512,275,2,22,17
2021-04-28T23:59:59+02:00,0,5,4264,4619,8231,9431,9197,11791,12686,16091,19136,21305,22367,25098,18006,22401,5739,9664,2701,2654,4676,4630,5177,5849,6458,7628,7464,8140,8467,9099,11427,14181,5348,8918,147419,107779,11890,4973,60699,50,1,22,16
2021-04-27T23:59:59+02:00,0,5,4224,4573,8093,9292,9084,11640,12542,15922,18688,20808,22139,24840,17941,22324,5736,9655,2698,2650,4674,4626,5167,5841,6445,7609,7432,8103,8409,9020,11346,14101,5344,8915,146694,107524,10811,4801,59979,42,1,21,14
2021-04-26T23:59:59+02:00,0,5,4182,4545,7987,9197,8938,11535,12368,15749,18277,20444,22005,24694,17906,22296,5736,9654,2698,2648,4670,4623,5163,5831,6430,7589,7400,8075,8361,8972,11291,14023,5341,8898,145926,107419,10676,4545,58895,37,0,21,14
2021-04-25T23:59:59+02:00,0,5,4168,4530,7951,9167,8874,11473,12234,15619,17932,20114,21806,24457,17866,22241,5732,9649,2698,2648,4669,4622,5161,5827,6425,7586,7398,8071,8305,8913,11268,13995,5341,8897,144548,107398,10665,4378,58584,36,0,21,14
2021-04-24T23:59:59+02:00,0,5,4162,4522,7936,9163,8859,11463,12186,15589,17874,20076,21790,24444,17864,22236,5732,9649,2697,2648,4669,4622,5161,5827,6425,7586,7398,8071,8305,8913,11268,13995,5341,8897,144452,107398,10665,4378,58412,35,0,21,14
2021-04-23T23:59:59+02:00,0,5,4142,4489,7879,9100,8776,11362,11846,15264,17441,19679,21576,24211,17802,22159,5730,9641,2694,2646,4666,4619,5154,5820,6411,7577,7375,8040,8284,8886,11260,13987,5339,8894,143192,107386,10318,4220,57571,34,0,21,14
2021-04-22T23:59:59+02:00,0,5,4093,4424,7747,8908,8591,11103,11520,14845,16528,18695,21006,23507,17668,21979,5721,9622,2685,2640,4661,4599,5131,5794,6369,7541,7306,7994,8150,8732,11118,13835,5335,8885,139461,106769,10195,3967,56286,27,0,20,14
2021-04-21T23:59:59+02:00,0,5,4051,4381,7645,8789,8435,10945,11227,14566,15795,17939,20628,23059,17596,21874,5716,9609,2677,2629,4643,4580,5115,5773,6357,7526,7281,7973,8101,8671,11081,13796,5333,8883,136554,106492,10066,3891,55624,25,0,16,13
2021-04-20T23:59:59+02:00,0,5,4025,4355,7610,8737,8358,10865,11065,14392,15362,17463,20167,22545,17496,21722,5708,9598,2670,2620,4634,4567,5090,5753,6329,7502,7241,7934,8007,8539,11007,13709,5329,8879,134412,105923,9801,3852,55244,24,0,16,13
2021-04-19T23:59:59+02:00,0,5,3994,4305,7549,8633,8266,10726,10908,14211,15109,17169,19689,21981,17331,21508,5697,9586,2665,2619,4628,4563,5077,5738,6310,7485,7216,7890,7954,8485,10981,13663,5326,8874,132353,105590,9447,3849,54851,24,0,16,13
2021-04-18T23:59:59+02:00,0,5,3976,4276,7489,8582,8160,10599,10649,13969,14618,16630,19260,21473,17209,21322,5693,9580,2665,2619,4628,4563,5077,5738,6309,7482,7214,7889,7950,8482,10979,13659,5325,8871,129942,105569,9377,3847,54155,23,0,16,13
2021-04-17T23:59:59+02:00,0,5,3972,4268,7469,8576,8150,10581,10607,13923,14508,16542,19139,21349,17187,21294,5691,9578,2665,2619,4627,4561,5072,5733,6295,7477,7189,7866,7904,8436,10960,13636,5324,8871,129503,105560,9368,3641,53952,23,0,16,13
2021-04-16T23:59:59+02:00,0,5,3961,4225,7397,8454,8047,10424,10413,13662,13839,15783,18572,20706,17062,21119,5680,9561,2662,2616,4622,4556,5068,5721,6278,7466,7151,7831,7598,8049,10870,13498,5316,8855,126662,104770,9308,3353,52924,23,0,16,13
2021-04-15T23:59:59+02:00,0,4,3917,4171,7285,8324,7881,10186,10079,13272,13110,14925,17764,19840,16820,20797,5667,9540,2661,2608,4610,4540,5055,5691,6248,7431,7082,7763,7043,7412,10754,13346,5312,8844,123011,103150,9150,3218,51405,21,0,16,13
2021-04-14T23:59:59+02:00,0,3,3890,4142,7219,8218,7775,10036,9905,13073,12692,14479,17239,19229,16669,20588,5662,9527,2628,2589,4592,4509,5026,5644,6213,7398,7025,7702,6414,6664,10492,13061,5308,8836,121624,100856,8917,3218,49789,16,0,16,13
2021-04-13T23:59:59+02:00,0,3,3887,4136,7182,8202,7718,10003,9797,13021,12319,14187,16550,18383,16433,20288,5658,9521,2604,2562,4572,4484,5002,5611,6154,7330,6936,7601,6203,6415,9929,12413,5300,8817,120935,98696,8699,3211,47638,16,0,16,12
2021-04-12T23:59:59+02:00,0,3,3873,4118,7130,8156,7662,9935,9689,12919,12072,13974,16107,17866,16246,20074,5653,9518,2575,2551,4506,4442,4895,5542,6040,7254,6818,7502,5460,5596,9481,11877,5260,8775,120601,95345,8664,3203,45714,16,0,16,12
2021-04-11T23:59:59+02:00,0,3,3860,4111,7089,8104,7604,9891,9596,12841,11834,13767,15543,17179,15971,19733,5648,9508,2499,2468,4377,4320,4741,5409,5877,7102,6667,7396,5158,5235,9350,11718,5260,8771,120016,93169,8236,3154,44014,15,0,16,12
2021-04-10T23:59:59+02:00,0,3,3842,4092,7050,8057,7560,9835,9536,12782,11742,13682,15326,16988,15922,19665,5647,9501,1942,1901,3558,3600,3867,4644,4872,6182,5812,6611,4885,4929,9222,11565,5254,8762,119552,84427,8236,3154,43426,15,0,16,12
2021-04-09T23:59:59+02:00,0,3,3822,4072,7012,8028,7496,9779,9383,12654,11415,13397,14144,15458,15481,19135,5635,9491,1083,1074,2203,2409,2360,3274,3089,4541,4194,5150,4204,4197,8976,11213,5230,8733,117659,68754,8234,3151,40496,15,0,16,12
2021-04-08T23:59:59+02:00,0,3,3796,4056,6951,7975,7393,9685,9197,12535,11011,13043,13012,14204,15073,18614,5616,9461,582,585,1286,1704,1454,2344,1989,3458,2812,3764,2962,2799,8178,10240,5090,8513,116418,54588,8154,3148,37037,14,0,16,12
2021-04-07T23:59:59+02:00,0,3,3749,4031,6873,7921,7300,9616,9070,12405,10701,12736,12285,13436,14856,18349,5610,9442,351,368,935,1359,1050,1959,1479,2997,1868,2758,1779,1514,7275,9103,4936,8254,115457,44817,8003,3148,34908,10,0,15,12
2021-04-06T23:59:59+02:00,0,3,3733,4019,6851,7883,7245,9549,8977,12325,10490,12518,11900,12941,14635,18052,5599,9428,344,354,927,1349,1035,1938,1452,2969,1809,2699,1700,1448,6868,8551,4786,8017,114178,43080,7904,3147,34053,9,0,13,12
2021-04-05T23:59:59+02:00,0,3,3729,4018,6840,7871,7233,9539,8958,12296,10425,12459,11789,12796,14537,17960,5597,9425,342,348,916,1345,1029,1930,1442,2949,1788,2665,1647,1395,6642,8251,4664,7835,113842,42023,7883,3146,33737,9,0,13,12
2021-04-04T23:59:59+02:00,0,3,3729,4018,6838,7865,7232,9538,8955,12296,10415,12454,11786,12792,14534,17959,5597,9425,342,347,916,1345,1028,1928,1441,2948,1786,2662,1644,1390,6635,8238,4659,7832,113837,41977,7882,3145,33704,9,0,13,12
2021-04-03T23:59:59+02:00,0,3,3729,4018,6838,7864,7231,9538,8955,12296,10414,12454,11786,12791,14532,17957,5597,9425,342,346,914,1341,1026,1927,1440,2943,1784,2662,1639,1378,6592,8157,4624,7797,113833,41748,7882,3145,33700,9,0,13,12
2021-04-02T23:59:59+02:00,0,3,3727,4016,6836,7861,7225,9532,8943,12289,10398,12438,11659,12677,14489,17900,5593,9417,340,344,912,1334,1020,1916,1425,2918,1744,2623,1544,1292,5830,7259,4192,7235,113710,39086,7877,2823,33403,9,0,13,12
2021-04-01T23:59:59+02:00,0,2,3688,4004,6802,7839,7183,9502,8891,12250,10328,12368,11321,12271,14116,17391,5589,9404,335,341,896,1319,1008,1897,1393,2872,1685,2559,1421,1199,4901,6157,3642,6414,113327,35202,6478,2818,33131,9,0,13,12
2021-03-31T23:59:59+02:00,0,2,3682,4000,6787,7820,7167,9484,8856,12218,10242,12297,10991,11867,13773,16898,5583,9383,332,338,888,1311,998,1882,1373,2844,1635,2524,1356,1147,4329,5493,3296,5956,112755,32938,5482,2745,32800,9,0,13,12
2021-03-30T23:59:59+02:00,0,2,3664,3976,6751,7782,7110,9418,8768,12114,10080,12142,10733,11590,13550,16632,5577,9369,328,332,882,1301,991,1876,1350,2838,1609,2498,1330,1121,4211,5371,3236,5864,111934,32569,5232,2550,32079,9,0,13,12
2021-03-29T23:59:59+02:00,0,2,3655,3954,6725,7760,7070,9365,8672,12019,9899,11935,10301,11122,13177,16166,5560,9336,323,328,878,1291,985,1868,1342,2827,1593,2489,1305,1107,4078,5228,3139,5734,110263,31953,4924,2544,31518,8,0,13,12
2021-03-28T23:59:59+02:00,0,2,3614,3899,6610,7603,6953,9225,8545,11826,9747,11746,10090,10862,13001,15980,5555,9326,323,328,878,1291,983,1867,1341,2827,1592,2487,1296,1104,4045,5186,3113,5709,109891,31911,4660,2442,30020,7,0,13,12
2021-03-27T23:59:59+01:00,0,2,3613,3888,6598,7538,6924,9111,8496,11655,9695,11592,9976,10739,12907,15892,5554,9326,323,327,878,1291,983,1864,1341,2825,1588,2486,1294,1102,4019,5151,3100,5694,109882,31808,4660,2441,28951,7,0,13,12
2021-03-26T23:59:59+01:00,0,2,3607,3880,6570,7501,6895,9038,8448,11543,9604,11464,9927,10676,12861,15838,5547,9306,318,325,877,1288,979,1852,1338,2804,1567,2473,1269,1086,3839,4930,2994,5541,109826,31063,4440,2400,28428,7,0,13,12
2021-03-25T23:59:59+01:00,0,2,3584,3849,6479,7374,6803,8874,8257,11311,9295,11148,9549,10294,12558,15523,5542,9297,318,324,875,1280,976,1841,1325,2791,1543,2454,1243,1067,3606,4688,2744,5207,109453,29866,4233,2400,26040,6,0,13,12
2021-03-24T23:59:59+01:00,0,2,3530,3798,6392,7189,6683,8648,8090,11076,9070,10824,9134,9807,12141,15064,5531,9287,318,323,874,1277,971,1839,1317,2787,1527,2438,1235,1057,3541,4615,2563,4987,108943,29256,4097,2400,23213,3,0,13,12
2021-03-23T23:59:59+01:00,0,2,3512,3765,6343,7133,6608,8590,7972,10947,8822,10591,8714,9338,11690,14545,5522,9272,318,323,873,1267,966,1830,1312,2778,1523,2431,1211,1032,3449,4539,2371,4673,108131,28483,4004,2400,21218,3,0,13,12
2021-03-22T23:59:59+01:00,0,2,3504,3745,6300,7104,6574,8543,7906,10871,8673,10455,8435,8985,11387,14220,5486,9233,316,318,867,1257,958,1823,1305,2767,1514,2421,1200,1023,3421,4504,2352,4640,107461,28274,4001,2399,19948,3,0,13,12
2021-03-21T23:59:59+01:00,0,2,3502,3743,6296,7093,6557,8527,7887,10852,8617,10398,8316,8868,11317,14118,5484,9230,314,317,858,1254,951,1816,1296,2765,1510,2417,1196,1020,3412,4489,2338,4631,107376,28172,4000,2399,19418,3,0,13,12
2021-03-20T23:59:59+01:00,0,2,3494,3705,6288,7022,6542,8390,7862,10668,8573,10262,8238,8782,11279,14079,5484,9230,314,317,858,1254,951,1816,1295,2765,1510,2415,1196,1020,3412,4488,2338,4630,107344,28168,3788,2398,18755,3,0,13,12
2021-03-19T23:59:59+01:00,0,2,3481,3676,6262,6940,6518,8297,7817,10551,8460,10102,7701,8176,11096,13838,5474,9212,311,316,853,1247,934,1806,1272,2734,1460,2370,1112,953,2749,3700,1928,4062,105733,25396,3489,2398,18368,3,0,13,12
2021-03-18T23:59:59+01:00,0,2,3470,3658,6221,6899,6485,8236,7754,10466,8345,9973,6746,7084,10817,13538,5464,9187,310,316,850,1242,928,1797,1253,2726,1435,2351,1075,936,2542,3461,1772,3841,102722,24424,3332,2398,18278,3,0,13,12
2021-03-17T23:59:59+01:00,0,2,3433,3620,6150,6815,6432,8133,7664,10339,8215,9815,6067,6245,10531,13235,5447,9161,309,316,843,1238,924,1785,1239,2704,1417,2327,1039,914,2423,3337,1693,3732,99960,23829,3331,2398,18000,3,0,13,12
2021-03-16T23:59:59+01:00,0,2,3415,3591,6111,6762,6387,8060,7611,10275,8125,9714,5891,6069,9839,12452,5408,9098,302,307,829,1222,912,1776,1233,2685,1404,2319,1025,895,2211,3099,1560,3538,97741,22908,3321,2396,17735,3,0,13,12
2021-03-15T23:59:59+01:00,0,2,3378,3559,6015,6683,6258,7968,7469,10156,7996,9589,5139,5236,9397,11905,5365,9028,301,306,826,1218,911,1769,1231,2672,1395,2310,1012,883,2069,2927,1474,3445,94235,22342,3314,2395,17581,2,0,13,12
2021-03-14T23:59:59+01:00,0,2,3253,3412,5739,6337,5982,7607,7157,9742,7712,9276,4806,4845,9240,11708,5361,9018,301,306,826,1218,910,1769,1229,2671,1393,2307,1010,881,2066,2924,1471,3444,91844,22322,3259,2392,16081,2,0,13,12
2021-03-13T23:59:59+01:00,0,2,2599,2750,4799,5469,4964,6678,5962,8624,6697,8333,4493,4462,8857,11189,5271,8910,301,306,825,1216,910,1764,1226,2669,1392,2307,1010,880,2042,2888,1441,3409,81158,22182,3259,2392,15629,2,0,13,12
2021-03-12T23:59:59+01:00,0,2,1773,1929,3462,4319,3458,5346,4216,6985,5063,6827,3828,3759,7610,9642,4771,8231,297,303,823,1212,904,1757,1218,2650,1366,2290,964,855,1694,2427,1173,3058,62352,20587,3256,2392,15600,2,0,13,12
2021-03-11T23:59:59+01:00,0,2,1273,1452,2559,3580,2554,4407,3123,5896,3701,5443,2653,2482,5918,7533,4008,7057,292,294,807,1203,891,1734,1200,2621,1341,2244,927,835,1537,2198,1050,2870,45078,19641,3254,2392,15296,2,0,13,11
2021-03-10T23:59:59+01:00,0,2,1049,1234,2192,3220,2180,4016,2672,5456,2798,4476,1525,1285,4570,5817,3453,6289,282,284,789,1184,869,1698,1167,2548,1303,2178,902,815,1358,2008,954,2697,34073,18740,3254,2285,14894,2,0,13,11
2021-03-09T23:59:59+01:00,0,2,1033,1207,2126,3079,2115,3901,2587,5322,2715,4350,1491,1255,4495,5744,3414,6232,278,277,775,1163,852,1670,1142,2508,1285,2150,888,803,1281,1884,883,2587,33669,18174,3251,2241,14135,2,0,13,11
2021-03-08T23:59:59+01:00,0,2,1012,1176,2069,2980,2075,3819,2528,5209,2659,4278,1453,1235,4349,5586,3313,6091,278,273,770,1155,850,1661,1134,2500,1278,2134,864,782,1115,1659,760,2423,32980,17389,3251,2237,13590,1,0,13,11
2021-03-07T23:59:59+01:00,0,2,1007,1157,2030,2937,2033,3778,2488,5144,2618,4241,1448,1232,4342,5578,3311,6091,278,273,770,1155,850,1661,1134,2500,1277,2134,861,782,1106,1649,752,2412,32950,17389,3245,2196,13229,0,0,13,11
2021-03-06T23:59:59+01:00,0,2,1007,1153,2019,2923,2021,3759,2472,5117,2600,4220,1435,1222,4308,5534,3297,6079,278,273,770,1155,850,1660,1134,2500,1277,2134,861,782,1106,1649,752,2411,32806,17388,3244,2195,13105,0,0,13,11
2021-03-05T23:59:59+01:00,0,2,1003,1149,2004,2903,1991,3736,2429,5065,2547,4183,1399,1194,4042,5209,3147,5858,277,270,763,1148,845,1653,1131,2491,1274,2124,847,778,1098,1640,751,2409,32067,17295,2913,2195,12868,0,0,13,11
2021-03-04T23:59:59+01:00,0,2,909,1002,1917,2775,1923,3599,2353,4911,2457,4025,1369,1173,3802,4950,2883,5509,277,268,761,1143,843,1645,1130,2480,1270,2117,818,764,1088,1629,744,2397,30821,17193,2909,2172,11816,0,0,13,11
2021-03-03T23:59:59+01:00,0,2,863,895,1852,2679,1853,3494,2284,4795,2383,3941,1357,1160,3692,4845,2661,5237,276,266,760,1134,840,1627,1124,2438,1260,2091,801,760,1080,1611,737,2390,30149,17167,2793,2019,11038,0,0,13,11
2021-03-02T23:59:59+01:00,0,2,818,820,1755,2555,1768,3370,2192,4671,2322,3863,1322,1138,3563,4710,2458,4892,276,265,759,1128,837,1624,1120,2433,1256,2081,799,758,1066,1590,726,2371,29426,17062,2604,2018,10176,0,0,13,11
2021-03-01T23:59:59+01:00,0,2,795,781,1655,2411,1697,3226,2092,4499,2242,3742,1304,1126,3512,4647,2414,4830,276,264,755,1124,836,1612,1116,2421,1251,2071,793,756,1061,1579,719,2364,29173,16971,2520,2018,9269,0,0,13,11
2021-02-28T23:59:59+01:00,0,2,789,758,1636,2345,1670,3154,2069,4399,2228,3675,1298,1120,3502,4633,2400,4820,275,263,755,1123,836,1607,1116,2419,1251,2066,790,754,1053,1566,715,2354,29067,16949,2518,1985,8900,0,0,13,11
2021-02-27T23:59:59+01:00,0,2,774,741,1614,2285,1653,3043,2050,4273,2207,3579,1295,1117,3502,4631,2399,4819,275,263,755,1123,836,1606,1116,2419,1251,2065,790,754,1053,1566,715,2353,29063,16947,2517,1984,8391,0,0,13,11
2021-02-26T23:59:59+01:00,0,2,646,660,1509,2172,1601,2884,1987,4036,2106,3343,1205,1046,2852,3838,1974,4237,275,263,754,1121,835,1605,1116,2417,1249,2062,788,749,1035,1553,705,2337,26275,16873,2517,1982,7293,0,0,13,11
2021-02-25T23:59:59+01:00,0,2,496,580,1390,2070,1534,2756,1926,3907,2006,3232,1156,1014,2622,3568,1810,3994,258,248,729,1097,793,1537,1069,2319,1176,1971,731,728,1004,1516,693,2309,25210,16780,2490,1389,6350,0,0,13,11
2021-02-24T23:59:59+01:00,0,2,466,549,1321,1957,1461,2612,1856,3754,1929,3083,1118,984,2483,3431,1731,3875,229,235,702,1052,768,1475,1040,2259,1122,1921,704,705,958,1487,682,2279,24559,16594,2479,1015,5561,0,0,13,11
2021-02-23T23:59:59+01:00,0,2,410,509,1239,1817,1387,2466,1779,3543,1858,2961,1093,950,2280,3203,1606,3689,224,229,687,1029,757,1436,1018,2216,1097,1880,695,693,949,1473,679,2275,23638,16509,2469,819,4672,0,0,13,11
2021-02-22T23:59:59+01:00,0,2,397,476,1140,1706,1285,2369,1670,3437,1777,2890,1072,937,2139,3031,1521,3594,213,220,665,978,726,1373,993,2122,1053,1799,652,661,880,1397,643,2219,23066,16321,2465,264,3899,0,0,13,11
2021-02-21T23:59:59+01:00,0,2,378,460,1039,1674,1133,2345,1515,3414,1675,2872,1064,935,2138,3030,1521,3594,186,214,634,970,715,1365,979,2117,1048,1797,649,658,877,1393,635,2212,23037,16190,2465,250,3274,0,0,13,11
2021-02-20T23:59:59+01:00,0,2,378,458,1038,1674,1132,2345,1513,3412,1675,2870,1064,934,2137,3030,1520,3593,185,212,631,970,712,1364,973,2114,1046,1797,649,658,877,1393,635,2212,23030,16169,2464,250,3268,0,0,13,11
2021-02-19T23:59:59+01:00,0,2,373,449,1026,1670,1122,2335,1500,3394,1643,2855,1014,906,1766,2524,1223,3211,164,202,605,966,694,1356,956,2112,1040,1795,646,657,875,1393,634,2211,21292,16047,2464,250,3244,0,0,13,11
2021-02-18T23:59:59+01:00,0,2,353,429,986,1588,1084,2248,1447,3276,1602,2765,984,883,1593,2281,1094,3007,144,191,566,955,674,1344,922,2096,1016,1775,635,638,854,1365,620,2190,20312,15726,2464,250,2833,0,0,13,11
2021-02-17T23:59:59+01:00,0,2,330,376,902,1446,977,2048,1313,3022,1490,2545,947,853,1404,2069,993,2830,138,184,554,924,648,1293,889,2018,966,1699,601,606,847,1339,615,2171,19239,15233,2464,250,1831,0,0,13,11
2021-02-16T23:59:59+01:00,0,2,324,338,858,1308,925,1859,1252,2797,1424,2384,936,836,1341,1973,926,2734,132,171,540,881,633,1239,863,1955,936,1657,591,596,825,1308,602,2111,18869,14917,2463,114,872,0,0,13,11
2021-02-15T23:59:59+01:00,0,2,308,298,830,1277,908,1803,1212,2713,1386,2328,908,804,1164,1741,797,2558,123,163,519,853,615,1177,839,1882,913,1580,570,559,807,1271,593,2069,17958,14450,2462,74,604,0,0,13,11
2021-02-14T23:59:59+01:00,0,2,308,298,829,1277,907,1803,1210,2713,1386,2328,908,804,1164,1741,797,2558,123,163,518,846,611,1172,833,1876,909,1577,569,559,805,1270,592,2066,17957,14406,2462,74,601,0,0,13,11
2021-02-13T23:59:59+01:00,0,2,308,298,829,1277,907,1800,1210,2711,1386,2326,908,804,1164,1741,797,2558,123,163,518,846,611,1172,831,1873,907,1573,567,559,790,1250,580,2050,17950,14404,2462,0,601,0,0,13,11
2021-02-12T23:59:59+01:00,0,2,304,297,819,1272,903,1770,1204,2683,1358,2297,906,802,1163,1738,797,2558,123,163,516,843,610,1165,825,1861,901,1560,564,557,776,1239,574,2037,17941,14305,2462,0,457,0,0,13,11
2021-02-11T23:59:59+01:00,0,2,285,288,804,1237,897,1736,1188,2617,1336,2242,871,789,1153,1726,796,2548,121,149,498,802,588,1100,791,1761,878,1500,551,543,752,1204,560,2006,17829,13795,2461,0,212,0,0,13,11
2021-02-10T23:59:59+01:00,0,2,282,282,785,1199,884,1706,1176,2571,1321,2200,866,787,1138,1710,791,2532,117,140,433,720,547,1008,715,1641,826,1420,537,527,738,1184,550,1978,17805,13083,2356,0,58,0,0,13,0
2021-02-09T23:59:59+01:00,0,2,282,279,781,1185,873,1690,1162,2552,1307,2176,851,782,1124,1693,780,2516,100,121,378,633,495,878,636,1444,737,1233,485,449,617,1023,482,1738,17709,11451,2310,0,3,0,0,13,0
2021-02-08T23:59:59+01:00,0,2,282,278,779,1180,873,1683,1160,2548,1301,2167,845,779,1108,1671,763,2495,90,99,334,543,443,779,547,1237,632,1069,410,375,535,836,389,1432,17593,9752,2307,0,1,0,0,13,0
2021-02-07T23:59:59+01:00,0,2,281,277,777,1179,872,1683,1160,2547,1301,2164,839,777,1106,1668,762,2493,88,98,332,538,441,775,545,1228,628,1064,405,370,514,813,383,1418,17568,9642,2307,0,0,0,0,13,0
2021-02-06T23:59:59+01:00,0,2,281,276,777,1178,872,1682,1160,2547,1301,2163,838,776,1104,1662,761,2491,88,97,332,535,440,774,544,1224,626,1063,401,365,466,744,355,1373,17552,9429,2306,0,0,0,0,13,0
2021-02-05T23:59:59+01:00,0,2,281,276,777,1177,871,1681,1159,2546,1300,2160,831,770,1081,1652,754,2475,82,95,324,529,424,756,518,1191,597,1022,378,338,446,721,341,1333,17474,9096,2306,0,0,0,0,13,0
2021-02-04T23:59:59+01:00,0,2,278,269,774,1156,859,1659,1146,2518,1286,2136,809,757,1053,1622,747,2459,68,77,254,408,329,591,402,963,484,820,305,274,335,577,277,1114,17234,7278,2283,0,0,0,0,13,0
2021-02-03T23:59:59+01:00,0,2,277,264,770,1135,857,1633,1139,2468,1273,2106,790,743,1036,1599,738,2445,54,54,168,279,255,440,282,714,360,581,209,194,237,424,194,837,17138,5282,2124,0,0,0,0,13,0
2021-02-02T23:59:59+01:00,0,2,276,259,766,1127,852,1611,1130,2444,1261,2089,786,736,1027,1588,736,2437,35,34,91,138,147,251,171,446,232,364,135,124,160,255,136,539,16990,3258,2124,0,0,0,0,13,0
2021-02-01T23:59:59+01:00,0,2,274,256,761,1108,844,1590,1125,2414,1257,2056,778,723,1020,1578,732,2424,11,12,14,26,25,62,44,88,69,100,49,45,57,73,39,178,16806,892,2124,0,0,0,0,12,0
2021-01-31T23:59:59+01:00,0,2,268,254,745,1106,836,1579,1115,2403,1246,2047,772,717,1010,1561,725,2411,10,12,13,25,23,59,38,83,62,92,46,45,53,66,36,165,16771,828,2014,0,0,0,0,12,0
2021-01-30T23:59:59+01:00,0,2,268,254,745,1106,835,1579,1115,2403,1246,2047,771,717,1010,1560,725,2410,10,10,13,25,23,59,38,83,61,90,45,44,52,66,36,164,16768,819,2013,0,0,0,0,12,0
2021-01-29T23:59:59+01:00,0,2,268,254,745,1105,835,1579,1115,2403,1246,2046,770,716,1009,1558,725,2408,9,5,12,24,23,58,36,81,60,90,44,43,52,66,36,164,16761,803,2011,0,0,0,0,12,0
2021-01-28T23:59:59+01:00,0,2,264,249,733,1080,800,1524,1078,2343,1170,1989,729,702,980,1538,709,2386,4,0,3,6,9,23,18,36,20,45,21,22,23,44,15,97,16582,386,1682,0,0,0,0,12,0
2021-01-27T23:59:59+01:00,0,2,258,242,710,1048,752,1468,1021,2262,1097,1908,694,675,966,1517,706,2379,3,0,3,4,6,19,14,22,13,32,6,9,10,9,4,27,16133,181,1560,0,0,0,0,12,0
2021-01-26T23:59:59+01:00,0,2,234,233,693,1024,744,1418,1001,2188,1070,1843,682,661,943,1501,696,2360,3,0,1,4,5,9,12,12,6,11,3,5,6,7,1,16,16082,101,1199,0,0,0,0,12,0
2021-01-25T23:59:59+01:00,0,2,202,218,641,950,692,1295,959,2042,1012,1708,634,606,866,1406,653,2287,3,0,1,4,5,9,12,12,6,11,3,5,6,7,1,16,15856,101,305,0,0,0,0,12,0
2021-01-24T23:59:59+01:00,0,2,185,212,615,938,673,1281,941,2026,997,1698,627,600,856,1386,644,2274,3,0,1,4,5,9,11,12,5,11,3,5,6,7,1,16,15683,99,260,0,0,0,0,12,0
2021-01-23T23:59:59+01:00,0,2,185,212,615,938,673,1281,941,2026,997,1698,627,600,856,1386,644,2274,3,0,1,4,5,9,9,12,5,11,3,5,6,7,1,16,15683,97,260,0,0,0,0,12,0
2021-01-22T23:59:59+01:00,0,2,138,194,557,928,655,1267,907,2016,986,1687,622,599,855,1386,644,2274,3,0,0,4,5,9,9,12,5,11,3,5,6,7,1,16,15445,96,260,0,0,0,0,12,0
2021-01-21T23:59:59+01:00,0,2,133,186,542,905,634,1226,874,1962,964,1639,611,578,843,1355,637,2255,3,0,0,4,4,9,9,12,5,11,3,5,6,7,1,15,15074,94,260,0,0,0,0,12,0
2021-01-20T23:59:59+01:00,0,2,128,170,495,839,611,1150,811,1852,928,1567,590,561,825,1332,627,2227,3,0,0,4,4,9,9,12,5,11,3,5,6,7,1,15,14445,94,258,0,0,0,0,12,0
2021-01-19T23:59:59+01:00,0,2,115,149,422,752,545,1020,726,1653,823,1402,544,507,723,1172,554,1978,3,0,0,4,4,8,9,12,5,11,3,5,6,7,1,15,12884,93,191,0,0,0,0,12,0
2021-01-18T23:59:59+01:00,0,2,97,117,353,599,454,848,596,1392,697,1196,477,441,639,1015,487,1711,1,0,0,1,0,0,0,0,0,0,0,0,0,1,0,0,11028,3,81,0,0,0,0,12,0
2021-01-17T23:59:59+01:00,0,2,93,115,349,594,453,843,594,1373,689,1187,472,432,612,986,471,1670,1,0,0,1,0,0,0,0,0,0,0,0,0,1,0,0,10842,3,81,0,0,0,0,12,0
2021-01-16T23:59:59+01:00,0,2,93,112,347,586,450,838,583,1360,678,1175,457,418,517,860,410,1573,0,0,0,1,0,0,0,0,0,0,0,0,0,0,0,0,10445,1,2,0,0,0,0,12,0
2021-01-15T23:59:59+01:00,0,2,92,110,342,584,444,833,577,1353,661,1159,441,400,509,848,402,1550,0,0,0,0,0,0,0,0,0,0,0,0,0,0,0,0,10295,0,0,0,0,0,0,12,0
2021-01-14T23:59:59+01:00,0,0,75,88,285,482,366,671,460,1100,541,977,363,320,399,694,332,1320,0,0,0,0,0,0,0,0,0,0,0,0,0,0,0,0,8461,0,0,0,0,0,0,12,0
2021-01-13T23:59:59+01:00,0,0,61,65,201,364,290,499,347,818,415,696,253,224,291,519,250,1014,0,0,0,0,0,0,0,0,0,0,0,0,0,0,0,0,6296,0,0,0,0,0,0,11,0
2021-01-12T23:59:59+01:00,0,0,40,42,121,215,177,309,206,526,276,430,159,142,186,336,171,682,0,0,0,0,0,0,0,0,0,0,0,0,0,0,0,0,4018,0,0,0,0,0,0,0,0
2021-01-11T23:59:59+01:00,0,0,11,14,41,57,41,90,59,119,91,127,65,58,83,103,49,223,0,0,0,0,0,0,0,0,0,0,0,0,0,0,0,0,1231,0,0,0,0,0,0,0,0
2021-01-10T23:59:59+01:00,0,0,11,14,29,47,34,72,50,110,78,117,57,54,77,93,46,209,0,0,0,0,0,0,0,0,0,0,0,0,0,0,0,0,1098,0,0,0,0,0,0,0,0
2021-01-09T23:59:59+01:00,0,0,11,13,26,46,34,72,49,109,76,114,56,53,76,92,45,208,0,0,0,0,0,0,0,0,0,0,0,0,0,0,0,0,1080,0,0,0,0,0,0,0,0
2021-01-08T23:59:59+01:00,0,0,7,6,26,41,32,69,46,107,75,113,53,49,71,87,41,208,0,0,0,0,0,0,0,0,0,0,0,0,0,0,0,0,1031,0,0,0,0,0,0,0,0
2021-01-07T23:59:59+01:00,0,0,5,1,9,20,15,36,28,77,33,77,32,27,47,74,28,162,0,0,0,0,0,0,0,0,0,0,0,0,0,0,0,0,671,0,0,0,0,0,0,0,0
2021-01-06T23:59:59+01:00,0,0,5,0,4,8,10,28,25,43,19,47,26,24,34,51,19,120,0,0,0,0,0,0,0,0,0,0,0,0,0,0,0,0,463,0,0,0,0,0,0,0,0
2021-01-05T23:59:59+01:00,0,0,5,0,4,8,10,28,25,43,19,47,26,24,34,50,19,120,0,0,0,0,0,0,0,0,0,0,0,0,0,0,0,0,462,0,0,0,0,0,0,0,0
2021-01-04T23:59:59+01:00,0,0,4,0,1,3,4,9,13,12,5,11,3,5,6,8,1,17,0,0,0,0,0,0,0,0,0,0,0,0,0,0,0,0,102,0,0,0,0,0,0,0,0
2021-01-03T23:59:59+01:00,0,0,3,0,1,3,4,9,12,12,5,11,3,5,6,8,1,16,0,0,0,0,0,0,0,0,0,0,0,0,0,0,0,0,99,0,0,0,0,0,0,0,0
2021-01-02T23:59:59+01:00,0,0,3,0,1,3,4,9,10,12,5,11,3,5,6,8,1,16,0,0,0,0,0,0,0,0,0,0,0,0,0,0,0,0,97,0,0,0,0,0,0,0,0
2021-01-01T23:59:59+01:00,0,0,3,0,0,3,4,9,10,12,5,11,3,5,6,7,1,16,0,0,0,0,0,0,0,0,0,0,0,0,0,0,0,0,95,0,0,0,0,0,0,0,0
2020-12-31T23:59:59+01:00,0,0,3,0,0,3,4,9,9,12,5,11,3,5,6,7,1,16,0,0,0,0,0,0,0,0,0,0,0,0,0,0,0,0,94,0,0,0,0,0,0,0,0
2020-12-30T23:59:59+01:00,0,0,3,0,0,3,4,9,9,12,5,11,3,5,6,7,1,16,0,0,0,0,0,0,0,0,0,0,0,0,0,0,0,0,94,0,0,0,0,0,0,0,0
2020-12-29T23:59:59+01:00,0,0,3,0,0,3,4,8,9,12,5,11,3,5,6,7,1,16,0,0,0,0,0,0,0,0,0,0,0,0,0,0,0,0,93,0,0,0,0,0,0,0,0
2020-12-28T23:59:59+01:00,0,0,3,0,0,3,4,8,9,12,5,11,3,5,6,7,1,16,0,0,0,0,0,0,0,0,0,0,0,0,0,0,0,0,93,0,0,0,0,0,0,0,0
2020-12-27T23:59:59+01:00,0,0,1,0,0,0,0,0,0,0,0,0,0,0,1,3,0,7,0,0,0,0,0,0,0,0,0,0,0,0,0,0,0,0,12,0,0,0,0,0,0,0,0
