Datum,<24_1_m,<24_1_w,25-34_1_m,25-34_1_w,35-44_1_m,35-44_1_w,45-54_1_m,45-54_1_w,55-64_1_m,55-64_1_w,65-74_1_m,65-74_1_w,75-84_1_m,75-84_1_w,>84_1_m,>84_1_w,<24_2_m,<24_2_w,25-34_2_m,25-34_2_w,35-44_2_m,35-44_2_w,45-54_2_m,45-54_2_w,55-64_2_m,55-64_2_w,65-74_2_m,65-74_2_w,75-84_2_m,75-84_2_w,>84_2_m,>84_2_w,bp_1,bp_2,mo_1,mo_2,az_1,az_2,ja
2021-06-08T23:59:59+02:00,9257,9457,17067,17041,22140,23525,33411,34630,36558,37654,25451,28714,17649,22392,4884,8454,4759,4957,7848,8195,8672,10463,11456,14050,14828,16669,14823,16987,13701,17609,4530,7823,226121,142148,40042,10100,76354,19355,5767
2021-06-07T23:59:59+02:00,9075,9240,16813,16809,21863,23260,33232,34448,36464,37555,25427,28671,17634,22371,4879,8453,4691,4899,7715,8096,8542,10345,11283,13899,14556,16351,14623,16743,13571,17462,4528,7819,224601,141106,39750,10050,76346,18470,5497
2021-06-06T23:59:59+02:00,8976,9138,16684,16684,21700,23081,33076,34288,36421,37524,25411,28660,17628,22360,4879,8451,4665,4863,7673,8025,8499,10251,11198,13793,14380,16178,14452,16567,13490,17357,4524,7814,223745,140644,39452,10040,76332,17613,5432
2021-06-05T23:59:59+02:00,8949,9121,16660,16657,21692,23078,33067,34282,36419,37523,25410,28660,17627,22359,4879,8451,4653,4814,7660,7961,8485,10113,11182,13615,14362,16093,14416,16514,13483,17347,4524,7814,223633,140564,39452,10040,76331,17014,5418
2021-06-04T23:59:59+02:00,8832,9017,16377,16417,21240,22655,32855,34098,36312,37416,25378,28624,17617,22347,4877,8450,4644,4804,7634,7935,8458,10085,11109,13537,14259,15960,14343,16430,13451,17311,4524,7812,222096,140240,38685,9712,76313,16926,5418
2021-06-03T23:59:59+02:00,8550,8762,15481,15603,19616,21264,32031,33270,35871,37003,25260,28505,17582,22301,4871,8436,4579,4764,7555,7861,8337,9983,10940,13351,13705,15407,14155,16209,13391,17232,4524,7805,215699,138190,37124,9674,76304,16655,5279
2021-06-02T23:59:59+02:00,8390,8584,15094,15187,19164,20853,31602,32843,35706,36809,25202,28451,17564,22277,4869,8435,4546,4727,7487,7772,8253,9895,10788,13219,13235,14919,14079,16099,13374,17202,4521,7802,212754,136425,36696,9581,76304,16636,5276
2021-06-01T23:59:59+02:00,8068,8304,14719,14893,18830,20533,31289,32529,35511,36605,25152,28382,17542,22252,4867,8424,4425,4629,7248,7595,8020,9702,10526,12929,12808,14467,13694,15685,13280,17082,4516,7794,210060,134340,36658,9328,76283,15833,4899
2021-05-31T23:59:59+02:00,7897,8100,14506,14662,18111,19935,30965,32206,35219,36352,25077,28295,17519,22201,4858,8413,4333,4515,7058,7362,7795,9421,10181,12572,12362,13953,13181,15082,13122,16892,4507,7787,208678,131217,34617,9011,76267,15141,4754
2021-05-30T23:59:59+02:00,7870,8083,14462,14630,18038,19880,30912,32168,35196,36332,25063,28282,17518,22196,4857,8411,4276,4423,6921,7162,7639,9194,9964,12254,12129,13637,13069,14929,13071,16827,4506,7781,208396,130504,34606,8911,76216,13687,4680
2021-05-29T23:59:59+02:00,7867,8082,14455,14624,18032,19876,30907,32165,35194,36330,25061,28278,17518,22196,4857,8411,4266,4406,6889,7129,7603,9142,9931,12198,12055,13546,13025,14864,13047,16808,4505,7776,208367,130362,34606,8911,76201,13238,4679
2021-05-28T23:59:59+02:00,7858,8068,14438,14605,18016,19856,30897,32154,35185,36314,25060,28273,17516,22194,4857,8411,4250,4374,6866,7090,7572,9088,9868,12079,11796,13285,12861,14673,13021,16785,4503,7773,208218,129077,34605,8910,76201,13219,4678
2021-05-27T23:59:59+02:00,7756,7964,14144,14390,17554,19512,30262,31648,35041,36197,25019,28239,17503,22184,4856,8405,4101,4188,6580,6840,7209,8783,9357,11492,11083,12377,12363,14159,12922,16638,4498,7765,207188,125607,33172,8584,76166,12016,4148
2021-05-26T23:59:59+02:00,7670,7835,13937,14178,17298,19209,29725,31142,34884,36050,24987,28196,17490,22164,4855,8400,3995,4027,6354,6556,6924,8370,9001,11019,10441,11588,11839,13589,12817,16464,4495,7747,205609,122078,32435,8403,76154,10923,3822
2021-05-25T23:59:59+02:00,7582,7728,13735,13965,17006,18974,29042,30530,34802,35959,24968,28176,17479,22149,4850,8399,3929,3924,6219,6386,6770,8176,8781,10727,10078,11209,11525,13128,12725,16339,4493,7739,204911,120266,31010,8267,75672,9864,3751
2021-05-24T23:59:59+02:00,7493,7620,13571,13760,16771,18696,28642,30106,34486,35588,24925,28116,17460,22130,4850,8397,3914,3893,6162,6305,6726,8092,8722,10637,9958,11060,11401,12956,12685,16264,4488,7729,204412,119665,28821,8234,75664,9379,3714
2021-05-23T23:59:59+02:00,7490,7619,13566,13751,16768,18686,28621,30095,34453,35547,24924,28109,17460,22126,4850,8397,3910,3889,6154,6295,6718,8085,8693,10604,9916,10995,11318,12856,12669,16242,4488,7729,204284,119660,28807,7821,75663,9372,3708
2021-05-22T23:59:59+02:00,7481,7614,13554,13736,16759,18681,28619,30094,34450,35541,24924,28108,17460,22126,4850,8397,3908,3888,6152,6293,6717,8080,8689,10603,9910,10992,11308,12843,12663,16238,4488,7729,204219,119619,28807,7821,75660,9353,3708
2021-05-21T23:59:59+02:00,7407,7540,13405,13631,16580,18530,28339,29917,34060,35289,24905,28080,17452,22118,4849,8395,3897,3876,6119,6272,6691,8048,8651,10555,9825,10909,10815,12145,12556,16117,4485,7725,203547,117909,28682,7818,74630,9321,3638
2021-05-20T23:59:59+02:00,7060,7299,12804,13225,15306,17573,26290,28250,33426,34794,24806,27937,17410,22049,4843,8383,3829,3813,6033,6157,6581,7895,8483,10400,9577,10578,10506,11721,12469,15977,4479,7714,198859,115977,26954,7749,72131,8975,3511
2021-05-19T23:59:59+02:00,6819,7019,12281,12762,14547,16866,25393,27431,32859,34266,24721,27852,17377,22005,4839,8374,3736,3723,5872,5992,6387,7649,8202,10110,9272,10197,10210,11335,12413,15852,4477,7707,193249,114091,26916,7554,72117,8360,3129
2021-05-18T23:59:59+02:00,6612,6880,11874,12436,13896,16353,24229,26456,32287,33736,24620,27741,17337,21962,4834,8366,3684,3688,5759,5884,6223,7485,7999,9897,9078,9965,10036,11069,12299,15681,4467,7700,188360,112991,26414,7485,72075,7668,2770
2021-05-17T23:59:59+02:00,6552,6829,11699,12325,13610,16119,23405,25789,32013,33482,24560,27691,17314,21934,4827,8360,3574,3591,5577,5714,6063,7288,7793,9671,8869,9741,9957,10963,12252,15623,4464,7698,186614,112304,25727,7478,71684,6572,2484
2021-05-16T23:59:59+02:00,6521,6806,11636,12271,13518,16030,22722,25187,31486,33022,24525,27655,17307,21919,4826,8360,3568,3563,5563,5653,6037,7224,7766,9580,8838,9658,9946,10950,12249,15621,4464,7698,185857,112197,24194,7472,71266,6235,2474
2021-05-15T23:59:59+02:00,6508,6797,11604,12260,13487,16020,22652,25117,30959,32648,24518,27653,17306,21916,4825,8359,3552,3546,5547,5609,6023,7149,7725,9456,8612,9421,9910,10908,12221,15584,4464,7697,185808,112196,24182,7338,70624,5875,2015
2021-05-14T23:59:59+02:00,6467,6766,11538,12222,13414,15947,22214,24788,30569,32340,24493,27612,17294,21902,4825,8357,3516,3502,5511,5514,6004,7015,7683,9236,8556,9255,9827,10782,12151,15483,4464,7696,185098,112033,23866,7012,69770,5136,2014
2021-05-13T23:59:59+02:00,6286,6583,11148,11919,12660,15354,19906,22929,29219,31022,24315,27430,17235,21843,4824,8354,3502,3466,5489,5471,5986,6958,7654,9168,8516,9198,9588,10512,11994,15238,4460,7688,181226,111687,20112,6232,67690,4970,1999
2021-05-12T23:59:59+02:00,6252,6554,11074,11857,12555,15258,19778,22802,28823,30622,24263,27379,17222,21817,4823,8349,3502,3462,5482,5465,5977,6943,7627,9148,8478,9146,9377,10250,11817,14984,4457,7682,180262,111414,19480,5420,67687,4964,1999
2021-05-11T23:59:59+02:00,6093,6439,10837,11602,12183,14877,19135,22131,27942,29712,24120,27233,17176,21750,4818,8334,3455,3410,5395,5309,5876,6758,7488,8907,8316,8934,9195,10046,11698,14821,4448,7668,176284,110396,18602,5314,67559,4077,1937
2021-05-10T23:59:59+02:00,5950,6343,10625,11400,11928,14627,18804,21772,27544,29340,24026,27144,17139,21708,4814,8331,3374,3345,5283,5199,5761,6649,7366,8770,8193,8834,9087,9913,11620,14709,4446,7661,174312,109871,17919,5303,67335,3107,1929
2021-05-09T23:59:59+02:00,5870,6280,10526,11293,11819,14506,18434,21452,27197,29007,23951,27064,17111,21682,4812,8328,3298,3312,5137,5157,5585,6609,7208,8739,8075,8802,9079,9901,11604,14694,4446,7661,173922,109796,16652,5294,66843,2302,1915
2021-05-08T23:59:59+02:00,5868,6278,10525,11291,11819,14506,18431,21450,27195,29005,23951,27064,17111,21682,4812,8328,3298,3311,5136,5157,5585,6609,7208,8739,8073,8802,9078,9900,11604,14694,4446,7661,173907,109793,16652,5294,66842,2299,1915
2021-05-07T23:59:59+02:00,5830,6251,10447,11230,11693,14385,17969,21128,26632,28492,23917,27027,17098,21647,4805,8301,3284,3303,5127,5151,5576,6597,7195,8725,8067,8794,9072,9890,11594,14669,4438,7637,173089,109779,16650,5293,65329,2263,1784
2021-05-06T23:59:59+02:00,5538,6057,9951,10872,11141,13880,16790,20045,24298,26206,23547,26655,17010,21561,4800,8291,3232,3258,5068,5072,5532,6508,7111,8602,7945,8658,8975,9786,11574,14628,4435,7635,168119,109262,14257,5239,62493,1745,1773
2021-05-05T23:59:59+02:00,5444,5959,9634,10645,10815,13537,16171,19397,23491,25277,23326,26370,16952,21475,4792,8277,3211,3218,5019,4980,5473,6381,7020,8435,7821,8457,8876,9648,11511,14560,4434,7627,164481,108341,12966,5233,62345,1327,1770
2021-05-04T23:59:59+02:00,5341,5854,9464,10443,10606,13287,15771,18973,22962,24732,23134,26130,16895,21417,4784,8268,3201,3175,4991,4910,5437,6260,6970,8295,7737,8307,8779,9544,11450,14516,4432,7625,162262,107882,11858,5225,62192,773,1749
2021-05-03T23:59:59+02:00,5252,5767,9276,10308,10433,13099,15464,18719,22571,24324,23014,26007,16871,21378,4784,8263,3116,3097,4903,4838,5370,6168,6869,8191,7551,8142,8711,9466,11413,14476,4429,7621,160764,107667,11857,5222,62100,663,809
2021-05-02T23:59:59+02:00,5235,5751,9193,10247,10301,12977,15098,18382,22321,24077,22968,25963,16858,21353,4783,8262,3106,3090,4835,4800,5276,6076,6725,8060,7455,8058,8666,9430,11394,14444,4427,7616,159884,107558,11854,5220,61997,646,34
2021-05-01T23:59:59+02:00,5235,5749,9190,10246,10300,12977,15095,18379,22319,24077,22967,25962,16858,21353,4783,8262,3106,3090,4835,4800,5276,6076,6725,8060,7455,8058,8666,9430,11394,14444,4427,7616,159867,107558,11854,5220,61997,646,34
2021-04-30T23:59:59+02:00,5153,5642,8931,10024,10048,12737,14567,17916,21505,23322,22900,25880,16842,21329,4781,8259,3102,3088,4826,4790,5267,6044,6712,8024,7424,8030,8665,9428,11394,14442,4425,7615,156312,107537,11854,5218,61669,520,1
2021-04-29T23:59:59+02:00,4976,5468,8415,9598,9364,12143,13472,16916,19724,21698,22290,25213,16743,21162,4776,8244,3074,3058,4787,4723,5223,5962,6651,7922,7348,7917,8554,9312,11335,14379,4419,7609,147241,107060,11840,4947,61120,265,1
2021-04-28T23:59:59+02:00,4937,5445,8339,9521,9287,12055,13353,16777,19516,21508,22213,25125,16721,21127,4774,8241,3069,3039,4760,4671,5195,5914,6621,7846,7298,7843,8540,9288,11322,14359,4418,7604,146864,106870,11752,4876,60322,40,1
2021-04-27T23:59:59+02:00,4882,5381,8202,9389,9181,11905,13189,16598,19073,20997,22010,24904,16672,21067,4771,8234,3066,3033,4758,4669,5188,5905,6607,7829,7265,7807,8469,9194,11260,14296,4414,7601,146147,106620,10690,4707,59617,33,1
2021-04-26T23:59:59+02:00,4830,5343,8093,9300,9043,11797,12985,16415,18678,20632,21891,24771,16651,21049,4771,8234,3066,3031,4754,4665,5183,5899,6594,7811,7238,7779,8419,9145,11215,14227,4411,7589,145386,106543,10555,4455,58542,28,0
2021-04-25T23:59:59+02:00,4815,5327,8054,9267,8977,11732,12831,16278,18334,20286,21715,24560,16618,21006,4767,8229,3066,3031,4753,4665,5179,5895,6591,7808,7234,7774,8364,9081,11193,14205,4411,7588,144018,106521,10545,4290,58233,27,0
2021-04-24T23:59:59+02:00,4808,5319,8038,9262,8963,11723,12778,16245,18279,20248,21702,24551,16616,21001,4767,8229,3065,3031,4753,4665,5179,5895,6591,7808,7234,7774,8364,9081,11193,14205,4411,7588,143923,106521,10545,4290,58061,26,0
2021-04-23T23:59:59+02:00,4787,5281,7980,9193,8871,11621,12385,15878,17884,19862,21514,24358,16559,20932,4766,8222,3063,3029,4749,4662,5170,5887,6579,7797,7209,7741,8345,9057,11187,14198,4409,7585,142670,106510,10198,4132,57225,25,0
2021-04-22T23:59:59+02:00,4727,5200,7854,8995,8664,11351,12046,15431,16922,18809,21012,23761,16459,20786,4758,8210,3053,3021,4744,4643,5145,5862,6535,7759,7145,7698,8211,8900,11065,14062,4406,7579,138959,105906,10079,3903,55947,19,0
2021-04-21T23:59:59+02:00,4679,5148,7748,8870,8501,11194,11723,15125,16145,17971,20717,23428,16411,20697,4753,8200,3041,3008,4729,4628,5126,5841,6525,7744,7121,7678,8159,8837,11034,14027,4404,7578,136069,105634,9950,3828,55291,18,0
2021-04-20T23:59:59+02:00,4654,5119,7711,8815,8416,11110,11552,14945,15661,17448,20306,22947,16333,20578,4746,8189,3034,2998,4722,4615,5098,5821,6499,7724,7079,7639,8052,8694,10979,13957,4400,7575,133931,105075,9687,3793,54912,18,0
2021-04-19T23:59:59+02:00,4621,5054,7651,8716,8316,10965,11392,14759,15377,17132,19847,22388,16196,20401,4735,8181,3029,2997,4717,4608,5085,5807,6482,7708,7054,7593,7992,8631,10961,13924,4398,7572,131875,104749,9331,3791,54525,18,0
2021-04-18T23:59:59+02:00,4600,5024,7589,8659,8201,10828,11094,14499,14894,16568,19441,21915,16098,20244,4733,8177,3029,2997,4717,4608,5085,5807,6481,7705,7051,7591,7990,8627,10958,13921,4398,7569,129471,104727,9262,3789,53831,18,0
2021-04-17T23:59:59+02:00,4595,5016,7570,8652,8191,10809,11050,14450,14781,16468,19325,21805,16080,20221,4732,8176,3029,2997,4715,4606,5080,5803,6465,7697,7028,7568,7942,8581,10942,13901,4397,7569,129035,104720,9255,3582,53631,18,0
2021-04-16T23:59:59+02:00,4579,4961,7494,8527,8094,10646,10814,14169,14085,15677,18812,21209,15979,20090,4726,8168,3026,2994,4709,4601,5077,5791,6445,7687,6977,7515,7646,8206,10863,13782,4390,7556,126198,103953,9206,3294,52626,18,0
2021-04-15T23:59:59+02:00,4528,4896,7375,8392,7920,10394,10467,13738,13287,14774,18057,20404,15795,19823,4712,8155,3025,2986,4699,4584,5064,5760,6413,7651,6893,7428,7090,7568,10793,13690,4386,7546,122554,102399,9051,3161,51112,16,0
2021-04-14T23:59:59+02:00,4498,4856,7309,8282,7815,10249,10278,13527,12847,14293,17553,19812,15676,19666,4708,8142,2987,2965,4682,4549,5038,5719,6377,7615,6838,7368,6362,6688,10657,13551,4382,7539,121181,100144,8817,3161,49513,12,0
2021-04-13T23:59:59+02:00,4494,4848,7265,8265,7761,10215,10163,13469,12421,13949,16877,18964,15505,19443,4704,8136,2963,2935,4664,4525,5009,5681,6319,7545,6744,7267,6146,6420,10197,12989,4375,7525,120505,98138,8599,3154,47375,12,0
2021-04-12T23:59:59+02:00,4477,4830,7214,8214,7706,10142,10045,13365,12142,13686,16446,18457,15362,19282,4699,8133,2932,2920,4589,4482,4908,5610,6208,7473,6600,7146,5360,5558,9817,12523,4348,7488,120173,94804,8564,3146,45463,12,0
2021-04-11T23:59:59+02:00,4460,4821,7170,8162,7651,10096,9946,13277,11883,13450,15851,17745,15156,19021,4695,8125,2847,2828,4451,4358,4768,5485,6033,7305,6459,7045,5040,5189,9719,12394,4348,7484,119598,92643,8137,3099,43774,11,0
2021-04-10T23:59:59+02:00,4438,4796,7132,8115,7603,10044,9881,13218,11795,13350,15631,17557,15120,18968,4694,8120,2204,2192,3622,3657,3905,4694,4990,6365,5687,6332,4783,4895,9616,12262,4342,7476,119137,83912,8137,3099,43188,11,0
2021-04-09T23:59:59+02:00,4415,4775,7092,8086,7534,9982,9717,13081,11388,12973,14469,16030,14773,18557,4685,8113,1233,1267,2252,2434,2378,3314,3137,4687,4238,4981,4132,4193,9404,11968,4323,7452,117268,68285,8135,3097,40267,11,0
2021-04-08T23:59:59+02:00,4386,4756,7029,8033,7437,9878,9510,12951,10925,12559,13343,14775,14455,18127,4668,8087,649,720,1331,1712,1460,2365,2021,3576,2850,3568,2936,2851,8669,11070,4221,7284,116045,54178,8056,3094,36818,11,0
2021-04-07T23:59:59+02:00,4334,4724,6947,7979,7346,9813,9371,12800,10588,12223,12622,14020,14293,17915,4663,8069,396,471,960,1364,1047,1979,1502,3107,1828,2459,1794,1585,7840,10007,4110,7097,115087,44443,7905,3094,34715,9,0
2021-04-06T23:59:59+02:00,4319,4709,6923,7942,7290,9739,9269,12718,10355,11980,12229,13507,14121,17685,4653,8058,388,455,953,1356,1031,1956,1476,3077,1767,2402,1715,1510,7401,9425,4009,6927,113815,42747,7807,3093,33875,8,0
2021-04-05T23:59:59+02:00,4313,4707,6912,7931,7279,9728,9246,12689,10291,11914,12108,13358,14040,17607,4651,8057,386,450,941,1352,1026,1947,1464,3057,1745,2365,1660,1456,7151,9092,3928,6794,113485,41714,7786,3092,33560,8,0
2021-04-04T23:59:59+02:00,4313,4707,6909,7924,7278,9727,9245,12689,10280,11909,12105,13355,14038,17607,4651,8057,386,449,941,1352,1025,1945,1463,3055,1744,2361,1657,1452,7143,9078,3924,6792,113480,41668,7786,3091,33528,8,0
2021-04-03T23:59:59+02:00,4313,4707,6909,7923,7278,9727,9245,12689,10280,11909,12105,13354,14036,17605,4651,8057,386,448,938,1348,1024,1944,1462,3050,1742,2359,1650,1439,7097,8993,3894,6765,113476,41440,7786,3091,33526,8,0
2021-04-02T23:59:59+02:00,4310,4705,6908,7920,7271,9720,9236,12682,10259,11888,11977,13236,14000,17558,4647,8050,384,445,936,1341,1017,1933,1446,3023,1699,2318,1539,1344,6274,8011,3541,6299,113356,38770,7782,2772,33229,8,0
2021-04-01T23:59:59+02:00,4268,4691,6869,7901,7234,9690,9185,12641,10186,11807,11586,12757,13691,17147,4643,8040,379,440,918,1324,1007,1916,1410,2971,1633,2253,1419,1248,5250,6784,3099,5614,112967,34890,6403,2767,32966,8,0
2021-03-31T23:59:59+02:00,4260,4685,6855,7883,7218,9671,9147,12605,10090,11734,11219,12290,13416,16744,4637,8024,376,437,908,1316,1000,1901,1387,2944,1583,2214,1340,1183,4637,6045,2807,5245,112398,32621,5445,2694,32635,8,0
2021-03-30T23:59:59+02:00,4237,4657,6818,7845,7165,9606,9049,12491,9925,11579,10943,11978,13229,16526,4630,8012,371,431,903,1305,989,1895,1366,2936,1556,2190,1314,1157,4507,5914,2760,5162,111577,32249,5198,2499,31915,8,0
2021-03-29T23:59:59+02:00,4227,4634,6790,7820,7121,9550,8950,12390,9713,11359,10479,11456,12927,16141,4616,7985,366,426,899,1296,983,1887,1355,2925,1538,2181,1291,1141,4364,5744,2675,5060,109911,31631,4890,2493,31357,7,0
2021-03-28T23:59:59+02:00,4174,4567,6678,7664,7007,9410,8822,12192,9559,11174,10258,11173,12775,15994,4613,7977,366,426,899,1296,981,1886,1354,2925,1537,2179,1284,1139,4330,5700,2653,5040,109539,31597,4626,2392,29872,6,0
2021-03-27T23:59:59+01:00,4172,4549,6667,7602,6977,9284,8771,12019,9507,11037,10131,11043,12701,15921,4613,7977,366,426,899,1296,981,1884,1353,2923,1534,2178,1281,1136,4303,5665,2642,5026,109532,31496,4626,2391,28813,6,0
2021-03-26T23:59:59+01:00,4167,4539,6636,7565,6946,9205,8721,11901,9417,10916,10080,10985,12667,15870,4606,7961,362,424,897,1293,977,1871,1347,2900,1516,2170,1253,1117,4115,5427,2548,4893,109476,30753,4406,2351,28300,6,0
2021-03-25T23:59:59+01:00,4141,4497,6544,7434,6845,9035,8521,11666,9110,10598,9685,10575,12409,15612,4602,7953,362,422,895,1286,973,1860,1333,2881,1491,2154,1224,1099,3865,5157,2358,4625,109103,29629,4197,2351,25927,5,0
2021-03-24T23:59:59+01:00,4075,4423,6459,7256,6722,8803,8348,11418,8869,10282,9237,10048,12062,15226,4593,7946,362,421,894,1284,967,1858,1327,2872,1474,2141,1217,1089,3790,5080,2191,4413,108596,29027,4064,2350,23107,3,0
2021-03-23T23:59:59+01:00,4056,4387,6411,7203,6640,8733,8229,11285,8605,10045,8786,9517,11670,14797,4585,7934,362,420,892,1273,962,1851,1322,2862,1471,2129,1191,1071,3695,4990,2035,4165,107793,28338,3970,2350,21120,3,0
2021-03-22T23:59:59+01:00,4042,4367,6375,7170,6606,8688,8156,11206,8449,9885,8473,9147,11407,14517,4559,7899,359,414,887,1261,954,1846,1313,2854,1463,2118,1179,1062,3663,4950,2021,4138,107125,28130,3968,2349,19853,3,0
2021-03-21T23:59:59+01:00,4040,4363,6370,7159,6590,8673,8133,11186,8384,9824,8362,9016,11342,14435,4557,7896,357,413,878,1257,945,1841,1306,2852,1459,2113,1175,1060,3654,4934,2007,4130,107039,28029,3967,2349,19324,3,0
2021-03-20T23:59:59+01:00,4032,4316,6360,7086,6576,8530,8106,10993,8339,9712,8281,8929,11311,14400,4557,7896,357,413,878,1257,945,1841,1305,2852,1459,2111,1175,1060,3654,4932,2007,4130,107008,28025,3754,2348,18662,3,0
2021-03-19T23:59:59+01:00,4019,4281,6333,7003,6550,8436,8056,10879,8203,9526,7745,8334,11158,14196,4549,7883,354,412,872,1249,929,1830,1280,2822,1405,2064,1087,984,2930,4062,1666,3658,105415,25253,3454,2348,18282,3,0
2021-03-18T23:59:59+01:00,4007,4261,6290,6962,6518,8369,7986,10793,8059,9365,6767,7217,10960,13983,4538,7865,353,412,868,1245,922,1822,1263,2812,1380,2043,1045,966,2706,3784,1535,3480,102451,24285,3296,2348,18193,3,0
2021-03-17T23:59:59+01:00,3964,4219,6222,6876,6459,8265,7890,10664,7933,9206,5980,6239,10809,13829,4522,7844,352,412,860,1239,919,1809,1249,2793,1355,2020,1016,942,2571,3647,1475,3388,99701,23696,3295,2348,17925,3,0
2021-03-16T23:59:59+01:00,3944,4183,6184,6822,6411,8198,7831,10592,7845,9113,5795,6031,10209,13142,4488,7792,344,402,847,1223,907,1800,1243,2776,1341,2012,1002,920,2342,3378,1362,3224,97633,22774,3285,2346,17662,3,0
2021-03-15T23:59:59+01:00,3906,4150,6079,6743,6285,8099,7689,10474,7689,8971,5009,5153,9834,12658,4452,7736,343,401,844,1219,906,1792,1240,2764,1333,2003,986,906,2187,3192,1289,3148,94134,22206,3278,2345,17515,2,0
2021-03-14T23:59:59+01:00,3757,3965,5800,6410,6023,7755,7362,10027,7419,8683,4664,4757,9708,12494,4449,7725,343,401,844,1219,905,1792,1238,2763,1331,2000,985,904,2184,3188,1286,3148,91754,22187,3225,2342,16019,2,0
2021-03-13T23:59:59+01:00,3011,3223,4841,5550,5013,6804,6121,8874,6505,7823,4363,4392,9335,11986,4384,7643,343,401,843,1217,904,1787,1237,2761,1330,2000,985,903,2152,3147,1264,3118,81073,22048,3225,2342,15570,2,0
2021-03-12T23:59:59+01:00,2069,2305,3482,4370,3499,5459,4305,7184,5032,6436,3700,3706,8043,10370,3990,7106,339,397,839,1213,900,1781,1230,2742,1303,1982,938,877,1751,2630,1048,2822,62291,20448,3223,2342,15542,2,0
2021-03-11T23:59:59+01:00,1486,1763,2572,3614,2583,4512,3194,6063,3656,5024,2588,2484,6261,8147,3397,6159,334,389,823,1204,887,1757,1211,2712,1279,1941,900,853,1576,2374,946,2661,45036,19503,3221,2342,15246,2,0
2021-03-10T23:59:59+01:00,1237,1517,2199,3242,2199,4120,2727,5634,2675,3950,1494,1298,4902,6402,2956,5554,324,380,808,1186,867,1716,1179,2652,1246,1885,875,834,1386,2154,862,2519,34037,18604,3221,2267,14848,2,0
2021-03-09T23:59:59+01:00,1215,1473,2132,3105,2134,4006,2642,5492,2594,3838,1462,1271,4824,6323,2922,5505,317,371,797,1166,846,1685,1155,2614,1230,1860,860,819,1293,2023,809,2417,33630,18037,3218,2223,14090,2,0
2021-03-08T23:59:59+01:00,1187,1437,2079,3006,2089,3920,2582,5378,2541,3779,1422,1249,4670,6137,2834,5393,317,366,793,1160,843,1676,1148,2606,1219,1841,841,794,1103,1778,707,2278,32938,17249,3218,2220,13547,1,0
2021-03-07T23:59:59+01:00,1180,1417,2038,2962,2048,3877,2543,5309,2504,3752,1416,1246,4664,6129,2831,5393,317,366,793,1160,843,1676,1148,2606,1218,1841,837,794,1095,1767,699,2268,32908,17249,3213,2179,13188,0,0
2021-03-06T23:59:59+01:00,1178,1413,2030,2947,2035,3858,2528,5279,2485,3734,1402,1232,4631,6089,2820,5382,317,366,793,1160,843,1676,1148,2606,1218,1841,837,794,1095,1767,699,2267,32766,17249,3213,2178,13064,0,0
2021-03-05T23:59:59+01:00,1172,1409,2012,2927,2005,3830,2485,5225,2434,3705,1361,1201,4350,5739,2691,5191,315,363,785,1154,839,1669,1145,2598,1215,1833,824,790,1088,1758,698,2265,32027,17161,2883,2178,12827,0,0
2021-03-04T23:59:59+01:00,1069,1242,1926,2808,1937,3691,2409,5058,2346,3569,1330,1179,4089,5448,2486,4909,315,361,783,1149,837,1663,1144,2589,1210,1829,804,783,1078,1746,691,2254,30843,17081,2879,2155,11774,0,0
2021-03-03T23:59:59+01:00,1013,1125,1865,2712,1870,3590,2339,4944,2275,3494,1320,1164,3965,5335,2280,4647,314,356,782,1142,834,1641,1138,2547,1196,1809,791,779,1069,1724,684,2246,30174,17049,2764,2003,11000,0,0
2021-03-02T23:59:59+01:00,960,1037,1773,2588,1780,3469,2253,4820,2211,3423,1292,1145,3823,5184,2118,4369,314,354,781,1136,831,1639,1134,2542,1191,1799,789,776,1054,1701,675,2230,29530,16944,2575,2002,10140,0,0
2021-03-01T23:59:59+01:00,926,973,1677,2453,1708,3326,2151,4650,2142,3315,1273,1135,3768,5113,2080,4316,313,353,778,1133,830,1625,1129,2530,1186,1792,784,773,1046,1689,670,2225,29279,16854,2491,2002,9236,0,0
2021-02-28T23:59:59+01:00,917,944,1659,2389,1679,3247,2131,4558,2128,3249,1268,1131,3758,5098,2066,4307,313,353,778,1132,830,1624,1129,2530,1185,1791,782,771,1037,1674,667,2217,29173,16844,2489,1969,8867,0,0
2021-02-27T23:59:59+01:00,899,922,1638,2324,1664,3135,2108,4422,2109,3173,1266,1130,3758,5096,2065,4306,313,353,778,1132,830,1623,1129,2530,1185,1790,782,771,1037,1674,667,2217,29168,16842,2488,1969,8359,0,0
2021-02-26T23:59:59+01:00,751,833,1547,2205,1611,2980,2044,4165,2005,2958,1173,1056,3045,4219,1709,3821,313,353,776,1131,830,1622,1129,2526,1183,1789,779,766,1017,1657,660,2205,26370,16768,2488,1968,7264,0,0
2021-02-25T23:59:59+01:00,578,745,1446,2098,1544,2855,1977,4032,1911,2848,1122,1029,2794,3904,1571,3626,295,335,747,1106,788,1552,1081,2422,1113,1708,729,749,986,1614,649,2183,25298,16677,2459,1380,6323,0,0
2021-02-24T23:59:59+01:00,541,705,1372,1986,1481,2701,1898,3881,1838,2715,1088,998,2638,3754,1513,3526,264,315,721,1065,766,1489,1048,2361,1063,1663,699,725,946,1581,637,2158,24650,16490,2448,1011,5537,0,0
2021-02-23T23:59:59+01:00,481,655,1289,1842,1413,2547,1815,3675,1776,2604,1064,968,2415,3494,1409,3372,258,306,707,1041,754,1453,1024,2316,1041,1623,690,715,935,1567,636,2154,23730,16405,2438,815,4651,0,0
2021-02-22T23:59:59+01:00,466,616,1185,1731,1307,2455,1715,3564,1694,2543,1045,953,2261,3307,1336,3294,247,291,679,989,726,1386,997,2223,998,1548,653,687,864,1486,605,2104,23153,16219,2434,264,3885,0,0
2021-02-21T23:59:59+01:00,442,597,1076,1701,1156,2431,1562,3542,1601,2527,1041,951,2260,3306,1336,3294,216,284,652,982,715,1377,983,2218,995,1546,650,685,859,1482,599,2097,23124,16089,2434,251,3265,0,0
2021-02-20T23:59:59+01:00,442,596,1075,1701,1155,2431,1561,3541,1601,2525,1041,950,2259,3306,1335,3293,215,282,649,982,712,1376,976,2215,994,1546,650,685,859,1482,599,2097,23118,16068,2433,251,3261,0,0
2021-02-19T23:59:59+01:00,435,586,1066,1698,1144,2421,1549,3524,1570,2507,989,921,1832,2741,1092,2968,192,272,623,978,695,1367,962,2213,988,1545,647,684,857,1482,598,2095,21372,15947,2433,251,3238,0,0
2021-02-18T23:59:59+01:00,414,562,1021,1613,1108,2335,1499,3401,1532,2429,958,896,1632,2470,989,2790,171,260,584,967,670,1356,928,2195,969,1526,636,667,836,1450,590,2084,20385,15638,2433,251,2831,0,0
2021-02-17T23:59:59+01:00,383,496,936,1473,995,2113,1364,3158,1426,2224,925,872,1432,2225,901,2645,164,253,568,932,649,1301,890,2120,923,1452,603,637,830,1427,586,2065,19308,15149,2433,251,1827,0,0
2021-02-16T23:59:59+01:00,375,447,892,1332,942,1918,1296,2938,1365,2076,917,858,1357,2118,848,2558,155,237,556,889,630,1247,866,2056,892,1415,593,624,810,1396,573,2006,18934,14831,2432,114,871,0,0
2021-02-15T23:59:59+01:00,356,403,867,1301,922,1858,1251,2854,1331,2021,892,828,1157,1864,740,2407,146,227,534,859,611,1185,843,1981,868,1340,573,589,792,1357,565,1969,18018,14365,2431,74,603,0,0
2021-02-14T23:59:59+01:00,355,403,866,1301,921,1858,1248,2854,1331,2021,892,828,1157,1864,740,2407,146,226,533,853,606,1180,839,1977,865,1337,571,589,791,1356,565,1966,18016,14326,2431,74,599,0,0
2021-02-13T23:59:59+01:00,355,403,866,1300,921,1855,1248,2852,1331,2019,892,828,1157,1864,740,2407,146,226,533,853,606,1180,837,1973,863,1335,568,589,777,1335,553,1950,18008,14324,2431,0,599,0,0
2021-02-12T23:59:59+01:00,348,402,860,1292,917,1828,1241,2817,1304,1997,892,827,1156,1861,740,2407,146,225,531,850,604,1172,830,1963,859,1321,565,587,763,1323,547,1939,18000,14225,2431,0,458,0,0
2021-02-11T23:59:59+01:00,327,392,846,1257,911,1787,1223,2752,1283,1948,860,813,1146,1850,739,2397,142,206,515,807,581,1107,795,1857,834,1274,555,573,738,1284,534,1913,17888,13715,2430,0,213,0,0
2021-02-10T23:59:59+01:00,324,380,829,1225,900,1758,1214,2709,1273,1918,856,812,1130,1830,734,2381,136,191,453,732,546,1020,727,1742,795,1216,539,558,729,1262,524,1894,17859,13064,2356,0,58,0,0
2021-02-09T23:59:59+01:00,324,376,823,1211,890,1741,1199,2691,1259,1895,842,807,1115,1813,726,2365,117,167,399,645,501,880,647,1552,714,1049,479,468,615,1092,458,1667,17763,11450,2311,0,3,0,0
2021-02-08T23:59:59+01:00,323,375,821,1206,890,1736,1197,2686,1252,1887,837,804,1094,1786,713,2347,103,142,357,559,449,780,556,1328,609,915,403,386,538,893,364,1373,17645,9755,2308,0,1,0,0
2021-02-07T23:59:59+01:00,322,374,819,1205,889,1736,1197,2684,1252,1885,831,802,1092,1782,712,2346,101,141,355,554,447,776,553,1318,605,912,399,383,516,869,360,1359,17620,9648,2308,0,0,0,0
2021-02-06T23:59:59+01:00,322,373,819,1205,889,1735,1197,2684,1252,1884,830,799,1089,1778,712,2344,101,140,355,551,446,774,552,1315,602,911,396,379,465,794,332,1321,17605,9434,2307,0,0,0,0
2021-02-05T23:59:59+01:00,322,373,818,1203,889,1735,1196,2682,1251,1882,822,793,1065,1765,707,2331,93,136,348,544,430,755,528,1278,572,877,374,353,444,768,318,1286,17527,9104,2307,0,0,0,0
2021-02-04T23:59:59+01:00,319,365,813,1181,879,1712,1180,2654,1237,1861,799,777,1038,1735,701,2318,75,105,271,420,332,596,417,1040,464,704,299,287,338,609,258,1080,17285,7295,2284,0,0,0,0
2021-02-03T23:59:59+01:00,318,355,810,1164,877,1680,1173,2603,1219,1838,785,764,1019,1711,694,2305,59,73,183,293,256,447,299,757,342,507,200,204,239,449,183,807,17190,5298,2125,0,0,0,0
2021-02-02T23:59:59+01:00,316,350,806,1155,873,1657,1160,2579,1210,1822,781,758,1009,1699,693,2296,38,43,100,150,151,250,186,485,214,316,131,125,159,268,131,530,17040,3277,2124,0,0,0,0
2021-02-01T23:59:59+01:00,315,345,797,1140,868,1635,1155,2551,1207,1794,772,745,1004,1690,688,2283,13,13,16,27,28,64,48,95,62,89,46,43,56,80,41,177,16865,898,2124,0,0,0,0
2021-01-31T23:59:59+01:00,308,343,782,1138,860,1624,1143,2539,1197,1786,767,739,994,1671,681,2272,12,13,14,26,26,61,41,89,58,82,42,43,52,72,38,166,16830,835,2014,0,0,0,0
2021-01-30T23:59:59+01:00,308,343,782,1138,859,1624,1143,2539,1197,1786,766,739,994,1670,681,2272,12,11,14,26,26,61,40,89,57,80,42,42,51,72,38,165,16827,826,2014,0,0,0,0
2021-01-29T23:59:59+01:00,308,343,782,1138,859,1624,1143,2539,1197,1785,765,737,993,1669,681,2270,11,6,13,26,26,59,38,88,56,80,41,41,51,72,38,165,16820,811,2013,0,0,0,0
2021-01-28T23:59:59+01:00,304,336,766,1113,824,1567,1104,2476,1125,1735,724,726,964,1642,671,2254,4,0,3,9,11,21,17,42,19,39,20,21,23,47,16,99,16643,391,1688,0,0,0,0
2021-01-27T23:59:59+01:00,298,329,737,1075,778,1508,1043,2398,1056,1659,692,698,953,1624,669,2247,3,0,3,6,8,17,12,27,13,28,5,7,10,10,5,26,16198,180,1566,0,0,0,0
2021-01-26T23:59:59+01:00,272,315,722,1051,768,1460,1021,2319,1032,1599,679,687,932,1606,659,2230,3,0,1,6,6,7,11,11,5,12,3,3,6,7,2,16,16147,99,1205,0,0,0,0
2021-01-25T23:59:59+01:00,238,295,665,969,714,1341,979,2166,972,1476,635,634,853,1502,622,2168,3,0,1,6,6,7,11,11,5,12,3,3,6,7,2,16,15923,99,306,0,0,0,0
2021-01-24T23:59:59+01:00,219,284,640,962,697,1326,959,2150,960,1466,627,628,844,1482,613,2156,3,0,1,6,5,7,11,11,4,12,3,3,6,7,2,16,15751,97,262,0,0,0,0
2021-01-23T23:59:59+01:00,219,284,640,962,697,1326,959,2150,960,1466,627,628,844,1482,613,2156,3,0,1,6,5,7,10,11,4,12,3,3,6,7,2,16,15751,96,262,0,0,0,0
2021-01-22T23:59:59+01:00,167,265,587,953,676,1312,929,2138,949,1458,622,627,844,1482,613,2156,3,0,0,6,5,7,10,11,4,12,3,3,6,7,2,16,15516,95,262,0,0,0,0
2021-01-21T23:59:59+01:00,161,254,572,929,654,1272,891,2080,930,1416,615,606,830,1449,608,2141,3,0,0,6,4,7,10,11,4,12,3,3,6,7,2,15,15146,93,262,0,0,0,0
2021-01-20T23:59:59+01:00,152,233,528,861,630,1193,825,1967,897,1353,594,589,813,1426,600,2114,3,0,0,6,4,7,10,11,4,12,3,3,6,7,2,15,14515,93,260,0,0,0,0
2021-01-19T23:59:59+01:00,135,205,449,774,564,1045,739,1771,798,1209,540,525,713,1251,530,1880,3,0,0,6,4,7,10,11,4,12,3,3,6,7,2,15,12936,93,192,0,0,0,0
2021-01-18T23:59:59+01:00,113,166,379,620,470,870,607,1487,676,1035,474,459,636,1078,465,1629,1,0,0,0,0,0,0,0,0,0,0,0,0,1,0,0,11082,2,82,0,0,0,0
2021-01-17T23:59:59+01:00,109,164,375,615,469,863,604,1469,667,1027,471,452,607,1047,451,1585,1,0,0,0,0,0,0,0,0,0,0,0,0,1,0,0,10893,2,82,0,0,0,0
2021-01-16T23:59:59+01:00,109,161,373,607,466,855,593,1455,654,1019,456,438,508,909,391,1500,0,0,0,0,0,0,0,0,0,0,0,0,0,0,0,0,10492,0,2,0,0,0,0
2021-01-15T23:59:59+01:00,107,159,369,605,460,849,587,1446,635,1004,442,422,498,894,384,1479,0,0,0,0,0,0,0,0,0,0,0,0,0,0,0,0,10340,0,0,0,0,0,0
2021-01-14T23:59:59+01:00,83,125,307,498,380,686,472,1185,527,843,359,340,396,735,317,1271,0,0,0,0,0,0,0,0,0,0,0,0,0,0,0,0,8524,0,0,0,0,0,0
2021-01-13T23:59:59+01:00,66,93,220,372,301,517,363,865,397,610,246,239,289,549,237,972,0,0,0,0,0,0,0,0,0,0,0,0,0,0,0,0,6336,0,0,0,0,0,0
2021-01-12T23:59:59+01:00,44,59,132,222,183,310,225,561,252,378,154,146,185,359,164,662,0,0,0,0,0,0,0,0,0,0,0,0,0,0,0,0,4036,0,0,0,0,0,0
2021-01-11T23:59:59+01:00,14,18,45,58,43,91,69,130,77,112,64,56,82,114,48,220,0,0,0,0,0,0,0,0,0,0,0,0,0,0,0,0,1241,0,0,0,0,0,0
2021-01-10T23:59:59+01:00,14,17,33,47,35,73,56,122,70,102,55,52,77,102,45,209,0,0,0,0,0,0,0,0,0,0,0,0,0,0,0,0,1109,0,0,0,0,0,0
2021-01-09T23:59:59+01:00,14,16,30,46,35,73,53,121,69,99,55,51,76,101,43,208,0,0,0,0,0,0,0,0,0,0,0,0,0,0,0,0,1090,0,0,0,0,0,0
2021-01-08T23:59:59+01:00,10,9,30,42,33,69,50,120,68,98,52,46,70,97,40,208,0,0,0,0,0,0,0,0,0,0,0,0,0,0,0,0,1042,0,0,0,0,0,0
2021-01-07T23:59:59+01:00,5,2,10,23,18,35,27,89,32,63,32,27,47,81,27,163,0,0,0,0,0,0,0,0,0,0,0,0,0,0,0,0,681,0,0,0,0,0,0
2021-01-06T23:59:59+01:00,5,0,4,11,13,28,23,50,19,39,26,24,33,56,20,119,0,0,0,0,0,0,0,0,0,0,0,0,0,0,0,0,470,0,0,0,0,0,0
2021-01-05T23:59:59+01:00,5,0,4,11,13,28,23,50,19,39,26,24,33,55,20,119,0,0,0,0,0,0,0,0,0,0,0,0,0,0,0,0,469,0,0,0,0,0,0
2021-01-04T23:59:59+01:00,4,0,1,6,4,7,13,11,4,12,3,3,6,8,2,17,0,0,0,0,0,0,0,0,0,0,0,0,0,0,0,0,101,0,0,0,0,0,0
2021-01-03T23:59:59+01:00,3,0,1,6,4,7,12,11,4,12,3,3,6,8,2,16,0,0,0,0,0,0,0,0,0,0,0,0,0,0,0,0,98,0,0,0,0,0,0
2021-01-02T23:59:59+01:00,3,0,1,6,4,7,11,11,4,12,3,3,6,8,2,16,0,0,0,0,0,0,0,0,0,0,0,0,0,0,0,0,97,0,0,0,0,0,0
2021-01-01T23:59:59+01:00,3,0,0,6,4,7,11,11,4,12,3,3,6,7,2,16,0,0,0,0,0,0,0,0,0,0,0,0,0,0,0,0,95,0,0,0,0,0,0
2020-12-31T23:59:59+01:00,3,0,0,6,4,7,10,11,4,12,3,3,6,7,2,16,0,0,0,0,0,0,0,0,0,0,0,0,0,0,0,0,94,0,0,0,0,0,0
2020-12-30T23:59:59+01:00,3,0,0,6,4,7,10,11,4,12,3,3,6,7,2,16,0,0,0,0,0,0,0,0,0,0,0,0,0,0,0,0,94,0,0,0,0,0,0
2020-12-29T23:59:59+01:00,3,0,0,6,4,7,10,11,4,12,3,3,6,7,2,16,0,0,0,0,0,0,0,0,0,0,0,0,0,0,0,0,94,0,0,0,0,0,0
2020-12-28T23:59:59+01:00,3,0,0,6,4,7,10,11,4,12,3,3,6,7,2,16,0,0,0,0,0,0,0,0,0,0,0,0,0,0,0,0,94,0,0,0,0,0,0
2020-12-27T23:59:59+01:00,1,0,0,0,0,0,0,0,0,0,0,0,1,3,0,7,0,0,0,0,0,0,0,0,0,0,0,0,0,0,0,0,12,0,0,0,0,0,0
