Datum,<24_1_m,<24_1_w,25-34_1_m,25-34_1_w,35-44_1_m,35-44_1_w,45-54_1_m,45-54_1_w,55-64_1_m,55-64_1_w,65-74_1_m,65-74_1_w,75-84_1_m,75-84_1_w,>84_1_m,>84_1_w,<24_2_m,<24_2_w,25-34_2_m,25-34_2_w,35-44_2_m,35-44_2_w,45-54_2_m,45-54_2_w,55-64_2_m,55-64_2_w,65-74_2_m,65-74_2_w,75-84_2_m,75-84_2_w,>84_2_m,>84_2_w,bp_1,bp_2,mo_1,mo_2,az_1,az_2,ja
2021-07-01T23:59:59+02:00,16103,15671,26957,25189,29270,29501,35590,36252,39780,40391,26883,30027,19311,24232,5936,10049,6219,6437,12864,12853,14824,16600,21946,23948,29125,30969,22934,25661,17524,21933,5617,9423,281369,196406,43682,25934,76867,47313,9224
2021-06-30T23:59:59+02:00,15984,15553,26853,25113,29207,29435,35539,36206,39738,40355,26870,29997,19301,24215,5932,10049,6085,6278,12473,12502,14298,16095,21372,23398,28574,30476,22525,25209,17397,21757,5610,9412,280596,192458,43679,25913,76860,45878,9212
2021-06-29T23:59:59+02:00,15315,14963,26619,24909,29117,29337,35461,36128,39672,40309,26849,29974,19294,24202,5932,10047,5978,6157,12231,12260,13942,15741,20603,22797,28015,29963,22088,24696,17250,21586,5602,9404,278432,189552,43676,25416,76852,44177,9168
2021-06-28T23:59:59+02:00,14664,14299,26477,24808,29049,29271,35406,36065,39632,40276,26831,29956,19286,24191,5932,10043,5913,6064,12080,12131,13769,15566,20007,22255,27626,29596,21755,24339,17122,21424,5597,9400,276527,187927,43672,24781,76848,42797,9139
2021-06-27T23:59:59+02:00,14247,13860,26417,24750,29009,29236,35384,36044,39615,40263,26820,29949,19284,24188,5931,10042,5877,6020,11970,12022,13628,15442,19460,21793,27025,29099,21471,23996,16999,21295,5594,9399,275425,187109,43670,23282,76838,41593,9106
2021-06-26T23:59:59+02:00,14236,13849,26402,24740,29002,29231,35378,36043,39612,40262,26819,29948,19284,24188,5931,10042,5872,6017,11959,12019,13622,15439,19447,21783,26980,29064,21326,23868,16959,21240,5593,9397,275355,187085,43669,23278,76838,41117,9105
2021-06-25T23:59:59+02:00,12858,12524,24954,23601,28704,28998,35274,35961,39547,40202,26795,29921,19275,24177,5929,10040,5828,5969,11864,11941,13483,15318,19142,21553,26601,28713,21037,23521,16815,21079,5591,9389,269168,185870,43665,23002,76825,39870,9102
2021-06-24T23:59:59+02:00,11842,11646,23857,22733,28345,28651,35127,35801,39435,40099,26761,29871,19264,24155,5927,10036,5614,5739,11413,11530,12912,14731,17627,20169,24976,27132,20279,22675,16502,20674,5581,9379,264010,180945,43649,19420,76821,37498,9070
2021-06-23T23:59:59+02:00,11453,11308,23372,22374,28105,28414,34949,35676,39349,40015,26731,29845,19256,24118,5925,10025,5541,5627,11202,11316,12615,14382,17241,19764,24231,26370,19500,21942,16311,20430,5573,9363,261466,178604,43643,18816,76814,34996,8992
2021-06-22T23:59:59+02:00,11253,11089,23220,22234,28027,28347,34876,35617,39308,39973,26717,29824,19249,24110,5925,10024,5432,5505,10942,11063,12250,14014,16643,19173,23508,25612,19121,21520,16149,20252,5566,9347,260362,175604,43642,17966,76812,33550,8977
2021-06-21T23:59:59+02:00,10991,10894,22396,21570,27780,28127,34812,35556,39244,39931,26702,29806,19243,24102,5925,10023,5314,5400,10731,10842,11946,13701,16262,18833,23072,25159,18845,21223,16050,20133,5560,9345,257805,174175,43637,16962,76806,32425,8854
2021-06-20T23:59:59+02:00,10923,10805,22155,21356,27527,27930,34734,35481,39199,39887,26693,29793,19241,24098,5923,10020,5274,5346,10649,10742,11853,13601,16071,18649,22802,24923,18744,21118,15997,20075,5554,9341,256546,173874,43635,15910,76805,32176,8779
2021-06-19T23:59:59+02:00,10898,10779,22127,21333,27511,27916,34722,35477,39190,39883,26692,29792,19241,24096,5923,10020,5243,5314,10569,10653,11762,13480,15923,18497,22497,24566,18659,21031,15985,20063,5553,9341,256404,173770,43612,14424,76805,32163,8779
2021-06-18T23:59:59+02:00,10850,10728,21820,21017,27248,27706,34670,35441,39160,39860,26684,29783,19240,24093,5923,10018,5228,5304,10542,10625,11722,13433,15862,18438,22412,24471,18493,20850,15940,19997,5552,9336,255048,173383,43610,14424,76804,31619,8779
2021-06-17T23:59:59+02:00,10263,10295,20556,20064,26392,26979,34301,35119,38909,39673,26620,29704,19220,24057,5916,10014,5032,5168,10170,10377,11290,13038,15191,17831,21059,23167,18041,20367,15778,19826,5548,9321,249318,168136,43592,13854,76792,30834,8380
2021-06-16T23:59:59+02:00,9925,9978,19880,19437,25755,26380,34057,34920,38750,39525,26579,29653,19197,24034,5915,10010,4894,5024,9791,10049,10840,12592,14496,17151,20214,22247,17642,19925,15613,19617,5538,9309,245517,164406,43581,12604,76779,29814,8118
2021-06-15T23:59:59+02:00,9670,9733,19590,19195,25536,26187,33928,34816,38653,39447,26551,29618,19190,24019,5910,10006,4791,4916,9553,9842,10612,12341,14080,16728,19623,21675,17329,19544,15395,19390,5529,9298,243778,162367,43573,11539,76773,28815,7925
2021-06-14T23:59:59+02:00,9536,9609,19296,18940,25364,26045,33810,34737,38592,39409,26535,29598,19184,24008,5910,10003,4722,4855,9379,9706,10445,12208,13826,16519,19310,21386,17167,19394,15294,19262,5528,9294,242609,160945,43571,11538,76769,28185,7627
2021-06-13T23:59:59+02:00,9375,9476,19012,18757,25016,25792,33610,34570,38488,39342,26520,29586,19174,24001,5910,9999,4642,4789,9171,9541,10281,12039,13506,16185,18969,21059,17043,19247,15247,19197,5526,9292,240980,160105,43571,11538,76765,26779,7312
2021-06-12T23:59:59+02:00,9366,9463,18999,18744,25016,25787,33610,34567,38485,39341,26520,29586,19174,24001,5910,9999,4639,4779,9161,9486,10249,11941,13458,16037,18915,20927,16947,19139,15141,19104,5524,9290,240935,160079,43571,11536,76761,25821,7301
2021-06-11T23:59:59+02:00,9205,9283,18769,18537,24225,25123,33434,34414,38353,39229,26488,29552,19164,23978,5910,9994,4562,4664,8948,9232,9993,11650,12945,15495,17952,20038,16762,18946,15101,19060,5521,9287,238058,156105,43570,11535,76758,25244,7272
2021-06-10T23:59:59+02:00,8812,8948,18128,18060,23380,24455,33120,34135,38158,39072,26431,29499,19141,23949,5907,9988,4387,4486,8378,8746,9196,10939,11804,14410,15989,18148,15880,17992,14817,18696,5512,9265,234497,146542,42914,11503,76733,23561,7039
2021-06-09T23:59:59+02:00,8355,8431,17316,17340,22248,23426,32641,33679,37884,38860,26326,29397,19097,23894,5897,9975,4252,4373,8094,8482,8954,10690,11477,14052,15510,17612,15512,17574,14580,18413,5505,9255,230590,144763,41033,11462,76697,21664,6446
2021-06-08T23:59:59+02:00,8029,8110,16856,16925,21834,23063,32400,33488,37721,38731,26282,29356,19087,23871,5894,9970,4134,4291,7842,8231,8652,10348,11126,13707,14874,16920,15061,17053,14318,18138,5500,9237,227895,143088,41001,10358,76689,19954,6032
2021-06-07T23:59:59+02:00,7834,7876,16500,16601,21296,22617,32126,33222,37605,38617,26256,29308,19070,23844,5889,9969,4061,4215,7663,8091,8494,10207,10959,13537,14570,16604,14873,16811,14146,17948,5496,9233,226294,142054,40041,10267,76678,18970,5617
2021-06-06T23:59:59+02:00,7729,7764,16368,16455,21104,22411,31904,32999,37473,38513,26228,29285,19057,23828,5889,9963,4035,4180,7617,7974,8444,10080,10856,13394,14376,16390,14691,16633,14057,17828,5489,9227,225080,141579,39741,10257,76661,17947,5488
2021-06-05T23:59:59+02:00,7707,7750,16339,16427,21097,22408,31894,32993,37471,38512,26227,29285,19056,23827,5889,9963,4025,4141,7602,7909,8431,9947,10842,13223,14358,16285,14654,16578,14048,17818,5489,9226,224970,141498,39741,10257,76660,17347,5474
2021-06-04T23:59:59+02:00,7595,7647,16061,16194,20825,22164,31474,32622,37358,38391,26194,29247,19045,23814,5887,9961,4018,4132,7576,7886,8405,9918,10777,13150,14254,16155,14573,16485,14012,17774,5489,9224,223391,141169,38973,9929,76641,17256,5474
2021-06-03T23:59:59+02:00,7348,7421,15190,15418,19200,20780,30567,31703,36860,37934,26064,29114,19001,23763,5881,9943,3959,4094,7489,7815,8284,9820,10612,12968,13690,15592,14318,16178,13928,17673,5486,9211,216822,138981,37406,9827,76632,16982,5327
2021-06-02T23:59:59+02:00,7213,7280,14809,14994,18773,20384,30112,31267,36640,37681,26000,29051,18982,23736,5878,9942,3929,4064,7425,7730,8197,9732,10474,12839,13245,15163,14196,15996,13901,17636,5483,9206,213808,137207,36978,9734,76632,16951,5324
2021-06-01T23:59:59+02:00,6939,7038,14418,14685,18438,20067,29789,30958,36419,37448,25945,28972,18958,23707,5876,9931,3828,3979,7184,7555,7967,9539,10212,12565,12846,14742,13766,15550,13785,17484,5477,9198,211099,135106,36933,9481,76611,16145,4945
2021-05-31T23:59:59+02:00,6779,6848,14201,14455,17737,19468,29450,30623,36122,37187,25857,28877,18932,23653,5866,9918,3750,3871,6981,7313,7744,9255,9872,12186,12410,14227,13239,14938,13587,17256,5468,9183,209689,131955,34890,9160,76595,15366,4799
2021-05-30T23:59:59+02:00,6757,6834,14156,14418,17660,19411,29400,30584,36091,37164,25845,28865,18929,23646,5865,9916,3707,3800,6835,7109,7597,9029,9670,11878,12155,13887,13119,14771,13519,17173,5465,9176,209396,131242,34879,9059,76541,13864,4725
2021-05-29T23:59:59+02:00,6755,6833,14148,14414,17655,19406,29395,30581,36088,37163,25843,28862,18929,23645,5865,9916,3698,3787,6807,7076,7564,8978,9634,11832,12083,13789,13078,14703,13489,17149,5464,9171,209369,131104,34879,9059,76526,13415,4724
2021-05-28T23:59:59+02:00,6745,6820,14133,14397,17638,19385,29384,30569,36077,37145,25842,28858,18927,23641,5865,9916,3684,3763,6785,7035,7530,8926,9582,11728,11843,13519,12889,14512,13459,17109,5461,9168,209218,129816,34878,9058,76523,13396,4723
2021-05-27T23:59:59+02:00,6657,6740,13865,14180,17157,19041,28709,30032,35918,37014,25796,28824,18912,23627,5864,9910,3561,3603,6498,6785,7156,8625,9088,11173,11139,12629,12341,13955,13330,16918,5454,9156,208152,126331,33446,8730,76481,12183,4167
2021-05-26T23:59:59+02:00,6588,6631,13652,13978,16908,18738,28172,29524,35742,36840,25759,28779,18897,23604,5863,9905,3471,3463,6275,6498,6871,8201,8753,10698,10501,11844,11800,13362,13189,16706,5450,9134,206573,122815,32700,8548,76468,11014,3839
2021-05-25T23:59:59+02:00,6507,6538,13449,13760,16646,18529,27452,28880,35652,36744,25735,28750,18885,23588,5858,9904,3422,3372,6132,6331,6727,8012,8529,10409,10158,11481,11458,12889,13084,16543,5447,9126,205869,120988,31258,8411,75983,9954,3767
2021-05-24T23:59:59+02:00,6438,6442,13276,13561,16426,18249,27049,28458,35314,36349,25683,28684,18866,23565,5857,9902,3409,3350,6074,6249,6682,7931,8470,10314,10086,11386,11285,12661,13038,16453,5439,9105,205361,120376,29054,8365,75975,9462,3729
2021-05-23T23:59:59+02:00,6436,6441,13271,13552,16423,18239,27030,28448,35284,36315,25680,28678,18866,23559,5857,9902,3406,3346,6068,6239,6672,7924,8443,10284,10046,11329,11202,12560,13018,16422,5439,9104,205246,120372,29038,7952,75974,9455,3723
2021-05-22T23:59:59+02:00,6428,6437,13264,13541,16417,18235,27027,28447,35281,36309,25680,28678,18866,23559,5857,9902,3405,3346,6065,6237,6671,7920,8439,10282,10041,11326,11191,12547,13013,16418,5438,9104,205195,120333,29038,7952,75972,9435,3723
2021-05-21T23:59:59+02:00,6369,6377,13113,13435,16245,18085,26759,28271,34854,36042,25654,28642,18858,23553,5856,9898,3396,3337,6032,6216,6642,7887,8400,10233,9987,11277,10682,11837,12874,16259,5435,9099,204510,118589,28913,7949,74936,9403,3652
2021-05-20T23:59:59+02:00,6078,6175,12508,13025,15056,17166,24857,26777,33915,35280,25549,28496,18803,23472,5850,9883,3337,3292,5941,6101,6531,7734,8253,10075,9752,10975,10351,11395,12767,16081,5426,9085,199770,116635,27185,7876,72410,9060,3525
2021-05-19T23:59:59+02:00,5873,5934,11994,12568,14353,16463,23909,25967,33291,34686,25439,28407,18767,23416,5843,9871,3261,3219,5780,5932,6341,7496,7978,9797,9450,10596,10039,10982,12689,15936,5424,9077,194098,114738,27147,7681,72397,8439,3139
2021-05-18T23:59:59+02:00,5705,5823,11597,12245,13730,15967,22754,25021,32625,34082,25322,28272,18721,23366,5838,9861,3219,3191,5669,5827,6180,7338,7772,9587,9256,10362,9873,10734,12545,15718,5414,9068,189153,113617,26645,7612,72355,7748,2776
2021-05-17T23:59:59+02:00,5651,5777,11433,12139,13460,15747,21948,24387,32316,33770,25243,28214,18698,23336,5829,9852,3125,3121,5491,5650,6016,7132,7566,9370,9041,10126,9790,10619,12490,15659,5411,9063,187391,112930,25956,7606,71963,6644,2490
2021-05-16T23:59:59+02:00,5624,5757,11372,12084,13375,15667,21341,23842,31702,33242,25202,28171,18688,23321,5828,9852,3121,3099,5477,5582,5989,7074,7539,9269,9010,10043,9774,10601,12487,15656,5411,9063,186626,112822,24417,7600,71545,6293,2480
2021-05-15T23:59:59+02:00,5615,5748,11339,12075,13345,15657,21269,23771,31173,32869,25191,28166,18687,23318,5827,9851,3107,3085,5458,5540,5975,6999,7500,9154,8782,9791,9741,10570,12453,15605,5411,9062,186577,112818,24405,7462,70898,5932,2021
2021-05-14T23:59:59+02:00,5577,5722,11277,12037,13275,15592,20862,23463,30746,32525,25156,28121,18675,23301,5827,9849,3075,3045,5422,5452,5954,6865,7461,8953,8723,9597,9672,10463,12367,15481,5411,9058,185858,112654,24088,7137,70039,5188,2020
2021-05-13T23:59:59+02:00,5423,5566,10902,11743,12562,15005,18685,21723,29206,31068,24925,27877,18608,23229,5825,9846,3064,3012,5398,5413,5937,6809,7437,8883,8680,9538,9460,10224,12174,15187,5406,9049,181924,112305,20305,6339,67959,5022,2005
2021-05-12T23:59:59+02:00,5394,5539,10830,11685,12461,14917,18558,21596,28837,30701,24835,27781,18591,23200,5824,9841,3064,3008,5392,5407,5927,6795,7413,8868,8643,9484,9277,9997,11949,14869,5403,9042,180957,112029,19672,5488,67956,5016,2005
2021-05-11T23:59:59+02:00,5258,5437,10586,11443,12099,14546,17962,20964,27919,29742,24643,27593,18533,23126,5819,9826,3023,2967,5302,5254,5828,6612,7283,8628,8484,9263,9101,9806,11803,14684,5394,9024,176938,111009,18788,5381,67827,4123,1943
2021-05-10T23:59:59+02:00,5133,5357,10375,11249,11841,14292,17638,20633,27500,29335,24534,27486,18495,23079,5811,9822,2954,2914,5185,5138,5715,6510,7160,8487,8358,9156,8997,9683,11713,14557,5391,9016,174939,110482,18104,5370,67602,3147,1935
2021-05-09T23:59:59+02:00,5062,5309,10277,11137,11742,14175,17300,20351,27110,28963,24448,27400,18466,23043,5808,9819,2888,2883,5040,5096,5540,6467,6995,8458,8233,9121,8985,9673,11695,14537,5391,9016,174545,110406,16831,5361,67113,2330,1921
2021-05-08T23:59:59+02:00,5061,5308,10275,11134,11742,14175,17297,20349,27107,28960,24448,27400,18466,23043,5808,9819,2888,2882,5039,5096,5540,6467,6995,8458,8231,9121,8984,9672,11695,14537,5391,9016,174530,110403,16831,5361,67110,2327,1921
2021-05-07T23:59:59+02:00,5026,5282,10207,11079,11615,14053,16903,20076,26471,28405,24400,27349,18449,23009,5801,9789,2879,2875,5024,5090,5531,6454,6984,8447,8223,9110,8978,9664,11684,14515,5383,8988,173698,110389,16829,5360,65596,2289,1791
2021-05-06T23:59:59+02:00,4756,5121,9746,10737,11061,13540,15828,19060,24076,26130,23903,26828,18343,22907,5796,9775,2837,2831,4957,5018,5488,6364,6898,8325,8090,8963,8878,9554,11660,14465,5380,8985,168689,109841,14389,5305,62749,1767,1780
2021-05-05T23:59:59+02:00,4679,5045,9454,10510,10723,13215,15249,18455,23239,25171,23641,26503,18273,22801,5786,9757,2817,2795,4907,4930,5430,6244,6814,8160,7968,8749,8773,9423,11584,14380,5379,8977,165035,108912,13090,5298,62599,1343,1777
2021-05-04T23:59:59+02:00,4595,4954,9280,10307,10517,12975,14864,18058,22700,24609,23427,26230,18201,22722,5778,9744,2809,2761,4880,4854,5398,6130,6765,8022,7886,8598,8672,9317,11513,14323,5377,8974,162785,108451,11974,5288,62445,783,1757
2021-05-03T23:59:59+02:00,4523,4880,9089,10170,10342,12802,14580,17812,22292,24196,23289,26082,18174,22675,5778,9738,2733,2691,4794,4780,5324,6045,6670,7917,7706,8435,8588,9231,11474,14274,5374,8969,161284,108235,11973,5285,62353,673,812
2021-05-02T23:59:59+02:00,4510,4867,9012,10112,10218,12689,14255,17506,21990,23912,23240,26024,18155,22650,5777,9737,2726,2684,4734,4747,5235,5961,6533,7789,7589,8337,8542,9192,11450,14240,5372,8964,160400,108122,11970,5283,62250,656,34
2021-05-01T23:59:59+02:00,4510,4865,9010,10111,10217,12689,14252,17503,21988,23912,23239,26023,18155,22650,5777,9737,2726,2684,4734,4747,5235,5961,6533,7789,7589,8337,8542,9192,11450,14240,5372,8964,160384,108122,11970,5283,62250,656,34
2021-04-30T23:59:59+02:00,4437,4773,8770,9898,9955,12447,13770,17079,21148,23144,23113,25887,18139,22621,5774,9734,2723,2682,4725,4740,5226,5926,6521,7760,7556,8300,8539,9190,11449,14238,5370,8963,156797,108099,11969,5281,61922,527,1
2021-04-29T23:59:59+02:00,4289,4629,8291,9492,9261,11848,12770,16186,19313,21474,22413,25133,18002,22412,5768,9717,2699,2661,4684,4668,5184,5852,6463,7654,7481,8187,8430,9077,11384,14164,5363,8955,147670,107623,11955,5011,61372,271,1
2021-04-28T23:59:59+02:00,4255,4610,8220,9418,9183,11763,12652,16067,19100,21261,22325,25042,17974,22371,5766,9712,2696,2650,4658,4609,5157,5809,6433,7581,7432,8105,8413,9053,11369,14142,5362,8949,147292,107432,11865,4939,60561,46,1
2021-04-27T23:59:59+02:00,4216,4564,8082,9280,9070,11613,12509,15898,18654,20768,22101,24785,17913,22297,5763,9704,2693,2646,4656,4605,5147,5801,6420,7563,7401,8069,8356,8975,11288,14062,5358,8946,146569,107179,10793,4768,59854,38,1
2021-04-26T23:59:59+02:00,4174,4537,7976,9185,8924,11510,12337,15726,18248,20406,21966,24639,17878,22269,5763,9703,2693,2644,4652,4602,5142,5792,6405,7545,7371,8038,8313,8930,11233,13986,5355,8929,145804,107085,10658,4512,58779,33,0
2021-04-25T23:59:59+02:00,4160,4522,7940,9155,8860,11448,12203,15596,17904,20080,21767,24404,17839,22214,5759,9698,2693,2644,4651,4601,5140,5788,6400,7542,7369,8034,8257,8871,11211,13958,5355,8928,144432,107064,10647,4346,58470,32,0
2021-04-24T23:59:59+02:00,4153,4514,7925,9151,8845,11438,12155,15566,17846,20042,21751,24391,17837,22209,5759,9698,2692,2644,4651,4601,5140,5788,6400,7542,7369,8034,8257,8871,11211,13958,5355,8928,144335,107064,10647,4346,58298,31,0
2021-04-23T23:59:59+02:00,4133,4481,7869,9088,8762,11336,11814,15241,17417,19646,21537,24161,17775,22132,5757,9690,2689,2642,4648,4598,5133,5781,6386,7533,7346,8003,8236,8844,11203,13949,5353,8925,143079,107052,10300,4187,57460,30,0
2021-04-22T23:59:59+02:00,4083,4416,7739,8896,8577,11077,11489,14822,16505,18666,20969,23455,17642,21953,5748,9671,2680,2636,4643,4578,5111,5755,6348,7498,7280,7958,8104,8690,11061,13799,5349,8916,139348,106434,10179,3949,56181,23,0
2021-04-21T23:59:59+02:00,4041,4373,7638,8778,8422,10922,11197,14543,15774,17912,20594,23008,17570,21848,5743,9658,2672,2625,4625,4559,5095,5736,6336,7483,7255,7937,8055,8629,11024,13760,5347,8915,136447,106158,10050,3873,55524,22,0
2021-04-20T23:59:59+02:00,4016,4347,7602,8724,8345,10843,11036,14370,15342,17438,20133,22495,17470,21696,5736,9647,2666,2616,4617,4546,5070,5717,6308,7461,7215,7899,7961,8500,10950,13673,5343,8911,134309,105598,9785,3834,55146,21,0
2021-04-19T23:59:59+02:00,3986,4298,7542,8621,8252,10704,10880,14189,15090,17143,19655,21931,17305,21483,5725,9635,2661,2615,4611,4542,5057,5702,6290,7444,7190,7857,7908,8446,10924,13627,5340,8906,132254,105268,9429,3831,54756,21,0
2021-04-18T23:59:59+02:00,3969,4270,7482,8570,8146,10577,10621,13947,14600,16606,19227,21423,17183,21297,5721,9629,2661,2615,4611,4542,5057,5702,6289,7441,7188,7856,7905,8443,10922,13623,5339,8903,129846,105247,9359,3829,54063,21,0
2021-04-17T23:59:59+02:00,3965,4262,7462,8564,8136,10559,10582,13901,14491,16518,19106,21299,17161,21269,5719,9627,2661,2615,4610,4540,5052,5697,6275,7436,7163,7833,7859,8397,10903,13600,5338,8903,129408,105238,9351,3623,53862,21,0
2021-04-16T23:59:59+02:00,3954,4219,7390,8443,8034,10403,10389,13641,13823,15763,18542,20661,17036,21092,5708,9609,2658,2612,4605,4535,5048,5686,6259,7425,7125,7798,7556,8013,10815,13462,5330,8887,126566,104458,9290,3335,52851,21,0
2021-04-15T23:59:59+02:00,3910,4165,7278,8312,7869,10166,10057,13252,13096,14908,17732,19799,16794,20770,5695,9588,2657,2604,4594,4519,5035,5656,6230,7390,7056,7730,7009,7392,10702,13311,5326,8876,122924,102866,9133,3202,51334,19,0
2021-04-14T23:59:59+02:00,3883,4136,7213,8206,7765,10018,9885,13054,12679,14461,17208,19191,16644,20561,5690,9574,2624,2585,4576,4488,5007,5610,6195,7357,7001,7669,6388,6645,10442,13027,5322,8868,121541,100588,8899,3202,49728,14,0
2021-04-13T23:59:59+02:00,3881,4130,7176,8190,7708,9985,9778,13002,12306,14173,16518,18347,16409,20261,5686,9568,2600,2558,4557,4463,4983,5577,6136,7288,6912,7568,6179,6396,9905,12387,5314,8849,120855,98463,8682,3195,47581,14,0
2021-04-12T23:59:59+02:00,3867,4112,7123,8143,7652,9918,9673,12901,12062,13960,16076,17834,16222,20048,5681,9565,2572,2547,4491,4421,4877,5509,6023,7213,6794,7469,5436,5577,9456,11852,5274,8807,120524,95117,8647,3187,45666,14,0
2021-04-11T23:59:59+02:00,3855,4105,7082,8091,7594,9874,9581,12822,11828,13752,15513,17150,15946,19709,5676,9555,2497,2464,4362,4300,4722,5377,5860,7061,6644,7363,5134,5218,9324,11693,5274,8803,119946,92944,8219,3139,43968,13,0
2021-04-10T23:59:59+02:00,3837,4086,7043,8044,7550,9818,9521,12764,11736,13666,15296,16959,15897,19642,5675,9548,1940,1897,3546,3582,3847,4613,4855,6140,5789,6579,4861,4912,9196,11540,5268,8794,119483,84207,8219,3139,43380,13,0
2021-04-09T23:59:59+02:00,3817,4066,7004,8015,7486,9763,9368,12636,11409,13380,14116,15431,15455,19112,5663,9538,1082,1071,2195,2391,2341,3247,3074,4501,4174,5124,4182,4181,8951,11188,5243,8765,117591,68560,8217,3137,40451,13,0
2021-04-08T23:59:59+02:00,3792,4050,6943,7963,7387,9669,9183,12517,11003,13026,12990,14181,15047,18592,5644,9507,581,583,1282,1686,1437,2320,1976,3420,2795,3738,2942,2789,8156,10217,5104,8546,116362,54426,8137,3134,36995,12,0
2021-04-07T23:59:59+02:00,3746,4025,6865,7909,7294,9600,9056,12388,10692,12719,12266,13418,14830,18327,5638,9488,350,365,931,1342,1032,1935,1466,2961,1850,2733,1761,1504,7253,9082,4952,8287,115402,44661,7986,3134,34873,9,0
2021-04-06T23:59:59+02:00,3730,4013,6843,7871,7239,9533,8963,12309,10481,12502,11881,12925,14609,18032,5627,9474,343,351,923,1332,1017,1914,1439,2933,1791,2674,1682,1437,6846,8534,4801,8051,114125,42927,7887,3133,34020,8,0
2021-04-05T23:59:59+02:00,3726,4012,6832,7860,7227,9523,8945,12282,10416,12443,11770,12779,14511,17940,5625,9471,341,345,912,1328,1011,1906,1429,2913,1770,2640,1629,1384,6624,8237,4680,7868,113791,41877,7866,3132,33705,8,0
2021-04-04T23:59:59+02:00,3726,4012,6829,7854,7226,9522,8944,12282,10406,12438,11767,12776,14508,17939,5625,9471,341,344,912,1328,1010,1904,1428,2912,1769,2637,1626,1379,6617,8224,4675,7865,113786,41831,7866,3132,33673,8,0
2021-04-03T23:59:59+02:00,3726,4012,6829,7853,7225,9522,8944,12282,10405,12438,11767,12775,14506,17937,5625,9471,341,343,910,1324,1008,1903,1427,2907,1767,2637,1621,1367,6574,8143,4640,7830,113782,41602,7866,3132,33669,8,0
2021-04-02T23:59:59+02:00,3724,4010,6827,7850,7219,9516,8933,12275,10390,12422,11640,12661,14463,17881,5621,9463,339,341,908,1317,1002,1892,1413,2882,1727,2599,1526,1281,5810,7247,4206,7266,113661,38937,7862,2811,33372,8,0
2021-04-01T23:59:59+02:00,3685,3997,6793,7828,7178,9486,8883,12237,10321,12353,11302,12255,14091,17375,5616,9450,334,338,893,1302,990,1873,1382,2837,1668,2537,1403,1189,4887,6147,3657,6445,113277,35068,6468,2806,33105,8,0
2021-03-31T23:59:59+02:00,3679,3993,6778,7809,7162,9469,8848,12206,10237,12282,10972,11851,13750,16882,5610,9429,331,335,885,1295,980,1860,1362,2809,1618,2502,1337,1136,4317,5483,3309,5987,112707,32805,5475,2733,32775,8,0
2021-03-30T23:59:59+02:00,3661,3969,6742,7771,7105,9404,8760,12102,10075,12127,10715,11575,13526,16615,5603,9415,327,329,879,1285,973,1854,1339,2803,1592,2477,1311,1110,4198,5361,3249,5893,111888,32434,5225,2538,32052,8,0
2021-03-29T23:59:59+02:00,3652,3947,6716,7749,7065,9351,8664,12007,9894,11920,10283,11107,13153,16150,5586,9382,322,325,875,1275,967,1846,1330,2792,1576,2468,1287,1096,4065,5218,3151,5763,110219,31817,4917,2532,31490,7,0
2021-03-28T23:59:59+02:00,3612,3892,6601,7593,6948,9211,8538,11816,9742,11732,10072,10847,12978,15964,5581,9372,322,325,875,1275,965,1845,1329,2792,1575,2466,1280,1094,4034,5178,3125,5739,109849,31782,4654,2431,29996,6,0
2021-03-27T23:59:59+01:00,3611,3881,6589,7528,6919,9097,8489,11645,9690,11578,9958,10724,12884,15876,5580,9372,322,324,875,1275,965,1843,1329,2790,1571,2465,1278,1092,4008,5143,3112,5724,109840,31680,4654,2430,28927,6,0
2021-03-26T23:59:59+01:00,3605,3873,6561,7491,6890,9024,8441,11533,9599,11450,9910,10661,12838,15821,5573,9352,317,322,874,1272,961,1831,1326,2769,1551,2453,1253,1076,3829,4922,3006,5571,109784,30938,4433,2389,28405,6,0
2021-03-25T23:59:59+01:00,3582,3842,6470,7365,6798,8860,8251,11302,9290,11134,9533,10279,12536,15507,5568,9343,317,321,872,1263,958,1820,1313,2756,1527,2434,1227,1057,3597,4682,2756,5237,109412,29743,4226,2389,26022,5,0
2021-03-24T23:59:59+01:00,3528,3791,6384,7180,6678,8634,8084,11068,9066,10810,9118,9792,12119,15048,5557,9332,317,320,871,1260,953,1818,1306,2752,1511,2418,1220,1047,3532,4610,2576,5019,108900,29138,4092,2389,23197,3,0
2021-03-23T23:59:59+01:00,3510,3758,6336,7124,6603,8576,7966,10939,8818,10577,8697,9324,11666,14528,5548,9318,317,320,870,1250,948,1809,1301,2743,1507,2411,1197,1022,3440,4534,2384,4705,108090,28366,3999,2389,21199,3,0
2021-03-22T23:59:59+01:00,3502,3738,6293,7095,6570,8529,7901,10863,8669,10441,8418,8971,11363,14203,5512,9279,315,315,864,1240,940,1802,1294,2732,1498,2401,1186,1013,3412,4499,2365,4672,107421,28157,3996,2388,19930,3,0
2021-03-21T23:59:59+01:00,3500,3736,6289,7084,6553,8513,7883,10844,8613,10384,8299,8854,11293,14101,5510,9276,313,314,855,1237,933,1796,1285,2730,1494,2397,1182,1010,3403,4484,2351,4663,107336,28056,3995,2388,19401,3,0
2021-03-20T23:59:59+01:00,3493,3699,6281,7013,6538,8376,7858,10660,8569,10248,8221,8768,11255,14062,5510,9276,313,314,855,1237,933,1796,1284,2730,1494,2395,1182,1010,3403,4483,2351,4662,107305,28052,3783,2387,18739,3,0
2021-03-19T23:59:59+01:00,3480,3670,6255,6931,6514,8285,7813,10543,8457,10089,7686,8165,11073,13821,5500,9258,310,313,850,1230,916,1786,1261,2699,1444,2350,1097,943,2740,3697,1938,4094,105700,25278,3484,2387,18356,3,0
2021-03-18T23:59:59+01:00,3469,3652,6214,6890,6481,8225,7750,10459,8343,9961,6735,7083,10797,13522,5489,9233,309,313,847,1226,911,1778,1242,2691,1421,2331,1060,926,2533,3459,1781,3873,102710,24311,3327,2387,18266,3,0
2021-03-17T23:59:59+01:00,3432,3613,6143,6806,6428,8122,7660,10333,8213,9803,6061,6244,10512,13218,5472,9207,308,313,840,1222,907,1766,1228,2669,1403,2307,1025,904,2414,3335,1702,3763,99952,23716,3326,2387,17989,3,0
2021-03-16T23:59:59+01:00,3414,3584,6104,6753,6383,8049,7607,10268,8123,9703,5885,6067,9838,12445,5433,9144,301,304,826,1206,895,1757,1222,2651,1390,2299,1011,885,2202,3096,1569,3569,97759,22795,3316,2385,17725,3,0
2021-03-15T23:59:59+01:00,3378,3552,6008,6674,6254,7957,7466,10149,7994,9578,5133,5234,9394,11898,5390,9074,300,303,823,1202,894,1750,1220,2638,1381,2290,998,873,2060,2926,1483,3475,94253,22230,3309,2384,17571,2,0
2021-03-14T23:59:59+01:00,3253,3406,5732,6330,5977,7598,7153,9735,7709,9264,4800,4844,9236,11701,5386,9063,300,303,823,1202,893,1750,1218,2637,1379,2287,997,871,2057,2923,1480,3474,91862,22211,3255,2381,16070,2,0
2021-03-13T23:59:59+01:00,2599,2743,4796,5461,4959,6669,5958,8616,6694,8322,4488,4461,8853,11182,5297,8955,300,303,822,1200,893,1745,1215,2635,1378,2287,997,870,2033,2887,1450,3439,81179,22071,3255,2381,15619,2,0
2021-03-12T23:59:59+01:00,1773,1923,3460,4310,3454,5339,4213,6977,5061,6818,3823,3758,7604,9637,4795,8274,296,300,820,1196,887,1738,1206,2616,1352,2270,952,845,1685,2424,1181,3085,62376,20470,3253,2381,15590,2,0
2021-03-11T23:59:59+01:00,1272,1447,2560,3572,2550,4402,3121,5889,3700,5435,2647,2482,5914,7529,4032,7098,291,292,804,1187,874,1715,1187,2588,1327,2224,916,825,1530,2194,1058,2897,45113,19526,3251,2381,15286,2,0
2021-03-10T23:59:59+01:00,1048,1229,2194,3212,2175,4012,2670,5451,2796,4469,1518,1283,4567,5815,3473,6329,282,282,786,1168,852,1679,1154,2515,1289,2159,891,805,1350,2004,962,2724,34106,18625,3251,2275,14884,2,0
2021-03-09T23:59:59+01:00,1032,1202,2128,3071,2110,3897,2585,5317,2713,4343,1484,1253,4491,5742,3434,6271,278,275,772,1147,835,1652,1129,2474,1271,2131,877,793,1273,1879,891,2614,33700,18058,3248,2231,14125,2,0
2021-03-08T23:59:59+01:00,1011,1171,2071,2972,2070,3815,2525,5204,2657,4271,1447,1233,4345,5584,3332,6130,278,271,767,1139,833,1643,1121,2466,1264,2115,854,772,1106,1654,766,2448,33010,17268,3248,2228,13580,1,0
2021-03-07T23:59:59+01:00,1006,1152,2032,2929,2028,3774,2485,5139,2617,4234,1442,1230,4338,5576,3329,6130,278,271,767,1139,833,1643,1121,2466,1263,2115,851,772,1097,1644,758,2437,32980,17268,3243,2187,13218,0,0
2021-03-06T23:59:59+01:00,1006,1148,2021,2915,2017,3755,2469,5112,2599,4213,1429,1220,4304,5532,3315,6118,278,271,767,1139,833,1643,1121,2466,1263,2115,851,772,1097,1644,758,2436,32837,17268,3242,2186,13094,0,0
2021-03-05T23:59:59+01:00,1002,1144,2006,2895,1987,3732,2426,5060,2546,4177,1393,1192,4038,5207,3165,5897,276,269,760,1132,828,1636,1118,2458,1260,2105,837,768,1090,1635,757,2434,32098,17177,2912,2186,12857,0,0
2021-03-04T23:59:59+01:00,908,997,1919,2766,1919,3595,2350,4905,2456,4019,1362,1171,3798,4949,2900,5547,276,267,758,1127,826,1629,1117,2451,1257,2099,813,759,1080,1624,750,2422,30848,17092,2908,2163,11805,0,0
2021-03-03T23:59:59+01:00,862,892,1855,2670,1849,3490,2281,4789,2382,3935,1351,1159,3688,4844,2678,5276,275,265,757,1118,823,1611,1111,2410,1247,2073,796,755,1072,1606,743,2415,30179,17067,2792,2010,11030,0,0
2021-03-02T23:59:59+01:00,817,817,1758,2546,1764,3366,2189,4665,2321,3858,1316,1138,3559,4709,2474,4930,275,264,756,1112,820,1608,1107,2405,1243,2063,794,753,1058,1585,732,2396,29455,16962,2603,2009,10169,0,0
2021-03-01T23:59:59+01:00,794,778,1658,2403,1693,3222,2089,4493,2241,3737,1298,1126,3508,4646,2430,4868,275,263,752,1108,819,1596,1103,2393,1238,2053,788,751,1054,1577,730,2394,29202,16885,2519,2009,9263,0,0
2021-02-28T23:59:59+01:00,788,755,1639,2337,1666,3150,2066,4393,2227,3670,1292,1120,3498,4632,2416,4858,275,263,752,1108,819,1594,1103,2393,1238,2052,785,749,1046,1564,726,2384,29096,16875,2517,1976,8894,0,0
2021-02-27T23:59:59+01:00,773,738,1617,2277,1649,3039,2046,4267,2206,3574,1289,1117,3498,4630,2415,4857,275,263,752,1108,819,1593,1103,2393,1238,2051,785,749,1046,1564,726,2384,29091,16873,2516,1976,8385,0,0
2021-02-26T23:59:59+01:00,645,657,1512,2164,1597,2880,1984,4030,2105,3338,1198,1046,2848,3837,1986,4275,275,263,751,1106,818,1592,1103,2391,1236,2048,783,744,1028,1551,716,2368,26298,16799,2516,1974,7288,0,0
2021-02-25T23:59:59+01:00,494,577,1393,2062,1531,2752,1923,3901,2004,3225,1149,1014,2618,3568,1821,4032,258,248,726,1082,776,1524,1057,2293,1164,1959,727,723,997,1514,704,2340,25231,16707,2488,1385,6345,0,0
2021-02-24T23:59:59+01:00,464,546,1323,1949,1458,2608,1853,3748,1927,3076,1112,984,2479,3431,1742,3913,229,235,700,1037,753,1462,1030,2233,1111,1910,700,700,951,1485,692,2310,24581,16521,2477,1017,5555,0,0
2021-02-23T23:59:59+01:00,409,506,1241,1809,1384,2462,1776,3537,1856,2954,1087,950,2275,3203,1617,3727,224,229,685,1014,742,1423,1008,2190,1086,1869,691,688,942,1471,689,2306,23659,16436,2467,821,4667,0,0
2021-02-22T23:59:59+01:00,396,473,1142,1699,1282,2365,1668,3431,1775,2883,1066,937,2133,3033,1532,3631,213,220,662,963,711,1360,983,2096,1042,1788,649,657,873,1395,652,2249,23087,16248,2463,265,3896,0,0
2021-02-21T23:59:59+01:00,377,457,1041,1668,1130,2341,1513,3408,1674,2865,1058,935,2132,3032,1532,3631,186,214,631,955,700,1352,969,2091,1037,1786,646,654,870,1391,644,2242,23058,16117,2463,251,3273,0,0
2021-02-20T23:59:59+01:00,377,456,1040,1668,1129,2341,1511,3406,1674,2863,1058,934,2131,3032,1531,3630,185,212,628,955,697,1351,963,2088,1035,1786,646,654,870,1391,644,2242,23051,16096,2462,251,3268,0,0
2021-02-19T23:59:59+01:00,372,447,1028,1664,1119,2331,1498,3388,1642,2848,1008,906,1760,2524,1233,3245,164,202,602,951,680,1343,946,2086,1029,1784,643,653,868,1391,643,2241,21307,15975,2462,251,3244,0,0
2021-02-18T23:59:59+01:00,354,428,988,1584,1081,2244,1445,3270,1601,2758,979,883,1586,2281,1104,3039,144,191,563,941,660,1332,912,2070,1005,1764,632,634,847,1363,629,2220,20326,15656,2462,251,2837,0,0
2021-02-17T23:59:59+01:00,332,375,904,1442,974,2044,1310,3015,1489,2538,943,853,1396,2068,1003,2861,138,184,551,910,634,1281,879,1992,955,1688,598,602,840,1337,624,2201,19252,15163,2462,251,1833,0,0
2021-02-16T23:59:59+01:00,326,337,860,1304,922,1855,1249,2790,1423,2377,932,836,1333,1970,936,2765,132,171,537,868,619,1227,853,1930,924,1646,588,592,818,1305,611,2140,18880,14847,2461,114,874,0,0
2021-02-15T23:59:59+01:00,310,297,832,1273,905,1799,1209,2706,1385,2321,904,804,1156,1738,805,2587,123,163,516,840,601,1165,829,1857,901,1569,567,555,800,1268,602,2098,17965,14380,2460,74,606,0,0
2021-02-14T23:59:59+01:00,310,297,831,1273,904,1799,1207,2706,1385,2321,904,804,1156,1738,805,2587,123,163,515,833,597,1160,823,1851,897,1566,566,555,798,1267,601,2095,17964,14336,2460,74,603,0,0
2021-02-13T23:59:59+01:00,310,297,831,1272,904,1796,1207,2704,1385,2319,904,804,1156,1738,805,2587,123,163,515,833,597,1160,821,1848,895,1562,564,555,783,1247,589,2079,17956,14334,2460,0,603,0,0
2021-02-12T23:59:59+01:00,305,296,822,1266,900,1766,1201,2676,1357,2290,902,802,1155,1735,805,2587,123,163,513,830,596,1153,815,1836,889,1549,561,553,769,1236,583,2066,17948,14235,2460,0,457,0,0
2021-02-11T23:59:59+01:00,286,287,807,1231,894,1732,1185,2609,1335,2235,868,789,1145,1723,804,2577,121,149,495,789,574,1089,781,1736,866,1489,548,539,746,1201,568,2035,17836,13726,2459,0,212,0,0
2021-02-10T23:59:59+01:00,283,281,788,1193,881,1702,1173,2563,1320,2193,863,787,1130,1707,799,2561,117,141,430,709,539,1000,710,1625,823,1414,534,524,733,1184,558,2013,17812,13054,2354,0,58,0,0
2021-02-09T23:59:59+01:00,283,278,784,1178,870,1686,1159,2543,1306,2169,849,782,1116,1690,788,2545,100,122,377,624,490,873,634,1430,735,1228,482,446,614,1022,488,1767,17714,11432,2309,0,3,0,0
2021-02-08T23:59:59+01:00,282,278,782,1173,870,1679,1157,2539,1300,2160,843,779,1101,1669,775,2528,90,101,333,536,439,774,546,1226,631,1066,408,374,535,838,395,1457,17608,9749,2306,0,1,0,0
2021-02-07T23:59:59+01:00,281,277,780,1172,869,1679,1157,2538,1300,2157,837,777,1099,1666,774,2526,88,100,331,531,437,770,544,1217,627,1061,403,371,515,815,389,1443,17583,9642,2306,0,0,0,0
2021-02-06T23:59:59+01:00,281,276,780,1172,869,1678,1157,2538,1300,2156,836,776,1097,1660,773,2524,88,99,331,528,436,769,543,1213,625,1060,399,366,467,746,359,1398,17568,9427,2305,0,0,0,0
2021-02-05T23:59:59+01:00,281,276,780,1171,868,1677,1156,2537,1299,2153,829,770,1074,1650,766,2508,81,96,323,522,420,751,517,1181,597,1019,376,340,448,724,345,1359,17490,9099,2305,0,0,0,0
2021-02-04T23:59:59+01:00,278,269,777,1150,857,1655,1142,2509,1285,2129,807,757,1046,1620,759,2492,67,77,253,403,328,587,400,956,484,818,303,276,338,578,280,1134,17250,7282,2282,0,0,0,0
2021-02-03T23:59:59+01:00,277,264,774,1129,855,1629,1135,2459,1272,2099,788,743,1029,1597,750,2478,54,54,167,275,254,438,280,710,359,580,207,196,239,425,196,852,17155,5286,2123,0,0,0,0
2021-02-02T23:59:59+01:00,276,259,770,1121,850,1607,1125,2435,1260,2082,784,736,1020,1586,748,2470,35,34,91,136,147,250,171,445,230,362,134,126,161,255,138,552,17006,3267,2123,0,0,0,0
2021-02-01T23:59:59+01:00,275,257,765,1103,842,1589,1120,2407,1256,2052,776,723,1014,1576,744,2457,11,12,14,24,25,61,43,88,68,98,48,45,56,72,41,184,16833,890,2123,0,0,0,0
2021-01-31T23:59:59+01:00,269,255,749,1101,834,1578,1110,2396,1245,2043,770,717,1004,1559,737,2444,10,12,13,23,23,58,38,83,61,90,45,45,52,66,38,171,16798,828,2013,0,0,0,0
2021-01-30T23:59:59+01:00,269,255,749,1101,833,1578,1110,2396,1245,2043,769,717,1004,1558,737,2444,10,10,13,23,23,58,38,83,60,88,44,44,51,66,38,170,16795,819,2013,0,0,0,0
2021-01-29T23:59:59+01:00,269,255,749,1100,833,1578,1110,2396,1245,2042,768,716,1003,1556,737,2442,9,5,12,23,23,57,36,81,59,88,43,43,51,66,38,170,16788,804,2011,0,0,0,0
2021-01-28T23:59:59+01:00,265,250,737,1076,798,1523,1074,2336,1170,1986,728,702,974,1536,721,2420,4,0,3,5,9,22,18,36,20,45,21,22,23,44,16,101,16611,389,1685,0,0,0,0
2021-01-27T23:59:59+01:00,259,243,714,1044,750,1467,1017,2255,1097,1905,693,675,961,1515,718,2413,3,0,3,3,6,18,14,22,13,32,6,9,10,9,5,27,16162,180,1564,0,0,0,0
2021-01-26T23:59:59+01:00,235,234,697,1020,742,1417,997,2181,1070,1840,681,661,938,1499,708,2394,3,0,1,3,5,8,12,12,6,11,3,5,6,7,2,16,16111,100,1203,0,0,0,0
2021-01-25T23:59:59+01:00,203,219,644,946,690,1294,955,2035,1012,1705,633,606,861,1404,664,2320,3,0,1,3,5,8,12,12,6,11,3,5,6,7,2,16,15885,100,306,0,0,0,0
2021-01-24T23:59:59+01:00,186,213,618,934,672,1280,937,2019,997,1695,625,600,851,1384,655,2307,3,0,1,3,5,8,11,12,5,11,3,5,6,7,2,16,15712,98,261,0,0,0,0
2021-01-23T23:59:59+01:00,186,213,618,934,672,1280,937,2019,997,1695,625,600,851,1384,655,2307,3,0,1,3,5,8,9,12,5,11,3,5,6,7,2,16,15712,96,261,0,0,0,0
2021-01-22T23:59:59+01:00,139,195,560,924,654,1267,903,2009,986,1684,620,599,850,1384,655,2307,3,0,0,3,5,8,9,12,5,11,3,5,6,7,2,16,15475,95,261,0,0,0,0
2021-01-21T23:59:59+01:00,134,187,544,901,633,1227,870,1955,964,1636,610,578,838,1353,648,2288,3,0,0,3,4,8,9,12,5,11,3,5,6,7,2,15,15105,93,261,0,0,0,0
2021-01-20T23:59:59+01:00,129,171,497,836,610,1150,807,1845,928,1563,589,562,821,1330,638,2260,3,0,0,3,4,8,9,12,5,11,3,5,6,7,2,15,14477,93,259,0,0,0,0
2021-01-19T23:59:59+01:00,116,150,423,750,545,1019,722,1646,822,1398,541,507,719,1168,563,2005,3,0,0,3,4,8,9,12,5,11,3,5,6,7,2,15,12903,93,191,0,0,0,0
2021-01-18T23:59:59+01:00,98,119,354,597,454,847,592,1385,696,1192,474,441,635,1010,496,1734,1,0,0,0,0,0,0,0,0,0,0,0,0,1,0,0,11043,2,81,0,0,0,0
2021-01-17T23:59:59+01:00,94,117,350,592,453,842,590,1366,688,1183,469,433,609,981,480,1691,1,0,0,0,0,0,0,0,0,0,0,0,0,1,0,0,10857,2,81,0,0,0,0
2021-01-16T23:59:59+01:00,94,114,348,584,450,837,579,1353,677,1171,454,419,514,855,416,1594,0,0,0,0,0,0,0,0,0,0,0,0,0,0,0,0,10457,0,2,0,0,0,0
2021-01-15T23:59:59+01:00,93,112,343,582,444,832,573,1346,660,1155,438,401,506,843,408,1571,0,0,0,0,0,0,0,0,0,0,0,0,0,0,0,0,10307,0,0,0,0,0,0
2021-01-14T23:59:59+01:00,75,88,286,479,366,670,456,1096,541,973,361,323,400,693,337,1340,0,0,0,0,0,0,0,0,0,0,0,0,0,0,0,0,8484,0,0,0,0,0,0
2021-01-13T23:59:59+01:00,61,65,202,362,290,498,343,817,414,692,251,226,290,517,253,1028,0,0,0,0,0,0,0,0,0,0,0,0,0,0,0,0,6309,0,0,0,0,0,0
2021-01-12T23:59:59+01:00,40,42,121,214,177,308,204,524,274,426,157,143,184,336,174,696,0,0,0,0,0,0,0,0,0,0,0,0,0,0,0,0,4020,0,0,0,0,0,0
2021-01-11T23:59:59+01:00,11,14,41,57,41,89,58,119,90,125,64,58,82,103,51,230,0,0,0,0,0,0,0,0,0,0,0,0,0,0,0,0,1233,0,0,0,0,0,0
2021-01-10T23:59:59+01:00,11,14,29,47,34,71,50,110,77,115,56,54,76,94,48,216,0,0,0,0,0,0,0,0,0,0,0,0,0,0,0,0,1102,0,0,0,0,0,0
2021-01-09T23:59:59+01:00,11,13,26,46,34,71,49,109,75,112,55,53,75,93,46,215,0,0,0,0,0,0,0,0,0,0,0,0,0,0,0,0,1083,0,0,0,0,0,0
2021-01-08T23:59:59+01:00,7,6,26,42,32,68,46,107,74,111,52,49,70,88,42,215,0,0,0,0,0,0,0,0,0,0,0,0,0,0,0,0,1035,0,0,0,0,0,0
2021-01-07T23:59:59+01:00,5,1,9,20,15,35,28,77,33,77,32,27,47,75,29,168,0,0,0,0,0,0,0,0,0,0,0,0,0,0,0,0,678,0,0,0,0,0,0
2021-01-06T23:59:59+01:00,5,0,4,8,10,27,25,43,19,47,26,24,34,52,20,123,0,0,0,0,0,0,0,0,0,0,0,0,0,0,0,0,467,0,0,0,0,0,0
2021-01-05T23:59:59+01:00,5,0,4,8,10,27,25,43,19,47,26,24,34,51,20,123,0,0,0,0,0,0,0,0,0,0,0,0,0,0,0,0,466,0,0,0,0,0,0
2021-01-04T23:59:59+01:00,4,0,1,3,4,8,13,12,5,11,3,5,6,8,2,17,0,0,0,0,0,0,0,0,0,0,0,0,0,0,0,0,102,0,0,0,0,0,0
2021-01-03T23:59:59+01:00,3,0,1,3,4,8,12,12,5,11,3,5,6,8,2,16,0,0,0,0,0,0,0,0,0,0,0,0,0,0,0,0,99,0,0,0,0,0,0
2021-01-02T23:59:59+01:00,3,0,1,3,4,8,10,12,5,11,3,5,6,8,2,16,0,0,0,0,0,0,0,0,0,0,0,0,0,0,0,0,97,0,0,0,0,0,0
2021-01-01T23:59:59+01:00,3,0,0,3,4,8,10,12,5,11,3,5,6,7,2,16,0,0,0,0,0,0,0,0,0,0,0,0,0,0,0,0,95,0,0,0,0,0,0
2020-12-31T23:59:59+01:00,3,0,0,3,4,8,9,12,5,11,3,5,6,7,2,16,0,0,0,0,0,0,0,0,0,0,0,0,0,0,0,0,94,0,0,0,0,0,0
2020-12-30T23:59:59+01:00,3,0,0,3,4,8,9,12,5,11,3,5,6,7,2,16,0,0,0,0,0,0,0,0,0,0,0,0,0,0,0,0,94,0,0,0,0,0,0
2020-12-29T23:59:59+01:00,3,0,0,3,4,8,9,12,5,11,3,5,6,7,2,16,0,0,0,0,0,0,0,0,0,0,0,0,0,0,0,0,94,0,0,0,0,0,0
2020-12-28T23:59:59+01:00,3,0,0,3,4,8,9,12,5,11,3,5,6,7,2,16,0,0,0,0,0,0,0,0,0,0,0,0,0,0,0,0,94,0,0,0,0,0,0
2020-12-27T23:59:59+01:00,1,0,0,0,0,0,0,0,0,0,0,0,1,3,0,7,0,0,0,0,0,0,0,0,0,0,0,0,0,0,0,0,12,0,0,0,0,0,0
