Datum,<15_m,<15_w,15-24_1_m,15-24_1_w,25-34_1_m,25-34_1_w,35-44_1_m,35-44_1_w,45-54_1_m,45-54_1_w,55-64_1_m,55-64_1_w,65-74_1_m,65-74_1_w,75-84_1_m,75-84_1_w,>84_1_m,>84_1_w,<24_2_m,<24_2_w,25-34_2_m,25-34_2_w,35-44_2_m,35-44_2_w,45-54_2_m,45-54_2_w,55-64_2_m,55-64_2_w,65-74_2_m,65-74_2_w,75-84_2_m,75-84_2_w,>84_2_m,>84_2_w,bp_1,bp_2,mo_1,mo_2,az_1,az_2,ja,unb_1,unb_2
2021-09-16T23:59:59+02:00,3090,2786,24221,23261,33561,31065,33838,33849,39397,39796,43009,43166,28249,31459,20044,25204,6117,10369,21585,20617,31228,28317,31889,31494,37292,37343,40917,41068,27126,30179,19256,24039,5839,9770,329602,307667,45253,43528,77795,71298,19767,67,31
2021-09-15T23:59:59+02:00,3067,2774,24182,23214,33530,31020,33824,33818,39367,39769,42991,43149,28239,31448,20038,25198,6116,10367,21550,20574,31198,28274,31866,31471,37260,37310,40893,41042,27112,30170,19249,24031,5838,9766,329277,307320,45239,43527,77794,71296,19737,67,31
2021-09-14T23:59:59+02:00,3029,2742,24081,23072,33393,30880,33743,33734,39311,39718,42940,43099,28221,31431,20029,25190,6112,10362,21465,20492,31109,28188,31802,31412,37213,37268,40849,41017,27101,30150,19240,24023,5836,9763,328485,306807,45205,43520,77793,71292,19540,67,31
2021-09-13T23:59:59+02:00,3011,2722,24031,23020,33350,30824,33713,33683,39285,39688,42910,43075,28215,31419,20024,25189,6111,10359,21415,20449,31069,28139,31774,31380,37189,37247,40836,40995,27095,30144,19236,24019,5835,9762,328115,306518,45188,43506,77793,71291,19469,67,31
2021-09-12T23:59:59+02:00,3007,2715,24026,23012,33346,30821,33703,33677,39280,39685,42907,43073,28213,31417,20023,25188,6111,10358,21400,20441,31060,28122,31755,31372,37183,37240,40830,40989,27090,30143,19234,24016,5835,9760,328050,306400,45188,43506,77792,71290,19468,67,31
2021-09-11T23:59:59+02:00,3005,2714,24024,23010,33344,30819,33701,33676,39280,39683,42906,43073,28210,31415,20023,25188,6111,10358,21395,20440,31059,28119,31755,31372,37183,37239,40829,40988,27088,30143,19234,24016,5835,9760,328029,306383,45188,43506,77792,71290,19467,67,31
2021-09-10T23:59:59+02:00,2963,2669,23891,22884,33223,30706,33600,33600,39206,39601,42859,43033,28194,31398,20018,25180,6110,10356,21280,20341,30953,28029,31665,31317,37119,37199,40783,40955,27080,30133,19228,24006,5833,9759,327296,305851,45169,43488,77792,71289,19170,67,31
2021-09-09T23:59:59+02:00,2915,2630,23716,22734,33121,30580,33506,33500,39136,39533,42819,42986,28167,31380,20009,25174,6108,10354,21161,20209,30857,27933,31588,31224,37056,37144,40734,40906,27056,30117,19220,23998,5828,9756,326437,305104,45145,43468,77789,71286,18940,60,30
2021-09-08T23:59:59+02:00,2894,2600,23678,22685,33090,30540,33490,33473,39116,39513,42804,42971,28161,31371,20006,25169,6107,10354,21128,20177,30826,27915,31572,31200,37039,37121,40724,40893,27049,30110,19214,23993,5827,9755,326128,304873,45139,43464,77789,71285,18909,60,30
2021-09-07T23:59:59+02:00,2841,2546,23527,22543,32973,30434,33414,33388,39061,39451,42761,42937,28144,31353,20003,25164,6106,10351,20992,20042,30712,27831,31495,31136,36992,37070,40685,40865,27033,30084,19208,23982,5826,9753,325385,304225,45116,43444,77788,71279,18650,60,30
2021-09-06T23:59:59+02:00,2818,2532,23496,22499,32942,30401,33393,33368,39041,39438,42745,42922,28141,31349,20001,25162,6105,10348,20951,19999,30682,27804,31474,31110,36973,37052,40671,40853,27025,30076,19206,23973,5823,9751,325122,303926,45100,43436,77787,71278,18634,60,30
2021-09-05T23:59:59+02:00,2807,2529,23488,22493,32941,30396,33392,33364,39038,39435,42741,42916,28139,31345,19999,25161,6104,10347,20938,19991,30673,27798,31471,31106,36970,37051,40666,40850,27020,30074,19204,23969,5822,9751,325058,303852,45099,43436,77787,71277,18633,60,30
2021-09-04T23:59:59+02:00,2807,2529,23485,22493,32940,30396,33392,33362,39037,39434,42740,42915,28139,31345,19999,25161,6104,10347,20936,19991,30673,27797,31470,31104,36969,37051,40665,40850,27020,30074,19204,23969,5822,9751,325053,303844,45099,43436,77787,71277,18628,60,30
2021-09-03T23:59:59+02:00,2784,2494,23411,22419,32872,30328,33353,33319,38993,39405,42710,42903,28131,31332,19998,25159,6102,10346,20887,19935,30626,27758,31437,31069,36941,37026,40636,40838,27012,30066,19202,23967,5821,9751,324571,303504,45071,43428,77783,71269,18576,60,30
2021-09-02T23:59:59+02:00,2754,2462,23305,22323,32816,30240,33299,33264,38956,39371,42672,42871,28111,31321,19994,25145,6100,10343,20812,19876,30573,27698,31402,31040,36903,36989,40606,40809,27002,30054,19199,23956,5821,9751,323981,303092,45040,43412,77781,71264,18487,60,30
2021-09-01T23:59:59+02:00,2733,2448,23283,22287,32788,30209,33279,33236,38930,39350,42659,42856,28102,31313,19989,25143,6100,10343,20771,19835,30545,27672,31382,31018,36884,36973,40589,40793,26993,30045,19198,23950,5821,9751,323731,302832,45029,43408,77780,71264,18450,60,30
2021-08-31T23:59:59+02:00,2688,2405,23165,22182,32709,30110,33225,33177,38884,39309,42633,42831,28091,31307,19983,25139,6099,10340,20684,19742,30473,27614,31335,30974,36844,36941,40561,40769,26984,30034,19192,23945,5821,9749,323159,302418,44998,43393,77779,71258,18283,60,30
2021-08-30T23:59:59+02:00,2666,2381,23113,22139,32669,30070,33202,33140,38855,39291,42613,42813,28086,31301,19976,25131,6098,10336,20560,19643,30379,27521,31278,30923,36811,36913,40541,40735,26969,30021,19191,23936,5821,9747,322827,301723,44983,43385,77779,71253,18233,60,30
2021-08-29T23:59:59+02:00,2635,2351,23031,22075,32609,30015,33158,33111,38809,39255,42583,42792,28077,31294,19973,25126,6098,10335,20456,19576,30313,27473,31241,30890,36770,36883,40516,40716,26956,30010,19190,23931,5821,9747,322381,301294,44967,43362,77777,71243,18144,60,30
2021-08-28T23:59:59+02:00,2629,2349,23031,22075,32607,30015,33156,33111,38806,39254,42582,42792,28076,31294,19973,25126,6098,10335,20455,19575,30309,27472,31241,30887,36767,36881,40516,40716,26956,30010,19190,23931,5821,9747,322368,301282,44966,43361,77777,71243,18140,60,30
2021-08-27T23:59:59+02:00,2629,2349,23026,22071,32603,30015,33155,33109,38804,39252,42578,42792,28075,31294,19973,25126,6097,10335,20450,19573,30297,27470,31240,30885,36765,36880,40514,40716,26956,30010,19190,23930,5821,9747,322354,301265,44966,43361,77777,71240,18128,60,30
2021-08-26T23:59:59+02:00,2547,2265,22843,21865,32477,29876,33040,33006,38717,39163,42514,42724,28050,31261,19960,25108,6096,10329,20178,19306,30155,27304,31102,30762,36656,36785,40432,40643,26914,29968,19171,23906,5815,9746,321154,299756,44946,43338,77776,71224,17907,60,30
2021-08-25T23:59:59+02:00,2541,2257,22823,21839,32467,29857,33026,32991,38706,39149,42504,42719,28045,31259,19953,25102,6093,10327,20130,19265,30116,27274,31081,30726,36630,36752,40413,40627,26901,29955,19168,23897,5814,9745,320973,299391,44946,43337,77776,71223,17905,60,30
2021-08-24T23:59:59+02:00,2523,2246,22785,21797,32440,29815,33007,32958,38697,39129,42486,42705,28039,31248,19948,25094,6092,10326,20092,19222,30082,27234,31060,30690,36616,36731,40393,40610,26895,29945,19164,23894,5814,9741,320689,299101,44936,43331,77776,71218,17876,60,30
2021-08-23T23:59:59+02:00,2503,2214,22714,21726,32376,29758,32971,32927,38656,39098,42455,42692,28023,31239,19945,25083,6092,10324,19970,19099,29964,27156,30995,30642,36567,36688,40351,40581,26883,29932,19158,23884,5814,9735,320252,298369,44925,43306,77773,71213,17788,60,30
2021-08-22T23:59:59+02:00,2494,2205,22680,21693,32357,29740,32954,32919,38640,39082,42450,42683,28019,31234,19940,25083,6092,10323,19931,19061,29929,27123,30964,30606,36546,36672,40332,40559,26875,29928,19155,23881,5814,9733,320085,298081,44918,43303,77772,71204,17755,60,30
2021-08-21T23:59:59+02:00,2475,2192,22626,21644,32318,29703,32930,32895,38626,39060,42433,42673,28012,31226,19938,25080,6092,10322,19829,18964,29858,27067,30930,30563,36512,36630,40308,40538,26864,29919,19150,23877,5812,9733,319843,297579,44905,43288,77770,71198,17669,60,30
2021-08-20T23:59:59+02:00,2438,2152,22538,21541,32243,29622,32868,32848,38578,39020,42390,42645,28005,31212,19934,25066,6091,10318,19658,18839,29731,26963,30854,30504,36452,36586,40262,40501,26849,29899,19141,23869,5811,9729,319269,296766,44882,43266,77767,71180,17533,60,30
2021-08-19T23:59:59+02:00,2350,2085,22376,21406,32112,29503,32778,32765,38477,38942,42319,42591,27979,31179,19927,25054,6086,10309,19399,18633,29527,26814,30737,30395,36332,36490,40160,40415,26822,29869,19130,23853,5807,9724,318342,295498,44862,43236,77767,71154,17210,59,30
2021-08-18T23:59:59+02:00,2341,2076,22350,21384,32091,29483,32757,32743,38449,38923,42306,42575,27964,31169,19921,25049,6086,10307,19345,18574,29488,26780,30712,30364,36303,36469,40136,40383,26805,29857,19125,23841,5802,9720,318085,295063,44862,43236,77767,71152,17203,59,30
2021-08-17T23:59:59+02:00,2324,2060,22323,21356,32073,29454,32732,32719,38437,38911,42282,42556,27959,31157,19916,25044,6086,10307,19302,18521,29455,26739,30668,30337,36275,36434,40108,40359,26783,29842,19118,23824,5798,9716,317844,294658,44862,43233,77767,71148,17166,59,30
2021-08-16T23:59:59+02:00,2288,2043,22257,21312,32034,29408,32708,32697,38413,38891,42251,42539,27950,31150,19914,25034,6086,10306,19095,18378,29313,26624,30590,30249,36228,36381,40068,40317,26763,29826,19111,23805,5792,9714,317499,293660,44862,43227,77765,71147,17098,59,30
2021-08-15T23:59:59+02:00,2261,2021,22202,21255,31990,29368,32684,32664,38385,38872,42232,42526,27943,31145,19907,25027,6085,10306,18978,18261,29156,26495,30508,30166,36160,36330,40011,40261,26744,29802,19102,23796,5789,9713,317169,292733,44854,43210,77763,71139,17030,59,30
2021-08-14T23:59:59+02:00,2255,2018,22176,21239,31978,29351,32680,32658,38377,38867,42226,42523,27942,31144,19906,25026,6085,10305,18865,18168,29095,26430,30473,30119,36136,36299,39990,40247,26736,29796,19099,23795,5788,9710,317079,292196,44851,43191,77763,71135,17006,59,30
2021-08-13T23:59:59+02:00,2238,2007,22131,21203,31941,29327,32644,32631,38361,38853,42216,42513,27940,31140,19903,25023,6084,10305,18609,17909,28915,26272,30358,30025,36083,36230,39945,40211,26720,29784,19094,23786,5785,9706,316849,290826,44846,43177,77761,71125,16947,59,30
2021-08-12T23:59:59+02:00,2201,1970,22045,21110,31870,29252,32591,32581,38314,38810,42179,42479,27923,31121,19896,25013,6082,10305,18303,17594,28659,26048,30213,29898,35988,36136,39869,40142,26684,29738,19074,23764,5783,9703,316282,289075,44834,43122,77758,71079,16811,59,30
2021-08-11T23:59:59+02:00,2199,1965,22026,21093,31853,29230,32576,32565,38306,38801,42168,42463,27915,31118,19893,25009,6081,10301,18247,17537,28621,26002,30164,29861,35966,36099,39832,40109,26672,29712,19067,23754,5783,9701,316104,288593,44834,43119,77758,71076,16809,59,30
2021-08-10T23:59:59+02:00,2191,1944,21999,21056,31821,29208,32562,32545,38281,38775,42150,42456,27909,31110,19892,25006,6080,10297,17724,17085,28448,25845,30068,29770,35797,35976,39782,40067,26648,29689,19060,23738,5779,9700,315866,286887,44829,43090,77756,70826,16774,59,30
2021-08-09T23:59:59+02:00,2167,1930,21947,21006,31765,29163,32529,32516,38256,38754,42137,42432,27898,31101,19891,24997,6079,10295,17252,16626,28313,25740,30013,29716,35752,35930,39748,40032,26639,29675,19055,23732,5779,9698,315496,285404,44824,43071,77755,70813,16731,59,30
2021-08-08T23:59:59+02:00,2152,1913,21894,20962,31720,29128,32495,32491,38232,38746,42117,42412,27891,31097,19885,24993,6079,10292,16908,16282,28201,25656,29957,29644,35704,35892,39727,40006,26627,29662,19046,23723,5777,9693,315187,284163,44823,43050,77754,70806,16678,59,30
2021-08-07T23:59:59+02:00,2107,1870,21761,20879,31638,29061,32421,32430,38176,38694,42084,42384,27882,31070,19880,24984,6077,10290,16399,15828,27899,25373,29728,29459,35526,35735,39587,39896,26570,29599,19027,23694,5774,9689,314561,281527,44791,42928,77748,70717,16531,59,30
2021-08-06T23:59:59+02:00,2097,1860,21711,20842,31597,29028,32386,32411,38150,38674,42072,42368,27876,31061,19876,24984,6077,10290,15369,14848,26751,24480,29436,29227,35277,35537,39272,39655,26526,29553,19017,23684,5773,9686,314330,276528,44787,42906,77748,69914,16438,59,29
2021-08-05T23:59:59+02:00,2058,1831,21603,20756,31539,28951,32328,32355,38092,38623,42027,42331,27859,31042,19867,24971,6075,10287,14478,14101,25730,23702,28722,28713,34746,35103,38956,39409,26458,29474,18985,23650,5770,9676,313780,271648,44764,42853,77747,68415,16247,59,29
2021-08-04T23:59:59+02:00,2037,1812,21530,20703,31492,28879,32296,32313,38056,38599,41993,42303,27847,31026,19862,24958,6073,10283,14108,13760,25325,23395,28508,28489,34603,34977,38859,39316,26419,29429,18962,23627,5765,9671,313322,269203,44758,42825,77747,68373,16178,59,29
2021-08-03T23:59:59+02:00,2028,1796,21503,20677,31475,28864,32283,32303,38046,38585,41977,42291,27837,31020,19858,24951,6072,10281,14024,13669,25246,23319,28440,28431,34555,34930,38808,39276,26393,29402,18950,23615,5762,9665,313116,268472,44754,42824,77746,68347,16174,59,29
2021-08-02T23:59:59+02:00,2018,1775,21458,20641,31432,28843,32256,32272,38020,38570,41964,42276,27828,31008,19858,24943,6071,10277,13820,13460,24537,22769,28160,28210,34405,34818,38728,39213,26366,29370,18942,23611,5762,9663,312833,266051,44751,42810,77746,68122,16123,59,29
2021-08-01T23:59:59+02:00,1998,1759,21407,20593,31379,28803,32230,32252,38001,38551,41942,42259,27822,31001,19855,24934,6071,10276,13649,13301,24235,22515,27919,27992,34313,34709,38658,39141,26350,29351,18936,23605,5762,9661,312529,264348,44745,42798,77745,68099,16057,59,29
2021-07-31T23:59:59+02:00,1973,1729,21325,20515,31312,28767,32175,32214,37964,38523,41919,42238,27818,30993,19850,24930,6071,10276,12703,12273,23714,22072,27573,27638,34003,34412,38226,38798,26280,29266,18910,23561,5757,9655,312114,259308,44733,42763,77743,67527,15944,59,29
2021-07-30T23:59:59+02:00,1948,1710,21304,20493,31280,28748,32160,32196,37958,38516,41911,42230,27813,30990,19849,24930,6070,10276,12616,12196,23383,21784,27289,27425,33784,34249,38065,38664,26256,29248,18908,23553,5757,9653,311932,257873,44732,42755,77743,66971,15917,59,29
2021-07-29T23:59:59+02:00,1879,1641,21071,20257,31141,28602,32058,32086,37865,38427,41818,42170,27785,30965,19836,24911,6063,10268,11986,11661,22252,20942,26247,26587,32801,33555,37680,38373,26174,29147,18879,23506,5751,9644,310729,252252,44705,42664,77735,65212,15616,59,29
2021-07-28T23:59:59+02:00,1859,1626,21031,20207,31121,28573,32043,32064,37844,38408,41795,42149,27774,30953,19831,24901,6063,10266,11707,11360,21841,20559,25811,26157,32637,33402,37569,38282,26137,29096,18860,23483,5750,9639,310414,249327,44704,42664,77723,65152,15610,58,29
2021-07-27T23:59:59+02:00,1849,1620,20990,20165,31097,28540,32010,32048,37823,38374,41771,42135,27767,30946,19830,24896,6063,10263,11458,11146,21639,20369,25669,26035,32525,33296,37480,38198,26105,29057,18850,23471,5747,9635,310176,247847,44704,42628,77722,65077,15528,58,29
2021-07-26T23:59:59+02:00,1823,1585,20864,20041,30991,28440,31951,31984,37768,38306,41728,42103,27742,30928,19819,24882,6057,10260,11164,10819,21132,19927,25421,25826,32363,33143,37348,38110,26070,29023,18837,23448,5746,9627,309418,245549,44673,42514,77717,64872,15407,58,29
2021-07-25T23:59:59+02:00,1816,1576,20842,20029,30981,28430,31940,31969,37761,38298,41718,42093,27738,30926,19818,24880,6057,10259,11059,10712,20981,19819,25187,25633,32125,32933,37205,37977,26052,29009,18831,23440,5745,9624,309303,244289,44663,42499,77709,64459,15399,58,29
2021-07-24T23:59:59+02:00,1796,1561,20761,19955,30938,28392,31905,31933,37735,38270,41695,42081,27731,30920,19815,24878,6057,10259,10996,10657,20901,19757,25115,25572,32072,32902,37176,37956,26046,29004,18829,23438,5745,9624,308959,243916,44652,42476,77705,64392,15309,58,29
2021-07-23T23:59:59+02:00,1741,1526,20569,19811,30773,28278,31817,31861,37666,38218,41655,42038,27720,30902,19810,24872,6056,10254,10739,10453,20535,19450,24309,24926,31588,32571,36609,37499,26003,28962,18813,23421,5744,9622,308125,241039,44643,42430,77687,63001,15055,58,28
2021-07-22T23:59:59+02:00,1676,1469,20258,19537,30530,28093,31686,31745,37534,38111,41556,41955,27694,30878,19799,24848,6052,10253,10279,10077,19790,18940,23351,24257,30879,31982,35575,36737,25892,28863,18780,23388,5742,9618,306636,237435,44607,41763,77681,60476,14693,58,28
2021-07-21T23:59:59+02:00,1661,1461,20219,19487,30500,28063,31662,31722,37514,38086,41536,41932,27685,30870,19794,24842,6047,10249,9968,9742,19329,18486,22477,23491,30543,31647,35340,36539,25809,28766,18749,23335,5734,9608,306309,234684,44599,40071,77679,60303,14686,58,25
2021-07-20T23:59:59+02:00,1655,1455,20185,19460,30472,28038,31637,31703,37497,38069,41524,41918,27670,30855,19794,24835,6047,10246,9699,9463,18997,18217,22207,23204,30367,31492,35176,36395,25763,28720,18733,23300,5733,9604,306054,232290,44597,40062,77678,60202,14674,58,25
2021-07-19T23:59:59+02:00,1644,1447,20073,19372,30390,27966,31579,31650,37478,38050,41509,41899,27665,30844,19788,24828,6046,10243,9499,9266,18682,17941,21743,22785,30113,31260,35056,36293,25729,28681,18715,23284,5733,9601,305480,230657,44591,39118,77677,60087,14666,58,25
2021-07-18T23:59:59+02:00,1633,1441,20005,19306,30263,27866,31513,31585,37416,37998,41467,41847,27644,30813,19779,24813,6042,10240,9389,9151,18514,17788,21552,22595,29945,31062,34942,36192,25697,28657,18704,23267,5733,9595,304691,229395,44591,38818,77675,60046,14657,58,25
2021-07-17T23:59:59+02:00,1632,1437,19998,19304,30263,27863,31513,31581,37411,37996,41463,41845,27643,30812,19778,24813,6042,10240,9368,9136,18481,17766,21533,22582,29935,31055,34923,36188,25694,28655,18704,23266,5733,9595,304658,229240,44591,38815,77675,60035,14653,58,25
2021-07-16T23:59:59+02:00,1579,1392,19723,19056,30138,27766,31429,31508,37354,37933,41422,41813,27624,30795,19771,24803,6040,10234,9250,9021,18106,17463,21228,22308,29544,30699,34788,36082,25670,28631,18697,23253,5731,9593,303657,227972,44569,38093,77673,59702,14424,58,24
2021-07-15T23:59:59+02:00,1521,1349,19461,18807,29956,27620,31321,31409,37270,37850,41353,41745,27581,30765,19755,24789,6036,10231,8885,8717,17188,16629,19681,21080,28625,29775,34166,35502,25502,28448,18642,23204,5725,9580,302376,221850,44527,36637,77665,58774,14194,58,24
2021-07-14T23:59:59+02:00,1507,1336,19432,18771,29933,27594,31296,31377,37257,37837,41333,41738,27573,30758,19746,24782,6035,10227,8598,8419,16635,16029,19187,20560,28059,29276,33774,35125,25390,28319,18603,23138,5720,9569,302097,217679,44524,36279,77662,58344,14192,58,24
2021-07-13T23:59:59+02:00,1495,1326,19394,18746,29915,27570,31273,31362,37242,37809,41309,41710,27564,30744,19744,24777,6034,10221,8292,8158,16236,15674,18913,20282,27796,29027,33502,34869,25291,28199,18570,23097,5718,9564,301810,214977,44523,36244,77661,57852,14184,58,24
2021-07-12T23:59:59+02:00,1479,1316,19347,18729,29881,27541,31256,31341,37230,37792,41292,41695,27561,30740,19742,24771,6033,10221,8032,7941,15956,15397,18210,19734,27483,28707,33087,34507,25123,28004,18510,23022,5712,9559,301552,213695,44522,34304,77661,56873,14175,58,24
2021-07-11T23:59:59+02:00,1469,1308,19315,18699,29851,27510,31240,31310,37222,37771,41278,41683,27552,30731,19740,24771,6032,10220,7988,7894,15891,15326,18122,19680,27399,28645,32975,34445,25069,27959,18490,23000,5712,9556,301300,213121,44519,34293,77659,56630,14167,58,24
2021-07-10T23:59:59+02:00,1340,1191,18809,18281,29408,27217,30952,31076,36975,37612,41077,41532,27478,30671,19714,24739,6029,10217,7857,7824,15608,15191,17901,19528,27157,28505,32808,34328,25003,27913,18474,22987,5711,9556,299099,212699,44380,34171,77630,56388,13152,58,24
2021-07-09T23:59:59+02:00,1329,1185,18781,18250,29386,27200,30940,31063,36964,37600,41066,41524,27474,30667,19712,24735,6029,10216,7815,7777,15538,15125,17836,19434,26936,28275,32559,34115,24939,27850,18452,22961,5711,9553,298953,212418,44361,34168,77629,55223,13121,58,24
2021-07-08T23:59:59+02:00,1251,1103,18513,18034,29237,27048,30802,30945,36861,37498,40967,41446,27439,30632,19693,24716,6024,10210,7647,7641,15240,14878,17405,19073,26241,27673,32287,33848,24770,27693,18393,22899,5708,9545,297677,211282,44307,32742,77621,54205,12757,58,24
2021-07-07T23:59:59+02:00,1152,1011,18202,17709,29036,26864,30670,30821,36748,37378,40861,41360,27405,30584,19679,24699,6021,10207,7450,7430,14799,14510,16939,18630,25485,27061,31879,33468,24504,27369,18298,22804,5699,9536,296098,208359,44256,31904,77610,53246,12386,58,24
2021-07-06T23:59:59+02:00,1129,995,18124,17643,28991,26814,30618,30773,36712,37343,40825,41327,27388,30559,19668,24685,6019,10204,7234,7197,14454,14152,16586,18280,24733,26413,31580,33204,24314,27155,18250,22733,5692,9529,295516,206294,44253,30498,77608,52351,12383,58,24
2021-07-05T23:59:59+02:00,1086,967,18050,17579,28948,26758,30579,30738,36686,37298,40797,41301,27382,30545,19662,24679,6019,10199,7005,7007,14151,13879,16234,17914,24180,25904,31011,32636,24034,26856,18142,22593,5684,9519,295029,204799,44251,28397,77604,51218,12332,58,24
2021-07-04T23:59:59+02:00,1064,951,17979,17530,28909,26737,30557,30709,36676,37288,40782,41289,27376,30534,19657,24676,6019,10198,6979,6990,14097,13833,16159,17856,24096,25848,30858,32545,23942,26767,18110,22552,5682,9515,294712,204408,44250,28388,77593,50711,12319,58,24
2021-07-03T23:59:59+02:00,648,579,16245,15808,27735,25811,29757,29990,36034,36677,40280,40858,27218,30366,19589,24589,6010,10181,6593,6750,13581,13530,15757,17552,23735,25571,30552,32349,23845,26672,18076,22512,5678,9511,287184,204116,44211,28311,77509,50420,9414,58,24
2021-07-02T23:59:59+02:00,609,540,16113,15662,27574,25663,29677,29930,36003,36649,40261,40845,27212,30357,19586,24586,6010,10181,6545,6679,13507,13429,15669,17421,23592,25389,30398,32184,23652,26460,17987,22434,5676,9508,286275,203433,44211,28152,77507,49534,9408,58,24
2021-07-01T23:59:59+02:00,551,492,15935,15507,27357,25509,29599,29852,35948,36598,40195,40799,27191,30338,19575,24574,6008,10177,6405,6550,13166,13157,15140,16979,22326,24400,29634,31500,23371,26172,17868,22300,5669,9492,285082,199900,44206,26476,77494,48385,9366,58,22
2021-06-30T23:59:59+02:00,521,472,15831,15400,27245,25424,29531,29779,35892,36547,40152,40763,27176,30307,19564,24557,6004,10177,6210,6371,12735,12772,14572,16431,21701,23803,29037,30967,22949,25703,17736,22116,5662,9480,284255,195642,44203,26452,77488,46807,9339,58,22
2021-06-29T23:59:59+02:00,464,422,15068,14731,26982,25200,29436,29678,35813,36466,40084,40716,27157,30282,19556,24544,6004,10175,6098,6244,12474,12509,14176,16034,20909,23183,28453,30413,22500,25177,17583,21942,5654,9470,281745,192486,44202,25942,77479,45089,9295,58,22
2021-06-28T23:59:59+02:00,428,391,14439,14090,26825,25095,29361,29612,35755,36401,40040,40682,27139,30261,19548,24533,6004,10171,6031,6149,12295,12370,13988,15857,20289,22631,28052,30039,22163,24818,17454,21779,5649,9465,279806,190802,44198,25282,77473,43696,9241,58,22
2021-06-27T23:59:59+02:00,351,324,14092,13712,26761,25035,29321,29576,35733,36378,40021,40668,27128,30254,19545,24529,6003,10170,5994,6106,12181,12254,13841,15727,19737,22153,27441,29540,21886,24480,17333,21656,5645,9464,278682,189966,44193,23758,77461,42498,9208,58,22
2021-06-26T23:59:59+02:00,350,323,14081,13701,26745,25024,29315,29570,35727,36377,40018,40667,27127,30253,19545,24529,6003,10170,5989,6103,12170,12251,13835,15724,19724,22142,27396,29505,21741,24350,17293,21600,5644,9462,278609,189941,44191,23754,77461,42019,9207,58,22
2021-06-25T23:59:59+02:00,226,210,12814,12481,25277,23878,29013,29336,35621,36294,39951,40605,27103,30226,19534,24517,6000,10168,5946,6056,12074,12171,13693,15602,19414,21903,27011,29146,21418,23956,17119,21403,5641,9453,272368,188717,44187,23471,77440,40608,9202,58,22
2021-06-24T23:59:59+02:00,161,156,11839,11650,24164,22995,28646,28984,35471,36128,39834,40500,27064,30176,19523,24493,5998,10164,5729,5824,11615,11755,13114,15010,17877,20504,25363,27548,20648,23096,16801,20995,5631,9443,267120,183732,44167,19846,77435,38198,9168,57,22
2021-06-23T23:59:59+02:00,125,130,11477,11325,23661,22622,28398,28741,35292,36000,39744,40411,27034,30149,19515,24456,5996,10152,5655,5711,11402,11540,12814,14659,17487,20092,24614,26780,19853,22345,16607,20742,5623,9427,264493,181378,44160,19230,77430,35645,9089,57,22
2021-06-22T23:59:59+02:00,104,117,11294,11113,23501,22480,28318,28669,35216,35938,39698,40366,27019,30124,19507,24447,5996,10151,5546,5590,11135,11279,12447,14288,16885,19496,23881,26013,19473,21921,16444,20563,5616,9411,263345,178348,44157,18361,77428,34195,9072,57,22
2021-06-21T23:59:59+02:00,91,105,11042,10927,22665,21807,28063,28441,35150,35874,39634,40323,27001,30105,19501,24437,5996,10150,5427,5486,10920,11058,12140,13966,16492,19150,23432,25546,19183,21607,16339,20444,5610,9409,260742,176887,44147,17343,77419,33018,8948,57,22
2021-06-20T23:59:59+02:00,85,104,10978,10835,22414,21590,27805,28240,35070,35796,39589,40279,26991,30090,19499,24432,5994,10147,5386,5432,10832,10957,12044,13863,16295,18966,23161,25305,19082,21500,16286,20386,5604,9405,259454,176578,44145,16275,77413,32768,8869,57,22
2021-06-19T23:59:59+02:00,84,100,10954,10810,22381,21566,27787,28227,35058,35792,39579,40275,26990,30089,19499,24430,5994,10147,5355,5400,10750,10867,11952,13742,16147,18814,22854,24943,18995,21413,16274,20373,5603,9405,259300,176474,44123,14775,77413,32755,8869,57,22
2021-06-18T23:59:59+02:00,81,98,10905,10759,22061,21244,27522,28011,35003,35755,39548,40253,26981,30080,19498,24427,5994,10145,5340,5391,10719,10836,11912,13694,16085,18751,22769,24847,18829,21232,16229,20307,5602,9400,257906,176076,44121,14774,77412,32210,8869,57,22
2021-06-17T23:59:59+02:00,72,90,10325,10327,20786,20283,26661,27275,34633,35431,39289,40060,26917,29998,19477,24390,5987,10140,5141,5250,10344,10582,11468,13292,15404,18139,21401,23532,18373,20745,16066,20135,5598,9385,252118,170775,44101,14201,77400,31400,8465,57,22
2021-06-16T23:59:59+02:00,64,78,9987,10014,20104,19651,26023,26672,34384,35229,39126,39908,26871,29945,19453,24365,5986,10136,4997,5105,9954,10246,11008,12839,14700,17448,20551,22598,17970,20299,15896,19922,5588,9373,248270,166993,44085,12929,77386,30360,8198,57,22
2021-06-15T23:59:59+02:00,49,72,9742,9773,19807,19401,25800,26475,34254,35122,39028,39828,26839,29908,19446,24350,5981,10132,4891,4994,9714,10028,10774,12579,14276,17020,19952,22020,17647,19907,15674,19692,5579,9362,246495,164910,44073,11835,77380,29349,8002,57,21
2021-06-14T23:59:59+02:00,45,67,9609,9648,19507,19140,25624,26332,34133,35042,38966,39789,26821,29888,19440,24339,5981,10129,4810,4931,9523,9889,10600,12443,14013,16803,19634,21725,17478,19745,15572,19559,5578,9358,245295,163450,44071,11833,77376,28664,7701,57,21
2021-06-13T23:59:59+02:00,43,63,9449,9519,19216,18954,25272,26078,33932,34874,38860,39722,26805,29876,19430,24331,5981,10126,4726,4863,9311,9714,10433,12268,13687,16457,19286,21394,17351,19596,15525,19492,5576,9356,243649,162589,44071,11833,77372,27217,7382,57,21
2021-06-12T23:59:59+02:00,43,63,9440,9505,19203,18940,25272,26073,33932,34869,38857,39721,26805,29876,19430,24331,5981,10126,4723,4849,9301,9653,10401,12166,13638,16303,19231,21258,17242,19471,15408,19390,5574,9354,243603,162561,44071,11831,77365,26185,7371,57,21
2021-06-11T23:59:59+02:00,38,59,9281,9322,18969,18727,24471,25397,33752,34713,38722,39608,26772,29842,19419,24307,5981,10121,4643,4734,9080,9397,10141,11867,13117,15752,18255,20364,17056,19274,15368,19345,5571,9351,240673,158534,44069,11830,77361,25596,7341,57,21
2021-06-10T23:59:59+02:00,36,55,8887,8988,18317,18233,23618,24718,33431,34432,38517,39442,26713,29786,19395,24279,5978,10114,4468,4557,8498,8902,9333,11146,11968,14647,16265,18449,16165,18311,15083,18978,5562,9329,237036,148852,43408,11797,77335,23895,7104,56,20
2021-06-09T23:59:59+02:00,19,36,8438,8481,17479,17503,22466,23673,32941,33963,38230,39222,26600,29681,19347,24221,5968,10101,4332,4440,8209,8636,9089,10892,11635,14279,15778,17901,15793,17880,14842,18693,5555,9319,233025,147023,41513,11755,77294,21978,6504,33,20
2021-06-08T23:59:59+02:00,11,24,8119,8164,17008,17085,22045,23306,32696,33770,38067,39090,26555,29640,19337,24198,5965,10096,4212,4358,7955,8381,8784,10546,11276,13932,15135,17197,15335,17356,14580,18415,5550,9301,230291,145317,41480,10629,77282,20264,6090,33,20
2021-06-07T23:59:59+02:00,8,20,7921,7932,16650,16759,21501,22849,32414,33499,37949,38972,26526,29592,19317,24168,5960,10095,4135,4278,7774,8237,8624,10403,11105,13760,14821,16870,15135,17099,14404,18224,5546,9296,228664,144232,40504,10536,77260,19258,5672,32,20
2021-06-06T23:59:59+02:00,6,17,7813,7823,16515,16612,21306,22640,32187,33275,37813,38866,26499,29567,19304,24152,5960,10089,4106,4243,7726,8119,8570,10272,10998,13613,14625,16651,14950,16919,14315,18103,5539,9290,227428,143744,40204,10526,77242,18218,5538,32,20
2021-06-05T23:59:59+02:00,6,17,7791,7809,16486,16585,21298,22637,32177,33269,37810,38865,26498,29567,19303,24151,5960,10089,4097,4204,7711,8054,8556,10139,10984,13442,14606,16546,14913,16864,14306,18093,5539,9289,227318,143663,40204,10526,77241,17618,5523,32,20
2021-06-04T23:59:59+02:00,6,15,7677,7706,16208,16347,21021,22389,31753,32895,37695,38744,26465,29527,19291,24138,5958,10087,4090,4195,7685,8031,8530,10108,10917,13369,14501,16415,14831,16771,14269,18049,5539,9287,225717,143327,39428,10197,77222,17527,5523,32,20
2021-06-03T23:59:59+02:00,4,15,7418,7478,15330,15559,19386,20995,30840,31964,37189,38283,26332,29390,19247,24087,5952,10068,4029,4156,7596,7957,8407,10009,10747,13188,13929,15845,14566,16455,14184,17940,5536,9275,219074,141104,37846,10080,77211,17248,5374,32,20
2021-06-02T23:59:59+02:00,4,15,7283,7334,14944,15130,18954,20592,30370,31509,36963,38018,26268,29326,19227,24058,5949,10066,3999,4126,7531,7869,8319,9915,10606,13057,13481,15410,14442,16272,14156,17902,5533,9270,215983,139303,37415,9986,77210,17216,5370,32,20
2021-06-01T23:59:59+02:00,4,12,7007,7089,14543,14818,18608,20274,30042,31198,36739,37784,26212,29245,19203,24028,5947,10055,3897,4040,7288,7692,8087,9722,10339,12781,13076,14986,14008,15818,14039,17748,5526,9262,213227,137170,37370,9731,77189,16405,4990,32,20
2021-05-31T23:59:59+02:00,4,12,6843,6899,14324,14584,17904,19671,29701,30856,36442,37520,26121,29148,19175,23974,5937,10042,3818,3928,7079,7442,7864,9435,9995,12398,12635,14466,13479,15205,13836,17514,5518,9247,211794,133979,35318,9407,77172,15619,4841,32,20
2021-05-30T23:59:59+02:00,4,12,6820,6884,14278,14545,17827,19612,29651,30818,36410,37494,26109,29136,19172,23968,5936,10040,3774,3854,6922,7227,7716,9199,9788,12077,12377,14111,13357,15035,13766,17432,5515,9240,211498,133243,35306,9306,77114,14062,4766,32,20
2021-05-29T23:59:59+02:00,4,12,6818,6883,14269,14539,17822,19606,29646,30814,36407,37493,26107,29133,19172,23967,5936,10040,3765,3841,6893,7194,7683,9147,9752,12030,12304,14013,13316,14966,13736,17408,5514,9235,211466,133104,35306,9305,77099,13610,4765,32,20
2021-05-28T23:59:59+02:00,4,12,6808,6871,14253,14522,17805,19584,29633,30801,36395,37474,26104,29128,19169,23963,5936,10040,3751,3818,6872,7154,7649,9093,9699,11926,12063,13743,13125,14774,13706,17367,5511,9232,211305,131810,35305,9304,77096,13591,4764,32,20
2021-05-27T23:59:59+02:00,4,12,6717,6789,13985,14304,17318,19235,28952,30257,36235,37339,26054,29090,19153,23946,5935,10034,3626,3658,6585,6902,7272,8786,9201,11367,11353,12848,12573,14204,13576,17175,5503,9220,210205,128293,33861,8972,77054,12363,4207,32,20
2021-05-26T23:59:59+02:00,4,12,6646,6681,13770,14101,17065,18926,28405,29744,36056,37160,26013,29038,19135,23917,5934,10027,3534,3514,6360,6613,6984,8360,8858,10888,10698,12047,12009,13588,13430,16959,5498,9198,208580,124673,33107,8789,77039,11186,3876,32,20
2021-05-25T23:59:59+02:00,4,12,6565,6586,13565,13880,16801,18714,27679,29096,35963,37063,25989,29007,19123,23901,5929,10026,3485,3423,6215,6444,6838,8170,8632,10596,10351,11681,11663,13112,13325,16798,5495,9190,207863,122830,31651,8650,76554,10120,3804,31,20
2021-05-24T23:59:59+02:00,4,12,6495,6489,13388,13678,16578,18431,27266,28667,35617,36661,25932,28939,19104,23877,5928,10024,3471,3401,6157,6362,6792,8086,8573,10501,10278,11584,11488,12879,13277,16706,5487,9170,207328,122202,29419,8603,76547,9628,3765,31,20
2021-05-23T23:59:59+02:00,4,12,6493,6488,13383,13669,16575,18421,27247,28657,35587,36627,25929,28932,19104,23871,5928,10024,3466,3397,6151,6352,6782,8079,8545,10470,10238,11527,11405,12778,13257,16675,5487,9169,207213,122190,29402,8191,76546,9621,3759,31,20
2021-05-22T23:59:59+02:00,4,12,6486,6484,13376,13658,16568,18417,27244,28656,35584,36621,25929,28932,19104,23871,5928,10024,3465,3397,6148,6349,6781,8075,8541,10468,10233,11524,11394,12764,13252,16671,5486,9169,207163,122150,29402,8191,76543,9600,3759,31,20
2021-05-21T23:59:59+02:00,4,12,6424,6424,13223,13552,16394,18267,26972,28478,35152,36353,25903,28894,19096,23865,5927,10020,3456,3387,6114,6328,6750,8041,8502,10419,10179,11474,10876,12051,13111,16511,5483,9164,206473,120389,29277,8188,75492,9565,3687,31,20
2021-05-20T23:59:59+02:00,3,11,6131,6223,12612,13134,15197,17344,25056,26976,34197,35581,25798,28749,19042,23783,5921,10005,3396,3342,6020,6211,6637,7885,8354,10258,9941,11166,10536,11592,12998,16328,5473,9151,201697,118383,27531,8107,72947,9223,3558,30,20
2021-05-19T23:59:59+02:00,3,11,5924,5982,12098,12674,14487,16636,24108,26160,33569,34978,25685,28658,19007,23723,5913,9993,3319,3267,5858,6041,6444,7644,8078,9976,9638,10785,10224,11177,12919,16183,5471,9143,195985,116468,27492,7911,72932,8601,3170,30,20
2021-05-18T23:59:59+02:00,3,10,5754,5872,11698,12351,13863,16136,22951,25212,32900,34370,25569,28522,18959,23669,5908,9984,3275,3235,5745,5930,6279,7485,7872,9757,9440,10545,10054,10926,12773,15961,5462,9134,191021,115314,26985,7843,72887,7891,2808,30,20
2021-05-17T23:59:59+02:00,3,9,5701,5827,11535,12244,13590,15914,22134,24575,32587,34054,25488,28462,18937,23639,5899,9975,3158,3159,5554,5745,6104,7269,7662,9528,9215,10299,9963,10802,12715,15897,5459,9129,189246,114554,26283,7835,72493,6731,2521,30,20
2021-05-16T23:59:59+02:00,3,9,5673,5807,11474,12186,13505,15834,21523,24024,31972,33524,25447,28418,18927,23624,5898,9975,3153,3135,5540,5675,6076,7209,7634,9428,9183,10215,9947,10783,12712,15894,5459,9129,188477,114442,24735,7828,72072,6377,2509,30,19
2021-05-15T23:59:59+02:00,3,9,5664,5797,11441,12177,13476,15824,21448,23953,31431,33148,25436,28413,18926,23621,5897,9974,3139,3120,5521,5632,6062,7133,7594,9313,8944,9961,9914,10752,12678,15843,5459,9128,188427,114437,24722,7690,71420,6011,2039,30,19
2021-05-14T23:59:59+02:00,3,9,5624,5772,11379,12139,13404,15759,21037,23641,31000,32801,25400,28367,18915,23604,5897,9972,3107,3080,5485,5543,6041,6997,7554,9111,8884,9766,9841,10642,12591,15716,5459,9125,187704,114268,24403,7356,70548,5264,2038,30,19
2021-05-13T23:59:59+02:00,3,9,5466,5613,10996,11843,12690,15170,18847,21892,29449,31331,25170,28122,18847,23532,5895,9969,3095,3045,5460,5504,6024,6939,7530,9040,8840,9706,9624,10398,12392,15411,5454,9115,183736,113908,20597,6536,68458,5094,2023,30,19
2021-05-12T23:59:59+02:00,2,9,5437,5586,10924,11785,12588,15082,18725,21768,29086,30966,25077,28027,18830,23502,5894,9964,3095,3041,5454,5498,6014,6925,7505,9025,8801,9652,9436,10166,12160,15088,5451,9108,182786,113624,19959,5668,68455,5088,2023,29,19
2021-05-11T23:59:59+02:00,2,9,5300,5482,10676,11535,12222,14709,18113,21131,28153,29994,24884,27838,18770,23425,5889,9949,3053,3000,5365,5342,5914,6740,7375,8782,8639,9429,9253,9970,12012,14898,5442,9090,178703,112578,19064,5559,68322,4188,1963,29,19
2021-05-10T23:59:59+02:00,2,8,5177,5404,10463,11340,11963,14453,17787,20796,27733,29586,24775,27730,18731,23378,5881,9945,2985,2946,5247,5224,5799,6636,7251,8639,8511,9322,9149,9846,11922,14770,5439,9082,176700,112049,18371,5547,68096,3200,1956,29,19
2021-05-09T23:59:59+02:00,2,8,5103,5356,10362,11226,11863,14334,17447,20512,27342,29209,24689,27643,18702,23342,5878,9942,2916,2915,5099,5180,5622,6593,7081,8610,8382,9286,9137,9836,11904,14750,5439,9082,176305,111973,17085,5537,67600,2365,1941,29,19
2021-05-08T23:59:59+02:00,2,8,5102,5355,10360,11222,11863,14334,17443,20510,27339,29206,24689,27643,18702,23342,5878,9942,2916,2914,5098,5180,5622,6593,7081,8610,8379,9286,9136,9835,11904,14750,5439,9082,176288,111970,17085,5537,67597,2361,1941,29,19
2021-05-07T23:59:59+02:00,2,8,5068,5329,10290,11169,11734,14210,17042,20235,26702,28648,24640,27592,18685,23308,5871,9913,2906,2907,5082,5171,5611,6577,7069,8599,8371,9275,9130,9827,11893,14728,5431,9055,175452,111955,17082,5531,66071,2318,1812,29,19
2021-05-06T23:59:59+02:00,1,8,4797,5167,9827,10824,11172,13689,15953,19209,24292,26352,24141,27064,18579,23205,5866,9899,2863,2862,5015,5095,5571,6486,6983,8479,8241,9125,9030,9715,11869,14677,5428,9052,170412,111413,14628,5475,63177,1786,1801,27,19
2021-05-05T23:59:59+02:00,1,8,4719,5089,9533,10594,10830,13363,15372,18602,23448,25385,23880,26740,18510,23099,5856,9881,2843,2825,4965,5010,5512,6365,6899,8314,8117,8909,8923,9584,11791,14591,5427,9044,166743,110471,13315,5469,63027,1364,1798,27,19
2021-05-04T23:59:59+02:00,1,8,4634,4998,9359,10387,10619,13119,14984,18202,22903,24819,23666,26464,18438,23017,5848,9867,2834,2791,4937,4933,5479,6245,6845,8172,8024,8753,8819,9472,11715,14532,5425,9041,164479,109969,12187,5458,62863,796,1777,27,19
2021-05-03T23:59:59+02:00,1,8,4561,4924,9166,10250,10442,12943,14701,17955,22494,24404,23527,26314,18410,22969,5848,9861,2757,2721,4849,4859,5403,6159,6748,8066,7842,8587,8732,9385,11676,14483,5422,9036,162972,109745,12186,5455,62771,686,822,27,19
2021-05-02T23:59:59+02:00,1,8,4548,4910,9089,10192,10316,12831,14374,17648,22189,24117,23477,26254,18391,22944,5847,9860,2751,2714,4789,4825,5312,6075,6610,7937,7723,8486,8686,9344,11652,14449,5420,9031,162083,109629,12183,5453,62667,669,36,27,19
2021-05-01T23:59:59+02:00,1,8,4548,4908,9087,10191,10315,12831,14370,17645,22187,24117,23476,26253,18391,22944,5847,9860,2751,2714,4789,4825,5312,6075,6609,7937,7723,8486,8686,9344,11652,14449,5420,9031,162066,109629,12183,5452,62667,669,36,27,19
2021-04-30T23:59:59+02:00,0,8,4474,4817,8844,9977,10053,12589,13888,17217,21346,23348,23350,26117,18375,22914,5844,9857,2747,2712,4778,4817,5303,6041,6597,7906,7689,8448,8682,9341,11651,14446,5418,9030,158469,109600,12182,5450,62338,537,2,27,19
2021-04-29T23:59:59+02:00,0,8,4325,4673,8359,9564,9349,11985,12884,16316,19501,21666,22642,25356,18236,22703,5838,9840,2724,2691,4736,4745,5259,5965,6534,7799,7608,8330,8571,9225,11585,14370,5412,9021,149262,109103,12168,5176,61787,277,2,26,19
2021-04-28T23:59:59+02:00,0,8,4292,4654,8288,9490,9273,11898,12765,16196,19283,21452,22553,25264,18208,22662,5836,9835,2721,2680,4710,4685,5231,5921,6503,7725,7560,8248,8554,9201,11568,14347,5409,9015,148878,108906,12078,5104,60974,51,1,26,18
2021-04-27T23:59:59+02:00,0,8,4252,4608,8150,9350,9160,11747,12619,16027,18832,20955,22324,25006,18142,22584,5833,9826,2718,2676,4708,4681,5221,5913,6490,7706,7526,8211,8496,9122,11487,14265,5405,9011,148150,108648,10993,4931,60253,43,1,26,15
2021-04-26T23:59:59+02:00,0,8,4210,4580,8044,9255,9013,11642,12445,15853,18419,20591,22190,24859,18106,22552,5832,9824,2718,2674,4704,4676,5216,5904,6476,7686,7491,8183,8448,9074,11431,14186,5401,8994,147372,108538,10858,4673,59167,38,0,26,15
2021-04-25T23:59:59+02:00,0,8,4196,4564,8008,9225,8948,11579,12310,15723,18074,20260,21990,24621,18066,22497,5828,9819,2718,2674,4703,4675,5214,5900,6471,7683,7489,8179,8392,9015,11407,14158,5401,8992,145986,108516,10847,4505,58857,37,0,26,15
2021-04-24T23:59:59+02:00,0,8,4190,4556,7993,9221,8933,11569,12262,15693,18015,20222,21974,24608,18064,22492,5828,9819,2717,2674,4703,4675,5214,5900,6471,7683,7489,8179,8392,9013,11407,14158,5401,8992,145890,108516,10847,4505,58684,36,0,26,13
2021-04-23T23:59:59+02:00,0,8,4170,4523,7936,9158,8848,11467,11919,15367,17581,19823,21760,24375,18000,22415,5826,9811,2714,2672,4700,4672,5208,5892,6457,7674,7466,8148,8371,8986,11399,14150,5399,8989,144621,108504,10498,4347,57842,35,0,26,13
2021-04-22T23:59:59+02:00,0,8,4121,4458,7804,8967,8661,11207,11592,14947,16667,18837,21185,23663,17865,22233,5816,9792,2705,2666,4694,4650,5185,5865,6413,7638,7391,8100,8238,8828,11255,13999,5394,8980,140881,107883,10368,4080,56550,27,0,24,13
2021-04-21T23:59:59+02:00,0,8,4079,4415,7701,8846,8505,11047,11295,14667,15929,18074,20806,23215,17793,22127,5811,9779,2697,2655,4676,4629,5169,5844,6401,7620,7363,8078,8188,8767,11217,13960,5392,8978,137954,107600,10238,3999,55885,25,0,20,12
2021-04-20T23:59:59+02:00,0,8,4054,4388,7666,8794,8429,10967,11132,14492,15494,17597,20342,22697,17691,21974,5803,9768,2689,2646,4666,4616,5144,5824,6373,7596,7323,8038,8094,8635,11142,13873,5388,8974,135801,107028,9972,3959,55503,24,0,20,12
2021-04-19T23:59:59+02:00,0,8,4023,4337,7604,8689,8337,10827,10974,14309,15241,17303,19863,22132,17525,21759,5792,9756,2684,2645,4660,4612,5131,5809,6354,7579,7297,7994,8041,8581,11116,13827,5385,8969,133732,106694,9618,3956,55109,24,0,20,12
2021-04-18T23:59:59+02:00,0,5,4003,4308,7544,8638,8231,10700,10715,14066,14749,16764,19433,21619,17403,21572,5788,9750,2683,2645,4660,4612,5131,5809,6352,7576,7294,7993,8037,8578,11114,13823,5384,8966,131308,106670,9547,3954,54413,23,0,20,12
2021-04-17T23:59:59+02:00,0,5,4000,4300,7524,8632,8221,10682,10673,14020,14639,16676,19312,21496,17381,21544,5787,9748,2683,2645,4659,4610,5125,5804,6338,7571,7269,7969,7991,8532,11095,13800,5382,8966,130871,106659,9538,3747,54211,23,0,20,12
2021-04-16T23:59:59+02:00,0,5,3989,4257,7451,8510,8118,10524,10478,13758,13969,15913,18743,20849,17255,21369,5776,9731,2680,2642,4654,4605,5120,5791,6321,7560,7231,7934,7681,8142,11004,13660,5374,8950,128019,105860,9478,3456,53178,23,0,20,12
2021-04-15T23:59:59+02:00,0,4,3945,4203,7338,8379,7945,10286,10141,13368,13238,15053,17934,19983,17011,21043,5762,9710,2679,2634,4642,4587,5107,5759,6290,7524,7160,7861,7119,7481,10880,13500,5370,8939,124359,104189,9319,3312,51645,21,0,20,12
2021-04-14T23:59:59+02:00,0,3,3918,4173,7272,8273,7839,10135,9966,13167,12818,14607,17403,19369,16859,20831,5757,9697,2645,2615,4624,4555,5078,5711,6255,7491,7102,7800,6481,6717,10616,13208,5366,8931,122965,101857,9083,3312,50019,16,0,20,12
2021-04-13T23:59:59+02:00,0,3,3915,4167,7234,8257,7782,10101,9858,13113,12442,14312,16711,18519,16623,20528,5753,9691,2621,2588,4604,4529,5053,5677,6196,7423,7013,7698,6268,6465,10030,12545,5358,8912,122263,99651,8863,3304,47863,16,0,20,11
2021-04-12T23:59:59+02:00,0,3,3901,4149,7181,8211,7725,10032,9750,13011,12195,14100,16266,17999,16434,20314,5748,9688,2592,2577,4536,4487,4946,5607,6081,7347,6895,7599,5520,5640,9581,12008,5318,8870,121929,96283,8827,3296,45931,16,0,20,11
2021-04-11T23:59:59+02:00,0,3,3886,4141,7139,8158,7664,9987,9657,12933,11955,13892,15700,17308,16157,19971,5743,9678,2516,2493,4406,4364,4791,5473,5918,7195,6742,7492,5217,5277,9450,11846,5318,8866,121334,94094,8398,3246,44220,15,0,20,11
2021-04-10T23:59:59+02:00,0,3,3868,4121,7100,8111,7620,9930,9595,12874,11863,13807,15482,17116,16108,19903,5742,9671,1955,1923,3586,3640,3911,4704,4909,6269,5887,6704,4942,4969,9322,11694,5312,8857,120866,85314,8398,3246,43630,15,0,20,11
2021-04-09T23:59:59+02:00,0,3,3848,4101,7060,8082,7556,9873,9442,12745,11535,13521,14292,15579,15664,19372,5729,9660,1094,1094,2223,2441,2393,3322,3118,4619,4253,5233,4251,4233,9073,11336,5287,8828,118958,69531,8396,3243,40688,15,0,20,11
2021-04-08T23:59:59+02:00,0,3,3822,4085,6999,8029,7453,9778,9254,12625,11131,13166,13158,14311,15242,18828,5699,9614,589,599,1303,1732,1482,2386,2016,3525,2863,3836,2997,2824,8264,10349,5142,8605,117646,55250,8315,3240,37216,13,0,20,11
2021-04-07T23:59:59+02:00,0,3,3774,4059,6921,7975,7360,9708,9125,12494,10822,12857,12429,13538,15023,18560,5693,9594,358,378,951,1387,1074,1999,1503,3062,1913,2827,1813,1534,7358,9207,4987,8346,116671,45438,8163,3240,35082,10,0,19,11
2021-04-06T23:59:59+02:00,0,3,3758,4047,6899,7937,7305,9641,9032,12414,10608,12638,12044,13043,14801,18262,5682,9580,351,364,941,1377,1059,1978,1476,3034,1851,2768,1733,1467,6945,8649,4836,8108,115389,43680,8064,3239,34224,9,0,17,11
2021-04-05T23:59:59+02:00,0,3,3753,4046,6888,7924,7292,9630,9012,12386,10544,12579,11933,12895,14702,18169,5680,9577,349,358,930,1373,1053,1970,1466,3013,1830,2734,1680,1414,6716,8343,4714,7924,115049,42611,8043,3238,33904,9,0,17,11
2021-04-04T23:59:59+02:00,0,3,3753,4046,6886,7918,7291,9629,9009,12386,10533,12574,11930,12891,14699,18168,5680,9577,349,357,928,1373,1052,1968,1465,3012,1828,2731,1677,1409,6709,8330,4709,7921,115044,42563,8042,3237,33870,9,0,17,11
2021-04-03T23:59:59+02:00,0,3,3753,4046,6886,7917,7290,9629,9009,12386,10532,12574,11930,12890,14697,18166,5680,9577,349,356,926,1369,1050,1967,1464,3007,1826,2731,1672,1397,6666,8249,4674,7886,115040,42334,8042,3237,33866,9,0,17,11
2021-04-02T23:59:59+02:00,0,3,3751,4044,6884,7914,7284,9623,8997,12379,10516,12558,11803,12775,14654,18105,5676,9568,347,354,924,1362,1043,1955,1449,2981,1785,2692,1576,1310,5899,7340,4238,7320,114911,39654,8037,2903,33569,9,0,17,11
2021-04-01T23:59:59+02:00,0,2,3711,4032,6850,7892,7242,9592,8945,12339,10444,12487,11456,12364,14264,17573,5663,9541,342,351,908,1347,1031,1934,1417,2935,1726,2624,1452,1217,4962,6231,3688,6496,114465,35745,6623,2898,33292,9,0,17,11
2021-03-31T23:59:59+02:00,0,2,3705,4028,6835,7872,7224,9573,8909,12307,10356,12415,11124,11957,13913,17074,5655,9512,339,348,900,1337,1021,1919,1397,2906,1676,2588,1386,1164,4380,5549,3334,6026,113868,33427,5619,2825,32957,9,0,17,11
2021-03-30T23:59:59+02:00,0,2,3687,4004,6797,7833,7164,9504,8819,12203,10192,12259,10864,11678,13689,16808,5648,9497,335,341,894,1326,1014,1913,1374,2899,1648,2562,1359,1138,4255,5425,3272,5930,113040,33039,5360,2628,32231,9,0,17,11
2021-03-29T23:59:59+02:00,0,2,3678,3982,6771,7810,7124,9451,8723,12107,10009,12051,10430,11210,13312,16338,5631,9462,330,337,890,1315,1008,1905,1366,2889,1632,2553,1334,1124,4122,5280,3175,5799,111357,32420,5051,2622,31666,8,0,17,11
2021-03-28T23:59:59+02:00,0,2,3635,3926,6656,7651,7007,9309,8596,11913,9856,11860,10218,10950,13136,16152,5626,9452,330,337,890,1315,1006,1904,1364,2889,1631,2551,1325,1121,4089,5238,3149,5773,110983,32377,4787,2520,30158,6,0,17,11
2021-03-27T23:59:59+01:00,0,2,3634,3915,6644,7586,6977,9195,8546,11741,9804,11706,10104,10827,13041,16064,5625,9452,330,336,890,1315,1006,1901,1364,2887,1627,2550,1323,1119,4063,5203,3136,5758,110974,32274,4787,2519,29085,6,0,17,11
2021-03-26T23:59:59+01:00,0,2,3628,3907,6616,7549,6949,9120,8498,11628,9712,11578,10054,10763,12995,16008,5616,9430,325,334,889,1312,1002,1889,1361,2866,1606,2536,1297,1103,3882,4977,3030,5605,110914,31521,4564,2478,28558,6,0,17,11
2021-03-25T23:59:59+01:00,0,2,3605,3876,6525,7422,6857,8955,8306,11395,9403,11261,9673,10379,12692,15692,5611,9420,325,333,887,1304,999,1878,1348,2853,1582,2517,1271,1084,3648,4735,2778,5270,110537,30320,4356,2478,26164,5,0,17,11
2021-03-24T23:59:59+01:00,0,2,3548,3824,6436,7236,6735,8727,8138,11158,9173,10934,9254,9890,12273,15232,5600,9410,325,332,886,1301,994,1876,1340,2849,1566,2501,1262,1074,3581,4662,2597,5048,110022,29705,4210,2478,23321,2,0,17,11
2021-03-23T23:59:59+01:00,0,2,3530,3791,6387,7180,6657,8667,8020,11029,8918,10699,8828,9416,11821,14710,5591,9395,325,332,885,1291,989,1867,1335,2840,1562,2493,1238,1049,3485,4586,2404,4728,109201,28920,4104,2478,21319,2,0,17,11
2021-03-22T23:59:59+01:00,0,2,3522,3771,6344,7151,6623,8620,7954,10953,8768,10563,8545,9062,11518,14380,5555,9356,323,327,879,1281,981,1860,1328,2829,1552,2483,1226,1039,3456,4550,2385,4695,108529,28706,4101,2477,20040,2,0,17,11
2021-03-21T23:59:59+01:00,0,2,3520,3769,6340,7140,6606,8604,7935,10934,8712,10505,8425,8945,11446,14277,5553,9353,321,326,870,1278,974,1853,1319,2827,1548,2479,1222,1036,3447,4535,2371,4686,108444,28604,4100,2477,19505,2,0,17,11
2021-03-20T23:59:59+01:00,0,2,3512,3731,6332,7068,6591,8467,7910,10750,8668,10369,8347,8859,11408,14238,5553,9353,321,326,870,1278,974,1852,1318,2827,1548,2477,1222,1036,3447,4534,2371,4685,108411,28599,3888,2476,18842,2,0,17,11
2021-03-19T23:59:59+01:00,0,2,3499,3701,6306,6984,6567,8374,7864,10633,8553,10208,7805,8252,11224,13996,5543,9334,318,325,865,1271,957,1842,1295,2794,1498,2432,1138,968,2780,3744,1958,4115,106790,25813,3588,2476,18450,2,0,17,11
2021-03-18T23:59:59+01:00,0,2,3488,3683,6264,6943,6534,8312,7801,10546,8436,10079,6844,7150,10945,13695,5533,9309,317,325,862,1266,951,1833,1275,2786,1473,2412,1100,951,2573,3505,1802,3894,103759,24838,3429,2476,18359,2,0,17,11
2021-03-17T23:59:59+01:00,0,2,3451,3645,6193,6858,6479,8206,7710,10415,8304,9920,6159,6301,10651,13379,5515,9277,316,325,855,1260,946,1821,1261,2764,1453,2385,1063,926,2454,3379,1723,3784,100939,24228,3428,2476,18081,2,0,17,11
2021-03-16T23:59:59+01:00,0,2,3433,3616,6154,6805,6434,8133,7657,10350,8210,9818,5982,6125,9943,12582,5475,9213,309,314,841,1244,934,1812,1255,2744,1439,2377,1048,905,2239,3137,1589,3588,98682,23290,3418,2474,17815,2,0,17,11
2021-03-15T23:59:59+01:00,0,2,3396,3583,6055,6725,6304,8041,7515,10231,8081,9693,5226,5289,9498,12034,5432,9143,308,313,837,1240,932,1805,1253,2731,1430,2368,1035,892,2096,2964,1503,3494,95160,22717,3411,2473,17660,2,0,17,11
2021-03-14T23:59:59+01:00,0,2,3270,3436,5774,6377,6027,7678,7200,9816,7793,9370,4892,4896,9341,11836,5428,9133,308,312,837,1240,931,1805,1251,2730,1428,2365,1033,890,2093,2961,1500,3493,92753,22696,3356,2470,16143,2,0,17,11
2021-03-13T23:59:59+01:00,0,2,2615,2774,4831,5507,5007,6746,6001,8694,6777,8423,4576,4512,8957,11314,5338,9025,308,312,836,1238,931,1800,1248,2728,1427,2365,1033,889,2069,2925,1470,3458,82037,22556,3356,2470,15689,2,0,17,11
2021-03-12T23:59:59+01:00,0,2,1788,1952,3488,4350,3489,5400,4250,7047,5127,6904,3899,3802,7700,9755,4834,8342,304,309,834,1234,925,1793,1239,2708,1401,2348,987,864,1719,2461,1201,3106,63100,20952,3353,2470,15659,2,0,17,11
2021-03-11T23:59:59+01:00,0,2,1284,1467,2581,3608,2579,4456,3155,5951,3758,5509,2712,2516,5993,7630,4064,7163,299,300,818,1225,912,1770,1221,2679,1376,2302,950,844,1561,2230,1077,2917,45706,20001,3351,2470,15354,2,0,17,10
2021-03-10T23:59:59+01:00,0,2,1060,1246,2212,3244,2203,4063,2701,5509,2847,4539,1576,1311,4636,5902,3505,6392,289,290,800,1206,890,1734,1187,2606,1337,2236,925,824,1381,2040,981,2743,34635,19097,3351,2362,14947,2,0,15,10
2021-03-09T23:59:59+01:00,0,2,1044,1218,2145,3101,2138,3948,2616,5375,2763,4413,1541,1280,4553,5823,3463,6331,285,283,786,1185,872,1708,1162,2565,1319,2207,910,812,1303,1916,910,2632,34209,18527,3348,2318,14182,2,0,15,10
2021-03-08T23:59:59+01:00,0,2,1022,1187,2088,3000,2098,3866,2557,5262,2707,4341,1500,1259,4404,5660,3361,6186,285,279,781,1177,870,1699,1154,2557,1311,2191,885,791,1136,1691,785,2467,33501,17736,3348,2314,13636,1,0,15,10
2021-03-07T23:59:59+01:00,0,2,1017,1168,2048,2956,2056,3825,2517,5197,2666,4304,1495,1256,4397,5652,3359,6186,285,279,781,1177,870,1699,1154,2557,1310,2191,882,791,1127,1681,777,2456,33469,17736,3342,2273,13275,0,0,15,10
2021-03-06T23:59:59+01:00,0,2,1017,1164,2037,2942,2044,3806,2501,5170,2648,4283,1482,1246,4363,5607,3345,6174,285,279,781,1177,870,1698,1154,2557,1310,2191,882,791,1127,1681,777,2455,33324,17735,3341,2272,13151,0,0,15,10
2021-03-05T23:59:59+01:00,0,2,1013,1160,2022,2922,2013,3783,2458,5118,2594,4245,1442,1218,4095,5275,3193,5952,284,276,774,1170,864,1689,1151,2548,1307,2181,868,787,1119,1672,776,2453,32583,17639,2993,2272,12914,0,0,15,10
2021-03-04T23:59:59+01:00,0,2,919,1013,1934,2794,1945,3645,2382,4962,2503,4086,1411,1197,3854,5015,2928,5603,284,274,772,1165,861,1681,1150,2534,1303,2172,835,772,1106,1661,769,2441,31330,17523,2989,2249,11859,0,0,15,10
2021-03-03T23:59:59+01:00,0,2,872,905,1869,2698,1874,3540,2312,4846,2429,4002,1398,1184,3744,4909,2706,5331,283,272,771,1155,858,1663,1144,2492,1293,2145,815,768,1098,1643,762,2434,30654,17497,2872,2091,11080,0,0,15,10
2021-03-02T23:59:59+01:00,0,2,827,830,1772,2574,1789,3416,2222,4722,2369,3922,1363,1162,3610,4774,2503,4983,283,271,770,1149,854,1660,1139,2487,1289,2135,813,766,1084,1622,751,2415,29921,17390,2683,2090,10221,0,0,15,10
2021-03-01T23:59:59+01:00,0,2,804,791,1672,2430,1718,3272,2122,4550,2289,3801,1345,1150,3558,4710,2459,4921,283,269,766,1145,853,1648,1135,2475,1284,2125,805,762,1079,1611,744,2408,29666,17294,2599,2090,9314,0,0,15,10
2021-02-28T23:59:59+01:00,0,2,798,767,1653,2364,1690,3200,2099,4450,2275,3734,1339,1144,3548,4695,2445,4911,282,268,766,1144,853,1643,1135,2473,1284,2120,801,760,1071,1598,740,2398,29559,17271,2597,2057,8943,0,0,15,10
2021-02-27T23:59:59+01:00,0,2,783,750,1631,2303,1673,3086,2080,4324,2253,3638,1336,1141,3548,4693,2444,4910,282,268,766,1144,853,1642,1135,2473,1284,2119,801,760,1061,1592,723,2384,29554,17269,2596,2010,8430,0,0,15,10
2021-02-26T23:59:59+01:00,0,2,655,669,1524,2190,1620,2926,2016,4085,2151,3400,1243,1070,2893,3898,2017,4326,282,268,765,1142,852,1641,1135,2471,1282,2116,799,755,1043,1579,713,2368,26747,17195,2596,2008,7327,0,0,15,10
2021-02-25T23:59:59+01:00,0,2,505,589,1405,2087,1552,2797,1952,3955,2051,3286,1193,1038,2662,3628,1851,4083,265,253,740,1118,810,1571,1087,2369,1208,2023,743,733,1011,1542,701,2340,25674,17102,2564,1404,6383,0,0,15,10
2021-02-24T23:59:59+01:00,0,2,475,558,1336,1974,1479,2653,1882,3801,1972,3135,1153,1008,2523,3490,1772,3964,236,240,713,1073,783,1508,1057,2308,1153,1972,716,710,964,1513,690,2310,25016,16914,2552,1024,5594,0,0,15,10
2021-02-23T23:59:59+01:00,0,2,418,516,1253,1834,1403,2505,1805,3590,1900,3013,1127,972,2318,3259,1645,3773,231,234,698,1049,771,1469,1035,2260,1127,1931,707,698,954,1499,687,2306,24078,16821,2542,827,4698,0,0,15,10
2021-02-22T23:59:59+01:00,0,2,405,482,1153,1722,1300,2408,1695,3483,1819,2942,1105,958,2175,3086,1560,3677,220,225,676,997,740,1406,1009,2166,1083,1849,664,666,885,1422,651,2248,23498,16631,2538,268,3921,0,0,15,10
2021-02-21T23:59:59+01:00,0,2,386,466,1050,1689,1147,2384,1537,3459,1714,2923,1097,956,2174,3085,1560,3677,193,219,645,989,729,1398,995,2161,1074,1847,661,663,882,1417,643,2241,23468,16495,2538,254,3285,0,0,15,10
2021-02-20T23:59:59+01:00,0,2,386,464,1049,1689,1146,2384,1535,3457,1714,2921,1097,955,2173,3085,1559,3676,191,217,642,989,725,1397,989,2158,1072,1847,661,663,882,1417,643,2241,23461,16472,2537,254,3279,0,0,15,10
2021-02-19T23:59:59+01:00,0,2,381,455,1037,1685,1136,2374,1520,3438,1680,2906,1046,927,1801,2577,1262,3293,170,207,616,984,707,1389,972,2156,1066,1845,658,662,879,1417,642,2240,21714,16348,2537,254,3254,0,0,15,10
2021-02-18T23:59:59+01:00,0,2,361,435,997,1603,1098,2287,1467,3319,1639,2816,1015,904,1625,2333,1131,3085,150,196,577,973,687,1376,938,2139,1041,1825,647,643,858,1389,628,2219,20722,16024,2537,254,2843,0,0,15,10
2021-02-17T23:59:59+01:00,0,2,338,382,912,1460,989,2087,1332,3063,1527,2595,978,873,1436,2121,1030,2907,144,189,565,942,661,1325,905,2061,988,1749,612,611,851,1363,623,2200,19641,15527,2537,254,1839,0,0,15,10
2021-02-16T23:59:59+01:00,0,2,332,343,868,1322,937,1899,1270,2838,1459,2433,966,856,1373,2025,963,2811,138,176,551,899,646,1271,877,1997,958,1707,602,601,829,1332,610,2140,19271,15208,2536,118,875,0,0,15,10
2021-02-15T23:59:59+01:00,0,2,316,303,840,1291,920,1843,1230,2754,1421,2376,937,823,1195,1791,832,2634,129,168,529,872,628,1209,850,1923,935,1630,581,564,811,1295,601,2098,18353,14737,2535,78,607,0,0,13,10
2021-02-14T23:59:59+01:00,0,2,316,303,839,1291,919,1843,1228,2754,1421,2376,937,823,1195,1791,832,2633,129,168,528,864,624,1204,844,1917,931,1627,580,563,809,1294,600,2094,18351,14691,2535,77,604,0,0,13,10
2021-02-13T23:59:59+01:00,0,2,316,303,839,1291,919,1840,1228,2752,1421,2374,936,823,1195,1790,830,2633,129,168,528,864,624,1204,842,1914,929,1623,578,563,794,1274,588,2078,18344,14689,2531,3,604,0,0,13,10
2021-02-12T23:59:59+01:00,0,2,312,302,829,1286,915,1810,1222,2725,1393,2345,934,821,1194,1787,830,2633,129,168,526,861,623,1197,836,1902,923,1610,575,561,780,1262,582,2064,18336,14588,2531,3,460,0,0,13,10
2021-02-11T23:59:59+01:00,0,2,293,293,814,1251,909,1775,1205,2659,1371,2290,899,807,1183,1775,829,2623,127,154,508,819,600,1131,802,1802,900,1550,561,547,756,1226,568,2032,18222,14073,2530,2,213,0,0,13,10
2021-02-10T23:59:59+01:00,0,2,290,287,795,1213,896,1745,1193,2613,1356,2248,894,805,1168,1759,824,2606,123,145,441,732,554,1038,723,1675,841,1464,542,531,741,1205,558,2005,18198,13318,2425,2,59,0,0,12,0
2021-02-09T23:59:59+01:00,0,2,290,284,790,1199,884,1727,1178,2594,1341,2224,879,798,1154,1738,813,2581,106,125,384,643,500,904,644,1469,750,1269,490,452,622,1042,489,1765,18082,11656,2379,0,3,0,0,12,0
2021-02-08T23:59:59+01:00,0,2,289,283,788,1194,883,1720,1176,2590,1334,2216,873,794,1137,1716,796,2555,95,102,338,546,447,798,554,1252,642,1103,414,378,538,846,392,1446,17957,9893,2376,0,1,0,0,12,0
2021-02-07T23:59:59+01:00,0,2,288,282,786,1193,882,1720,1176,2589,1334,2213,866,792,1134,1713,795,2553,93,101,336,541,445,794,552,1243,638,1097,409,373,518,820,385,1431,17930,9778,2376,0,0,0,0,12,0
2021-02-06T23:59:59+01:00,0,2,288,281,785,1192,882,1719,1176,2589,1334,2212,865,791,1132,1707,793,2551,93,100,336,538,444,793,551,1239,636,1096,405,368,468,750,356,1385,17913,9560,2374,0,0,0,0,12,0
2021-02-05T23:59:59+01:00,0,2,288,281,785,1191,881,1717,1175,2588,1333,2207,858,784,1108,1696,786,2535,87,97,328,532,427,775,525,1204,607,1053,382,340,446,724,339,1339,17829,9206,2374,0,0,0,0,12,0
2021-02-04T23:59:59+01:00,0,2,285,273,782,1169,869,1694,1161,2560,1317,2184,835,770,1080,1666,779,2517,72,79,256,411,332,606,407,976,495,844,309,276,341,587,279,1126,17580,7396,2351,0,0,0,0,12,0
2021-02-03T23:59:59+01:00,0,2,284,268,778,1147,866,1665,1154,2509,1304,2151,812,756,1063,1643,769,2501,58,56,170,282,258,450,286,726,369,594,209,194,242,430,195,846,17473,5365,2187,0,0,0,0,12,0
2021-02-02T23:59:59+01:00,0,2,283,262,774,1138,859,1643,1146,2482,1293,2133,805,748,1054,1631,766,2489,36,36,92,140,149,260,173,453,236,374,135,124,165,261,136,543,17309,3313,2187,0,0,0,0,12,0
2021-02-01T23:59:59+01:00,0,2,281,259,769,1119,851,1623,1139,2451,1288,2098,796,734,1047,1620,762,2473,11,13,15,28,26,66,46,89,72,106,49,45,58,75,39,178,17114,916,2187,0,0,0,0,11,0
2021-01-31T23:59:59+01:00,0,2,275,257,753,1117,843,1612,1129,2440,1277,2089,790,728,1037,1602,755,2460,10,13,14,27,24,63,40,84,65,98,46,45,53,68,36,165,17078,851,2077,0,0,0,0,11,0
2021-01-30T23:59:59+01:00,0,2,275,257,753,1116,842,1612,1129,2440,1277,2089,789,728,1027,1595,738,2446,10,11,14,27,24,63,40,84,64,96,45,44,52,68,36,164,17074,842,2030,0,0,0,0,11,0
2021-01-29T23:59:59+01:00,0,2,275,257,753,1115,842,1612,1129,2440,1277,2088,788,727,1026,1593,738,2444,9,6,12,25,24,62,38,82,63,96,44,43,52,68,36,164,17067,824,2028,0,0,0,0,11,0
2021-01-28T23:59:59+01:00,0,2,271,252,741,1090,807,1557,1092,2379,1199,2029,747,713,997,1573,722,2422,4,0,3,6,9,26,19,37,20,48,21,22,23,45,15,97,16886,395,1696,0,0,0,0,11,0
2021-01-27T23:59:59+01:00,0,2,265,245,718,1058,759,1502,1032,2298,1117,1948,712,686,982,1552,719,2414,3,0,3,4,6,22,15,23,13,35,6,9,10,10,4,27,16425,190,1573,0,0,0,0,11,0
2021-01-26T23:59:59+01:00,0,2,241,236,701,1032,751,1452,1012,2222,1089,1883,700,672,959,1536,709,2395,3,0,1,4,5,12,13,12,6,11,3,5,6,7,1,16,16372,105,1209,0,0,0,0,11,0
2021-01-25T23:59:59+01:00,0,2,208,221,648,959,698,1329,968,2073,1030,1746,652,616,881,1441,665,2322,3,0,1,4,5,12,13,12,6,11,3,5,6,7,1,16,16139,105,309,0,0,0,0,11,0
2021-01-24T23:59:59+01:00,0,2,191,215,622,947,679,1315,950,2057,1015,1736,644,610,871,1421,656,2309,3,0,1,4,5,11,12,12,5,11,3,5,6,7,1,16,15965,102,264,0,0,0,0,11,0
2021-01-23T23:59:59+01:00,0,2,191,215,622,947,679,1315,950,2057,1015,1736,644,610,871,1421,656,2309,3,0,1,4,5,11,10,12,5,11,3,5,6,7,1,16,15965,100,264,0,0,0,0,11,0
2021-01-22T23:59:59+01:00,0,2,144,197,564,937,661,1300,916,2047,1002,1725,639,609,870,1421,656,2309,3,0,0,4,5,11,10,12,5,11,3,5,6,7,1,16,15724,99,264,0,0,0,0,11,0
2021-01-21T23:59:59+01:00,0,2,139,189,549,913,639,1259,883,1993,980,1677,625,588,858,1389,649,2290,3,0,0,4,4,11,9,12,5,11,3,5,6,7,1,15,15347,96,264,0,0,0,0,11,0
2021-01-20T23:59:59+01:00,0,2,134,173,502,847,616,1178,820,1883,943,1606,604,571,841,1366,639,2262,3,0,0,4,4,11,9,12,5,11,3,5,6,7,1,15,14714,96,262,0,0,0,0,11,0
2021-01-19T23:59:59+01:00,0,2,123,154,430,760,553,1044,736,1692,842,1444,556,521,743,1206,562,2008,3,0,0,4,4,9,9,12,5,11,3,5,6,7,1,15,13172,94,193,0,0,0,0,11,0
2021-01-18T23:59:59+01:00,0,2,104,122,361,606,462,870,605,1424,716,1235,488,455,659,1045,495,1736,1,0,0,1,0,1,0,0,0,0,0,0,0,1,0,0,11291,4,83,0,0,0,0,11,0
2021-01-17T23:59:59+01:00,0,2,100,120,357,600,460,865,603,1405,708,1225,483,444,632,1014,478,1694,1,0,0,1,0,1,0,0,0,0,0,0,0,1,0,0,11097,4,82,0,0,0,0,11,0
2021-01-16T23:59:59+01:00,0,2,100,117,355,592,457,860,592,1392,697,1213,466,429,535,885,416,1595,0,0,0,1,0,1,0,0,0,0,0,0,0,0,0,0,10689,2,3,0,0,0,0,11,0
2021-01-15T23:59:59+01:00,0,2,99,115,350,590,451,856,586,1385,680,1197,450,411,527,873,408,1572,0,0,0,0,0,0,0,0,0,0,0,0,0,0,0,0,10540,0,1,0,0,0,0,11,0
2021-01-14T23:59:59+01:00,0,0,81,93,292,488,372,691,467,1130,559,1012,370,327,412,715,335,1332,0,0,0,0,0,0,0,0,0,0,0,0,0,0,0,0,8665,0,0,0,0,0,0,11,0
2021-01-13T23:59:59+01:00,0,0,67,70,208,370,296,513,352,847,432,718,256,228,303,536,252,1023,0,0,0,0,0,0,0,0,0,0,0,0,0,0,0,0,6461,0,0,0,0,0,0,10,0
2021-01-12T23:59:59+01:00,0,0,45,47,126,218,182,319,211,538,286,447,161,145,196,351,172,686,0,0,0,0,0,0,0,0,0,0,0,0,0,0,0,0,4130,0,0,0,0,0,0,0,0
2021-01-11T23:59:59+01:00,0,0,11,15,42,60,42,94,60,119,95,134,65,58,83,103,49,223,0,0,0,0,0,0,0,0,0,0,0,0,0,0,0,0,1253,0,0,0,0,0,0,0,0
2021-01-10T23:59:59+01:00,0,0,11,15,29,49,35,76,51,110,82,124,57,54,77,93,46,209,0,0,0,0,0,0,0,0,0,0,0,0,0,0,0,0,1118,0,0,0,0,0,0,0,0
2021-01-09T23:59:59+01:00,0,0,11,14,26,48,35,76,50,109,80,121,56,53,76,92,45,208,0,0,0,0,0,0,0,0,0,0,0,0,0,0,0,0,1100,0,0,0,0,0,0,0,0
2021-01-08T23:59:59+01:00,0,0,7,7,26,42,33,73,47,107,79,120,53,49,71,87,41,208,0,0,0,0,0,0,0,0,0,0,0,0,0,0,0,0,1050,0,0,0,0,0,0,0,0
2021-01-07T23:59:59+01:00,0,0,5,1,9,21,15,39,28,77,34,82,32,27,47,74,28,162,0,0,0,0,0,0,0,0,0,0,0,0,0,0,0,0,681,0,0,0,0,0,0,0,0
2021-01-06T23:59:59+01:00,0,0,5,0,4,8,10,31,25,43,19,52,26,24,34,51,19,120,0,0,0,0,0,0,0,0,0,0,0,0,0,0,0,0,471,0,0,0,0,0,0,0,0
2021-01-05T23:59:59+01:00,0,0,5,0,4,8,10,31,25,43,19,52,26,24,34,50,19,120,0,0,0,0,0,0,0,0,0,0,0,0,0,0,0,0,470,0,0,0,0,0,0,0,0
2021-01-04T23:59:59+01:00,0,0,4,0,1,3,4,12,13,12,5,12,3,5,6,8,1,17,0,0,0,0,0,0,0,0,0,0,0,0,0,0,0,0,106,0,0,0,0,0,0,0,0
2021-01-03T23:59:59+01:00,0,0,3,0,1,3,4,10,12,12,5,12,3,5,6,8,1,16,0,0,0,0,0,0,0,0,0,0,0,0,0,0,0,0,101,0,0,0,0,0,0,0,0
2021-01-02T23:59:59+01:00,0,0,3,0,1,3,4,10,10,12,5,12,3,5,6,8,1,16,0,0,0,0,0,0,0,0,0,0,0,0,0,0,0,0,99,0,0,0,0,0,0,0,0
2021-01-01T23:59:59+01:00,0,0,3,0,0,3,4,10,10,12,5,12,3,5,6,7,1,16,0,0,0,0,0,0,0,0,0,0,0,0,0,0,0,0,97,0,0,0,0,0,0,0,0
2020-12-31T23:59:59+01:00,0,0,3,0,0,3,4,10,9,12,5,12,3,5,6,7,1,16,0,0,0,0,0,0,0,0,0,0,0,0,0,0,0,0,96,0,0,0,0,0,0,0,0
2020-12-30T23:59:59+01:00,0,0,3,0,0,3,4,10,9,12,5,12,3,5,6,7,1,16,0,0,0,0,0,0,0,0,0,0,0,0,0,0,0,0,96,0,0,0,0,0,0,0,0
2020-12-29T23:59:59+01:00,0,0,3,0,0,3,4,8,9,12,5,12,3,5,6,7,1,16,0,0,0,0,0,0,0,0,0,0,0,0,0,0,0,0,94,0,0,0,0,0,0,0,0
2020-12-28T23:59:59+01:00,0,0,3,0,0,3,4,8,9,12,5,12,3,5,6,7,1,16,0,0,0,0,0,0,0,0,0,0,0,0,0,0,0,0,94,0,0,0,0,0,0,0,0
2020-12-27T23:59:59+01:00,0,0,1,0,0,0,0,0,0,0,0,0,0,0,1,3,0,7,0,0,0,0,0,0,0,0,0,0,0,0,0,0,0,0,12,0,0,0,0,0,0,0,0
