Datum,<15_m,<15_w,15-24_1_m,15-24_1_w,25-34_1_m,25-34_1_w,35-44_1_m,35-44_1_w,45-54_1_m,45-54_1_w,55-64_1_m,55-64_1_w,65-74_1_m,65-74_1_w,75-84_1_m,75-84_1_w,>84_1_m,>84_1_w,<24_2_m,<24_2_w,25-34_2_m,25-34_2_w,35-44_2_m,35-44_2_w,45-54_2_m,45-54_2_w,55-64_2_m,55-64_2_w,65-74_2_m,65-74_2_w,75-84_2_m,75-84_2_w,>84_2_m,>84_2_w,bp_1,bp_2,mo_1,mo_2,az_1,az_2,ja,unb_1,unb_2
2021-10-18T23:59:59+02:00,4017,3723,25814,24790,34987,32346,34758,34710,40138,40476,43571,43625,28422,31652,20236,25368,6338,10704,23296,22327,32565,29735,32805,32496,38086,38098,41494,41593,27410,30480,19531,24402,6067,10138,341291,320114,45623,43926,77575,71260,21130,61,35
2021-10-17T23:59:59+02:00,4010,3711,25807,24785,34979,32337,34750,34706,40137,40473,43566,43620,28422,31651,20236,25364,6337,10702,23257,22301,32554,29722,32799,32487,38082,38091,41493,41585,27409,30477,19530,24400,6065,10138,341210,319817,45623,43926,77575,71260,21129,61,35
2021-10-16T23:59:59+02:00,4010,3711,25807,24785,34979,32337,34749,34706,40136,40472,43566,43620,28421,31650,20236,25363,6337,10701,23256,22301,32554,29722,32799,32486,38081,38090,41493,41584,27408,30477,19530,24399,6064,10136,341204,319805,45623,43926,77575,71260,21128,61,35
2021-10-15T23:59:59+02:00,4000,3701,25769,24755,34948,32311,34726,34683,40117,40460,43554,43613,28417,31647,20233,25360,6335,10697,23196,22233,32499,29674,32770,32441,38052,38063,41473,41568,27401,30469,19528,24395,6064,10132,340970,319365,45607,43900,77574,71260,21119,61,35
2021-10-14T23:59:59+02:00,3980,3673,25696,24697,34889,32250,34683,34648,40086,40428,43524,43598,28409,31638,20227,25357,6333,10694,23113,22147,32437,29582,32720,32386,37994,38020,41436,41531,27384,30455,19520,24387,6061,10132,340513,318693,45586,43855,77574,71260,21081,61,35
2021-10-13T23:59:59+02:00,3966,3650,25666,24676,34864,32220,34664,34633,40071,40404,43505,43578,28400,31630,20221,25344,6326,10686,23081,22110,32411,29543,32709,32352,37977,38000,41419,41520,27377,30441,19513,24380,6061,10127,340216,318382,45584,43847,77574,71260,21074,61,35
2021-10-12T23:59:59+02:00,3949,3630,25616,24624,34804,32159,34632,34603,40042,40377,43485,43565,28387,31616,20217,25335,6320,10679,22994,22014,32311,29455,32666,32304,37920,37963,41394,41483,27353,30428,19506,24370,6058,10117,339792,317698,45567,43810,77574,71258,21051,61,35
2021-10-11T23:59:59+02:00,3942,3618,25591,24599,34788,32136,34603,34585,40031,40366,43474,43551,28377,31607,20210,25330,6316,10675,22964,21982,32268,29420,32641,32273,37903,37946,41373,41466,27347,30422,19500,24363,6056,10113,339576,317385,45552,43802,77574,71258,21041,61,35
2021-10-10T23:59:59+02:00,3939,3616,25587,24592,34780,32126,34597,34571,40024,40361,43466,43544,28376,31602,20205,25326,6316,10671,22952,21964,32256,29403,32636,32266,37892,37935,41367,41461,27342,30418,19499,24362,6056,10113,339478,317259,45550,43799,77574,71258,21041,61,35
2021-10-09T23:59:59+02:00,3938,3613,25586,24589,34779,32122,34595,34570,40021,40357,43464,43544,28374,31601,20204,25323,6315,10671,22952,21964,32256,29403,32634,32265,37891,37935,41366,41460,27342,30418,19498,24362,6056,10112,339445,317250,45550,43799,77574,71258,21041,61,35
2021-10-08T23:59:59+02:00,3903,3589,25517,24532,34720,32067,34562,34539,39987,40329,43430,43518,28364,31591,20192,25307,6307,10667,22854,21899,32207,29348,32597,32218,37863,37892,41341,41436,27330,30400,19493,24354,6052,10111,338939,316705,45531,43784,77574,71257,21021,61,35
2021-10-07T23:59:59+02:00,3879,3545,25442,24451,34650,31996,34514,34500,39949,40289,43400,43491,28354,31579,20176,25297,6300,10657,22729,21757,32137,29263,32545,32140,37818,37845,41298,41394,27310,30382,19477,24341,6045,10099,338354,315836,45504,43759,77574,71256,20981,61,35
2021-10-06T23:59:59+02:00,3865,3526,25405,24408,34610,31957,34488,34469,39930,40272,43382,43473,28346,31570,20163,25278,6296,10645,22696,21715,32106,29226,32523,32109,37802,37821,41279,41379,27300,30372,19467,24329,6043,10095,337978,315496,45501,43756,77574,71256,20974,61,35
2021-10-05T23:59:59+02:00,3843,3507,25348,24348,34539,31882,34449,34430,39910,40237,43344,43449,28336,31558,20143,25258,6291,10615,22620,21599,32014,29135,32468,32046,37760,37779,41249,41350,27284,30362,19457,24319,6033,10085,337464,314801,45479,43730,77572,71254,20916,61,35
2021-10-04T23:59:59+02:00,3820,3485,25301,24306,34495,31851,34415,34399,39886,40219,43324,43430,28329,31550,20135,25242,6282,10602,22575,21553,31985,29087,32438,32022,37740,37761,41223,41334,27273,30346,19448,24310,6029,10078,337077,314454,45468,43715,77572,71251,20898,61,35
2021-10-03T23:59:59+02:00,3811,3483,25286,24300,34486,31846,34409,34393,39882,40210,43319,43426,28325,31548,20132,25232,6281,10595,22561,21542,31977,29077,32424,32013,37733,37755,41215,41331,27271,30341,19444,24304,6024,10072,336974,314329,45467,43714,77572,71251,20895,61,35
2021-10-02T23:59:59+02:00,3811,3483,25286,24299,34485,31846,34409,34393,39881,40210,43319,43426,28325,31548,20132,25232,6281,10595,22561,21542,31977,29077,32424,32013,37733,37755,41215,41331,27271,30341,19444,24304,6024,10072,336971,314328,45467,43714,77572,71251,20895,61,35
2021-10-01T23:59:59+02:00,3792,3465,25238,24232,34423,31777,34347,34353,39848,40186,43289,43408,28322,31542,20130,25230,6279,10592,22461,21453,31925,29007,32374,31971,37697,37707,41190,41315,27264,30336,19440,24299,6023,10070,336535,313767,45443,43687,77571,71249,20848,61,35
2021-09-30T23:59:59+02:00,3760,3423,25138,24117,34321,31699,34277,34295,39778,40128,43238,43367,28307,31523,20115,25218,6275,10579,22341,21335,31843,28903,32314,31900,37644,37659,41150,41289,27235,30324,19437,24286,6021,10065,335767,312975,45402,43662,77566,71249,20767,61,34
2021-09-29T23:59:59+02:00,3742,3403,25111,24073,34293,31671,34251,34269,39758,40106,43218,43350,28298,31515,20110,25212,6269,10572,22313,21304,31820,28883,32293,31876,37627,37642,41134,41277,27228,30312,19433,24277,6020,10064,335449,312730,45398,43658,77566,71249,20752,61,34
2021-09-28T23:59:59+02:00,3715,3373,25024,24003,34212,31604,34203,34220,39713,40067,43183,43321,28282,31496,20102,25200,6265,10563,22220,21230,31753,28810,32246,31829,37593,37599,41109,41252,27207,30297,19431,24268,6017,10062,334900,312226,45364,43628,77566,71248,20660,61,34
2021-09-27T23:59:59+02:00,3693,3349,24986,23977,34175,31566,34182,34190,39693,40035,43164,43300,28275,31486,20094,25195,6261,10555,22184,21198,31721,28770,32220,31808,37571,37581,41090,41239,27198,30292,19428,24264,6016,10058,334576,311960,45355,43612,77565,71248,20624,61,34
2021-09-26T23:59:59+02:00,3540,3244,24928,23942,34165,31558,34175,34187,39687,40028,43158,43294,28274,31484,20092,25194,6260,10554,22168,21179,31717,28763,32216,31804,37563,37574,41085,41234,27195,30288,19425,24262,6015,10057,334169,311856,45355,43611,77565,71247,20619,61,34
2021-09-25T23:59:59+02:00,3539,3244,24927,23942,34165,31558,34175,34187,39686,40027,43157,43294,28274,31483,20092,25194,6260,10554,22166,21176,31717,28763,32214,31803,37560,37572,41085,41234,27195,30287,19425,24262,6015,10057,334163,311841,45355,43611,77565,71247,20619,61,34
2021-09-24T23:59:59+02:00,3515,3212,24846,23866,34052,31478,34107,34124,39629,39980,43123,43268,28259,31472,20089,25188,6259,10552,22080,21088,31624,28699,32167,31765,37504,37534,41065,41212,27182,30276,19422,24259,6014,10057,333637,311385,45322,43598,77564,71246,20440,61,33
2021-09-23T23:59:59+02:00,3346,3061,24708,23716,33962,31387,34031,34065,39571,39928,43065,43224,28242,31458,20081,25176,6256,10550,21966,20986,31556,28621,32117,31709,37468,37500,41030,41178,27168,30257,19415,24243,6013,10054,332598,310768,45293,43580,77564,71244,20316,61,33
2021-09-22T23:59:59+02:00,3323,3036,24672,23664,33930,31354,34008,34028,39544,39912,43042,43200,28233,31449,20077,25165,6256,10545,21938,20957,31519,28583,32099,31681,37446,37485,41007,41167,27158,30251,19412,24239,6013,10053,332254,310507,45284,43576,77562,71243,20282,61,33
2021-09-21T23:59:59+02:00,3199,2903,24475,23510,33787,31254,33944,33945,39475,39865,43020,43158,28214,31429,20068,25159,6248,10538,21801,20819,31409,28478,32022,31603,37392,37436,40974,41133,27147,30239,19404,24224,6010,10048,331204,309730,45245,43548,77562,71242,20124,61,33
2021-09-20T23:59:59+02:00,3175,2881,24430,23463,33742,31213,33914,33912,39445,39834,42996,43133,28209,31420,20064,25153,6248,10534,21764,20778,31365,28431,32000,31567,37363,37418,40960,41124,27137,30232,19395,24218,6008,10041,330842,309430,45229,43541,77562,71240,20077,61,32
2021-09-19T23:59:59+02:00,3171,2879,24420,23457,33734,31205,33907,33905,39440,39819,42987,43132,28208,31419,20064,25151,6248,10534,21757,20773,31361,28423,31997,31566,37356,37410,40952,41123,27137,30232,19394,24217,6008,10041,330765,309377,45229,43540,77561,71240,20069,61,32
2021-09-18T23:59:59+02:00,3171,2879,24420,23457,33734,31205,33907,33905,39440,39819,42987,43132,28208,31419,20064,25151,6248,10534,21757,20773,31361,28421,31995,31566,37356,37410,40952,41123,27137,30232,19394,24216,6008,10041,330765,309372,45229,43540,77561,71240,20069,61,32
2021-09-17T23:59:59+02:00,3144,2841,24315,23343,33629,31104,33831,33837,39370,39765,42952,43105,28194,31411,20062,25145,6246,10532,21677,20696,31291,28359,31930,31519,37316,37377,40932,41109,27129,30217,19392,24209,6008,10040,330116,308923,45187,43520,77560,71240,19907,60,32
2021-09-16T23:59:59+02:00,3094,2792,24202,23211,33534,30995,33763,33732,39324,39705,42899,43056,28168,31390,20046,25134,6243,10524,21572,20600,31209,28287,31865,31454,37293,37322,40899,41071,27118,30197,19385,24201,6006,10039,329295,308328,45148,43511,77560,71234,19753,60,32
2021-09-15T23:59:59+02:00,3071,2779,24161,23163,33503,30951,33748,33701,39294,39677,42881,43038,28158,31379,20040,25128,6242,10522,21535,20557,31177,28240,31838,31431,37261,37288,40876,41045,27104,30188,19378,24193,6006,10035,328964,307968,45135,43510,77559,71232,19722,60,32
2021-09-14T23:59:59+02:00,3031,2747,24055,23021,33359,30810,33664,33616,39237,39625,42830,42988,28140,31363,20031,25120,6238,10517,21450,20475,31086,28150,31774,31369,37212,37245,40832,41019,27094,30168,19369,24185,6004,10032,328153,307444,45100,43503,77558,71228,19525,60,32
2021-09-13T23:59:59+02:00,3013,2728,24005,22968,33313,30750,33632,33566,39212,39594,42799,42964,28134,31350,20026,25118,6236,10513,21399,20428,31041,28099,31745,31337,37189,37225,40818,40997,27088,30162,19365,24181,6003,10031,327771,307144,45084,43490,77558,71227,19452,60,32
2021-09-12T23:59:59+02:00,3009,2721,24001,22960,33308,30746,33623,33560,39207,39591,42796,42962,28132,31348,20025,25117,6236,10512,21383,20419,31032,28081,31726,31329,37183,37218,40812,40991,27083,30161,19363,24178,6003,10029,327705,307022,45084,43490,77557,71226,19452,60,32
2021-09-11T23:59:59+02:00,3007,2720,23999,22958,33306,30745,33621,33559,39207,39589,42795,42962,28129,31346,20025,25117,6236,10512,21379,20418,31031,28078,31726,31329,37183,37217,40811,40990,27081,30161,19363,24178,6003,10029,327685,307006,45084,43490,77557,71226,19451,60,32
2021-09-10T23:59:59+02:00,2965,2678,23866,22830,33177,30629,33519,33484,39133,39505,42747,42922,28113,31329,20020,25109,6235,10510,21262,20315,30919,27985,31637,31276,37120,37175,40765,40957,27073,30151,19357,24168,6001,10028,326944,306464,45064,43471,77557,71225,19150,60,32
2021-09-09T23:59:59+02:00,2915,2639,23691,22681,33068,30501,33421,33384,39062,39433,42707,42875,28086,31311,20011,25103,6233,10508,21142,20184,30826,27888,31561,31181,37057,37119,40716,40909,27049,30135,19348,24159,5997,10025,326063,305712,45040,43451,77555,71222,18921,54,32
2021-09-08T23:59:59+02:00,2894,2608,23652,22632,33039,30462,33405,33356,39042,39412,42692,42860,28080,31302,20008,25098,6232,10508,21109,20152,30795,27872,31546,31156,37039,37096,40705,40895,27042,30129,19343,24154,5996,10024,325751,305482,45034,43447,77555,71221,18892,54,30
2021-09-07T23:59:59+02:00,2841,2553,23502,22487,32919,30355,33330,33270,38986,39348,42648,42826,28062,31285,20004,25093,6231,10505,20973,20018,30677,27788,31471,31090,36991,37044,40667,40866,27025,30104,19337,24143,5995,10022,325000,304832,45009,43425,77554,71216,18631,54,30
2021-09-06T23:59:59+02:00,2818,2538,23471,22443,32888,30322,33309,33250,38965,39335,42632,42811,28059,31281,20002,25091,6230,10502,20932,19975,30646,27761,31451,31065,36972,37025,40653,40854,27017,30096,19335,24134,5992,10020,324735,304532,44993,43417,77553,71215,18615,54,30
2021-09-05T23:59:59+02:00,2807,2535,23464,22437,32886,30317,33307,33245,38962,39332,42628,42805,28057,31277,20000,25090,6229,10501,20920,19968,30636,27755,31448,31061,36969,37023,40648,40851,27012,30094,19333,24130,5991,10020,324670,304458,44992,43417,77553,71215,18613,54,30
2021-09-04T23:59:59+02:00,2807,2535,23461,22436,32885,30317,33307,33244,38962,39331,42627,42804,28057,31277,20000,25090,6229,10501,20918,19968,30636,27755,31447,31060,36969,37023,40647,40851,27012,30094,19333,24130,5991,10020,324664,304451,44992,43417,77553,71215,18610,54,30
2021-09-03T23:59:59+02:00,2784,2501,23384,22359,32813,30246,33267,33201,38918,39302,42597,42791,28049,31264,19999,25088,6227,10500,20869,19910,30588,27716,31414,31025,36941,36998,40618,40839,27004,30086,19331,24128,5990,10020,324165,304108,44964,43409,77551,71207,18559,54,30
2021-09-02T23:59:59+02:00,2754,2469,23278,22262,32752,30155,33208,33146,38880,39269,42558,42758,28029,31252,19995,25074,6225,10497,20795,19849,30529,27654,31376,30994,36902,36961,40585,40810,26994,30074,19328,24117,5990,10020,323560,303682,44934,43392,77550,71202,18466,54,30
2021-09-01T23:59:59+02:00,2732,2455,23254,22225,32723,30123,33186,33120,38853,39248,42545,42742,28021,31245,19990,25072,6225,10497,20754,19805,30498,27626,31349,30968,36883,36945,40567,40793,26984,30065,19327,24111,5990,10020,323305,303402,44923,43385,77549,71201,18428,54,30
2021-08-31T23:59:59+02:00,2687,2412,23131,22120,32642,30023,33132,33062,38808,39206,42519,42717,28010,31239,19984,25068,6224,10493,20666,19711,30427,27566,31300,30925,36843,36913,40538,40768,26975,30053,19321,24106,5990,10018,322727,302985,44893,43370,77548,71194,18258,54,30
2021-08-30T23:59:59+02:00,2665,2388,23078,22077,32602,29981,33108,33025,38779,39186,42500,42699,28005,31232,19977,25059,6223,10489,20540,19610,30330,27471,31240,30874,36810,36885,40517,40734,26960,30039,19320,24097,5990,10016,322387,302274,44878,43361,77548,71189,18209,54,30
2021-08-29T23:59:59+02:00,2634,2358,22991,22014,32539,29924,33065,32994,38733,39150,42470,42678,27996,31225,19974,25054,6223,10488,20437,19542,30261,27421,31205,30840,36769,36856,40492,40716,26947,30028,19319,24092,5990,10016,321934,301846,44862,43338,77546,71179,18117,54,30
2021-08-28T23:59:59+02:00,2628,2356,22991,22014,32535,29924,33064,32994,38730,39149,42469,42678,27995,31225,19974,25054,6223,10488,20436,19541,30256,27420,31205,30837,36766,36854,40492,40716,26947,30028,19319,24092,5990,10016,321921,301835,44862,43337,77546,71179,18111,54,30
2021-08-27T23:59:59+02:00,2628,2356,22986,22010,32530,29924,33063,32991,38728,39147,42465,42678,27994,31225,19974,25054,6222,10488,20430,19539,30247,27419,31204,30835,36763,36853,40490,40716,26947,30028,19319,24091,5990,10016,321905,301820,44862,43337,77546,71176,18099,54,30
2021-08-26T23:59:59+02:00,2545,2272,22796,21804,32397,29782,32945,32884,38640,39058,42400,42609,27969,31192,19961,25036,6221,10482,20158,19269,30105,27252,31062,30709,36654,36758,40405,40642,26905,29987,19300,24067,5984,10014,320684,300305,44842,43313,77545,71160,17871,54,30
2021-08-25T23:59:59+02:00,2539,2264,22776,21779,32386,29761,32931,32869,38628,39044,42389,42603,27964,31189,19954,25030,6218,10480,20110,19225,30069,27222,31041,30673,36628,36726,40387,40626,26892,29974,19297,24059,5983,10013,320497,299942,44842,43313,77545,71159,17869,54,30
2021-08-24T23:59:59+02:00,2521,2253,22737,21737,32360,29716,32912,32836,38618,39024,42370,42589,27958,31178,19949,25022,6217,10479,20072,19183,30036,27181,31020,30638,36614,36705,40367,40608,26886,29964,19293,24056,5983,10009,320209,299653,44832,43308,77545,71154,17839,54,30
2021-08-23T23:59:59+02:00,2502,2221,22666,21664,32289,29659,32876,32805,38579,38993,42340,42576,27942,31169,19946,25011,6217,10477,19946,19061,29918,27101,30955,30591,36565,36662,40325,40579,26874,29951,19287,24046,5983,10003,319766,298918,44821,43283,77543,71147,17751,54,30
2021-08-22T23:59:59+02:00,2493,2212,22630,21632,32270,29641,32860,32797,38562,38977,42335,42567,27938,31164,19941,25011,6217,10476,19907,19023,29882,27068,30924,30555,36544,36646,40306,40557,26866,29947,19284,24043,5983,10001,319596,298628,44815,43280,77542,71138,17719,54,30
2021-08-21T23:59:59+02:00,2474,2199,22575,21582,32230,29604,32836,32773,38548,38954,42318,42557,27931,31156,19939,25008,6217,10475,19805,18924,29810,27010,30890,30511,36509,36604,40282,40536,26855,29938,19279,24039,5981,10001,319350,298119,44802,43265,77540,71132,17633,54,30
2021-08-20T23:59:59+02:00,2436,2157,22486,21475,32154,29521,32773,32725,38498,38914,42276,42529,27924,31142,19935,24993,6216,10471,19631,18797,29684,26907,30815,30451,36446,36558,40236,40498,26840,29919,19270,24030,5980,9997,318764,297303,44779,43239,77537,71114,17494,54,30
2021-08-19T23:59:59+02:00,2346,2089,22324,21339,32016,29397,32684,32642,38397,38836,42206,42475,27898,31109,19928,24981,6211,10462,19372,18591,29472,26757,30695,30341,36327,36463,40134,40413,26812,29889,19259,24014,5976,9992,317829,296030,44759,43209,77537,71089,17164,54,30
2021-08-18T23:59:59+02:00,2336,2080,22298,21317,31994,29376,32662,32619,38369,38818,42193,42459,27883,31099,19922,24976,6211,10460,19317,18531,29432,26723,30669,30310,36299,36442,40110,40382,26795,29878,19255,24002,5971,9988,317568,295595,44759,43209,77537,71087,17157,54,30
2021-08-17T23:59:59+02:00,2319,2064,22273,21289,31978,29346,32636,32594,38356,38806,42169,42440,27877,31086,19916,24971,6211,10460,19274,18480,29401,26684,30624,30283,36271,36407,40082,40358,26773,29863,19248,23985,5967,9984,317321,295192,44759,43206,77537,71083,17123,54,30
2021-08-16T23:59:59+02:00,2280,2047,22207,21246,31937,29302,32613,32573,38332,38785,42137,42423,27868,31079,19914,24961,6211,10459,19066,18335,29255,26570,30547,30194,36223,36355,40045,40316,26753,29847,19241,23966,5961,9982,316973,294190,44759,43200,77535,71081,17056,54,30
2021-08-15T23:59:59+02:00,2253,2024,22153,21189,31889,29262,32589,32540,38304,38766,42116,42409,27861,31074,19908,24954,6210,10459,18947,18218,29096,26442,30467,30111,36155,36304,39990,40259,26734,29823,19231,23957,5958,9981,316638,293263,44750,43183,77534,71073,16987,54,30
2021-08-14T23:59:59+02:00,2247,2021,22127,21173,31877,29246,32585,32534,38296,38761,42110,42406,27860,31073,19907,24953,6210,10458,18834,18124,29033,26378,30427,30063,36131,36273,39969,40244,26726,29817,19228,23956,5957,9978,316549,292718,44747,43163,77534,71069,16963,54,30
2021-08-13T23:59:59+02:00,2230,2010,22081,21135,31840,29222,32548,32506,38281,38747,42100,42396,27858,31068,19904,24950,6209,10458,18578,17864,28853,26219,30311,29971,36079,36204,39924,40208,26710,29805,19223,23947,5954,9974,316313,291348,44742,43147,77532,71059,16905,54,30
2021-08-12T23:59:59+02:00,2194,1972,21994,21041,31769,29146,32491,32456,38234,38704,42063,42362,27842,31049,19897,24940,6207,10458,18271,17549,28601,25991,30167,29842,35985,36111,39848,40140,26674,29758,19203,23924,5952,9971,315741,289596,44731,43094,77529,71012,16767,54,30
2021-08-11T23:59:59+02:00,2192,1967,21974,21025,31751,29126,32476,32440,38226,38695,42052,42346,27833,31046,19894,24936,6206,10454,18216,17493,28565,25946,30119,29803,35964,36073,39812,40107,26662,29731,19196,23914,5952,9969,315562,289117,44731,43091,77529,71009,16766,54,30
2021-08-10T23:59:59+02:00,2183,1946,21946,20988,31714,29104,32460,32420,38199,38668,42034,42337,27827,31038,19893,24933,6205,10450,17695,17039,28389,25787,30025,29713,35795,35950,39762,40064,26638,29708,19189,23898,5948,9968,315314,287412,44726,43062,77527,70759,16729,52,30
2021-08-09T23:59:59+02:00,2159,1932,21895,20937,31657,29057,32426,32390,38174,38648,42020,42313,27816,31029,19892,24924,6204,10448,17222,16578,28257,25680,29970,29659,35748,35905,39728,40029,26629,29694,19184,23892,5948,9966,314938,285926,44720,43042,77527,70746,16687,52,30
2021-08-08T23:59:59+02:00,2143,1914,21841,20893,31612,29020,32391,32364,38150,38640,41998,42292,27809,31025,19886,24920,6204,10445,16877,16237,28146,25597,29913,29586,35700,35867,39706,40003,26617,29681,19175,23883,5946,9961,314620,284688,44719,43021,77526,70738,16633,52,30
2021-08-07T23:59:59+02:00,2099,1871,21705,20811,31529,28952,32317,32303,38093,38590,41965,42264,27800,30998,19881,24911,6202,10443,16365,15786,27842,25307,29685,29399,35520,35710,39566,39891,26561,29617,19156,23854,5943,9957,313990,282035,44686,42899,77520,70650,16489,52,30
2021-08-06T23:59:59+02:00,2089,1861,21654,20772,31488,28920,32285,32284,38067,38570,41953,42248,27796,30989,19877,24911,6202,10443,15338,14806,26689,24410,29395,29168,35271,35510,39251,39651,26519,29571,19146,23844,5942,9954,313761,277031,44682,42877,77520,69847,16397,52,30
2021-08-05T23:59:59+02:00,2050,1832,21546,20685,31429,28842,32224,32225,38008,38519,41908,42210,27779,30970,19868,24898,6200,10440,14446,14061,25665,23627,28680,28652,34741,35074,38933,39405,26452,29491,19113,23810,5939,9944,313199,272134,44659,42826,77519,68348,16207,52,30
2021-08-04T23:59:59+02:00,2030,1813,21474,20634,31385,28770,32190,32182,37971,38497,41874,42181,27766,30954,19863,24885,6198,10436,14075,13719,25257,23319,28467,28425,34598,34948,38835,39312,26413,29446,19091,23787,5934,9939,312746,269684,44652,42796,77519,68306,16137,52,30
2021-08-03T23:59:59+02:00,2021,1797,21447,20608,31369,28756,32177,32172,37961,38483,41858,42168,27757,30948,19858,24878,6197,10434,13991,13627,25178,23242,28399,28368,34550,34901,38783,39273,26386,29419,19079,23775,5931,9933,312542,268953,44648,42793,77517,68280,16133,52,30
2021-08-02T23:59:59+02:00,2011,1776,21402,20569,31323,28734,32150,32141,37935,38468,41845,42153,27748,30936,19858,24870,6196,10430,13788,13417,24471,22693,28116,28145,34401,34789,38705,39210,26359,29387,19071,23771,5931,9931,312252,266535,44645,42779,77517,68052,16082,52,30
2021-08-01T23:59:59+02:00,1991,1759,21349,20522,31274,28695,32123,32122,37916,38449,41824,42136,27742,30929,19855,24862,6196,10430,13617,13255,24171,22439,27877,27927,34310,34681,38637,39139,26343,29368,19065,23765,5931,9929,311949,264834,44639,42767,77516,68029,16021,52,30
2021-07-31T23:59:59+02:00,1966,1729,21269,20445,31203,28656,32067,32082,37881,38420,41800,42115,27738,30921,19850,24858,6196,10430,12672,12229,23652,21997,27531,27570,33999,34385,38203,38795,26272,29283,19039,23720,5926,9923,311528,259796,44627,42731,77514,67457,15907,52,30
2021-07-30T23:59:59+02:00,1941,1709,21247,20424,31171,28637,32052,32064,37875,38413,41792,42107,27733,30918,19849,24858,6195,10430,12585,12156,23325,21707,27251,27358,33780,34221,38041,38660,26248,29265,19038,23712,5926,9921,311345,258371,44626,42723,77514,66900,15880,52,30
2021-07-29T23:59:59+02:00,1872,1640,21015,20186,31029,28488,31949,31952,37782,38323,41697,42046,27705,30893,19836,24839,6188,10421,11956,11622,22193,20866,26208,26518,32796,33528,37657,38368,26165,29164,19009,23665,5920,9912,310129,252748,44597,42633,77506,65141,15579,52,30
2021-07-28T23:59:59+02:00,1852,1625,20975,20133,31010,28458,31933,31931,37761,38304,41674,42025,27694,30881,19831,24829,6188,10419,11676,11320,21782,20483,25776,26092,32631,33372,37545,38276,26128,29113,18990,23642,5919,9907,309809,249824,44597,42633,77494,65080,15574,51,30
2021-07-27T23:59:59+02:00,1842,1619,20935,20090,30986,28425,31899,31915,37740,38270,41650,42012,27687,30874,19830,24824,6188,10416,11430,11104,21579,20294,25633,25972,32519,33265,37456,38193,26097,29075,18980,23630,5916,9903,309571,248345,44597,42599,77493,65008,15492,51,29
2021-07-26T23:59:59+02:00,1816,1583,20808,19960,30877,28324,31840,31850,37684,38202,41608,41981,27661,30856,19819,24810,6182,10413,11137,10779,21072,19851,25383,25763,32357,33114,37325,38105,26061,29041,18967,23607,5915,9895,308804,246050,44565,42485,77486,64803,15370,51,29
2021-07-25T23:59:59+02:00,1809,1575,20785,19948,30866,28314,31828,31835,37676,38196,41598,41971,27657,30853,19818,24808,6182,10412,11032,10672,20922,19745,25149,25568,32117,32904,37181,37972,26043,29027,18961,23599,5914,9892,308686,244788,44556,42470,77477,64389,15363,51,29
2021-07-24T23:59:59+02:00,1789,1560,20703,19873,30822,28274,31793,31799,37647,38167,41576,41959,27650,30847,19815,24806,6182,10412,10969,10617,20847,19683,25077,25507,32064,32874,37151,37951,26037,29022,18959,23597,5914,9892,308334,244419,44545,42447,77473,64323,15273,51,29
2021-07-23T23:59:59+02:00,1734,1525,20510,19727,30661,28160,31705,31725,37580,38115,41537,41916,27639,30830,19810,24800,6181,10407,10710,10413,20489,19383,24269,24862,31581,32542,36583,37494,25994,28980,18943,23579,5913,9890,307502,241555,44536,42399,77456,62931,15018,51,29
2021-07-22T23:59:59+02:00,1670,1468,20199,19454,30420,27978,31575,31611,37450,38008,41440,41833,27612,30806,19799,24776,6177,10406,10249,10034,19744,18869,23314,24192,30871,31954,35548,36733,25883,28881,18909,23546,5911,9886,306024,237944,44500,41734,77450,60402,14658,51,29
2021-07-21T23:59:59+02:00,1655,1460,20161,19402,30390,27947,31551,31588,37430,37983,41419,41809,27603,30798,19794,24770,6172,10402,9939,9700,19281,18416,22438,23425,30536,31621,35313,36535,25800,28784,18878,23493,5903,9876,305695,235194,44491,40041,77448,60229,14650,51,28
2021-07-20T23:59:59+02:00,1648,1454,20128,19375,30360,27923,31526,31568,37414,37965,41407,41796,27588,30783,19794,24763,6172,10399,9671,9422,18948,18149,22165,23141,30359,31464,35148,36391,25754,28737,18862,23457,5902,9872,305438,232796,44489,40033,77447,60128,14639,51,28
2021-07-19T23:59:59+02:00,1637,1446,20014,19289,30276,27851,31467,31513,37395,37946,41392,41778,27583,30772,19788,24756,6171,10396,9474,9226,18636,17875,21703,22720,30105,31233,35029,36288,25720,28698,18844,23441,5902,9869,304861,231168,44483,39094,77445,60013,14631,51,28
2021-07-18T23:59:59+02:00,1626,1440,19945,19222,30147,27752,31402,31447,37333,37894,41348,41726,27562,30741,19779,24741,6167,10393,9365,9111,18468,17724,21512,22531,29935,31035,34914,36187,25688,28675,18833,23423,5902,9863,304067,229910,44483,38791,77443,59972,14622,51,28
2021-07-17T23:59:59+02:00,1625,1436,19938,19220,30147,27751,31402,31443,37328,37892,41344,41724,27561,30740,19778,24741,6167,10393,9345,9096,18437,17702,21493,22518,29925,31028,34896,36183,25685,28673,18833,23422,5902,9863,304036,229759,44483,38788,77443,59961,14618,51,28
2021-07-16T23:59:59+02:00,1572,1391,19663,18974,30025,27655,31320,31373,37272,37829,41303,41692,27542,30723,19771,24731,6165,10387,9227,8981,18058,17399,21190,22245,29535,30671,34761,36076,25661,28649,18826,23409,5900,9861,303045,228484,44460,38066,77442,59631,14391,51,27
2021-07-15T23:59:59+02:00,1514,1348,19403,18727,29850,27508,31210,31274,37188,37746,41233,41625,27499,30693,19755,24718,6161,10384,8864,8679,17150,16573,19642,21018,28614,29749,34138,35496,25493,28467,18770,23359,5894,9849,301768,222375,44419,36607,77434,58710,14165,51,27
2021-07-14T23:59:59+02:00,1500,1335,19373,18690,29824,27482,31185,31242,37176,37732,41214,41618,27490,30686,19746,24711,6160,10381,8575,8382,16600,15971,19149,20498,28050,29249,33747,35120,25380,28338,18730,23292,5889,9838,301484,218205,44418,36250,77431,58280,14162,51,27
2021-07-13T23:59:59+02:00,1489,1324,19336,18665,29807,27457,31161,31226,37161,37705,41190,41590,27481,30672,19744,24706,6159,10375,8267,8120,16204,15623,18872,20219,27788,28999,33476,34862,25281,28217,18697,23251,5887,9833,301198,215506,44417,36215,77430,57787,14153,51,27
2021-07-12T23:59:59+02:00,1473,1314,19288,18647,29771,27428,31144,31205,37149,37688,41174,41577,27477,30668,19742,24700,6158,10375,8007,7908,15924,15346,18172,19671,27472,28677,33063,34500,25113,28020,18638,23177,5881,9828,300938,214222,44416,34282,77430,56808,14144,51,27
2021-07-11T23:59:59+02:00,1463,1306,19256,18616,29743,27396,31127,31174,37141,37667,41160,41565,27468,30659,19740,24700,6157,10374,7963,7861,15858,15276,18082,19617,27387,28614,32949,34437,25058,27975,18618,23155,5881,9825,300685,213643,44413,34271,77428,56562,14136,51,27
2021-07-10T23:59:59+02:00,1334,1190,18750,18197,29293,27096,30842,30940,36892,37507,40956,41415,27394,30599,19714,24668,6154,10371,7833,7792,15570,15138,17865,19466,27144,28472,32782,34321,24992,27929,18602,23142,5880,9825,298471,213222,44274,34149,77400,56320,13117,51,27
2021-07-09T23:59:59+02:00,1323,1184,18722,18166,29271,27079,30829,30927,36881,37495,40945,41406,27390,30595,19712,24664,6154,10370,7791,7746,15500,15071,17800,19372,26923,28242,32532,34108,24928,27866,18580,23116,5880,9822,298323,212937,44255,34146,77399,55158,13086,51,27
2021-07-08T23:59:59+02:00,1245,1102,18453,17950,29120,26927,30690,30806,36778,37392,40846,41328,27356,30561,19693,24644,6149,10364,7621,7608,15201,14823,17368,19012,26231,27638,32257,33841,24759,27709,18521,23054,5877,9814,297049,211796,44198,32724,77391,54139,12716,51,27
2021-07-07T23:59:59+02:00,1146,1010,18142,17627,28919,26741,30558,30681,36666,37271,40739,41241,27322,30512,19679,24628,6146,10361,7424,7397,14761,14457,16903,18568,25477,27026,31848,33459,24492,27384,18427,22961,5868,9805,295472,208880,44147,31889,77380,53178,12340,51,27
2021-07-06T23:59:59+02:00,1123,993,18065,17558,28873,26691,30508,30634,36630,37236,40704,41210,27305,30486,19668,24614,6144,10358,7207,7166,14416,14096,16552,18218,24725,26379,31547,33195,24301,27169,18379,22890,5861,9798,294893,206814,44143,30483,77377,52282,12337,51,27
2021-07-05T23:59:59+02:00,1081,965,17989,17494,28830,26633,30468,30599,36605,37191,40676,41184,27299,30472,19662,24608,6144,10353,6978,6980,14112,13824,16201,17855,24168,25868,30975,32628,24021,26871,18271,22750,5853,9788,294402,205319,44141,28382,77373,51149,12287,51,27
2021-07-04T23:59:59+02:00,1059,949,17917,17443,28792,26611,30445,30570,36595,37182,40661,41172,27293,30461,19657,24605,6144,10352,6953,6961,14060,13774,16124,17795,24084,25811,30820,32536,23928,26782,18239,22709,5851,9784,294083,204925,44141,28372,77362,50636,12272,51,27
2021-07-03T23:59:59+02:00,645,579,16177,15722,27627,25694,29649,29850,35951,36568,40158,40742,27134,30294,19591,24517,6135,10335,6565,6719,13548,13476,15726,17492,23721,25532,30515,32340,23831,26686,18206,22669,5847,9780,286561,204630,44102,28296,77278,50344,9377,51,27
2021-07-02T23:59:59+02:00,606,540,16047,15576,27469,25546,29569,29791,35920,36541,40139,40729,27128,30285,19588,24514,6135,10335,6518,6645,13474,13379,15639,17360,23577,25349,30361,32175,23639,26475,18117,22591,5845,9777,285658,203947,44102,28137,77277,49460,9371,51,27
2021-07-01T23:59:59+02:00,548,492,15868,15422,27257,25391,29490,29712,35866,36490,40074,40683,27107,30266,19577,24501,6133,10331,6375,6514,13127,13105,15108,16921,22306,24359,29600,31491,23358,26187,17998,22456,5838,9761,284468,200406,44098,26460,77264,48305,9328,51,25
2021-06-30T23:59:59+02:00,518,472,15763,15314,27145,25305,29422,29639,35809,36438,40032,40648,27092,30235,19566,24484,6129,10331,6179,6332,12695,12718,14539,16373,21681,23760,29007,30960,22939,25721,17867,22273,5831,9749,283639,196143,44095,26435,77258,46738,9300,51,25
2021-06-29T23:59:59+02:00,462,422,15007,14645,26878,25081,29325,29540,35729,36357,39963,40600,27073,30210,19558,24471,6129,10329,6066,6206,12436,12457,14144,15977,20890,23135,28421,30406,22491,25197,17714,22099,5823,9739,281134,192993,44092,25924,77249,45020,9254,51,25
2021-06-28T23:59:59+02:00,426,391,14379,14001,26720,24976,29253,29474,35669,36291,39920,40566,27055,30190,19550,24460,6129,10325,5999,6109,12257,12317,13957,15801,20265,22584,28021,30031,22155,24840,17585,21936,5818,9734,279192,191310,44089,25260,77244,43628,9200,51,25
2021-06-27T23:59:59+02:00,349,324,14035,13629,26657,24918,29215,29438,35647,36269,39901,40552,27044,30183,19547,24456,6128,10324,5961,6066,12141,12200,13811,15672,19711,22106,27412,29529,21878,24501,17464,21812,5814,9733,278082,190470,44085,23734,77233,42430,9166,51,25
2021-06-26T23:59:59+02:00,348,323,14024,13617,26642,24907,29209,29431,35640,36268,39898,40551,27043,30182,19547,24456,6128,10324,5956,6063,12131,12198,13805,15669,19698,22094,27367,29494,21731,24371,17424,21756,5813,9731,278008,190446,44082,23730,77233,41949,9165,51,25
2021-06-25T23:59:59+02:00,224,210,12764,12399,25176,23756,28910,29198,35534,36183,39830,40489,27019,30155,19536,24444,6126,10322,5913,6016,12032,12116,13661,15548,19387,21855,26981,29135,21409,23977,17247,21559,5810,9722,271775,189218,44078,23445,77213,40535,9159,51,25
2021-06-24T23:59:59+02:00,159,156,11789,11568,24061,22876,28547,28844,35385,36016,39713,40383,26980,30106,19525,24420,6124,10318,5695,5785,11576,11701,13080,14956,17847,20455,25328,27538,20635,23117,16929,21152,5800,9712,266530,184225,44056,19822,77209,38122,9125,51,25
2021-06-23T23:59:59+02:00,123,130,11424,11247,23564,22503,28298,28601,35208,35888,39623,40294,26949,30079,19516,24382,6122,10306,5621,5674,11364,11486,12780,14606,17453,20045,24579,26768,19839,22367,16736,20898,5792,9696,263909,181872,44048,19202,77204,35572,9046,51,25
2021-06-22T23:59:59+02:00,102,117,11242,11037,23403,22363,28218,28528,35132,35826,39576,40248,26934,30054,19508,24373,6122,10305,5511,5553,11096,11227,12413,14236,16850,19444,23845,26000,19459,21942,16573,20719,5785,9680,262762,178833,44045,18330,77202,34126,9029,51,25
2021-06-21T23:59:59+02:00,90,105,10991,10854,22570,21699,27965,28299,35064,35763,39513,40205,26917,30035,19502,24363,6122,10304,5393,5453,10878,11013,12105,13913,16460,19098,23395,25532,19167,21627,16468,20599,5779,9678,260175,177371,44034,17315,77195,32949,8907,51,25
2021-06-20T23:59:59+02:00,84,104,10926,10763,22321,21484,27706,28098,34984,35686,39468,40161,26905,30019,19500,24358,6120,10301,5352,5400,10791,10912,12010,13810,16263,18914,23125,25291,19066,21520,16415,20541,5773,9674,258885,177060,44033,16251,77189,32699,8830,51,25
2021-06-19T23:59:59+02:00,83,100,10903,10740,22289,21461,27688,28085,34972,35682,39459,40157,26904,30018,19500,24356,6120,10301,5321,5368,10709,10822,11918,13690,16115,18763,22817,24929,18978,21433,16403,20528,5772,9674,258735,176954,44013,14753,77189,32686,8830,51,25
2021-06-18T23:59:59+02:00,80,98,10855,10691,21972,21136,27426,27867,34918,35645,39427,40134,26895,30009,19499,24353,6120,10299,5306,5359,10680,10791,11878,13641,16053,18700,22733,24833,18812,21251,16358,20462,5771,9669,257346,176558,44009,14752,77188,32140,8830,51,25
2021-06-17T23:59:59+02:00,71,90,10274,10261,20694,20178,26563,27132,34547,35320,39168,39943,26831,29927,19478,24316,6113,10294,5109,5219,10304,10538,11434,13239,15372,18088,21364,23514,18354,20761,16194,20290,5767,9655,251561,171254,43989,14177,77175,31330,8424,51,25
2021-06-16T23:59:59+02:00,63,78,9937,9953,20009,19545,25930,26531,34296,35117,39007,39793,26785,29874,19454,24291,6112,10290,4965,5075,9915,10205,10974,12787,14668,17398,20511,22577,17950,20314,16023,20077,5757,9643,247721,167466,43973,12906,77161,30291,8159,51,25
2021-06-15T23:59:59+02:00,48,72,9696,9709,19710,19299,25705,26333,34165,35010,38911,39712,26753,29838,19447,24276,6107,10286,4861,4960,9675,9989,10739,12527,14243,16971,19909,21998,17626,19922,15801,19845,5748,9631,245947,165371,43963,11816,77154,29280,7962,51,24
2021-06-14T23:59:59+02:00,44,67,9564,9583,19409,19040,25527,26190,34045,34930,38847,39672,26735,29818,19441,24265,6107,10283,4780,4897,9485,9851,10564,12391,13980,16753,19593,21703,17460,19764,15699,19711,5747,9627,244743,163907,43961,11814,77150,28606,7662,51,24
2021-06-13T23:59:59+02:00,43,63,9404,9455,19119,18857,25172,25936,33846,34762,38739,39605,26719,29806,19431,24257,6107,10279,4697,4828,9274,9678,10396,12215,13654,16406,19244,21372,17332,19616,15652,19646,5745,9625,243097,163041,43961,11813,77145,27163,7346,51,24
2021-06-12T23:59:59+02:00,43,63,9395,9437,19107,18844,25172,25931,33846,34759,38736,39604,26719,29806,19431,24257,6107,10279,4694,4814,9262,9616,10363,12113,13605,16252,19189,21236,17223,19490,15535,19544,5743,9623,243049,163011,43961,11811,77140,26128,7335,51,24
2021-06-11T23:59:59+02:00,38,59,9236,9256,18874,18634,24370,25258,33668,34603,38601,39491,26686,29772,19420,24233,6107,10274,4616,4704,9041,9357,10103,11815,13083,15700,18213,20337,17037,19292,15495,19500,5740,9620,240130,158982,43959,11810,77135,25539,7305,51,24
2021-06-10T23:59:59+02:00,36,55,8842,8926,18226,18138,23521,24586,33349,34322,38398,39326,26627,29717,19396,24205,6104,10267,4441,4527,8467,8862,9293,11093,11932,14593,16210,18415,16147,18326,15209,19133,5731,9598,236508,149274,43305,11777,77109,23839,7070,49,24
2021-06-09T23:59:59+02:00,19,37,8390,8425,17391,17413,22369,23542,32863,33853,38111,39105,26517,29612,19348,24146,6094,10254,4304,4410,8176,8599,9048,10839,11598,14224,15726,17866,15772,17894,14967,18848,5724,9588,232505,147436,41410,11736,77067,21920,6474,33,24
2021-06-08T23:59:59+02:00,11,25,8070,8106,16921,17002,21947,23176,32619,33658,37948,38975,26473,29572,19338,24124,6091,10249,4185,4328,7922,8348,8742,10495,11239,13877,15085,17162,15310,17370,14705,18569,5719,9570,229778,145727,41379,10619,77057,20205,6058,33,24
2021-06-07T23:59:59+02:00,8,21,7873,7876,16563,16679,21408,22719,32337,33389,37830,38858,26444,29524,19318,24095,6086,10248,4109,4248,7741,8205,8583,10349,11068,13705,14770,16834,15110,17114,14531,18376,5715,9565,228157,144640,40408,10526,77037,19199,5641,33,24
2021-06-06T23:59:59+02:00,6,18,7766,7767,16429,16532,21212,22512,32108,33164,37694,38752,26417,29499,19306,24078,6086,10242,4081,4212,7693,8085,8529,10217,10960,13558,14573,16613,14924,16934,14442,18255,5708,9559,226921,144150,40108,10513,77019,18156,5507,33,24
2021-06-05T23:59:59+02:00,6,18,7744,7753,16403,16508,21204,22509,32097,33157,37692,38751,26416,29499,19305,24077,6086,10242,4071,4172,7678,8020,8515,10085,10946,13386,14554,16508,14889,16879,14433,18245,5708,9558,226815,144068,40108,10513,77018,17556,5493,33,24
2021-06-04T23:59:59+02:00,6,16,7633,7651,16124,16269,20930,22259,31674,32782,37577,38629,26383,29460,19294,24064,6084,10240,4064,4163,7650,7997,8488,10054,10879,13313,14449,16375,14807,16786,14396,18201,5708,9556,225216,143730,39334,10183,76999,17463,5493,33,24
2021-06-03T23:59:59+02:00,4,16,7378,7422,15248,15478,19299,20869,30762,31855,37072,38168,26251,29324,19249,24012,6078,10222,4004,4124,7562,7926,8365,9957,10707,13130,13877,15802,14543,16469,14310,18093,5705,9543,218587,141501,37756,10064,76987,17191,5344,33,24
2021-06-02T23:59:59+02:00,4,16,7244,7278,14870,15053,18868,20464,30295,31399,36844,37904,26187,29260,19229,23983,6075,10220,3975,4095,7500,7840,8277,9862,10567,12999,13428,15369,14418,16286,14280,18055,5702,9538,215509,139706,37325,9970,76986,17158,5340,33,24
2021-06-01T23:59:59+02:00,4,13,6970,7034,14472,14743,18524,20147,29968,31087,36620,37671,26131,29180,19205,23954,6073,10209,3874,4011,7259,7664,8044,9669,10303,12723,13020,14944,13983,15832,14164,17900,5695,9530,212763,137569,37281,9716,76965,16350,4963,33,24
2021-05-31T23:59:59+02:00,4,13,6808,6848,14250,14509,17823,19546,29626,30744,36326,37407,26038,29082,19178,23901,6063,10197,3797,3901,7049,7417,7820,9386,9959,12339,12581,14423,13454,15217,13963,17670,5687,9515,211323,134382,35242,9395,76950,15569,4815,33,24
2021-05-30T23:59:59+02:00,4,13,6785,6832,14205,14468,17745,19487,29576,30705,36294,37381,26026,29070,19175,23894,6062,10195,3753,3829,6891,7202,7673,9150,9752,12018,12325,14068,13333,15046,13895,17587,5684,9508,211024,133644,35229,9293,76892,14021,4739,33,24
2021-05-29T23:59:59+02:00,4,13,6783,6831,14196,14462,17740,19481,29571,30701,36291,37380,26024,29067,19175,23893,6062,10195,3743,3817,6861,7169,7639,9099,9716,11971,12251,13969,13291,14977,13865,17563,5683,9503,210992,133502,35229,9292,76877,13568,4738,33,24
2021-05-28T23:59:59+02:00,4,13,6773,6818,14179,14450,17724,19459,29558,30688,36280,37360,26021,29062,19173,23889,6062,10195,3729,3794,6840,7129,7605,9044,9664,11866,12008,13699,13100,14786,13835,17522,5680,9500,210836,132206,35228,9291,76874,13549,4737,33,24
2021-05-27T23:59:59+02:00,4,13,6682,6737,13910,14230,17235,19113,28877,30144,36119,37227,25971,29026,19158,23873,6061,10189,3605,3632,6552,6877,7229,8736,9166,11308,11299,12802,12546,14215,13705,17328,5672,9488,209744,128681,33783,8963,76832,12321,4177,33,24
2021-05-26T23:59:59+02:00,4,13,6612,6630,13700,14028,16982,18803,28333,29631,35943,37051,25930,28977,19141,23844,6060,10182,3514,3490,6329,6588,6940,8308,8824,10830,10645,12001,11982,13599,13558,17112,5667,9466,208132,125059,33033,8779,76817,11150,3849,33,22
2021-05-25T23:59:59+02:00,4,13,6531,6535,13493,13808,16718,18590,27609,28983,35850,36954,25906,28946,19129,23828,6055,10181,3465,3397,6185,6418,6793,8117,8598,10539,10297,11635,11637,13121,13453,16949,5664,9458,207413,123211,31577,8641,76334,10081,3777,32,22
2021-05-24T23:59:59+02:00,4,13,6461,6439,13315,13608,16495,18310,27193,28552,35504,36553,25849,28878,19110,23804,6054,10179,3452,3376,6126,6337,6748,8033,8538,10444,10224,11537,11462,12888,13405,16857,5656,9437,206881,122582,29343,8593,76327,9591,3738,32,22
2021-05-23T23:59:59+02:00,4,13,6459,6438,13310,13600,16492,18300,27174,28542,35474,36519,25846,28871,19110,23798,6054,10179,3447,3372,6120,6327,6738,8026,8510,10413,10184,11478,11379,12787,13385,16825,5656,9436,206767,122568,29326,8180,76326,9584,3732,32,22
2021-05-22T23:59:59+02:00,4,13,6452,6434,13302,13588,16486,18295,27170,28540,35471,36513,25846,28871,19110,23798,6054,10179,3445,3372,6116,6324,6736,8022,8506,10411,10179,11475,11368,12773,13380,16821,5655,9436,206712,122528,29326,8180,76324,9560,3732,32,22
2021-05-21T23:59:59+02:00,4,13,6390,6375,13149,13482,16311,18146,26899,28362,35040,36247,25820,28833,19102,23792,6053,10175,3436,3362,6083,6303,6706,7988,8467,10362,10125,11426,10850,12060,13239,16661,5652,9431,206022,120769,29201,8177,75278,9526,3660,32,22
2021-05-20T23:59:59+02:00,3,12,6095,6173,12537,13067,15119,17224,24986,26861,34086,35479,25715,28689,19047,23710,6047,10160,3377,3316,5986,6187,6591,7831,8318,10200,9886,11118,10511,11604,13126,16477,5642,9417,201252,118760,27457,8095,72739,9182,3531,31,22
2021-05-19T23:59:59+02:00,3,12,5888,5931,12024,12607,14413,16517,24039,26044,33459,34876,25601,28597,19012,23650,6039,10148,3300,3242,5824,6018,6401,7587,8044,9919,9582,10737,10199,11189,13047,16332,5640,9409,195544,116843,27416,7899,72723,8563,3146,31,22
2021-05-18T23:59:59+02:00,3,11,5718,5820,11628,12289,13791,16015,22882,25095,32792,34269,25485,28461,18964,23597,6034,10138,3258,3211,5710,5906,6234,7427,7839,9703,9383,10497,10025,10938,12901,16108,5630,9400,190593,115680,26905,7831,72679,7856,2784,31,22
2021-05-17T23:59:59+02:00,3,10,5665,5776,11464,12182,13518,15793,22064,24457,32482,33953,25406,28401,18942,23567,6025,10129,3141,3137,5518,5721,6060,7211,7630,9475,9158,10252,9932,10813,12843,16044,5627,9395,188822,114917,26202,7823,72284,6700,2498,31,22
2021-05-16T23:59:59+02:00,3,10,5637,5756,11402,12124,13433,15713,21449,23906,31869,33424,25366,28357,18932,23552,6024,10129,3136,3115,5504,5652,6032,7151,7602,9376,9127,10168,9916,10794,12840,16041,5627,9395,188054,114806,24656,7817,71859,6349,2486,31,21
2021-05-15T23:59:59+02:00,3,10,5628,5747,11369,12115,13404,15704,21373,23835,31329,33050,25355,28352,18931,23549,6023,10128,3123,3100,5485,5610,6018,7076,7562,9261,8889,9914,9883,10763,12806,15990,5627,9394,188003,114801,24643,7679,71212,5987,2016,31,21
2021-05-14T23:59:59+02:00,3,10,5589,5722,11307,12075,13331,15640,20962,23524,30897,32703,25320,28306,18919,23533,6023,10126,3091,3060,5449,5521,5997,6941,7521,9059,8829,9719,9810,10653,12720,15861,5627,9391,187281,114631,24322,7344,70341,5241,2015,31,21
2021-05-13T23:59:59+02:00,3,10,5434,5566,10925,11780,12617,15052,18773,21778,29351,31234,25093,28063,18851,23461,6021,10123,3080,3025,5426,5482,5981,6884,7495,8989,8785,9659,9592,10409,12517,15555,5622,9380,183322,114272,20528,6517,68254,5074,2000,31,21
2021-05-12T23:59:59+02:00,2,10,5404,5539,10855,11722,12516,14964,18650,21654,28988,30869,25000,27968,18834,23432,6020,10118,3079,3021,5420,5476,5971,6871,7470,8974,8746,9605,9403,10177,12284,15231,5619,9373,182373,113988,19891,5647,68251,5069,1999,31,20
2021-05-11T23:59:59+02:00,2,10,5267,5434,10606,11469,12149,14596,18040,21014,28056,29897,24808,27778,18774,23356,6015,10104,3036,2980,5330,5321,5871,6685,7340,8731,8583,9383,9221,9979,12132,15042,5610,9354,178287,112933,18997,5539,68120,4169,1940,31,20
2021-05-10T23:59:59+02:00,2,9,5142,5359,10392,11278,11889,14340,17714,20680,27634,29488,24700,27670,18735,23309,6007,10100,2965,2926,5214,5205,5756,6581,7216,8590,8454,9276,9117,9855,12042,14913,5607,9345,176279,112401,18313,5527,67892,3184,1933,31,20
2021-05-09T23:59:59+02:00,2,9,5068,5313,10294,11162,11789,14221,17373,20394,27243,29111,24613,27583,18706,23273,6004,10097,2897,2894,5068,5163,5580,6538,7049,8561,8324,9240,9105,9845,12024,14893,5607,9345,175883,112325,17032,5517,67392,2357,1917,31,20
2021-05-08T23:59:59+02:00,2,9,5067,5312,10291,11158,11789,14221,17369,20392,27240,29109,24613,27583,18706,23273,6004,10097,2897,2893,5066,5163,5580,6538,7049,8561,8321,9240,9104,9844,12024,14893,5607,9345,175867,112322,17032,5517,67389,2353,1916,31,20
2021-05-07T23:59:59+02:00,2,9,5034,5286,10223,11106,11659,14097,16969,20119,26604,28552,24564,27532,18689,23240,5997,10067,2886,2886,5051,5155,5569,6522,7037,8550,8313,9229,9098,9836,12013,14872,5599,9317,175033,112307,17029,5511,65868,2310,1788,31,20
2021-05-06T23:59:59+02:00,1,9,4764,5125,9769,10763,11095,13579,15880,19095,24195,26260,24064,27003,18583,23138,5992,10053,2843,2840,4984,5079,5528,6430,6955,8432,8183,9076,8997,9722,11989,14821,5596,9314,170001,111764,14578,5454,62983,1777,1777,29,20
2021-05-05T23:59:59+02:00,1,9,4683,5044,9474,10534,10754,13253,15301,18493,23348,25293,23804,26676,18515,23033,5982,10035,2824,2803,4935,4994,5469,6310,6873,8268,8059,8860,8889,9590,11911,14734,5595,9305,166335,110818,13260,5448,62832,1359,1776,29,20
2021-05-04T23:59:59+02:00,1,9,4599,4952,9300,10334,10542,13012,14913,18097,22800,24727,23593,26404,18443,22952,5974,10021,2816,2769,4907,4918,5436,6189,6820,8128,7963,8705,8785,9477,11836,14675,5593,9302,164083,110316,12135,5437,62668,790,1758,29,20
2021-05-03T23:59:59+02:00,1,9,4528,4877,9110,10200,10366,12836,14633,17851,22389,24313,23454,26254,18416,22904,5974,10015,2742,2698,4823,4847,5360,6103,6726,8022,7781,8540,8699,9390,11797,14626,5590,9297,162576,110093,12134,5434,62575,680,816,29,20
2021-05-02T23:59:59+02:00,1,9,4515,4863,9034,10143,10241,12726,14306,17545,22087,24027,23404,26195,18397,22879,5973,10014,2736,2691,4764,4814,5270,6020,6589,7893,7663,8440,8653,9348,11773,14592,5588,9292,161690,109975,12131,5432,62471,663,38,29,20
2021-05-01T23:59:59+02:00,1,9,4515,4860,9032,10142,10240,12726,14302,17541,22085,24027,23403,26194,18397,22879,5973,10014,2736,2691,4764,4814,5270,6020,6588,7893,7663,8440,8653,9348,11773,14592,5588,9292,161671,109975,12131,5431,62471,663,38,29,20
2021-04-30T23:59:59+02:00,0,9,4443,4774,8793,9927,9979,12485,13820,17115,21243,23254,23278,26057,18381,22848,5970,10011,2732,2689,4753,4806,5261,5986,6577,7862,7630,8401,8649,9345,11772,14589,5586,9291,158080,109947,12130,5429,62144,531,4,29,20
2021-04-29T23:59:59+02:00,0,9,4296,4629,8314,9516,9277,11882,12816,16211,19392,21568,22570,25295,18242,22637,5964,9994,2710,2670,4713,4735,5218,5912,6515,7756,7548,8285,8539,9230,11706,14514,5579,9282,148872,109453,12115,5166,61593,271,4,28,20
2021-04-28T23:59:59+02:00,0,9,4264,4610,8243,9443,9201,11795,12696,16090,19175,21355,22481,25204,18215,22596,5962,9989,2707,2658,4688,4675,5190,5868,6485,7682,7500,8203,8522,9206,11689,14492,5577,9276,148487,109260,12027,5093,60783,45,3,28,19
2021-04-27T23:59:59+02:00,0,9,4226,4564,8106,9308,9087,11645,12549,15922,18726,20859,22250,24946,18150,22518,5959,9980,2704,2654,4686,4671,5180,5860,6472,7663,7465,8165,8462,9127,11607,14410,5573,9272,147761,108999,10952,4920,60060,37,3,28,14
2021-04-26T23:59:59+02:00,0,9,4185,4537,7999,9212,8940,11539,12376,15748,18314,20494,22116,24799,18114,22486,5958,9978,2704,2652,4682,4667,5175,5852,6459,7643,7432,8137,8414,9079,11551,14331,5569,9255,146984,108894,10817,4662,58973,32,2,28,14
2021-04-25T23:59:59+02:00,0,9,4171,4522,7962,9181,8877,11476,12241,15619,17971,20160,21916,24562,18074,22431,5954,9973,2704,2652,4681,4665,5172,5848,6454,7640,7430,8133,8358,9020,11528,14303,5569,9253,145602,108871,10806,4494,58661,31,2,28,14
2021-04-24T23:59:59+02:00,0,9,4164,4514,7946,9176,8862,11466,12193,15588,17913,20122,21901,24549,18072,22426,5954,9973,2703,2652,4681,4665,5172,5848,6454,7640,7430,8133,8358,9019,11528,14303,5569,9253,145505,108871,10805,4494,58488,30,2,28,13
2021-04-23T23:59:59+02:00,0,9,4144,4484,7889,9113,8777,11364,11855,15262,17478,19723,21686,24316,18007,22349,5952,9965,2700,2650,4678,4662,5166,5840,6440,7631,7407,8102,8337,8992,11519,14294,5567,9250,144237,108859,10458,4334,57648,29,2,28,13
2021-04-22T23:59:59+02:00,0,9,4095,4420,7758,8924,8593,11106,11528,14844,16562,18738,21114,23605,17871,22169,5942,9947,2692,2644,4672,4640,5144,5814,6398,7597,7339,8057,8208,8835,11378,14143,5562,9241,140508,108242,10328,4088,56360,21,2,27,13
2021-04-21T23:59:59+02:00,0,9,4053,4377,7658,8803,8437,10945,11233,14563,15825,17979,20733,23158,17796,22064,5937,9934,2683,2633,4654,4619,5128,5793,6386,7579,7310,8035,8159,8773,11338,14103,5560,9239,137582,107956,10198,4005,55697,19,2,25,12
2021-04-20T23:59:59+02:00,0,9,4028,4351,7624,8750,8361,10865,11070,14389,15391,17504,20269,22640,17692,21912,5929,9922,2675,2624,4644,4606,5104,5773,6358,7555,7270,7995,8065,8641,11262,14016,5556,9235,135432,107383,9933,3966,55314,18,2,25,12
2021-04-19T23:59:59+02:00,0,9,3998,4300,7561,8645,8269,10726,10912,14206,15138,17209,19790,22075,17525,21696,5919,9910,2670,2623,4640,4602,5091,5758,6339,7538,7244,7950,8012,8587,11235,13970,5554,9231,133364,107050,9580,3964,54919,18,2,23,12
2021-04-18T23:59:59+02:00,0,6,3978,4272,7502,8593,8164,10600,10653,13963,14646,16671,19358,21563,17402,21511,5915,9904,2669,2623,4640,4602,5091,5758,6338,7535,7241,7949,8008,8584,11233,13966,5553,9228,130944,107027,9509,3962,54223,17,2,23,12
2021-04-17T23:59:59+02:00,0,6,3975,4264,7482,8587,8153,10582,10612,13917,14534,16583,19238,21441,17380,21483,5914,9902,2669,2623,4639,4600,5085,5753,6324,7530,7216,7926,7962,8538,11214,13943,5551,9228,130507,107016,9500,3756,54021,17,2,23,12
2021-04-16T23:59:59+02:00,0,6,3964,4220,7409,8463,8050,10427,10419,13655,13865,15821,18671,20799,17255,21308,5903,9884,2666,2620,4634,4593,5080,5740,6306,7519,7178,7891,7651,8147,11120,13802,5544,9211,127664,106212,9439,3462,52992,17,1,23,12
2021-04-15T23:59:59+02:00,0,5,3920,4167,7295,8331,7874,10192,10084,13266,13139,14962,17861,19938,17014,20986,5888,9864,2665,2612,4622,4576,5067,5707,6274,7483,7106,7818,7093,7483,10991,13641,5540,9201,124025,104539,9279,3314,51458,15,1,23,12
2021-04-14T23:59:59+02:00,0,4,3893,4135,7229,8225,7767,10041,9907,13067,12721,14516,17333,19326,16862,20777,5882,9850,2631,2593,4604,4544,5039,5660,6239,7450,7048,7758,6448,6717,10727,13345,5536,9193,122633,102195,9042,3313,49836,13,1,23,12
2021-04-13T23:59:59+02:00,0,4,3889,4129,7191,8208,7710,10006,9799,13014,12348,14223,16643,18473,16626,20473,5878,9844,2606,2565,4585,4518,5011,5624,6180,7380,6960,7654,6236,6464,10142,12664,5527,9172,121929,99961,8820,3303,47685,13,1,23,12
2021-04-12T23:59:59+02:00,0,4,3876,4111,7136,8162,7652,9936,9691,12913,12101,14008,16200,17955,16438,20259,5873,9841,2577,2554,4518,4476,4905,5554,6062,7303,6842,7554,5489,5642,9691,12125,5487,9130,121593,96591,8784,3294,45756,13,1,22,12
2021-04-11T23:59:59+02:00,0,4,3861,4103,7094,8110,7592,9893,9600,12836,11865,13800,15631,17267,16162,19919,5868,9831,2501,2474,4389,4355,4754,5422,5900,7151,6692,7449,5187,5281,9559,11963,5487,9126,121002,94424,8356,3243,44055,12,1,22,12
2021-04-10T23:59:59+02:00,0,4,3843,4083,7055,8063,7549,9836,9539,12777,11774,13715,15413,17074,16113,19850,5867,9824,1941,1910,3578,3634,3884,4658,4897,6235,5837,6661,4915,4976,9430,11811,5480,9117,120537,85698,8356,3243,43463,12,1,22,12
2021-04-09T23:59:59+02:00,0,4,3822,4063,7017,8033,7488,9780,9388,12648,11447,13434,14229,15540,15668,19318,5854,9812,1083,1085,2218,2439,2376,3289,3111,4592,4212,5195,4226,4240,9180,11454,5455,9087,118637,69980,8354,3240,40532,12,0,22,12
2021-04-08T23:59:59+02:00,0,4,3796,4048,6957,7980,7385,9686,9200,12531,11044,13082,13093,14275,15251,18788,5832,9776,583,596,1296,1732,1474,2363,2009,3504,2836,3804,2980,2840,8359,10451,5298,8850,117379,55717,8272,3237,37055,11,0,22,12
2021-04-07T23:59:59+02:00,0,4,3748,4022,6879,7924,7293,9616,9072,12402,10734,12775,12364,13509,15032,18524,5826,9754,354,379,947,1386,1068,1977,1499,3042,1889,2799,1797,1551,7450,9304,5142,8591,116417,45920,8120,3237,34920,8,0,21,12
2021-04-06T23:59:59+02:00,0,4,3732,4010,6858,7886,7237,9549,8979,12323,10522,12558,11979,13013,14812,18231,5815,9741,347,365,937,1376,1053,1956,1471,3014,1830,2740,1718,1482,7032,8745,4989,8352,115147,44154,8021,3236,34062,7,0,19,12
2021-04-05T23:59:59+02:00,0,4,3726,4009,6847,7873,7224,9538,8960,12295,10458,12499,11868,12865,14714,18138,5813,9738,345,359,927,1372,1047,1948,1461,2993,1808,2706,1665,1429,6803,8439,4864,8166,114807,43080,8000,3235,33743,7,0,19,12
2021-04-04T23:59:59+02:00,0,4,3726,4009,6845,7867,7223,9537,8957,12295,10448,12494,11865,12861,14711,18137,5813,9738,345,358,925,1372,1046,1946,1460,2992,1806,2703,1662,1424,6796,8425,4859,8163,114802,43031,7999,3234,33710,7,0,19,12
2021-04-03T23:59:59+02:00,0,4,3726,4009,6845,7866,7222,9537,8957,12295,10447,12494,11865,12860,14709,18135,5813,9738,345,357,923,1368,1044,1945,1459,2987,1804,2703,1656,1412,6753,8343,4824,8127,114798,42800,7999,3234,33706,6,0,19,12
2021-04-02T23:59:59+02:00,0,4,3724,4007,6843,7863,7216,9531,8944,12288,10431,12478,11738,12745,14666,18076,5810,9729,343,355,921,1362,1038,1934,1444,2962,1763,2665,1562,1326,5987,7445,4383,7557,114672,40119,7994,2912,33408,6,0,19,12
2021-04-01T23:59:59+02:00,0,3,3685,3995,6809,7842,7174,9501,8892,12249,10359,12407,11390,12337,14285,17558,5804,9712,338,352,905,1347,1026,1913,1412,2917,1703,2600,1438,1230,5037,6323,3815,6715,114274,36148,6578,2907,33131,6,0,19,12
2021-03-31T23:59:59+02:00,0,3,3679,3990,6794,7822,7157,9481,8858,12216,10269,12335,11054,11929,13933,17059,5798,9689,335,348,897,1337,1015,1898,1392,2889,1654,2563,1372,1177,4447,5637,3455,6240,113688,33806,5568,2834,32791,6,0,19,12
2021-03-30T23:59:59+02:00,0,3,3661,3966,6758,7785,7099,9415,8769,12113,10107,12180,10795,11652,13712,16794,5791,9675,331,341,892,1326,1008,1892,1369,2882,1625,2537,1345,1151,4328,5515,3393,6145,112875,33429,5318,2635,32065,6,0,17,12
2021-03-29T23:59:59+02:00,0,3,3651,3944,6732,7763,7059,9362,8673,12018,9924,11972,10357,11183,13340,16325,5775,9642,326,337,888,1315,1002,1884,1360,2871,1611,2528,1323,1137,4192,5372,3295,6012,111200,32809,5010,2629,31496,5,0,17,12
2021-03-28T23:59:59+02:00,0,3,3610,3888,6616,7604,6942,9219,8547,11825,9771,11781,10149,10922,13164,16143,5771,9633,326,337,888,1313,1000,1883,1359,2871,1610,2526,1314,1134,4159,5329,3269,5986,110830,32764,4743,2526,29998,4,0,17,12
2021-03-27T23:59:59+01:00,0,3,3609,3877,6604,7540,6912,9106,8497,11655,9719,11627,10036,10798,13069,16055,5770,9633,326,336,888,1313,1000,1880,1359,2869,1606,2525,1312,1132,4133,5294,3256,5971,110821,32661,4743,2525,28929,4,0,17,12
2021-03-26T23:59:59+01:00,0,3,3603,3870,6576,7503,6884,9031,8449,11542,9628,11499,9987,10734,13021,15999,5762,9612,321,334,887,1310,996,1868,1356,2848,1586,2511,1287,1116,3947,5065,3147,5817,110761,31898,4519,2484,28406,4,0,17,12
2021-03-25T23:59:59+01:00,0,3,3580,3839,6484,7377,6792,8865,8260,11311,9318,11182,9606,10350,12715,15683,5757,9601,321,333,885,1302,993,1858,1343,2835,1563,2492,1262,1096,3709,4815,2894,5477,110383,30681,4308,2484,26015,3,0,17,12
2021-03-24T23:59:59+01:00,0,3,3523,3789,6394,7193,6669,8639,8095,11074,9091,10857,9192,9860,12296,15224,5746,9590,321,332,884,1298,988,1856,1336,2831,1547,2476,1253,1086,3642,4741,2709,5253,109867,30059,4170,2484,23181,0,0,17,12
2021-03-23T23:59:59+01:00,0,3,3505,3756,6346,7139,6592,8579,7977,10946,8843,10624,8772,9393,11845,14702,5736,9576,321,332,883,1288,983,1847,1331,2822,1543,2469,1229,1061,3550,4664,2513,4930,109052,29272,4079,2484,21186,0,0,17,12
2021-03-22T23:59:59+01:00,0,3,3497,3736,6304,7111,6557,8531,7911,10871,8695,10488,8491,9042,11543,14378,5701,9537,319,327,877,1278,975,1840,1324,2811,1533,2459,1217,1051,3521,4628,2494,4897,108385,29058,4077,2483,19917,0,0,17,12
2021-03-21T23:59:59+01:00,0,3,3495,3734,6300,7101,6540,8515,7894,10852,8639,10430,8372,8925,11474,14276,5698,9534,317,326,869,1275,968,1833,1315,2809,1528,2455,1213,1048,3512,4613,2479,4887,108300,28954,4076,2483,19389,0,0,17,12
2021-03-20T23:59:59+01:00,0,3,3487,3696,6292,7029,6524,8378,7869,10668,8595,10295,8294,8839,11436,14237,5698,9534,317,326,869,1275,968,1832,1314,2809,1528,2453,1213,1048,3512,4612,2479,4886,108267,28949,3865,2482,18725,0,0,17,12
2021-03-19T23:59:59+01:00,0,3,3474,3666,6264,6943,6500,8285,7823,10551,8482,10135,7751,8232,11249,13994,5689,9516,314,325,864,1268,951,1823,1292,2778,1478,2409,1131,980,2842,3818,2060,4305,106647,26146,3563,2482,18330,0,0,17,12
2021-03-18T23:59:59+01:00,0,3,3463,3648,6223,6903,6466,8223,7759,10465,8366,10006,6791,7130,10969,13693,5677,9491,313,325,860,1263,945,1813,1277,2770,1454,2390,1092,960,2636,3578,1904,4083,103619,25171,3402,2482,18238,0,0,17,12
2021-03-17T23:59:59+01:00,0,3,3426,3609,6153,6820,6411,8118,7668,10334,8235,9848,6105,6281,10684,13382,5660,9464,312,325,852,1257,940,1801,1263,2748,1435,2363,1055,935,2509,3447,1822,3965,100819,24537,3401,2482,17964,0,0,17,12
2021-03-16T23:59:59+01:00,0,3,3408,3579,6114,6767,6367,8044,7614,10269,8144,9746,5929,6106,9976,12573,5619,9400,305,314,838,1240,928,1792,1257,2728,1423,2355,1041,916,2294,3198,1685,3768,98555,23592,3390,2480,17696,0,0,17,12
2021-03-15T23:59:59+01:00,0,3,3371,3547,6015,6687,6237,7951,7470,10149,8016,9620,5175,5272,9529,12023,5575,9330,304,313,834,1236,926,1785,1255,2715,1414,2346,1028,904,2149,3024,1594,3673,95031,23011,3381,2479,17541,0,0,17,12
2021-03-14T23:59:59+01:00,0,3,3247,3404,5736,6341,5966,7591,7156,9734,7729,9302,4843,4881,9369,11825,5571,9315,304,312,834,1236,925,1785,1253,2714,1412,2343,1026,901,2146,3021,1591,3672,92636,22989,3326,2476,16034,0,0,17,12
2021-03-13T23:59:59+01:00,0,3,2592,2749,4803,5473,4956,6667,5967,8621,6716,8355,4528,4498,8983,11301,5479,9207,304,311,833,1234,925,1779,1251,2712,1411,2343,1026,900,2122,2984,1560,3636,81977,22845,3326,2476,15578,0,0,17,12
2021-03-12T23:59:59+01:00,0,2,1769,1932,3468,4320,3448,5336,4220,6983,5079,6846,3856,3792,7728,9752,4964,8517,300,308,831,1230,919,1773,1244,2692,1386,2326,981,873,1765,2518,1285,3275,63126,21220,3323,2476,15546,0,0,17,12
2021-03-11T23:59:59+01:00,0,2,1270,1455,2562,3580,2548,4401,3127,5893,3721,5460,2682,2516,6022,7645,4189,7337,295,299,815,1221,906,1750,1226,2663,1361,2279,944,853,1607,2283,1158,3085,45828,20259,3321,2476,15244,0,0,17,12
2021-03-10T23:59:59+01:00,0,2,1049,1239,2196,3220,2174,4009,2676,5452,2811,4493,1546,1311,4662,5925,3624,6572,285,289,797,1201,884,1714,1192,2590,1322,2213,917,834,1425,2092,1061,2909,34781,19348,3321,2367,14843,0,0,16,12
2021-03-09T23:59:59+01:00,0,2,1033,1210,2132,3080,2110,3894,2592,5319,2726,4367,1512,1280,4585,5852,3582,6513,281,282,783,1180,867,1688,1166,2549,1304,2185,903,822,1348,1966,989,2793,34368,18773,3318,2323,14087,0,0,16,12
2021-03-08T23:59:59+01:00,0,2,1012,1180,2075,2980,2071,3813,2532,5206,2671,4294,1474,1259,4438,5690,3479,6370,281,278,778,1172,865,1679,1158,2541,1296,2169,878,801,1177,1740,863,2622,33669,17969,3318,2319,13543,0,0,16,12
2021-03-07T23:59:59+01:00,0,2,1007,1161,2035,2934,2029,3772,2493,5141,2630,4257,1469,1256,4431,5682,3476,6370,281,278,778,1172,865,1679,1158,2541,1295,2169,875,801,1168,1730,855,2611,33635,17969,3312,2277,13182,0,0,16,12
2021-03-06T23:59:59+01:00,0,2,1007,1158,2024,2920,2017,3753,2477,5114,2613,4236,1456,1246,4397,5636,3462,6358,281,278,778,1172,865,1678,1158,2541,1295,2169,875,801,1168,1730,855,2610,33491,17968,3311,2276,13058,0,0,16,12
2021-03-05T23:59:59+01:00,0,2,1003,1154,2008,2900,1987,3730,2434,5062,2561,4198,1420,1219,4127,5310,3310,6138,280,275,771,1165,859,1670,1155,2532,1291,2159,861,797,1160,1721,854,2608,32748,17872,2977,2276,12822,0,0,16,12
2021-03-04T23:59:59+01:00,0,2,909,1006,1919,2775,1921,3593,2358,4908,2471,4038,1390,1198,3885,5048,3045,5785,280,273,769,1160,856,1661,1154,2518,1287,2150,829,782,1147,1711,847,2595,31492,17756,2973,2253,11770,0,0,16,12
2021-03-03T23:59:59+01:00,0,2,862,898,1852,2679,1850,3489,2289,4793,2397,3954,1377,1185,3775,4941,2821,5510,279,271,768,1149,853,1643,1148,2476,1277,2124,812,778,1139,1691,839,2587,30813,17727,2854,2097,10991,0,0,16,12
2021-03-02T23:59:59+01:00,0,2,818,821,1756,2556,1766,3365,2199,4669,2337,3876,1342,1163,3645,4806,2613,5159,279,270,767,1143,849,1640,1143,2471,1273,2114,810,776,1124,1670,828,2568,30078,17619,2664,2096,10135,0,0,16,12
2021-03-01T23:59:59+01:00,0,2,795,785,1656,2414,1695,3219,2099,4497,2257,3755,1324,1151,3594,4741,2569,5099,279,268,763,1139,846,1628,1139,2459,1268,2104,803,773,1119,1658,820,2561,29825,17521,2580,2096,9231,0,0,16,12
2021-02-28T23:59:59+01:00,0,2,789,762,1638,2348,1667,3147,2076,4398,2242,3688,1318,1145,3584,4726,2554,5088,278,267,763,1138,846,1623,1138,2457,1268,2099,799,771,1111,1645,816,2551,29716,17498,2578,2062,8862,0,0,16,12
2021-02-27T23:59:59+01:00,0,2,774,745,1617,2288,1650,3036,2057,4272,2221,3593,1315,1142,3584,4725,2554,5087,278,267,763,1138,846,1623,1138,2457,1268,2098,799,771,1101,1639,799,2537,29713,17497,2577,2015,8356,0,0,16,12
2021-02-26T23:59:59+01:00,0,2,645,666,1513,2175,1599,2878,1994,4036,2120,3357,1225,1072,2930,3929,2119,4494,278,266,762,1136,845,1622,1138,2455,1266,2095,798,767,1083,1626,789,2520,26896,17423,2577,2013,7265,0,0,16,12
2021-02-25T23:59:59+01:00,0,2,497,589,1396,2071,1532,2750,1935,3909,2020,3245,1175,1037,2700,3659,1954,4253,261,251,738,1114,803,1553,1089,2354,1193,2002,742,746,1050,1588,777,2492,25830,17331,2549,1412,6329,0,0,16,12
2021-02-24T23:59:59+01:00,0,2,468,559,1326,1961,1462,2607,1865,3759,1944,3095,1138,1008,2561,3524,1874,4131,232,238,713,1068,776,1491,1059,2291,1138,1951,715,724,1003,1558,764,2461,25186,17141,2537,1031,5545,0,0,16,12
2021-02-23T23:59:59+01:00,0,2,413,519,1243,1821,1387,2462,1789,3548,1875,2973,1113,974,2354,3293,1746,3939,227,233,698,1044,764,1452,1037,2244,1112,1910,706,713,994,1544,761,2457,24249,17051,2527,835,4659,0,0,16,12
2021-02-22T23:59:59+01:00,0,2,400,485,1142,1712,1284,2365,1680,3441,1794,2902,1091,960,2210,3119,1655,3840,217,224,675,992,733,1389,1011,2150,1070,1828,662,680,924,1465,722,2398,23658,16861,2523,269,3885,0,0,16,12
2021-02-21T23:59:59+01:00,0,2,381,468,1041,1679,1134,2341,1525,3419,1689,2884,1083,958,2209,3118,1655,3840,190,218,644,984,722,1381,997,2145,1064,1826,659,677,921,1459,714,2390,23629,16727,2523,254,3258,0,0,16,12
2021-02-20T23:59:59+01:00,0,2,381,466,1040,1679,1133,2341,1524,3417,1689,2882,1083,957,2208,3118,1654,3839,189,216,641,984,719,1380,991,2142,1062,1826,659,677,921,1459,714,2389,23623,16705,2522,254,3252,0,0,16,12
2021-02-19T23:59:59+01:00,0,2,376,457,1028,1675,1123,2331,1512,3398,1656,2867,1032,928,1834,2612,1351,3448,167,206,615,980,701,1372,974,2140,1056,1824,656,676,920,1459,713,2386,21864,16581,2522,254,3228,0,0,16,12
2021-02-18T23:59:59+01:00,0,2,356,436,989,1592,1085,2245,1458,3282,1615,2775,1003,904,1657,2366,1217,3237,147,195,576,969,681,1359,940,2123,1030,1804,645,657,899,1431,699,2365,20863,16256,2522,254,2818,0,0,16,12
2021-02-17T23:59:59+01:00,0,2,333,384,905,1449,976,2048,1325,3028,1504,2555,965,874,1466,2153,1116,3056,141,188,564,938,656,1306,908,2044,984,1727,610,625,892,1404,693,2345,19781,15761,2522,254,1820,0,0,16,12
2021-02-16T23:59:59+01:00,0,2,327,345,862,1311,925,1865,1264,2807,1437,2395,954,857,1405,2056,1049,2956,135,175,550,896,641,1252,880,1980,954,1685,600,615,868,1370,679,2280,19410,15431,2521,119,870,0,0,16,12
2021-02-15T23:59:59+01:00,0,2,312,303,833,1280,908,1809,1224,2724,1399,2339,925,824,1226,1826,919,2778,127,167,529,870,624,1190,854,1907,931,1608,579,578,850,1333,670,2235,18494,14963,2520,79,603,0,0,14,12
2021-02-14T23:59:59+01:00,0,2,312,303,832,1280,907,1809,1223,2724,1399,2339,925,824,1226,1826,919,2777,126,167,528,862,620,1185,848,1901,927,1605,578,577,848,1332,668,2231,18492,14915,2520,78,601,0,0,14,12
2021-02-13T23:59:59+01:00,0,2,312,303,832,1280,907,1806,1223,2722,1399,2337,925,824,1226,1825,917,2777,126,167,528,862,620,1185,845,1898,925,1601,575,577,833,1311,656,2214,18485,14912,2517,1,601,0,0,14,12
2021-02-12T23:59:59+01:00,0,2,308,302,823,1275,903,1776,1217,2695,1371,2307,923,822,1225,1822,917,2777,126,167,526,860,619,1178,839,1886,919,1588,572,575,819,1300,650,2201,18477,14814,2517,1,457,0,0,14,12
2021-02-11T23:59:59+01:00,0,2,289,293,808,1240,897,1741,1201,2630,1348,2252,889,808,1214,1811,916,2767,124,153,508,821,597,1113,805,1786,897,1529,559,561,792,1266,635,2168,18365,14304,2516,0,211,0,0,14,12
2021-02-10T23:59:59+01:00,0,2,286,286,789,1203,884,1712,1189,2585,1333,2210,884,806,1199,1794,911,2749,120,143,441,735,551,1020,727,1660,839,1443,544,544,775,1243,622,2138,18340,13547,2411,0,58,0,0,13,0
2021-02-09T23:59:59+01:00,0,2,286,283,783,1188,872,1695,1174,2565,1319,2186,869,800,1185,1775,899,2729,104,124,384,646,498,886,646,1454,750,1250,491,464,655,1074,543,1871,18230,11842,2364,0,3,0,0,13,0
2021-02-08T23:59:59+01:00,0,2,285,282,781,1183,869,1688,1172,2561,1312,2178,863,797,1169,1752,881,2704,93,100,338,551,446,784,556,1243,642,1084,414,388,566,875,438,1539,18104,10059,2361,0,1,0,0,13,0
2021-02-07T23:59:59+01:00,0,2,284,281,780,1182,868,1688,1172,2560,1312,2175,857,795,1168,1749,880,2702,91,99,336,546,444,780,554,1234,638,1078,408,382,545,852,432,1524,18081,9945,2361,0,0,0,0,13,0
2021-02-06T23:59:59+01:00,0,2,284,280,779,1181,868,1687,1172,2560,1312,2174,856,795,1166,1743,878,2700,91,98,336,542,443,779,553,1230,636,1077,405,377,496,783,401,1478,18065,9727,2359,0,0,0,0,13,0
2021-02-05T23:59:59+01:00,0,2,284,279,779,1180,867,1686,1171,2559,1311,2169,849,789,1142,1732,871,2684,85,95,328,536,427,760,528,1195,607,1034,382,349,472,755,381,1431,17982,9366,2359,0,0,0,0,13,0
2021-02-04T23:59:59+01:00,0,2,281,271,776,1159,856,1663,1157,2531,1297,2146,827,776,1113,1701,864,2665,71,76,259,413,332,591,410,966,495,831,310,286,364,610,314,1208,17736,7536,2336,0,0,0,0,13,0
2021-02-03T23:59:59+01:00,0,2,280,266,773,1136,853,1635,1150,2479,1284,2114,807,762,1097,1680,852,2649,57,55,172,285,258,441,290,716,368,594,213,204,259,450,225,905,17631,5492,2175,0,0,0,0,13,0
2021-02-02T23:59:59+01:00,0,2,279,260,769,1127,847,1614,1142,2453,1272,2097,800,755,1089,1669,850,2641,37,34,94,143,149,254,177,447,238,375,139,134,177,274,158,582,17479,3412,2174,0,0,0,0,13,0
2021-02-01T23:59:59+01:00,0,2,277,257,764,1108,839,1594,1137,2423,1268,2062,790,742,1083,1658,845,2625,13,11,17,30,27,64,48,89,75,103,53,48,65,82,47,198,17287,970,2174,0,0,0,0,13,0
2021-01-31T23:59:59+01:00,0,2,271,255,748,1106,831,1583,1126,2412,1257,2054,784,736,1073,1640,838,2611,12,11,16,28,25,61,42,84,68,95,50,48,60,75,44,185,17250,904,2064,0,0,0,0,13,0
2021-01-30T23:59:59+01:00,0,2,271,255,748,1105,831,1583,1126,2412,1257,2054,783,736,1063,1633,821,2596,12,9,15,28,25,61,42,84,67,93,49,47,59,75,44,184,17246,894,2017,0,0,0,0,13,0
2021-01-29T23:59:59+01:00,0,2,270,255,748,1104,831,1583,1126,2412,1257,2053,782,735,1062,1631,821,2594,10,4,13,26,25,60,40,83,66,93,48,46,59,75,44,184,17238,876,2015,0,0,0,0,13,0
2021-01-28T23:59:59+01:00,0,2,266,250,737,1079,797,1527,1089,2351,1181,1994,741,721,1034,1611,805,2574,5,0,4,8,10,24,19,37,21,45,21,22,25,49,17,108,17058,415,1688,0,0,0,0,13,0
2021-01-27T23:59:59+01:00,0,2,260,243,714,1047,751,1472,1030,2270,1108,1913,706,694,1019,1588,802,2566,4,0,4,5,7,20,15,23,14,32,6,9,11,12,5,30,16608,197,1564,0,0,0,0,13,0
2021-01-26T23:59:59+01:00,0,2,236,234,699,1023,743,1424,1010,2196,1081,1848,694,680,995,1572,792,2547,4,0,2,5,6,10,13,12,7,11,3,5,7,8,2,17,16558,112,1205,0,0,0,0,13,0
2021-01-25T23:59:59+01:00,0,2,205,219,646,951,691,1302,967,2050,1023,1713,647,624,917,1475,745,2471,4,0,2,5,6,10,13,12,7,11,3,5,7,8,2,17,16331,112,304,0,0,0,0,13,0
2021-01-24T23:59:59+01:00,0,2,188,213,620,939,672,1288,949,2033,1007,1703,640,618,907,1455,736,2458,3,0,2,5,6,10,12,12,6,11,3,5,7,8,2,17,16156,109,259,0,0,0,0,13,0
2021-01-23T23:59:59+01:00,0,2,188,213,620,939,672,1288,949,2033,1007,1703,640,618,907,1455,736,2458,3,0,2,4,6,10,10,12,6,11,3,5,7,8,2,17,16156,106,259,0,0,0,0,13,0
2021-01-22T23:59:59+01:00,0,2,141,195,562,929,654,1273,915,2023,995,1692,635,617,906,1455,736,2458,3,0,1,4,6,10,10,12,6,11,3,5,7,8,2,17,15916,105,259,0,0,0,0,13,0
2021-01-21T23:59:59+01:00,0,2,137,187,547,908,634,1232,882,1969,974,1645,623,596,894,1424,729,2439,3,0,0,4,5,10,9,12,6,11,3,5,7,8,2,16,15550,101,259,0,0,0,0,13,0
2021-01-20T23:59:59+01:00,0,2,131,170,500,843,611,1154,819,1859,937,1574,603,578,877,1401,719,2409,3,0,0,4,5,10,9,12,6,11,3,5,7,8,2,16,14917,101,257,0,0,0,0,13,0
2021-01-19T23:59:59+01:00,0,2,121,152,428,756,548,1025,735,1671,837,1416,556,528,778,1246,638,2153,3,0,0,4,5,8,9,12,6,11,3,5,7,8,2,16,13387,99,190,0,0,0,0,13,0
2021-01-18T23:59:59+01:00,0,2,103,118,359,606,458,855,604,1410,711,1207,486,462,690,1083,560,1868,1,0,0,1,1,0,0,0,0,1,0,0,0,1,0,0,11488,5,81,0,0,0,0,13,0
2021-01-17T23:59:59+01:00,0,2,99,116,355,601,457,849,602,1391,704,1197,480,452,663,1052,540,1821,1,0,0,1,0,0,0,0,0,1,0,0,0,1,0,0,11288,4,80,0,0,0,0,13,0
2021-01-16T23:59:59+01:00,0,2,99,113,353,592,454,844,590,1378,693,1185,465,438,566,927,478,1722,0,0,0,1,0,0,0,0,0,0,0,0,0,0,0,0,10883,1,3,0,0,0,0,13,0
2021-01-15T23:59:59+01:00,0,2,97,111,348,590,448,839,584,1371,676,1169,449,420,558,915,468,1698,0,0,0,0,0,0,0,0,0,0,0,0,0,0,0,0,10729,0,1,0,0,0,0,13,0
2021-01-14T23:59:59+01:00,0,0,80,89,294,488,370,674,466,1118,557,989,368,338,439,749,384,1443,0,0,0,0,0,0,0,0,0,0,0,0,0,0,0,0,8833,0,0,0,0,0,0,13,0
2021-01-13T23:59:59+01:00,0,0,66,66,209,371,294,504,353,837,428,710,259,239,323,563,295,1107,0,0,0,0,0,0,0,0,0,0,0,0,0,0,0,0,6612,0,0,0,0,0,0,12,0
2021-01-12T23:59:59+01:00,0,0,44,44,129,220,182,313,213,532,285,443,165,154,211,370,203,743,0,0,0,0,0,0,0,0,0,0,0,0,0,0,0,0,4251,0,0,0,0,0,0,0,0
2021-01-11T23:59:59+01:00,0,0,14,13,45,61,42,93,61,120,97,130,68,61,92,114,58,253,0,0,0,0,0,0,0,0,0,0,0,0,0,0,0,0,1322,0,0,0,0,0,0,0,0
2021-01-10T23:59:59+01:00,0,0,13,13,32,49,35,75,52,111,84,120,61,57,85,104,55,238,0,0,0,0,0,0,0,0,0,0,0,0,0,0,0,0,1184,0,0,0,0,0,0,0,0
2021-01-09T23:59:59+01:00,0,0,13,12,28,48,35,75,51,110,82,117,60,56,84,103,53,237,0,0,0,0,0,0,0,0,0,0,0,0,0,0,0,0,1164,0,0,0,0,0,0,0,0
2021-01-08T23:59:59+01:00,0,0,9,4,28,42,33,72,48,108,81,116,57,52,78,98,49,237,0,0,0,0,0,0,0,0,0,0,0,0,0,0,0,0,1112,0,0,0,0,0,0,0,0
2021-01-07T23:59:59+01:00,0,0,6,1,10,21,16,38,27,77,35,77,32,27,51,82,33,180,0,0,0,0,0,0,0,0,0,0,0,0,0,0,0,0,713,0,0,0,0,0,0,0,0
2021-01-06T23:59:59+01:00,0,0,6,0,5,10,11,30,24,43,21,48,26,24,37,56,23,129,0,0,0,0,0,0,0,0,0,0,0,0,0,0,0,0,493,0,0,0,0,0,0,0,0
2021-01-05T23:59:59+01:00,0,0,5,0,5,9,11,30,24,43,21,48,26,24,37,55,23,129,0,0,0,0,0,0,0,0,0,0,0,0,0,0,0,0,490,0,0,0,0,0,0,0,0
2021-01-04T23:59:59+01:00,0,0,4,0,2,4,5,11,13,12,6,12,3,5,7,9,2,18,0,0,0,0,0,0,0,0,0,0,0,0,0,0,0,0,113,0,0,0,0,0,0,0,0
2021-01-03T23:59:59+01:00,0,0,3,0,2,4,5,10,12,12,6,12,3,5,7,9,2,17,0,0,0,0,0,0,0,0,0,0,0,0,0,0,0,0,109,0,0,0,0,0,0,0,0
2021-01-02T23:59:59+01:00,0,0,3,0,2,4,5,10,10,12,6,12,3,5,7,9,2,17,0,0,0,0,0,0,0,0,0,0,0,0,0,0,0,0,107,0,0,0,0,0,0,0,0
2021-01-01T23:59:59+01:00,0,0,3,0,1,4,5,10,10,12,6,12,3,5,7,8,2,17,0,0,0,0,0,0,0,0,0,0,0,0,0,0,0,0,105,0,0,0,0,0,0,0,0
2020-12-31T23:59:59+01:00,0,0,3,0,0,4,5,10,9,12,6,12,3,5,7,8,2,17,0,0,0,0,0,0,0,0,0,0,0,0,0,0,0,0,103,0,0,0,0,0,0,0,0
2020-12-30T23:59:59+01:00,0,0,3,0,0,4,5,10,9,12,6,12,3,5,7,8,2,17,0,0,0,0,0,0,0,0,0,0,0,0,0,0,0,0,103,0,0,0,0,0,0,0,0
2020-12-29T23:59:59+01:00,0,0,3,0,0,3,5,8,9,12,6,12,3,5,7,8,2,17,0,0,0,0,0,0,0,0,0,0,0,0,0,0,0,0,100,0,0,0,0,0,0,0,0
2020-12-28T23:59:59+01:00,0,0,3,0,0,3,5,8,9,12,5,12,3,5,7,8,2,17,0,0,0,0,0,0,0,0,0,0,0,0,0,0,0,0,99,0,0,0,0,0,0,0,0
2020-12-27T23:59:59+01:00,0,0,1,0,0,0,0,0,0,0,0,1,0,0,2,4,0,8,0,0,0,0,0,0,0,0,0,0,0,0,0,0,0,0,16,0,0,0,0,0,0,0,0
