Datum,<15_m,<15_w,15-24_1_m,15-24_1_w,25-34_1_m,25-34_1_w,35-44_1_m,35-44_1_w,45-54_1_m,45-54_1_w,55-64_1_m,55-64_1_w,65-74_1_m,65-74_1_w,75-84_1_m,75-84_1_w,>84_1_m,>84_1_w,<24_2_m,<24_2_w,25-34_2_m,25-34_2_w,35-44_2_m,35-44_2_w,45-54_2_m,45-54_2_w,55-64_2_m,55-64_2_w,65-74_2_m,65-74_2_w,75-84_2_m,75-84_2_w,>84_2_m,>84_2_w,bp_1,bp_2,mo_1,mo_2,az_1,az_2,ja,unb_1,unb_2
2021-07-19T23:59:59+02:00,1627,1415,19849,19172,30033,27666,31284,31343,37188,37764,41152,41543,27390,30571,19538,24493,5940,10052,9346,9156,18432,17676,21482,22489,29787,30908,34651,35884,25464,28383,18485,23020,5661,9489,301989,227865,44186,38485,77207,59455,14569,70,96
2021-07-18T23:59:59+02:00,1616,1411,19831,19152,30001,27629,31260,31322,37166,37748,41143,41531,27382,30563,19535,24488,5939,10052,9258,9061,18301,17567,21315,22329,29660,30741,34598,35840,25444,28370,18478,23006,5661,9486,301747,226985,44186,38199,77207,59424,14560,70,96
2021-07-17T23:59:59+02:00,1615,1407,19824,19150,30001,27627,31260,31318,37161,37746,41139,41529,27381,30562,19534,24488,5939,10052,9237,9046,18269,17546,21297,22316,29650,30734,34579,35836,25441,28368,18478,23005,5661,9486,301715,226833,44186,38196,77207,59413,14556,70,96
2021-07-16T23:59:59+02:00,1562,1362,19550,18902,29876,27530,31177,31247,37106,37684,41099,41497,27362,30545,19527,24478,5937,10046,9125,8934,17904,17255,21001,22044,29282,30399,34448,35735,25418,28345,18471,22993,5659,9484,300723,225607,44163,37606,77205,59082,14327,70,18
2021-07-15T23:59:59+02:00,1504,1319,19290,18657,29697,27383,31070,31149,37024,37603,41034,41430,27320,30516,19511,24464,5933,10043,8766,8633,17007,16433,19479,20836,28372,29486,33834,35162,25252,28167,18418,22944,5653,9472,299466,219585,44120,36172,77196,58166,14096,70,18
2021-07-14T23:59:59+02:00,1491,1307,19261,18621,29674,27360,31048,31120,37013,37591,41015,41424,27312,30509,19502,24457,5932,10040,8480,8338,16459,15837,18988,20327,27813,28990,33442,34789,25141,28042,18379,22879,5648,9462,299203,215457,44118,35815,77193,57740,14094,70,18
2021-07-13T23:59:59+02:00,1479,1298,19224,18596,29657,27336,31027,31105,36999,37565,40992,41396,27303,30495,19500,24452,5931,10034,8179,8079,16061,15483,18716,20051,27552,28742,33171,34533,25043,27923,18346,22838,5646,9457,298925,212771,44117,35781,77192,57251,14086,70,18
2021-07-12T23:59:59+02:00,1464,1289,19182,18579,29625,27308,31010,31084,36987,37548,40975,41381,27300,30491,19498,24446,5930,10034,7919,7863,15784,15210,18023,19509,27241,28425,32762,34176,24876,27731,18287,22763,5640,9452,298677,211499,44116,33872,77192,56276,14077,70,18
2021-07-11T23:59:59+02:00,1456,1281,19152,18552,29595,27280,30995,31056,36979,37527,40962,41369,27291,30482,19496,24446,5929,10033,7876,7817,15720,15141,17937,19455,27158,28364,32651,34115,24823,27687,18267,22741,5640,9449,298437,210934,44115,33862,77190,56035,14070,70,18
2021-07-10T23:59:59+02:00,1327,1166,18652,18135,29155,26989,30714,30827,36736,37368,40763,41219,27219,30422,19470,24414,5926,10030,7748,7748,15442,15010,17724,19309,26918,28227,32487,33998,24758,27641,18251,22729,5639,9449,296253,210524,43982,33746,77161,55800,13067,70,18
2021-07-09T23:59:59+02:00,1317,1160,18625,18105,29135,26972,30702,30814,36726,37356,40752,41211,27215,30418,19468,24410,5926,10029,7706,7701,15373,14945,17662,19216,26699,27997,32239,33785,24696,27578,18229,22703,5639,9446,296113,210250,43963,33743,77160,54639,13036,70,18
2021-07-08T23:59:59+02:00,1241,1080,18360,17896,28991,26823,30568,30699,36625,37254,40654,41134,27182,30383,19449,24392,5921,10025,7540,7569,15078,14699,17235,18858,26014,27400,31969,33521,24529,27421,18171,22641,5636,9440,294865,209129,43910,32333,77152,53623,12681,70,18
2021-07-07T23:59:59+02:00,1145,988,18051,17577,28796,26641,30443,30578,36513,37135,40548,41050,27149,30336,19435,24375,5918,10022,7346,7358,14641,14334,16774,18416,25262,26796,31563,33143,24266,27100,18078,22547,5627,9431,293314,206229,43862,31500,77141,52673,12314,70,18
2021-07-06T23:59:59+02:00,1122,972,17974,17516,28753,26593,30394,30532,36477,37100,40514,41018,27132,30311,19424,24362,5916,10019,7130,7127,14298,13979,16427,18069,24519,26150,31266,32880,24076,26886,18030,22476,5620,9424,292750,204184,43859,30099,77140,51785,12311,70,18
2021-07-05T23:59:59+02:00,1080,944,17901,17453,28710,26537,30356,30498,36453,37056,40488,40993,27127,30297,19418,24356,5916,10014,6903,6937,13998,13712,16077,17706,23978,25645,30703,32316,23798,26588,17922,22337,5612,9414,292273,202693,43857,28026,77136,50664,12262,70,18
2021-07-04T23:59:59+02:00,1058,929,17832,17404,28672,26516,30335,30469,36443,37046,40473,40981,27121,30287,19413,24353,5916,10013,6877,6920,13945,13666,16004,17648,23894,25590,30550,32225,23706,26500,17890,22296,5610,9410,291961,202305,43856,28017,77125,50158,12250,70,18
2021-07-03T23:59:59+02:00,644,560,16111,15689,27505,25596,29542,29755,35805,36438,39977,40555,26964,30121,19346,24267,5907,9996,6495,6679,13432,13363,15604,17347,23534,25313,30248,32031,23610,26407,17857,22259,5606,9406,284492,202015,43814,27941,77042,49873,9361,70,18
2021-07-02T23:59:59+02:00,605,522,15982,15544,27344,25450,29463,29696,35775,36411,39958,40542,26958,30111,19343,24264,5907,9996,6447,6609,13359,13262,15516,17217,23391,25131,30095,31866,23417,26197,17768,22181,5604,9403,283593,201336,43814,27783,77040,48988,9355,70,18
2021-07-01T23:59:59+02:00,547,477,15807,15392,27126,25297,29386,29619,35720,36360,39893,40498,26938,30094,19332,24252,5905,9992,6308,6480,13022,12993,14993,16784,22139,24149,29340,31193,23139,25910,17650,22049,5597,9388,282416,197820,43809,26134,77028,47865,9313,70,18
2021-06-30T23:59:59+02:00,517,457,15705,15289,27019,25215,29320,29550,35667,36309,39851,40463,26923,30063,19322,24235,5901,9992,6116,6303,12595,12613,14426,16238,21518,23558,28750,30666,22720,25446,17520,21865,5590,9376,281614,193593,43806,26110,77022,46305,9287,70,18
2021-06-29T23:59:59+02:00,460,408,14946,14623,26760,24997,29227,29452,35588,36229,39783,40416,26902,30040,19315,24222,5901,9990,6004,6179,12339,12350,14033,15843,20731,22940,28169,30117,22273,24923,17368,21692,5582,9366,279127,190459,43805,25604,77014,44595,9244,70,18
2021-06-28T23:59:59+02:00,424,377,14323,13989,26604,24894,29153,29386,35532,36165,39739,40383,26884,30020,19307,24211,5901,9986,5938,6084,12162,12211,13845,15667,20116,22394,27770,29747,21937,24566,17240,21529,5577,9362,277207,188779,43801,24956,77010,43211,9191,70,18
2021-06-27T23:59:59+02:00,347,310,13981,13614,26540,24836,29113,29351,35510,36143,39722,40370,26873,30013,19305,24208,5900,9985,5902,6042,12048,12098,13702,15541,19568,21924,27166,29250,21660,24231,17120,21406,5573,9361,276096,187950,43799,23446,76999,42030,9158,70,18
2021-06-26T23:59:59+02:00,347,310,13970,13603,26524,24825,29107,29345,35505,36142,39719,40369,26872,30012,19305,24208,5900,9985,5897,6039,12036,12095,13696,15537,19555,21913,27121,29215,21515,24103,17080,21350,5572,9359,276026,187924,43797,23442,76999,41552,9157,70,18
2021-06-25T23:59:59+02:00,224,198,12715,12389,25067,23686,28809,29111,35399,36060,39654,40308,26848,29985,19296,24197,5898,9983,5854,5992,11940,12016,13555,15415,19246,21675,26738,28857,21193,23711,16907,21153,5569,9350,269825,186705,43793,23159,76986,40145,9154,70,18
2021-06-24T23:59:59+02:00,160,144,11747,11564,23960,22813,28447,28764,35252,35897,39542,40205,26814,29935,19285,24174,5896,9979,5639,5763,11483,11602,12980,14825,17722,20288,25109,27270,20428,22860,16592,20747,5559,9340,264630,181752,43776,19565,76982,37759,9122,69,18
2021-06-23T23:59:59+02:00,124,120,11391,11246,23467,22451,28204,28524,35075,35772,39455,40119,26784,29909,19277,24137,5894,9968,5566,5651,11271,11388,12682,14475,17334,19881,24363,26506,19639,22116,16400,20496,5551,9324,262059,179408,43770,18954,76977,35229,9043,69,18
2021-06-22T23:59:59+02:00,102,108,11211,11034,23314,22309,28125,28453,34999,35710,39409,40075,26769,29885,19269,24129,5894,9967,5457,5531,11007,11134,12316,14105,16732,19287,23636,25743,19260,21693,16237,20318,5544,9308,260924,176388,43768,18099,76975,33783,9027,69,18
2021-06-21T23:59:59+02:00,89,96,10961,10850,22489,21641,27876,28232,34934,35650,39346,40034,26753,29867,19263,24120,5894,9966,5338,5427,10795,10914,12011,13789,16341,18943,23191,25278,18970,21382,16133,20199,5538,9306,258358,174938,43763,17091,76969,32611,8903,69,18
2021-06-20T23:59:59+02:00,83,95,10897,10761,22244,21426,27619,28035,34854,35572,39301,39990,26744,29854,19261,24116,5892,9963,5297,5373,10710,10815,11916,13689,16148,18760,22921,25040,18869,21276,16080,20141,5532,9302,257084,174635,43761,16035,76968,32361,8825,69,18
2021-06-19T23:59:59+02:00,82,91,10873,10737,22212,21402,27602,28021,34842,35568,39291,39986,26743,29853,19261,24114,5892,9963,5266,5341,10629,10725,11824,13568,16000,18608,22614,24681,18784,21189,16068,20129,5531,9302,256933,174531,43738,14542,76968,32348,8825,69,18
2021-06-18T23:59:59+02:00,79,89,10828,10687,21903,21086,27338,27810,34790,35532,39261,39964,26735,29844,19260,24111,5892,9961,5251,5332,10600,10696,11784,13520,15939,18547,22529,24586,18618,21008,16023,20063,5530,9297,255572,174141,43737,14541,76967,31803,8825,69,18
2021-06-17T23:59:59+02:00,70,81,10250,10262,20636,20131,26480,27080,34422,35207,39009,39776,26671,29765,19240,24075,5885,9957,5053,5195,10227,10444,11347,13123,15264,17940,21171,23282,18165,20523,15860,19892,5526,9282,249831,168876,43719,13969,76956,31014,8422,69,18
2021-06-16T23:59:59+02:00,62,69,9916,9953,19959,19504,25844,26481,34176,35008,38851,39628,26629,29715,19217,24052,5884,9953,4911,5049,9840,10107,10887,12674,14560,17247,20324,22359,17764,20079,15694,19682,5516,9270,246024,165126,43707,12678,76943,29988,8158,69,18
2021-06-15T23:59:59+02:00,48,64,9673,9711,19667,19260,25623,26287,34047,34903,38755,39549,26601,29680,19210,24037,5879,9949,4806,4940,9601,9896,10659,12419,14140,16822,19728,21787,17450,19696,15476,19456,5507,9259,244275,163073,43699,11604,76937,28989,7963,69,18
2021-06-14T23:59:59+02:00,44,60,9542,9588,19371,19003,25448,26144,33928,34824,38694,39511,26584,29660,19204,24026,5879,9946,4737,4878,9423,9758,10490,12283,13884,16609,19412,21494,17286,19541,15375,19325,5506,9255,243094,161624,43697,11602,76933,28353,7664,68,18
2021-06-13T23:59:59+02:00,42,56,9384,9459,19086,18820,25100,25891,33728,34657,38589,39444,26569,29648,19194,24019,5879,9943,4656,4812,9214,9593,10326,12114,13561,16273,19066,21167,17161,19393,15328,19260,5504,9253,241465,160782,43697,11602,76930,26935,7348,68,18
2021-06-12T23:59:59+02:00,42,56,9375,9445,19073,18807,25100,25886,33728,34654,38586,39443,26569,29648,19194,24019,5879,9943,4653,4798,9204,9533,10294,12012,13513,16119,19011,21031,17052,19268,15212,19158,5502,9251,241419,160755,43697,11600,76926,25905,7337,68,18
2021-06-11T23:59:59+02:00,37,52,9219,9264,18841,18597,24308,25216,33552,34501,38454,39331,26536,29615,19184,23996,5879,9938,4576,4683,8988,9279,10038,11720,12996,15572,18044,20142,16867,19072,15172,19114,5499,9248,238525,156764,43696,11599,76923,25325,7308,68,18
2021-06-10T23:59:59+02:00,35,48,8827,8931,18193,18114,23462,24543,33234,34221,38256,39169,26479,29560,19161,23967,5876,9931,4401,4505,8412,8790,9237,11004,11853,14480,16072,18245,15983,18118,14887,18749,5490,9226,234930,147165,43040,11566,76897,23634,7073,67,18
2021-06-09T23:59:59+02:00,18,30,8382,8427,17370,17389,22316,23504,32749,33756,37973,38952,26370,29457,19115,23911,5866,9918,4266,4392,8126,8524,8994,10752,11524,14116,15590,17702,15614,17689,14646,18465,5483,9216,230982,145353,41157,11524,76861,21732,6476,27,18
2021-06-08T23:59:59+02:00,10,20,8064,8113,16901,16972,21899,23140,32506,33564,37811,38823,26326,29416,19105,23888,5863,9913,4146,4310,7872,8271,8690,10407,11171,13769,14951,17005,15162,17168,14385,18188,5478,9198,228268,143662,41125,10411,76852,20022,6062,27,18
2021-06-07T23:59:59+02:00,7,16,7869,7881,16544,16648,21356,22690,32227,33298,37695,38708,26300,29368,19088,23862,5858,9912,4071,4229,7692,8131,8530,10265,11002,13597,14643,16682,14966,16915,14212,17997,5474,9193,226657,142591,40159,10319,76841,19031,5644,26,18
2021-06-06T23:59:59+02:00,5,13,7762,7772,16411,16503,21162,22484,32002,33075,37563,38604,26272,29344,19075,23846,5858,9906,4042,4194,7646,8014,8479,10137,10898,13453,14448,16467,14784,16737,14123,17877,5467,9187,225436,142114,39860,10309,76824,18005,5511,26,18
2021-06-05T23:59:59+02:00,5,13,7740,7758,16382,16476,21155,22481,31992,33069,37561,38603,26271,29344,19074,23845,5858,9906,4033,4155,7631,7949,8465,10004,10884,13282,14430,16362,14747,16682,14114,17867,5467,9186,225327,142033,39860,10309,76823,17405,5497,26,18
2021-06-04T23:59:59+02:00,5,11,7627,7656,16103,16240,20880,22236,31572,32697,37448,38482,26238,29306,19063,23832,5856,9904,4026,4146,7605,7926,8439,9974,10817,13209,14325,16231,14666,16589,14078,17823,5467,9184,223743,141701,39086,9979,76804,17314,5497,26,18
2021-06-03T23:59:59+02:00,3,11,7374,7429,15229,15460,19251,20849,30663,31770,36945,38023,26107,29173,19019,23781,5850,9886,3967,4108,7517,7856,8317,9876,10650,13028,13759,15663,14407,16280,13994,17719,5464,9171,217140,139499,37514,9875,76795,17040,5348,26,18
2021-06-02T23:59:59+02:00,3,11,7239,7286,14846,15032,18820,20449,30195,31317,36719,37759,26043,29109,18999,23753,5847,9885,3937,4078,7453,7770,8230,9786,10510,12898,13314,15233,14284,16097,13967,17682,5461,9166,214064,137717,37083,9782,76794,17008,5345,26,18
2021-06-01T23:59:59+02:00,3,9,6963,7044,14451,14720,18479,20131,29869,31006,36496,37525,25987,29029,18975,23724,5845,9874,3836,3992,7211,7594,7999,9593,10247,12624,12913,14812,13853,15649,13851,17530,5454,9158,211328,135609,37038,9528,76773,16200,4965,26,18
2021-05-31T23:59:59+02:00,3,9,6800,6854,14233,14487,17776,19530,29529,30670,36199,37262,25897,28932,18949,23670,5835,9861,3757,3882,7004,7348,7776,9309,9906,12244,12475,14296,13325,15036,13652,17301,5446,9143,209906,132444,34991,9205,76756,15420,4817,26,18
2021-05-30T23:59:59+02:00,3,9,6777,6840,14187,14449,17699,19471,29479,30632,36168,37239,25885,28920,18946,23664,5834,9859,3714,3808,6857,7142,7628,9081,9705,11935,12219,13953,13204,14867,13584,17219,5443,9136,209612,131727,34979,9104,76702,13908,4742,26,18
2021-05-29T23:59:59+02:00,3,9,6775,6839,14179,14443,17694,19465,29474,30628,36165,37238,25883,28917,18946,23663,5834,9859,3705,3795,6828,7109,7595,9030,9669,11889,12146,13855,13163,14799,13554,17195,5442,9131,209581,131588,34979,9103,76687,13459,4741,26,18
2021-05-28T23:59:59+02:00,3,9,6765,6827,14164,14426,17677,19444,29463,30616,36154,37220,25882,28913,18944,23659,5834,9859,3691,3772,6806,7069,7561,8978,9616,11785,11906,13586,12975,14608,13524,17155,5439,9128,209431,130302,34978,9102,76684,13440,4740,26,18
2021-05-27T23:59:59+02:00,3,9,6674,6746,13896,14209,17193,19097,28786,30075,35995,37090,25836,28879,18929,23645,5833,9853,3566,3612,6519,6819,7185,8674,9119,11227,11199,12692,12427,14044,13395,16964,5432,9116,208356,126800,33541,8773,76642,12219,4183,26,18
2021-05-26T23:59:59+02:00,3,9,6603,6638,13683,14007,16942,18790,28244,29564,35820,36915,25799,28834,18914,23621,5832,9848,3476,3469,6294,6530,6899,8248,8781,10750,10551,11897,11869,13432,13250,16749,5427,9094,206770,123209,32788,8591,76629,11048,3853,26,18
2021-05-25T23:59:59+02:00,3,9,6522,6543,13478,13786,16680,18580,27520,28918,35728,36820,25776,28805,18902,23605,5827,9847,3427,3378,6150,6362,6753,8059,8557,10459,10208,11533,11522,12957,13145,16587,5424,9086,206060,121374,31336,8452,76146,9985,3781,26,18
2021-05-24T23:59:59+02:00,3,9,6451,6446,13301,13586,16459,18297,27112,28493,35382,36422,25719,28737,18883,23582,5826,9845,3414,3356,6092,6280,6708,7976,8498,10363,10135,11436,11349,12728,13099,16496,5416,9066,205529,120755,29118,8407,76138,9493,3742,26,18
2021-05-23T23:59:59+02:00,3,9,6449,6445,13296,13577,16456,18287,27093,28483,35352,36388,25716,28731,18883,23576,5826,9845,3411,3352,6086,6270,6698,7969,8470,10333,10095,11380,11266,12627,13079,16465,5416,9065,205414,120750,29102,7995,76137,9486,3736,26,18
2021-05-22T23:59:59+02:00,3,9,6441,6441,13289,13566,16450,18283,27090,28482,35349,36382,25716,28731,18883,23576,5826,9845,3410,3352,6083,6267,6697,7965,8466,10331,10090,11377,11255,12613,13074,16461,5415,9065,205363,120710,29102,7995,76135,9465,3736,26,18
2021-05-21T23:59:59+02:00,3,9,6382,6381,13137,13460,16278,18132,26821,28306,34921,36115,25691,28695,18875,23570,5825,9841,3401,3342,6050,6246,6667,7931,8427,10282,10036,11327,10741,11902,12935,16302,5412,9060,204677,118957,28977,7992,75097,9432,3665,26,18
2021-05-20T23:59:59+02:00,2,8,6090,6180,12528,13044,15085,17209,24913,26812,33973,35348,25586,28550,18821,23489,5819,9826,3341,3297,5957,6130,6555,7777,8280,10124,9802,11022,10407,11457,12827,16124,5402,9047,199917,116989,27241,7919,72563,9089,3537,25,18
2021-05-19T23:59:59+02:00,2,8,5885,5939,12014,12586,14378,16507,23967,26001,33349,34752,25477,28460,18785,23433,5812,9814,3265,3224,5795,5960,6365,7539,8005,9845,9500,10643,10095,11043,12749,15979,5400,9039,194242,115088,27203,7724,72549,8469,3150,25,18
2021-05-18T23:59:59+02:00,2,7,5715,5830,11613,12264,13755,16009,22811,25052,32684,34146,25361,28325,18739,23383,5807,9805,3222,3196,5685,5854,6205,7381,7800,9635,9307,10406,9928,10795,12605,15760,5391,9030,189292,113963,26698,7656,72505,7778,2788,25,18
2021-05-17T23:59:59+02:00,2,6,5662,5785,11450,12157,13483,15787,22000,24418,32377,33833,25282,28266,18717,23353,5798,9796,3129,3126,5508,5675,6039,7175,7593,9417,9089,10170,9841,10673,12547,15697,5388,9025,187530,113255,26003,7650,72112,6670,2502,25,18
2021-05-16T23:59:59+02:00,2,6,5635,5765,11389,12102,13398,15707,21393,23872,31763,33304,25241,28223,18707,23338,5797,9796,3125,3104,5494,5606,6012,7116,7565,9315,9057,10086,9826,10655,12544,15694,5388,9025,186764,113147,24462,7644,71695,6315,2492,25,17
2021-05-15T23:59:59+02:00,2,6,5626,5756,11356,12093,13369,15697,21320,23801,31230,32930,25230,28218,18706,23335,5796,9795,3111,3089,5475,5564,5998,7041,7525,9200,8825,9833,9793,10624,12510,15643,5388,9024,186715,113142,24450,7506,71049,5954,2027,25,17
2021-05-14T23:59:59+02:00,2,6,5586,5731,11293,12055,13297,15632,20909,23491,30801,32585,25194,28173,18695,23318,5796,9793,3079,3049,5439,5475,5977,6907,7486,8998,8765,9639,9723,10515,12424,15518,5388,9020,185993,112975,24131,7178,70182,5209,2026,25,17
2021-05-13T23:59:59+02:00,2,6,5430,5575,10915,11760,12583,15045,18730,21750,29260,31125,24964,27929,18628,23246,5794,9790,3068,3016,5415,5436,5960,6850,7462,8928,8722,9580,9510,10274,12227,15221,5383,9011,182048,112625,20345,6372,68103,5041,2011,25,17
2021-05-12T23:59:59+02:00,1,6,5401,5548,10843,11702,12482,14957,18609,21627,28897,30761,24873,27834,18611,23217,5793,9785,3068,3012,5409,5430,5950,6836,7438,8913,8684,9526,9327,10045,11999,14901,5380,9004,181102,112346,19709,5516,68100,5035,2011,25,17
2021-05-11T23:59:59+02:00,1,6,5265,5445,10599,11459,12118,14584,18003,20991,27968,29796,24681,27646,18553,23143,5788,9770,3026,2971,5320,5275,5851,6653,7308,8674,8525,9305,9150,9854,11853,14715,5371,8986,177048,111324,18823,5409,67969,4139,1951,25,17
2021-05-10T23:59:59+02:00,1,5,5141,5367,10387,11265,11860,14330,17678,20659,27548,29389,24572,27539,18515,23096,5780,9766,2957,2918,5203,5158,5738,6551,7185,8533,8399,9198,9046,9730,11763,14587,5368,8978,175048,110795,18137,5398,67745,3162,1943,25,17
2021-05-09T23:59:59+02:00,1,5,5069,5319,10288,11153,11761,14213,17339,20378,27158,29016,24486,27453,18486,23060,5777,9763,2891,2887,5057,5115,5563,6508,7019,8504,8274,9163,9034,9720,11745,14567,5368,8978,174654,110719,16862,5388,67255,2343,1929,25,17
2021-05-08T23:59:59+02:00,1,5,5068,5318,10286,11149,11761,14213,17335,20376,27155,29013,24486,27453,18486,23060,5777,9763,2891,2886,5056,5115,5563,6508,7019,8504,8272,9163,9033,9719,11745,14567,5368,8978,174637,110716,16862,5388,67252,2340,1929,25,17
2021-05-07T23:59:59+02:00,1,5,5034,5292,10218,11096,11633,14090,16938,20103,26520,28458,24438,27402,18469,23026,5770,9734,2882,2879,5041,5109,5553,6494,7007,8493,8264,9152,9027,9711,11734,14545,5360,8951,173806,110701,16859,5387,65737,2300,1800,25,17
2021-05-06T23:59:59+02:00,1,5,4764,5131,9757,10753,11076,13576,15857,19086,24122,26178,23940,26879,18363,22924,5765,9720,2840,2835,4974,5034,5510,6403,6923,8374,8133,9005,8927,9601,11710,14495,5357,8948,168789,110160,14411,5332,62885,1774,1789,23,17
2021-05-05T23:59:59+02:00,1,5,4687,5054,9465,10525,10738,13250,15277,18481,23281,25219,23680,26555,18294,22818,5755,9702,2820,2799,4925,4947,5451,6282,6839,8208,8009,8790,8822,9470,11633,14411,5356,8940,165134,109224,13109,5327,62735,1350,1786,23,17
2021-05-04T23:59:59+02:00,1,5,4603,4963,9291,10321,10531,13009,14891,18084,22740,24656,23467,26282,18222,22739,5747,9689,2811,2765,4897,4872,5418,6164,6786,8068,7917,8636,8719,9360,11559,14353,5354,8937,162882,108728,11991,5318,62579,789,1766,23,17
2021-05-03T23:59:59+02:00,1,5,4531,4889,9099,10184,10354,12834,14608,17838,22331,24241,23328,26133,18195,22692,5747,9683,2735,2695,4810,4798,5342,6079,6690,7962,7736,8471,8633,9274,11520,14304,5351,8932,161378,108508,11990,5315,62487,679,815,23,17
2021-05-02T23:59:59+02:00,1,5,4518,4875,9022,10126,10229,12721,14282,17530,22029,23956,23278,26075,18176,22667,5746,9682,2729,2688,4750,4765,5252,5995,6553,7833,7619,8372,8587,9234,11496,14270,5349,8927,160490,108394,11987,5313,62383,662,35,23,17
2021-05-01T23:59:59+02:00,1,5,4518,4873,9020,10125,10228,12721,14279,17527,22027,23956,23277,26074,18176,22667,5746,9682,2729,2688,4750,4765,5252,5995,6553,7833,7619,8372,8587,9234,11496,14270,5349,8927,160474,108394,11987,5313,62383,662,35,23,17
2021-04-30T23:59:59+02:00,0,5,4446,4782,8778,9912,9966,12478,13797,17102,21186,23188,23151,25938,18160,22639,5743,9679,2726,2686,4740,4758,5243,5961,6541,7803,7585,8335,8583,9232,11495,14267,5347,8926,156885,108369,11986,5311,62054,531,2,23,17
2021-04-29T23:59:59+02:00,0,5,4297,4638,8298,9505,9269,11875,12798,16207,19348,21515,22449,25183,18023,22430,5737,9662,2703,2665,4699,4687,5200,5887,6483,7697,7509,8219,8474,9118,11430,14191,5341,8917,147739,107890,11972,5039,61504,274,2,22,17
2021-04-28T23:59:59+02:00,0,5,4264,4619,8227,9431,9193,11789,12680,16088,19131,21301,22361,25091,17995,22389,5735,9657,2700,2654,4673,4628,5173,5843,6453,7623,7460,8137,8457,9094,11414,14169,5340,8911,147360,107698,11882,4967,60691,49,1,22,16
2021-04-27T23:59:59+02:00,0,5,4224,4573,8089,9292,9080,11638,12536,15919,18684,20804,22133,24833,17930,22312,5732,9648,2697,2650,4671,4624,5163,5835,6440,7604,7428,8100,8399,9015,11333,14089,5336,8908,146635,107443,10804,4795,59971,41,1,21,14
2021-04-26T23:59:59+02:00,0,5,4182,4545,7983,9197,8934,11533,12362,15746,18274,20440,21999,24687,17895,22284,5732,9647,2697,2648,4667,4621,5159,5825,6425,7585,7396,8071,8351,8967,11278,14011,5333,8891,145868,107338,10669,4539,58887,36,0,21,14
2021-04-25T23:59:59+02:00,0,5,4168,4530,7947,9167,8870,11471,12228,15616,17929,20112,21801,24451,17855,22229,5728,9642,2697,2648,4666,4620,5157,5821,6420,7582,7394,8067,8295,8908,11256,13983,5333,8890,144494,107317,10658,4373,58576,35,0,21,14
2021-04-24T23:59:59+02:00,0,5,4162,4522,7932,9163,8855,11461,12180,15586,17871,20074,21785,24438,17853,22224,5728,9642,2696,2648,4666,4620,5157,5821,6420,7582,7394,8067,8295,8908,11256,13983,5333,8890,144398,107317,10658,4373,58404,34,0,21,14
2021-04-23T23:59:59+02:00,0,5,4142,4489,7875,9100,8772,11360,11840,15261,17438,19677,21571,24205,17791,22147,5726,9634,2693,2646,4663,4617,5150,5814,6406,7573,7371,8036,8274,8881,11248,13975,5331,8887,143138,107305,10311,4215,57563,33,0,21,14
2021-04-22T23:59:59+02:00,0,5,4093,4424,7743,8908,8587,11101,11514,14842,16525,18693,21002,23501,17657,21967,5717,9615,2684,2640,4658,4597,5127,5787,6365,7537,7302,7990,8141,8728,11106,13824,5327,8878,139407,106688,10189,3965,56278,26,0,20,14
2021-04-21T23:59:59+02:00,0,5,4051,4381,7641,8789,8432,10943,11221,14563,15792,17937,20624,23053,17585,21862,5712,9602,2676,2629,4640,4578,5111,5766,6353,7522,7278,7969,8092,8667,11069,13785,5325,8876,136501,106412,10060,3889,55616,24,0,16,13
2021-04-20T23:59:59+02:00,0,5,4025,4355,7606,8737,8355,10863,11059,14389,15359,17462,20163,22539,17485,21710,5704,9591,2669,2620,4631,4565,5086,5746,6325,7498,7238,7930,7998,8535,10995,13698,5321,8872,134360,105843,9795,3850,55236,23,0,16,13
2021-04-19T23:59:59+02:00,0,5,3994,4305,7545,8633,8263,10724,10902,14208,15106,17168,19685,21974,17320,21496,5693,9579,2664,2619,4625,4561,5073,5731,6306,7481,7213,7886,7945,8481,10969,13652,5318,8867,132300,105510,9441,3847,54843,23,0,16,13
2021-04-18T23:59:59+02:00,0,5,3976,4276,7485,8582,8157,10597,10643,13966,14615,16629,19257,21466,17198,21310,5689,9573,2664,2619,4625,4561,5073,5731,6305,7478,7211,7885,7941,8478,10967,13648,5317,8864,129890,105489,9371,3845,54147,22,0,16,13
2021-04-17T23:59:59+02:00,0,5,3972,4268,7465,8576,8147,10579,10602,13920,14505,16541,19136,21342,17176,21282,5687,9571,2664,2619,4624,4559,5068,5726,6291,7473,7186,7862,7895,8432,10948,13625,5316,8864,129452,105480,9362,3639,53944,22,0,16,13
2021-04-16T23:59:59+02:00,0,5,3961,4225,7393,8454,8044,10422,10408,13659,13836,15782,18569,20699,17051,21107,5676,9554,2661,2616,4619,4554,5064,5715,6275,7462,7148,7827,7589,8045,10858,13487,5308,8848,126611,104692,9302,3351,52916,22,0,16,13
2021-04-15T23:59:59+02:00,0,4,3917,4171,7281,8324,7879,10184,10075,13269,13107,14924,17761,19835,16809,20785,5663,9533,2660,2608,4607,4538,5051,5685,6245,7427,7079,7759,7036,7408,10742,13335,5304,8837,122964,103074,9144,3216,51397,20,0,16,13
2021-04-14T23:59:59+02:00,0,3,3890,4142,7216,8218,7773,10034,9901,13070,12689,14478,17236,19224,16658,20576,5658,9520,2627,2589,4589,4507,5022,5638,6210,7394,7022,7698,6408,6660,10480,13050,5300,8829,121578,100781,8911,3216,49781,15,0,16,13
2021-04-13T23:59:59+02:00,0,3,3887,4136,7179,8202,7716,10001,9793,13018,12316,14187,16547,18379,16422,20276,5654,9514,2603,2562,4569,4482,4998,5605,6151,7326,6933,7597,6197,6411,9920,12402,5292,8810,120890,98624,8694,3209,47630,15,0,16,12
2021-04-12T23:59:59+02:00,0,3,3873,4118,7127,8156,7660,9933,9685,12917,12069,13974,16104,17862,16235,20062,5649,9511,2574,2551,4503,4440,4891,5536,6037,7250,6815,7498,5454,5592,9472,11866,5252,8768,120557,95273,8659,3201,45706,15,0,16,12
2021-04-11T23:59:59+02:00,0,3,3860,4111,7086,8104,7602,9889,9592,12838,11832,13767,15541,17175,15960,19722,5644,9501,2499,2468,4374,4318,4737,5403,5874,7098,6664,7392,5152,5231,9341,11707,5252,8764,119972,93098,8232,3152,44007,14,0,16,12
2021-04-10T23:59:59+02:00,0,3,3842,4092,7047,8057,7558,9833,9532,12779,11740,13682,15324,16984,15911,19654,5643,9494,1942,1901,3557,3598,3863,4638,4869,6178,5809,6607,4879,4925,9213,11554,5246,8755,119508,84358,8232,3152,43419,14,0,16,12
2021-04-09T23:59:59+02:00,0,3,3822,4072,7009,8028,7494,9777,9379,12651,11413,13397,14142,15454,15470,19124,5631,9484,1083,1074,2202,2407,2356,3268,3086,4538,4191,5146,4198,4193,8967,11202,5222,8726,117615,68686,8230,3149,40489,14,0,16,12
2021-04-08T23:59:59+02:00,0,3,3796,4056,6948,7975,7391,9683,9193,12532,11008,13043,13010,14201,15062,18603,5612,9454,582,585,1285,1702,1450,2338,1987,3455,2810,3760,2956,2795,8169,10229,5083,8506,116375,54523,8150,3146,37029,13,0,16,12
2021-04-07T23:59:59+02:00,0,3,3749,4031,6870,7921,7298,9614,9066,12402,10698,12736,12283,13434,14846,18338,5606,9435,351,368,934,1357,1046,1953,1477,2994,1866,2754,1774,1511,7266,9092,4929,8247,115414,44754,7999,3146,34902,9,0,15,12
2021-04-06T23:59:59+02:00,0,3,3733,4019,6848,7883,7243,9547,8973,12322,10487,12518,11898,12939,14625,18042,5595,9421,344,354,926,1347,1031,1932,1450,2966,1807,2695,1695,1445,6859,8541,4779,8010,114136,43018,7900,3145,34047,8,0,13,12
2021-04-05T23:59:59+02:00,0,3,3729,4018,6837,7871,7231,9537,8954,12294,10422,12459,11787,12794,14527,17950,5593,9418,342,348,915,1343,1025,1924,1440,2946,1786,2661,1642,1392,6633,8241,4657,7828,113801,41961,7879,3144,33731,8,0,13,12
2021-04-04T23:59:59+02:00,0,3,3729,4018,6835,7865,7230,9536,8952,12294,10412,12454,11784,12790,14524,17949,5593,9418,342,347,915,1343,1024,1922,1438,2945,1784,2658,1639,1387,6626,8228,4652,7825,113796,41915,7879,3142,33698,8,0,13,12
2021-04-03T23:59:59+02:00,0,3,3729,4018,6835,7864,7229,9536,8952,12294,10411,12454,11784,12789,14522,17947,5593,9418,342,346,913,1339,1022,1921,1437,2940,1782,2658,1634,1375,6583,8147,4617,7790,113792,41686,7879,3142,33694,8,0,13,12
2021-04-02T23:59:59+02:00,0,3,3727,4016,6833,7861,7223,9530,8941,12287,10396,12438,11657,12675,14479,17891,5589,9410,340,344,911,1332,1016,1910,1422,2915,1742,2619,1539,1289,5821,7249,4185,7228,113671,39024,7875,2820,33397,8,0,13,12
2021-04-01T23:59:59+02:00,0,2,3688,4004,6799,7839,7181,9500,8889,12248,10326,12368,11319,12269,14106,17383,5585,9397,335,341,895,1317,1004,1891,1390,2869,1683,2555,1416,1196,4894,6147,3635,6407,113289,35142,6476,2815,33125,8,0,13,12
2021-03-31T23:59:59+02:00,0,2,3682,4000,6784,7820,7165,9482,8854,12216,10241,12297,10989,11865,13764,16890,5579,9376,332,338,887,1309,994,1876,1370,2841,1633,2520,1351,1144,4322,5483,3289,5949,112718,32878,5481,2742,32794,8,0,13,12
2021-03-30T23:59:59+02:00,0,2,3664,3976,6748,7782,7108,9416,8766,12112,10079,12142,10731,11588,13541,16624,5573,9362,328,332,881,1299,987,1870,1347,2835,1607,2494,1325,1118,4204,5361,3229,5857,111897,32509,5231,2547,32073,8,0,13,12
2021-03-29T23:59:59+02:00,0,2,3655,3954,6722,7760,7068,9363,8670,12017,9898,11935,10299,11120,13168,16158,5556,9329,323,328,877,1289,981,1862,1339,2824,1591,2485,1300,1104,4071,5218,3132,5727,110226,31893,4923,2541,31512,7,0,13,12
2021-03-28T23:59:59+02:00,0,2,3614,3899,6607,7603,6951,9223,8543,11824,9746,11746,10088,10860,12993,15972,5551,9319,323,328,877,1289,979,1861,1338,2824,1590,2483,1292,1101,4038,5176,3106,5702,109854,31851,4660,2440,30014,6,0,13,12
2021-03-27T23:59:59+01:00,0,2,3613,3888,6595,7538,6922,9109,8494,11653,9694,11592,9974,10737,12899,15884,5550,9319,323,327,877,1289,979,1858,1338,2822,1586,2482,1290,1099,4012,5141,3093,5687,109845,31748,4660,2439,28945,6,0,13,12
2021-03-26T23:59:59+01:00,0,2,3607,3880,6567,7501,6893,9036,8446,11541,9603,11464,9925,10674,12853,15830,5543,9299,318,325,876,1286,975,1846,1335,2801,1566,2470,1265,1083,3832,4920,2987,5534,109789,31005,4440,2398,28422,6,0,13,12
2021-03-25T23:59:59+01:00,0,2,3584,3849,6476,7374,6801,8872,8255,11309,9294,11148,9548,10292,12550,15516,5538,9290,318,324,874,1278,972,1835,1322,2788,1542,2451,1239,1064,3600,4679,2737,5200,109417,29810,4233,2398,26035,5,0,13,12
2021-03-24T23:59:59+01:00,0,2,3530,3798,6389,7189,6681,8646,8088,11074,9069,10824,9133,9805,12133,15057,5527,9280,318,323,873,1275,967,1833,1315,2784,1526,2435,1231,1054,3535,4606,2557,4980,108907,29201,4097,2398,23208,3,0,13,12
2021-03-23T23:59:59+01:00,0,2,3512,3765,6340,7133,6606,8588,7970,10945,8821,10591,8713,9336,11682,14538,5518,9265,318,323,872,1265,962,1824,1310,2775,1522,2428,1208,1029,3443,4530,2365,4667,108095,28430,4004,2398,21213,3,0,13,12
2021-03-22T23:59:59+01:00,0,2,3504,3745,6297,7104,6572,8541,7904,10869,8672,10455,8434,8983,11379,14213,5482,9226,316,318,866,1255,954,1817,1303,2764,1513,2418,1197,1020,3415,4495,2346,4634,107425,28221,4001,2397,19943,3,0,13,12
2021-03-21T23:59:59+01:00,0,2,3502,3743,6293,7093,6555,8525,7885,10850,8616,10398,8315,8866,11309,14111,5480,9223,314,317,857,1252,947,1811,1294,2762,1509,2414,1193,1017,3406,4480,2332,4625,107340,28120,4000,2397,19413,3,0,13,12
2021-03-20T23:59:59+01:00,0,2,3494,3705,6285,7022,6540,8388,7860,10666,8572,10262,8237,8780,11271,14072,5480,9223,314,317,857,1252,947,1811,1293,2762,1509,2412,1193,1017,3406,4479,2332,4624,107308,28116,3788,2396,18750,3,0,13,12
2021-03-19T23:59:59+01:00,0,2,3481,3676,6259,6940,6516,8296,7815,10549,8459,10102,7700,8174,11088,13831,5470,9205,311,316,852,1245,930,1801,1270,2731,1459,2367,1109,950,2743,3692,1922,4056,105697,25345,3489,2396,18364,3,0,13,12
2021-03-18T23:59:59+01:00,0,2,3470,3658,6218,6899,6483,8235,7752,10464,8344,9973,6745,7082,10809,13531,5460,9180,310,316,849,1240,924,1792,1251,2723,1434,2348,1072,933,2536,3453,1766,3835,102686,24373,3332,2396,18274,3,0,13,12
2021-03-17T23:59:59+01:00,0,2,3433,3620,6147,6815,6430,8132,7662,10338,8214,9815,6066,6243,10523,13228,5443,9154,309,316,842,1236,920,1780,1237,2701,1416,2324,1036,911,2417,3329,1687,3726,99924,23778,3331,2396,17997,3,0,13,12
2021-03-16T23:59:59+01:00,0,2,3415,3591,6108,6762,6385,8059,7609,10274,8124,9714,5890,6067,9833,12445,5404,9091,302,307,828,1220,908,1771,1231,2682,1403,2316,1022,892,2205,3091,1554,3532,97707,22857,3321,2394,17732,3,0,13,12
2021-03-15T23:59:59+01:00,0,2,3378,3559,6012,6683,6256,7967,7467,10155,7995,9589,5138,5234,9391,11898,5361,9021,301,306,825,1216,907,1764,1229,2669,1394,2307,1009,880,2063,2919,1468,3439,94201,22291,3314,2393,17578,2,0,13,12
2021-03-14T23:59:59+01:00,0,2,3253,3412,5736,6337,5980,7606,7155,9741,7711,9276,4805,4843,9234,11701,5357,9011,301,306,825,1216,906,1764,1227,2668,1392,2304,1007,878,2060,2916,1465,3438,91810,22271,3259,2390,16078,2,0,13,12
2021-03-13T23:59:59+01:00,0,2,2599,2750,4798,5469,4962,6677,5960,8623,6696,8333,4492,4460,8851,11182,5267,8903,301,306,824,1214,906,1759,1224,2666,1391,2304,1007,877,2036,2880,1435,3403,81126,22131,3259,2390,15626,2,0,13,12
2021-03-12T23:59:59+01:00,0,2,1773,1929,3461,4319,3456,5345,4214,6984,5062,6827,3827,3757,7604,9635,4767,8224,297,303,822,1210,900,1752,1215,2647,1365,2287,961,852,1688,2419,1167,3052,62320,20535,3256,2390,15597,2,0,13,12
2021-03-11T23:59:59+01:00,0,2,1273,1452,2558,3580,2552,4406,3121,5895,3700,5443,2652,2480,5913,7526,4004,7050,292,294,806,1201,887,1729,1197,2618,1340,2241,924,832,1531,2190,1044,2864,45047,19589,3254,2390,15293,2,0,13,11
2021-03-10T23:59:59+01:00,0,2,1049,1234,2191,3220,2178,4015,2670,5455,2797,4476,1524,1283,4565,5811,3449,6282,282,284,788,1182,865,1693,1164,2545,1302,2176,899,812,1352,2000,948,2691,34043,18689,3254,2283,14891,2,0,13,11
2021-03-09T23:59:59+01:00,0,2,1033,1207,2125,3079,2113,3900,2585,5321,2714,4350,1490,1253,4490,5738,3410,6225,278,277,774,1161,848,1666,1139,2505,1284,2148,885,800,1275,1876,877,2581,33639,18124,3251,2239,14132,2,0,13,11
2021-03-08T23:59:59+01:00,0,2,1012,1176,2068,2980,2073,3818,2526,5208,2658,4278,1452,1233,4344,5580,3309,6084,278,273,769,1153,846,1657,1131,2497,1277,2132,861,779,1109,1651,754,2417,32950,17339,3251,2235,13587,1,0,13,11
2021-03-07T23:59:59+01:00,0,2,1007,1157,2029,2937,2031,3777,2486,5143,2617,4241,1447,1230,4337,5572,3307,6084,278,273,769,1153,846,1657,1131,2497,1276,2132,858,779,1100,1641,746,2406,32920,17339,3245,2194,13226,0,0,13,11
2021-03-06T23:59:59+01:00,0,2,1007,1153,2018,2923,2019,3758,2470,5116,2599,4220,1434,1220,4303,5528,3293,6072,278,273,769,1153,846,1657,1131,2497,1276,2132,858,779,1100,1641,746,2405,32776,17339,3244,2193,13102,0,0,13,11
2021-03-05T23:59:59+01:00,0,2,1003,1149,2003,2903,1989,3735,2427,5064,2546,4183,1398,1192,4037,5203,3143,5851,277,270,762,1146,841,1650,1128,2488,1273,2122,844,775,1093,1632,745,2403,32037,17247,2913,2193,12865,0,0,13,11
2021-03-04T23:59:59+01:00,0,2,909,1002,1916,2775,1921,3598,2351,4909,2456,4025,1368,1171,3797,4944,2879,5502,277,268,760,1141,839,1643,1127,2478,1269,2116,816,761,1083,1621,738,2391,30790,17149,2909,2170,11813,0,0,13,11
2021-03-03T23:59:59+01:00,0,2,863,895,1852,2679,1851,3493,2282,4793,2382,3941,1356,1158,3687,4839,2657,5230,276,266,759,1132,836,1625,1121,2436,1259,2090,799,757,1075,1603,731,2384,30118,17123,2793,2017,11036,0,0,13,11
2021-03-02T23:59:59+01:00,0,2,818,820,1755,2555,1766,3369,2191,4669,2321,3863,1321,1136,3558,4704,2454,4886,276,265,758,1126,833,1622,1117,2431,1255,2080,797,755,1061,1582,720,2365,29396,17018,2604,2016,10175,0,0,13,11
2021-03-01T23:59:59+01:00,0,2,795,781,1655,2411,1695,3225,2091,4497,2241,3742,1303,1124,3507,4641,2410,4824,276,264,754,1122,832,1610,1113,2419,1250,2070,791,753,1057,1575,718,2362,29143,16941,2520,2016,9268,0,0,13,11
2021-02-28T23:59:59+01:00,0,2,789,758,1636,2345,1668,3153,2068,4397,2227,3675,1297,1118,3497,4627,2396,4814,275,263,754,1121,832,1605,1113,2417,1250,2065,788,751,1049,1562,714,2352,29037,16919,2518,1983,8899,0,0,13,11
2021-02-27T23:59:59+01:00,0,2,774,741,1614,2285,1651,3042,2049,4271,2206,3579,1294,1115,3497,4625,2395,4813,275,263,754,1121,832,1604,1113,2417,1250,2064,788,751,1049,1562,714,2351,29033,16917,2517,1982,8390,0,0,13,11
2021-02-26T23:59:59+01:00,0,2,646,660,1509,2172,1599,2883,1986,4034,2105,3343,1204,1044,2847,3832,1970,4231,275,263,753,1119,831,1603,1113,2415,1248,2061,786,746,1031,1549,704,2335,26245,16843,2517,1980,7292,0,0,13,11
2021-02-25T23:59:59+01:00,0,2,496,580,1390,2070,1532,2755,1925,3905,2005,3232,1155,1012,2617,3562,1806,3988,258,248,728,1095,789,1535,1066,2317,1175,1970,729,725,1000,1512,692,2307,25180,16750,2490,1387,6349,0,0,13,11
2021-02-24T23:59:59+01:00,0,2,466,549,1321,1957,1459,2611,1855,3752,1928,3083,1117,982,2478,3425,1727,3869,229,235,701,1050,764,1473,1038,2257,1121,1920,702,702,954,1483,681,2277,24529,16564,2479,1014,5560,0,0,13,11
2021-02-23T23:59:59+01:00,0,2,410,509,1239,1817,1385,2465,1778,3541,1857,2961,1092,948,2275,3197,1602,3683,224,229,686,1027,753,1434,1016,2214,1096,1879,693,690,945,1469,678,2273,23608,16479,2469,818,4671,0,0,13,11
2021-02-22T23:59:59+01:00,0,2,397,476,1140,1706,1283,2368,1669,3435,1776,2890,1071,935,2134,3025,1517,3588,213,220,664,976,722,1371,991,2120,1052,1798,651,658,876,1393,642,2217,23036,16291,2465,264,3898,0,0,13,11
2021-02-21T23:59:59+01:00,0,2,378,460,1039,1674,1131,2344,1514,3412,1675,2872,1063,933,2133,3024,1517,3588,186,214,633,968,711,1363,977,2115,1047,1796,648,655,873,1389,634,2210,23007,16160,2465,250,3274,0,0,13,11
2021-02-20T23:59:59+01:00,0,2,378,458,1038,1674,1130,2344,1512,3410,1675,2870,1063,932,2132,3024,1516,3587,185,212,630,968,708,1362,971,2112,1045,1796,648,655,873,1389,634,2210,23000,16139,2464,250,3268,0,0,13,11
2021-02-19T23:59:59+01:00,0,2,373,449,1026,1670,1120,2334,1499,3392,1643,2855,1013,904,1761,2518,1219,3205,164,202,604,964,691,1354,954,2110,1039,1794,645,654,871,1389,633,2209,21262,16018,2464,250,3244,0,0,13,11
2021-02-18T23:59:59+01:00,0,2,353,429,986,1588,1082,2247,1446,3274,1602,2765,983,881,1588,2275,1090,3001,144,191,565,953,671,1342,920,2094,1015,1774,634,635,850,1361,619,2188,20282,15697,2464,250,2833,0,0,13,11
2021-02-17T23:59:59+01:00,0,2,330,376,902,1446,975,2047,1312,3020,1490,2545,946,851,1399,2063,989,2824,138,184,553,922,645,1291,887,2016,965,1698,600,603,843,1335,614,2169,19209,15204,2464,250,1831,0,0,13,11
2021-02-16T23:59:59+01:00,0,2,324,338,858,1308,923,1858,1251,2795,1424,2384,935,834,1336,1967,922,2728,132,171,539,879,630,1237,861,1953,935,1656,590,593,821,1304,601,2109,18839,14888,2463,114,872,0,0,13,11
2021-02-15T23:59:59+01:00,0,2,308,298,830,1277,906,1802,1211,2711,1386,2328,907,802,1159,1735,793,2552,123,163,518,851,612,1175,837,1880,912,1579,569,556,803,1267,592,2067,17928,14421,2462,74,604,0,0,13,11
2021-02-14T23:59:59+01:00,0,2,308,298,829,1277,905,1802,1209,2711,1386,2328,907,802,1159,1735,793,2552,123,163,517,844,608,1170,831,1874,908,1576,568,556,801,1266,591,2064,17927,14377,2462,74,601,0,0,13,11
2021-02-13T23:59:59+01:00,0,2,308,298,829,1277,905,1799,1209,2709,1386,2326,907,802,1159,1735,793,2552,123,163,517,844,608,1170,829,1871,906,1572,566,556,786,1246,579,2048,17920,14375,2462,0,601,0,0,13,11
2021-02-12T23:59:59+01:00,0,2,304,297,819,1272,901,1770,1203,2681,1358,2297,905,800,1158,1732,793,2552,123,163,515,841,607,1163,823,1859,900,1559,563,554,772,1235,573,2035,17912,14276,2462,0,457,0,0,13,11
2021-02-11T23:59:59+01:00,0,2,285,288,804,1237,895,1736,1187,2614,1336,2242,870,787,1148,1720,792,2542,121,149,497,800,585,1098,789,1759,877,1499,550,540,748,1200,559,2004,17799,13766,2461,0,212,0,0,13,11
2021-02-10T23:59:59+01:00,0,2,282,282,785,1199,882,1706,1175,2568,1321,2200,865,785,1133,1704,787,2526,117,140,432,718,545,1006,714,1640,825,1419,536,524,734,1180,549,1976,17775,13057,2356,0,58,0,0,13,0
2021-02-09T23:59:59+01:00,0,2,282,279,781,1184,871,1690,1161,2549,1307,2176,850,780,1119,1687,776,2510,100,121,378,632,494,877,636,1443,736,1232,484,446,613,1019,481,1736,17678,11430,2310,0,3,0,0,13,0
2021-02-08T23:59:59+01:00,0,2,282,278,779,1179,871,1683,1159,2545,1301,2167,844,777,1104,1667,763,2493,90,99,334,543,442,778,547,1237,632,1069,410,375,535,836,389,1432,17573,9750,2307,0,1,0,0,13,0
2021-02-07T23:59:59+01:00,0,2,281,277,777,1178,870,1683,1159,2544,1301,2164,838,775,1102,1664,762,2491,88,98,332,538,440,774,545,1228,628,1064,405,370,514,813,383,1418,17548,9640,2307,0,0,0,0,13,0
2021-02-06T23:59:59+01:00,0,2,281,276,777,1177,870,1682,1159,2544,1301,2163,837,774,1100,1658,761,2489,88,97,332,535,439,773,544,1224,626,1063,401,365,466,744,355,1373,17532,9427,2306,0,0,0,0,13,0
2021-02-05T23:59:59+01:00,0,2,281,276,777,1176,869,1681,1158,2543,1300,2160,830,768,1077,1648,754,2473,82,95,324,529,423,755,518,1191,597,1022,378,338,446,721,341,1333,17454,9094,2306,0,0,0,0,13,0
2021-02-04T23:59:59+01:00,0,2,278,269,774,1155,857,1659,1145,2515,1286,2136,808,755,1049,1618,747,2457,68,77,254,408,329,590,402,963,484,820,305,274,335,577,277,1114,17214,7277,2283,0,0,0,0,13,0
2021-02-03T23:59:59+01:00,0,2,277,264,770,1134,855,1633,1138,2465,1273,2106,789,741,1032,1595,738,2443,54,54,168,279,255,440,282,714,360,581,209,194,237,424,194,837,17118,5282,2124,0,0,0,0,13,0
2021-02-02T23:59:59+01:00,0,2,276,259,766,1126,850,1611,1129,2441,1261,2089,785,734,1023,1584,736,2435,35,34,91,138,147,251,171,446,232,364,135,124,160,255,136,539,16970,3258,2124,0,0,0,0,13,0
2021-02-01T23:59:59+01:00,0,2,274,256,761,1107,842,1590,1124,2411,1257,2056,777,721,1016,1574,732,2422,11,12,14,26,25,62,44,88,69,100,49,45,57,73,39,178,16786,892,2124,0,0,0,0,12,0
2021-01-31T23:59:59+01:00,0,2,268,254,745,1105,834,1579,1114,2400,1246,2047,771,715,1006,1557,725,2409,10,12,13,25,23,59,38,83,62,92,46,45,53,66,36,165,16751,828,2014,0,0,0,0,12,0
2021-01-30T23:59:59+01:00,0,2,268,254,745,1105,833,1579,1114,2400,1246,2047,770,715,1006,1556,725,2408,10,10,13,25,23,59,38,83,61,90,45,44,52,66,36,164,16748,819,2013,0,0,0,0,12,0
2021-01-29T23:59:59+01:00,0,2,268,254,745,1104,833,1579,1114,2400,1246,2046,769,714,1005,1554,725,2406,9,5,12,24,23,58,36,81,60,90,44,43,52,66,36,164,16741,803,2011,0,0,0,0,12,0
2021-01-28T23:59:59+01:00,0,2,264,249,733,1079,798,1524,1077,2340,1170,1989,728,700,976,1534,709,2384,4,0,3,6,9,23,18,36,20,45,21,22,23,44,15,97,16562,386,1682,0,0,0,0,12,0
2021-01-27T23:59:59+01:00,0,2,258,242,710,1047,750,1468,1020,2259,1097,1908,693,673,962,1513,706,2377,3,0,3,4,6,19,14,22,13,32,6,9,10,9,4,27,16113,181,1560,0,0,0,0,12,0
2021-01-26T23:59:59+01:00,0,2,234,233,693,1023,742,1418,1000,2185,1070,1843,681,659,939,1497,696,2358,3,0,1,4,5,9,12,12,6,11,3,5,6,7,1,16,16062,101,1199,0,0,0,0,12,0
2021-01-25T23:59:59+01:00,0,2,202,218,641,949,690,1295,958,2039,1012,1708,633,604,862,1402,653,2285,3,0,1,4,5,9,12,12,6,11,3,5,6,7,1,16,15836,101,305,0,0,0,0,12,0
2021-01-24T23:59:59+01:00,0,2,185,212,615,937,672,1281,940,2023,997,1698,626,598,852,1382,644,2272,3,0,1,4,5,9,11,12,5,11,3,5,6,7,1,16,15664,99,260,0,0,0,0,12,0
2021-01-23T23:59:59+01:00,0,2,185,212,615,937,672,1281,940,2023,997,1698,626,598,852,1382,644,2272,3,0,1,4,5,9,9,12,5,11,3,5,6,7,1,16,15664,97,260,0,0,0,0,12,0
2021-01-22T23:59:59+01:00,0,2,138,194,557,927,654,1267,906,2013,986,1687,621,597,851,1382,644,2272,3,0,0,4,5,9,9,12,5,11,3,5,6,7,1,16,15426,96,260,0,0,0,0,12,0
2021-01-21T23:59:59+01:00,0,2,133,186,542,904,633,1226,873,1959,964,1639,610,576,839,1351,637,2253,3,0,0,4,4,9,9,12,5,11,3,5,6,7,1,15,15055,94,260,0,0,0,0,12,0
2021-01-20T23:59:59+01:00,0,2,128,170,495,838,610,1150,810,1849,928,1566,589,559,821,1328,627,2225,3,0,0,4,4,9,9,12,5,11,3,5,6,7,1,15,14425,94,258,0,0,0,0,12,0
2021-01-19T23:59:59+01:00,0,2,115,149,422,752,545,1020,725,1650,823,1401,543,505,719,1168,554,1976,3,0,0,4,4,8,9,12,5,11,3,5,6,7,1,15,12866,93,191,0,0,0,0,12,0
2021-01-18T23:59:59+01:00,0,2,97,117,353,599,454,848,595,1389,697,1195,476,439,635,1011,487,1709,1,0,0,1,0,0,0,0,0,0,0,0,0,1,0,0,11010,3,81,0,0,0,0,12,0
2021-01-17T23:59:59+01:00,0,2,93,115,349,594,453,843,593,1370,689,1186,471,430,608,982,471,1668,1,0,0,1,0,0,0,0,0,0,0,0,0,1,0,0,10824,3,81,0,0,0,0,12,0
2021-01-16T23:59:59+01:00,0,2,93,112,347,586,450,838,582,1357,678,1174,456,416,513,856,410,1571,0,0,0,1,0,0,0,0,0,0,0,0,0,0,0,0,10427,1,2,0,0,0,0,12,0
2021-01-15T23:59:59+01:00,0,2,92,110,342,584,444,833,576,1350,661,1158,440,398,505,844,402,1548,0,0,0,0,0,0,0,0,0,0,0,0,0,0,0,0,10277,0,0,0,0,0,0,12,0
2021-01-14T23:59:59+01:00,0,0,75,88,285,482,366,671,459,1099,541,976,363,320,399,694,332,1320,0,0,0,0,0,0,0,0,0,0,0,0,0,0,0,0,8458,0,0,0,0,0,0,12,0
2021-01-13T23:59:59+01:00,0,0,61,65,201,364,290,499,346,817,415,695,253,224,291,519,250,1014,0,0,0,0,0,0,0,0,0,0,0,0,0,0,0,0,6293,0,0,0,0,0,0,11,0
2021-01-12T23:59:59+01:00,0,0,40,42,121,215,177,309,206,525,276,429,159,142,186,336,171,682,0,0,0,0,0,0,0,0,0,0,0,0,0,0,0,0,4016,0,0,0,0,0,0,0,0
2021-01-11T23:59:59+01:00,0,0,11,14,41,57,41,90,59,119,91,127,65,58,83,103,49,223,0,0,0,0,0,0,0,0,0,0,0,0,0,0,0,0,1231,0,0,0,0,0,0,0,0
2021-01-10T23:59:59+01:00,0,0,11,14,29,47,34,72,50,110,78,117,57,54,77,93,46,209,0,0,0,0,0,0,0,0,0,0,0,0,0,0,0,0,1098,0,0,0,0,0,0,0,0
2021-01-09T23:59:59+01:00,0,0,11,13,26,46,34,72,49,109,76,114,56,53,76,92,45,208,0,0,0,0,0,0,0,0,0,0,0,0,0,0,0,0,1080,0,0,0,0,0,0,0,0
2021-01-08T23:59:59+01:00,0,0,7,6,26,41,32,69,46,107,75,113,53,49,71,87,41,208,0,0,0,0,0,0,0,0,0,0,0,0,0,0,0,0,1031,0,0,0,0,0,0,0,0
2021-01-07T23:59:59+01:00,0,0,5,1,9,20,15,36,28,77,33,77,32,27,47,74,28,162,0,0,0,0,0,0,0,0,0,0,0,0,0,0,0,0,671,0,0,0,0,0,0,0,0
2021-01-06T23:59:59+01:00,0,0,5,0,4,8,10,28,25,43,19,47,26,24,34,51,19,120,0,0,0,0,0,0,0,0,0,0,0,0,0,0,0,0,463,0,0,0,0,0,0,0,0
2021-01-05T23:59:59+01:00,0,0,5,0,4,8,10,28,25,43,19,47,26,24,34,50,19,120,0,0,0,0,0,0,0,0,0,0,0,0,0,0,0,0,462,0,0,0,0,0,0,0,0
2021-01-04T23:59:59+01:00,0,0,4,0,1,3,4,9,13,12,5,11,3,5,6,8,1,17,0,0,0,0,0,0,0,0,0,0,0,0,0,0,0,0,102,0,0,0,0,0,0,0,0
2021-01-03T23:59:59+01:00,0,0,3,0,1,3,4,9,12,12,5,11,3,5,6,8,1,16,0,0,0,0,0,0,0,0,0,0,0,0,0,0,0,0,99,0,0,0,0,0,0,0,0
2021-01-02T23:59:59+01:00,0,0,3,0,1,3,4,9,10,12,5,11,3,5,6,8,1,16,0,0,0,0,0,0,0,0,0,0,0,0,0,0,0,0,97,0,0,0,0,0,0,0,0
2021-01-01T23:59:59+01:00,0,0,3,0,0,3,4,9,10,12,5,11,3,5,6,7,1,16,0,0,0,0,0,0,0,0,0,0,0,0,0,0,0,0,95,0,0,0,0,0,0,0,0
2020-12-31T23:59:59+01:00,0,0,3,0,0,3,4,9,9,12,5,11,3,5,6,7,1,16,0,0,0,0,0,0,0,0,0,0,0,0,0,0,0,0,94,0,0,0,0,0,0,0,0
2020-12-30T23:59:59+01:00,0,0,3,0,0,3,4,9,9,12,5,11,3,5,6,7,1,16,0,0,0,0,0,0,0,0,0,0,0,0,0,0,0,0,94,0,0,0,0,0,0,0,0
2020-12-29T23:59:59+01:00,0,0,3,0,0,3,4,8,9,12,5,11,3,5,6,7,1,16,0,0,0,0,0,0,0,0,0,0,0,0,0,0,0,0,93,0,0,0,0,0,0,0,0
2020-12-28T23:59:59+01:00,0,0,3,0,0,3,4,8,9,12,5,11,3,5,6,7,1,16,0,0,0,0,0,0,0,0,0,0,0,0,0,0,0,0,93,0,0,0,0,0,0,0,0
2020-12-27T23:59:59+01:00,0,0,1,0,0,0,0,0,0,0,0,0,0,0,1,3,0,7,0,0,0,0,0,0,0,0,0,0,0,0,0,0,0,0,12,0,0,0,0,0,0,0,0
