Datum,<15_m,<15_w,15-24_1_m,15-24_1_w,25-34_1_m,25-34_1_w,35-44_1_m,35-44_1_w,45-54_1_m,45-54_1_w,55-64_1_m,55-64_1_w,65-74_1_m,65-74_1_w,75-84_1_m,75-84_1_w,>84_1_m,>84_1_w,<24_2_m,<24_2_w,25-34_2_m,25-34_2_w,35-44_2_m,35-44_2_w,45-54_2_m,45-54_2_w,55-64_2_m,55-64_2_w,65-74_2_m,65-74_2_w,75-84_2_m,75-84_2_w,>84_2_m,>84_2_w,bp_1,bp_2,mo_1,mo_2,az_1,az_2,ja,unb_1,unb_2
2021-07-20T23:59:59+02:00,1636,1425,19967,19278,30184,27778,31384,31443,37249,37821,41201,41602,27410,30604,19552,24511,5944,10058,9562,9347,18748,17947,21761,22792,30054,31142,34828,36042,25513,28435,18511,23041,5662,9495,302983,229774,44205,38991,77211,59615,14579,70,96
2021-07-19T23:59:59+02:00,1627,1417,19902,19222,30134,27734,31331,31396,37231,37803,41188,41586,27405,30594,19546,24504,5943,10055,9383,9177,18484,17724,21517,22537,29843,30948,34717,35951,25479,28400,18493,23025,5662,9492,302567,228291,44201,38532,77210,59506,14571,70,96
2021-07-18T23:59:59+02:00,1616,1412,19837,19158,30011,27636,31268,31333,37170,37752,41147,41535,27385,30564,19538,24489,5939,10052,9275,9063,18325,17578,21330,22347,29677,30752,34605,35852,25449,28378,18482,23008,5662,9486,301800,227059,44201,38236,77210,59466,14562,70,96
2021-07-17T23:59:59+02:00,1615,1408,19830,19156,30011,27634,31268,31329,37165,37750,41143,41533,27384,30563,19537,24489,5939,10052,9254,9048,18293,17557,21312,22334,29667,30745,34586,35848,25446,28376,18482,23007,5662,9486,301768,226907,44201,38233,77210,59455,14558,70,96
2021-07-16T23:59:59+02:00,1562,1363,19556,18908,29886,27537,31185,31258,37110,37688,41103,41501,27365,30546,19530,24479,5937,10046,9141,8934,17928,17266,21015,22061,29299,30409,34455,35746,25423,28353,18475,22994,5660,9484,300776,225672,44178,37643,77208,59124,14329,70,18
2021-07-15T23:59:59+02:00,1504,1320,19295,18663,29707,27390,31078,31160,37029,37607,41038,41434,27323,30517,19514,24465,5933,10043,8782,8632,17028,16444,19491,20851,28388,29496,33841,35173,25257,28175,18422,22945,5654,9472,299518,219641,44136,36209,77199,58208,14098,70,18
2021-07-14T23:59:59+02:00,1491,1308,19266,18627,29684,27364,31056,31129,37018,37595,41019,41428,27315,30510,19505,24458,5932,10040,8496,8337,16478,15846,19000,20338,27828,28999,33449,34798,25145,28049,18383,22880,5649,9462,299250,215499,44134,35852,77196,57782,14096,70,18
2021-07-13T23:59:59+02:00,1479,1299,19229,18602,29667,27340,31035,31114,37004,37569,40996,41400,27306,30496,19503,24453,5931,10034,8195,8078,16080,15492,18727,20062,27567,28751,33178,34542,25047,27929,18350,22839,5647,9457,298972,212812,44133,35818,77195,57292,14088,70,18
2021-07-12T23:59:59+02:00,1464,1290,19187,18585,29635,27312,31018,31093,36992,37552,40979,41385,27303,30492,19501,24447,5930,10034,7935,7862,15803,15218,18030,19517,27254,28432,32767,34182,24880,27737,18291,22764,5641,9452,298724,211539,44132,33893,77195,56317,14079,70,18
2021-07-11T23:59:59+02:00,1456,1282,19157,18558,29605,27284,31003,31065,36984,37531,40966,41373,27294,30483,19499,24447,5929,10033,7892,7816,15739,15149,17944,19463,27171,28371,32656,34121,24827,27693,18271,22742,5641,9449,298484,210974,44131,33883,77193,56076,14072,70,18
2021-07-10T23:59:59+02:00,1327,1167,18657,18141,29165,26993,30721,30836,36741,37372,40767,41223,27222,30423,19473,24415,5926,10030,7764,7747,15461,15018,17730,19317,26931,28233,32492,34004,24762,27647,18255,22730,5640,9449,296300,210563,43998,33767,77164,55841,13068,70,18
2021-07-09T23:59:59+02:00,1317,1161,18630,18111,29145,26976,30709,30823,36731,37360,40756,41215,27218,30419,19471,24411,5926,10029,7722,7700,15392,14953,17668,19224,26712,28003,32244,33791,24700,27584,18233,22704,5640,9446,296160,210289,43979,33764,77163,54680,13037,70,18
2021-07-08T23:59:59+02:00,1241,1081,18364,17902,29001,26827,30575,30707,36629,37258,40658,41138,27185,30384,19452,24393,5921,10025,7556,7568,15096,14707,17241,18866,26026,27406,31974,33526,24533,27427,18175,22642,5637,9440,294909,209166,43926,32354,77155,53663,12682,70,18
2021-07-07T23:59:59+02:00,1145,989,18055,17583,28806,26645,30450,30586,36517,37139,40552,41054,27152,30337,19438,24376,5918,10022,7362,7357,14659,14342,16779,18424,25274,26802,31568,33148,24270,27106,18081,22548,5628,9431,293358,206265,43878,31521,77144,52712,12315,70,18
2021-07-06T23:59:59+02:00,1122,973,17978,17522,28763,26597,30401,30540,36481,37104,40518,41022,27135,30312,19427,24363,5916,10019,7146,7126,14316,13987,16432,18076,24531,26156,31271,32884,24080,26892,18033,22477,5621,9424,292794,204219,43875,30120,77143,51823,12312,70,18
2021-07-05T23:59:59+02:00,1080,945,17905,17459,28720,26541,30363,30506,36457,37060,40492,40997,27130,30298,19421,24357,5916,10014,6917,6936,14013,13720,16080,17713,23987,25651,30708,32320,23802,26594,17925,22338,5613,9414,292317,202728,43873,28045,77139,50694,12263,70,18
2021-07-04T23:59:59+02:00,1058,930,17836,17410,28682,26520,30342,30477,36447,37050,40477,40985,27124,30288,19416,24354,5916,10013,6891,6919,13960,13674,16007,17655,23903,25596,30555,32229,23710,26506,17893,22297,5611,9410,292005,202340,43872,28036,77128,50188,12251,70,18
2021-07-03T23:59:59+02:00,644,561,16115,15695,27515,25600,29549,29763,35808,36442,39981,40559,26967,30122,19349,24268,5907,9996,6509,6678,13447,13371,15607,17354,23543,25319,30253,32035,23614,26413,17860,22260,5607,9406,284534,202050,43831,27960,77045,49903,9362,70,18
2021-07-02T23:59:59+02:00,605,523,15986,15550,27354,25454,29470,29703,35778,36415,39962,40546,26961,30112,19346,24265,5907,9996,6461,6608,13374,13270,15519,17224,23400,25137,30100,31870,23421,26203,17771,22182,5605,9403,283634,201371,43831,27802,77043,49018,9356,70,18
2021-07-01T23:59:59+02:00,547,478,15811,15398,27136,25301,29393,29626,35723,36364,39897,40502,26941,30095,19335,24253,5905,9992,6322,6479,13037,13001,14996,16791,22148,24155,29345,31197,23143,25916,17653,22050,5598,9388,282457,197855,43826,26153,77031,47895,9314,70,18
2021-06-30T23:59:59+02:00,517,458,15709,15295,27029,25219,29327,29557,35670,36313,39855,40467,26926,30064,19325,24236,5901,9992,6130,6302,12609,12621,14429,16245,21526,23564,28755,30670,22724,25452,17523,21866,5591,9376,281655,193626,43823,26129,77025,46335,9288,70,18
2021-06-29T23:59:59+02:00,460,409,14950,14629,26770,25001,29234,29459,35591,36233,39787,40420,26905,30041,19318,24223,5901,9990,6018,6178,12353,12358,14036,15850,20739,22945,28174,30121,22277,24929,17371,21693,5583,9366,279168,190491,43822,25623,77017,44625,9245,70,18
2021-06-28T23:59:59+02:00,424,378,14327,13993,26614,24898,29160,29393,35535,36169,39743,40387,26887,30021,19310,24212,5901,9986,5952,6083,12176,12219,13848,15674,20124,22399,27775,29751,21941,24572,17243,21530,5578,9362,277246,188811,43818,24975,77013,43241,9192,70,18
2021-06-27T23:59:59+02:00,347,311,13984,13618,26550,24840,29120,29358,35513,36147,39726,40374,26876,30014,19308,24209,5900,9985,5916,6041,12062,12106,13705,15547,19576,21928,27171,29254,21664,24237,17123,21407,5574,9361,276134,187982,43816,23464,77002,42059,9159,70,18
2021-06-26T23:59:59+02:00,347,311,13973,13607,26534,24829,29114,29352,35508,36146,39723,40373,26875,30013,19308,24209,5900,9985,5911,6038,12050,12103,13699,15543,19563,21917,27126,29219,21519,24109,17083,21351,5573,9359,276064,187956,43814,23460,77002,41581,9158,70,18
2021-06-25T23:59:59+02:00,224,198,12718,12392,25077,23690,28816,29118,35402,36064,39658,40312,26851,29986,19299,24198,5898,9983,5868,5991,11954,12024,13558,15421,19254,21679,26743,28861,21197,23717,16910,21154,5570,9350,269861,186737,43810,23177,76989,40174,9155,70,18
2021-06-24T23:59:59+02:00,160,144,11750,11567,23970,22817,28453,28771,35255,35901,39546,40209,26817,29936,19288,24175,5896,9979,5653,5762,11497,11610,12983,14831,17730,20292,25113,27274,20432,22866,16595,20748,5560,9340,264665,181784,43793,19582,76985,37788,9123,69,18
2021-06-23T23:59:59+02:00,124,120,11394,11249,23477,22455,28210,28531,35078,35776,39459,40123,26787,29910,19280,24138,5894,9968,5580,5650,11285,11396,12685,14481,17342,19885,24367,26510,19643,22122,16403,20497,5552,9324,262094,179440,43787,18971,76980,35258,9044,69,18
2021-06-22T23:59:59+02:00,102,108,11214,11037,23323,22313,28131,28459,35002,35714,39413,40079,26772,29886,19272,24130,5894,9967,5471,5530,11021,11142,12319,14111,16740,19291,23640,25747,19264,21699,16240,20319,5545,9308,260958,176420,43784,18116,76978,33812,9028,69,18
2021-06-21T23:59:59+02:00,89,96,10964,10853,22496,21642,27882,28236,34937,35653,39350,40038,26756,29868,19266,24121,5894,9966,5352,5426,10809,10922,12014,13793,16349,18947,23195,25282,18974,21388,16136,20200,5539,9306,258384,174970,43779,17106,76972,32640,8904,69,18
2021-06-20T23:59:59+02:00,83,95,10900,10764,22251,21427,27625,28039,34857,35575,39305,39994,26747,29855,19264,24117,5892,9963,5311,5372,10724,10823,11919,13693,16156,18764,22925,25044,18873,21282,16083,20142,5533,9302,257110,174667,43777,16050,76971,32390,8826,69,18
2021-06-19T23:59:59+02:00,82,91,10876,10740,22219,21403,27608,28025,34845,35571,39295,39990,26746,29854,19264,24115,5892,9963,5280,5340,10643,10733,11827,13572,16008,18612,22618,24685,18788,21195,16071,20130,5532,9302,256959,174563,43754,14557,76971,32377,8826,69,18
2021-06-18T23:59:59+02:00,79,89,10831,10690,21910,21087,27344,27814,34793,35535,39265,39968,26738,29845,19263,24112,5892,9961,5265,5331,10614,10704,11786,13524,15947,18551,22533,24590,18622,21014,16026,20064,5531,9297,255598,174172,43753,14556,76970,31832,8826,69,18
2021-06-17T23:59:59+02:00,70,81,10253,10265,20643,20132,26486,27084,34425,35210,39013,39780,26674,29766,19243,24076,5885,9957,5067,5195,10241,10452,11349,13127,15272,17944,21174,23286,18169,20529,15863,19893,5527,9282,249857,168907,43735,13984,76959,31043,8423,69,18
2021-06-16T23:59:59+02:00,62,69,9919,9956,19966,19505,25849,26485,34179,35011,38855,39632,26632,29716,19220,24053,5884,9953,4925,5049,9853,10115,10889,12678,14568,17251,20327,22362,17767,20085,15696,19683,5517,9270,246049,165154,43723,12693,76946,30016,8159,69,18
2021-06-15T23:59:59+02:00,48,64,9675,9714,19674,19259,25628,26290,34050,34906,38759,39553,26604,29681,19213,24038,5879,9949,4820,4940,9614,9898,10660,12420,14148,16826,19731,21790,17453,19701,15478,19457,5508,9259,244299,163099,43712,11610,76940,29017,7964,69,18
2021-06-14T23:59:59+02:00,44,60,9544,9589,19378,19002,25453,26147,33931,34827,38698,39515,26587,29661,19207,24027,5879,9946,4739,4878,9428,9760,10491,12284,13888,16613,19415,21497,17289,19546,15377,19326,5507,9255,243116,161650,43710,11608,76936,28357,7665,68,18
2021-06-13T23:59:59+02:00,42,56,9386,9460,19093,18819,25105,25894,33731,34660,38593,39448,26572,29649,19197,24020,5879,9943,4658,4812,9219,9595,10327,12115,13565,16277,19069,21170,17164,19398,15330,19261,5505,9253,241487,160808,43710,11608,76933,26939,7349,68,18
2021-06-12T23:59:59+02:00,42,56,9377,9446,19080,18806,25105,25889,33731,34657,38590,39447,26572,29649,19197,24020,5879,9943,4655,4798,9209,9535,10295,12013,13517,16123,19014,21034,17055,19273,15214,19159,5503,9251,241441,160781,43710,11606,76929,25909,7338,68,18
2021-06-11T23:59:59+02:00,37,52,9221,9265,18848,18596,24313,25219,33555,34504,38458,39335,26539,29616,19187,23997,5879,9938,4578,4683,8993,9281,10039,11721,13000,15576,18047,20145,16870,19077,15174,19115,5500,9248,238547,156790,43709,11605,76926,25329,7309,68,18
2021-06-10T23:59:59+02:00,35,48,8829,8932,18200,18113,23467,24545,33237,34224,38260,39173,26482,29561,19164,23968,5876,9931,4403,4505,8416,8792,9238,11005,11856,14484,16075,18248,15986,18122,14889,18750,5491,9226,234952,147188,43052,11572,76900,23638,7074,67,18
2021-06-09T23:59:59+02:00,18,30,8384,8428,17377,17388,22320,23506,32752,33759,37977,38956,26373,29458,19118,23912,5866,9918,4268,4392,8130,8526,8995,10753,11527,14120,15593,17705,15617,17693,14648,18466,5484,9216,231003,145376,41169,11530,76864,21736,6477,27,18
2021-06-08T23:59:59+02:00,10,20,8066,8114,16908,16971,21903,23142,32509,33567,37815,38827,26329,29417,19108,23889,5863,9913,4148,4310,7876,8273,8691,10408,11174,13773,14953,17008,15165,17172,14387,18189,5479,9198,228289,143685,41137,10416,76855,20026,6063,27,18
2021-06-07T23:59:59+02:00,7,16,7871,7882,16551,16648,21359,22690,32230,33301,37699,38711,26303,29369,19091,23863,5858,9912,4073,4229,7696,8133,8531,10266,11005,13601,14644,16685,14969,16919,14214,17998,5475,9193,226677,142613,40169,10324,76844,19035,5645,26,18
2021-06-06T23:59:59+02:00,5,13,7764,7773,16417,16503,21165,22484,32005,33078,37567,38607,26275,29345,19078,23847,5858,9906,4044,4194,7650,8016,8480,10138,10901,13457,14449,16470,14787,16741,14125,17878,5468,9187,225456,142136,39870,10314,76826,18009,5512,26,18
2021-06-05T23:59:59+02:00,5,13,7742,7759,16388,16476,21158,22481,31995,33072,37565,38606,26274,29345,19077,23846,5858,9906,4035,4155,7635,7951,8466,10005,10887,13286,14431,16365,14750,16686,14116,17868,5468,9186,225347,142055,39870,10314,76825,17409,5498,26,18
2021-06-04T23:59:59+02:00,5,11,7628,7657,16109,16240,20883,22236,31575,32699,37452,38485,26241,29307,19066,23833,5856,9904,4028,4146,7609,7928,8440,9975,10820,13213,14326,16234,14669,16593,14080,17824,5468,9184,223761,141723,39096,9984,76806,17318,5498,26,18
2021-06-03T23:59:59+02:00,3,11,7375,7430,15235,15460,19253,20849,30666,31772,36949,38026,26110,29174,19022,23782,5850,9886,3969,4108,7521,7858,8318,9877,10653,13032,13760,15666,14409,16284,13996,17720,5465,9171,217157,139521,37524,9879,76797,17044,5349,26,18
2021-06-02T23:59:59+02:00,3,11,7240,7287,14852,15032,18822,20449,30198,31319,36723,37762,26046,29110,19002,23754,5847,9885,3939,4078,7457,7772,8231,9787,10513,12902,13315,15236,14286,16101,13969,17683,5462,9166,214081,137739,37093,9786,76796,17012,5346,26,18
2021-06-01T23:59:59+02:00,3,9,6964,7044,14457,14720,18481,20131,29872,31008,36500,37528,25990,29030,18978,23725,5845,9874,3838,3992,7215,7596,8000,9594,10250,12628,12914,14815,13855,15653,13853,17531,5455,9158,211344,135631,37048,9532,76775,16204,4966,26,18
2021-05-31T23:59:59+02:00,3,9,6801,6854,14239,14487,17778,19530,29531,30672,36203,37265,25900,28933,18952,23671,5835,9861,3759,3882,7008,7350,7777,9310,9909,12247,12476,14299,13327,15040,13654,17302,5447,9143,209922,132465,35000,9209,76758,15424,4818,26,18
2021-05-30T23:59:59+02:00,3,9,6778,6840,14193,14449,17701,19471,29481,30634,36172,37242,25888,28921,18949,23665,5834,9859,3716,3808,6860,7144,7629,9082,9708,11937,12220,13956,13206,14871,13586,17220,5444,9136,209628,131748,34988,9108,76704,13910,4743,26,18
2021-05-29T23:59:59+02:00,3,9,6776,6839,14185,14443,17696,19465,29476,30630,36169,37241,25886,28918,18949,23664,5834,9859,3707,3795,6831,7111,7596,9031,9672,11891,12147,13858,13165,14803,13556,17196,5443,9131,209597,131609,34988,9107,76689,13461,4742,26,18
2021-05-28T23:59:59+02:00,3,9,6766,6827,14170,14426,17679,19444,29465,30618,36158,37223,25885,28914,18947,23660,5834,9859,3693,3772,6809,7071,7562,8979,9619,11787,11907,13589,12977,14612,13526,17156,5440,9128,209447,130323,34987,9106,76686,13442,4741,26,18
2021-05-27T23:59:59+02:00,3,9,6675,6746,13902,14209,17195,19097,28788,30077,35999,37093,25839,28880,18932,23646,5833,9853,3568,3612,6522,6821,7186,8675,9122,11229,11200,12694,12428,14046,13397,16965,5433,9116,208372,126817,33550,8777,76644,12221,4184,26,18
2021-05-26T23:59:59+02:00,3,9,6604,6638,13689,14007,16944,18790,28246,29566,35824,36918,25802,28835,18917,23622,5832,9848,3478,3469,6297,6532,6900,8249,8784,10752,10552,11899,11870,13434,13252,16750,5428,9094,206786,123226,32797,8595,76631,11050,3854,26,18
2021-05-25T23:59:59+02:00,3,9,6523,6543,13484,13786,16682,18580,27522,28920,35732,36823,25779,28806,18905,23606,5827,9847,3429,3378,6153,6364,6754,8060,8560,10461,10209,11535,11523,12959,13147,16588,5425,9086,206076,121391,31345,8456,76148,9987,3782,26,18
2021-05-24T23:59:59+02:00,3,9,6452,6446,13307,13586,16460,18297,27113,28495,35386,36425,25722,28738,18886,23583,5826,9845,3416,3356,6095,6282,6709,7977,8501,10365,10136,11438,11350,12730,13101,16497,5417,9066,205545,120772,29125,8411,76140,9495,3743,26,18
2021-05-23T23:59:59+02:00,3,9,6450,6445,13302,13577,16457,18287,27094,28485,35356,36391,25719,28732,18886,23577,5826,9845,3413,3352,6089,6272,6699,7970,8473,10335,10096,11382,11267,12629,13081,16466,5417,9065,205430,120767,29109,7999,76139,9488,3737,26,18
2021-05-22T23:59:59+02:00,3,9,6442,6441,13295,13566,16451,18283,27091,28484,35353,36385,25719,28732,18886,23577,5826,9845,3412,3352,6086,6269,6698,7966,8469,10333,10091,11379,11256,12615,13076,16462,5416,9065,205379,120727,29109,7999,76137,9467,3737,26,18
2021-05-21T23:59:59+02:00,3,9,6383,6381,13143,13460,16279,18132,26822,28308,34925,36118,25694,28696,18878,23571,5825,9841,3403,3342,6053,6248,6668,7932,8430,10284,10037,11329,10742,11904,12937,16303,5413,9060,204693,118974,28984,7996,75099,9434,3666,26,18
2021-05-20T23:59:59+02:00,2,8,6091,6180,12534,13044,15086,17209,24914,26814,33977,35351,25589,28551,18824,23490,5819,9826,3343,3297,5960,6132,6556,7778,8283,10126,9803,11024,10408,11459,12829,16125,5403,9047,199933,117006,27248,7923,72565,9091,3538,25,18
2021-05-19T23:59:59+02:00,2,8,5886,5939,12020,12586,14379,16507,23968,26003,33353,34755,25480,28461,18788,23434,5812,9814,3267,3224,5798,5962,6366,7540,8008,9847,9501,10645,10096,11045,12751,15980,5401,9039,194258,115105,27210,7728,72551,8471,3151,25,18
2021-05-18T23:59:59+02:00,2,7,5716,5830,11619,12264,13756,16009,22812,25054,32688,34149,25364,28326,18742,23384,5807,9805,3224,3196,5688,5856,6206,7382,7803,9637,9308,10408,9929,10797,12607,15761,5392,9030,189308,113980,26705,7660,72507,7780,2789,25,18
2021-05-17T23:59:59+02:00,2,6,5663,5785,11456,12157,13484,15787,22001,24420,32381,33836,25285,28267,18720,23354,5798,9796,3130,3126,5511,5677,6040,7176,7596,9419,9090,10172,9842,10675,12549,15698,5389,9025,187546,113271,26010,7654,72114,6672,2503,25,18
2021-05-16T23:59:59+02:00,2,6,5636,5765,11395,12102,13399,15707,21394,23873,31767,33307,25244,28224,18710,23339,5797,9796,3126,3104,5497,5608,6013,7117,7568,9317,9058,10088,9827,10657,12546,15695,5389,9025,186780,113163,24468,7648,71697,6317,2493,25,17
2021-05-15T23:59:59+02:00,2,6,5627,5756,11362,12093,13370,15697,21321,23802,31234,32933,25233,28219,18709,23336,5796,9795,3112,3089,5478,5566,5999,7042,7528,9202,8826,9835,9794,10626,12512,15644,5389,9024,186731,113158,24456,7510,71051,5956,2028,25,17
2021-05-14T23:59:59+02:00,2,6,5587,5731,11299,12055,13298,15632,20910,23492,30805,32588,25197,28174,18698,23319,5796,9793,3080,3049,5442,5477,5978,6908,7489,9000,8766,9641,9724,10517,12426,15519,5389,9020,186009,112991,24137,7182,70184,5211,2027,25,17
2021-05-13T23:59:59+02:00,2,6,5431,5575,10921,11760,12584,15045,18731,21751,29263,31128,24967,27930,18631,23247,5794,9790,3069,3016,5418,5438,5961,6851,7465,8930,8723,9582,9511,10276,12229,15222,5384,9011,182064,112641,20350,6376,68105,5043,2012,25,17
2021-05-12T23:59:59+02:00,1,6,5402,5548,10849,11702,12483,14957,18610,21628,28900,30764,24876,27835,18614,23218,5793,9785,3069,3012,5412,5432,5951,6837,7441,8915,8685,9528,9328,10047,12000,14902,5381,9004,181118,112362,19714,5519,68102,5037,2012,25,17
2021-05-11T23:59:59+02:00,1,6,5266,5445,10605,11459,12119,14584,18004,20992,27971,29799,24684,27647,18556,23144,5788,9770,3027,2971,5323,5277,5852,6654,7311,8676,8526,9307,9151,9856,11854,14716,5372,8986,177064,111340,18828,5412,67971,4141,1952,25,17
2021-05-10T23:59:59+02:00,1,5,5142,5367,10393,11265,11861,14330,17679,20660,27551,29392,24575,27540,18518,23097,5780,9766,2958,2918,5206,5160,5739,6552,7188,8535,8400,9200,9047,9732,11764,14588,5369,8978,175064,110811,18142,5401,67747,3164,1944,25,17
2021-05-09T23:59:59+02:00,1,5,5069,5319,10294,11153,11762,14213,17340,20379,27161,29019,24489,27454,18489,23061,5777,9763,2891,2887,5060,5117,5564,6509,7022,8506,8275,9165,9035,9722,11746,14568,5369,8978,174670,110735,16867,5391,67257,2345,1929,25,17
2021-05-08T23:59:59+02:00,1,5,5068,5318,10292,11149,11762,14213,17336,20377,27158,29016,24489,27454,18489,23061,5777,9763,2891,2886,5059,5117,5564,6509,7022,8506,8273,9165,9034,9721,11746,14568,5369,8978,174653,110732,16867,5391,67254,2342,1929,25,17
2021-05-07T23:59:59+02:00,1,5,5034,5292,10224,11096,11634,14090,16939,20104,26523,28461,24441,27403,18472,23027,5770,9734,2882,2879,5044,5111,5554,6495,7010,8495,8265,9154,9028,9713,11735,14546,5361,8951,173822,110717,16864,5390,65739,2302,1800,25,17
2021-05-06T23:59:59+02:00,1,5,4764,5131,9763,10753,11077,13576,15858,19087,24124,26181,23943,26880,18366,22925,5765,9720,2840,2835,4977,5036,5511,6404,6926,8376,8134,9006,8928,9603,11711,14496,5358,8948,168804,110176,14416,5334,62887,1776,1789,23,17
2021-05-05T23:59:59+02:00,1,5,4687,5054,9470,10525,10739,13250,15278,18482,23283,25221,23682,26556,18297,22819,5755,9702,2820,2799,4927,4949,5452,6283,6842,8210,8010,8791,8823,9472,11634,14412,5357,8940,165146,109240,13114,5329,62737,1351,1786,23,17
2021-05-04T23:59:59+02:00,1,5,4603,4963,9296,10321,10532,13009,14892,18085,22742,24658,23469,26283,18225,22740,5747,9689,2811,2765,4899,4874,5419,6165,6789,8070,7918,8637,8720,9362,11560,14354,5355,8937,162894,108744,11996,5320,62581,790,1766,23,17
2021-05-03T23:59:59+02:00,1,5,4531,4889,9104,10184,10355,12834,14609,17839,22333,24243,23330,26134,18198,22693,5747,9683,2735,2695,4812,4800,5343,6080,6693,7964,7737,8472,8634,9276,11521,14305,5352,8932,161390,108524,11995,5317,62489,680,815,23,17
2021-05-02T23:59:59+02:00,1,5,4518,4875,9027,10126,10230,12721,14283,17531,22031,23958,23280,26076,18179,22668,5746,9682,2729,2688,4752,4767,5253,5996,6556,7835,7620,8373,8588,9236,11497,14271,5350,8927,160502,108410,11992,5315,62385,663,35,23,17
2021-05-01T23:59:59+02:00,1,5,4518,4873,9025,10125,10229,12721,14280,17528,22029,23958,23279,26075,18179,22668,5746,9682,2729,2688,4752,4767,5253,5996,6555,7835,7620,8373,8588,9236,11497,14271,5350,8927,160486,108410,11992,5314,62385,663,35,23,17
2021-04-30T23:59:59+02:00,0,5,4446,4782,8783,9912,9967,12478,13798,17103,21188,23190,23153,25939,18163,22640,5743,9679,2726,2686,4742,4760,5244,5962,6543,7805,7586,8336,8584,9234,11496,14268,5348,8926,156897,108385,11991,5312,62056,532,2,23,17
2021-04-29T23:59:59+02:00,0,5,4297,4638,8302,9505,9270,11875,12799,16208,19350,21517,22451,25183,18025,22431,5737,9662,2703,2665,4701,4688,5201,5888,6485,7699,7510,8220,8475,9120,11431,14192,5342,8917,147748,107905,11977,5040,61506,275,2,22,17
2021-04-28T23:59:59+02:00,0,5,4264,4619,8231,9431,9194,11789,12681,16089,19133,21303,22363,25091,17997,22390,5735,9657,2700,2654,4675,4629,5174,5844,6455,7625,7461,8138,8458,9096,11415,14170,5341,8911,147369,107713,11887,4968,60693,50,1,22,16
2021-04-27T23:59:59+02:00,0,5,4224,4573,8093,9292,9081,11638,12537,15920,18685,20806,22135,24833,17932,22313,5732,9648,2697,2650,4673,4625,5164,5836,6442,7606,7429,8101,8400,9017,11334,14090,5337,8908,146644,107458,10808,4796,59973,42,1,21,14
2021-04-26T23:59:59+02:00,0,5,4182,4545,7987,9197,8935,11533,12363,15747,18274,20442,22001,24687,17897,22285,5732,9647,2697,2648,4669,4622,5160,5826,6427,7586,7397,8072,8352,8969,11279,14012,5334,8891,145876,107352,10673,4540,58889,37,0,21,14
2021-04-25T23:59:59+02:00,0,5,4168,4530,7951,9167,8871,11471,12229,15617,17929,20113,21802,24451,17857,22230,5728,9642,2697,2648,4668,4621,5158,5822,6422,7583,7395,8068,8296,8910,11257,13984,5334,8890,144500,107331,10662,4374,58578,36,0,21,14
2021-04-24T23:59:59+02:00,0,5,4162,4522,7936,9163,8856,11461,12181,15587,17871,20075,21786,24438,17855,22225,5728,9642,2696,2648,4668,4621,5158,5822,6422,7583,7395,8068,8296,8910,11257,13984,5334,8890,144404,107331,10662,4374,58406,35,0,21,14
2021-04-23T23:59:59+02:00,0,5,4142,4489,7879,9100,8773,11360,11841,15262,17438,19678,21572,24205,17793,22148,5726,9634,2693,2646,4665,4618,5151,5815,6408,7574,7372,8037,8275,8883,11249,13976,5332,8887,143144,107319,10315,4216,57565,34,0,21,14
2021-04-22T23:59:59+02:00,0,5,4093,4424,7747,8908,8588,11101,11515,14843,16525,18694,21002,23501,17659,21968,5717,9615,2684,2640,4660,4598,5128,5788,6366,7538,7303,7991,8142,8729,11107,13825,5328,8878,139413,106702,10192,3964,56280,27,0,20,14
2021-04-21T23:59:59+02:00,0,5,4051,4381,7645,8789,8433,10943,11222,14564,15792,17938,20624,23053,17587,21863,5712,9602,2676,2629,4642,4579,5112,5767,6354,7523,7278,7970,8093,8668,11070,13786,5326,8876,136507,106425,10063,3888,55618,25,0,16,13
2021-04-20T23:59:59+02:00,0,5,4025,4355,7610,8737,8356,10863,11060,14390,15359,17463,20163,22539,17487,21711,5704,9591,2669,2620,4633,4566,5087,5747,6326,7499,7238,7931,7999,8536,10996,13699,5322,8872,134366,105856,9798,3849,55238,24,0,16,13
2021-04-19T23:59:59+02:00,0,5,3994,4305,7549,8633,8264,10724,10903,14209,15106,17169,19685,21974,17322,21497,5693,9579,2664,2619,4627,4562,5074,5732,6307,7482,7213,7887,7946,8482,10970,13653,5319,8867,132306,105523,9444,3846,54845,24,0,16,13
2021-04-18T23:59:59+02:00,0,5,3976,4276,7489,8582,8158,10597,10644,13967,14615,16630,19257,21466,17200,21311,5689,9573,2664,2619,4627,4562,5074,5732,6306,7479,7211,7886,7942,8479,10968,13649,5318,8864,129896,105502,9374,3844,54149,23,0,16,13
2021-04-17T23:59:59+02:00,0,5,3972,4268,7469,8576,8148,10579,10603,13921,14505,16542,19136,21342,17178,21283,5687,9571,2664,2619,4626,4560,5069,5727,6292,7474,7186,7863,7896,8433,10949,13626,5317,8864,129458,105493,9365,3638,53946,23,0,16,13
2021-04-16T23:59:59+02:00,0,5,3961,4225,7397,8454,8045,10422,10409,13660,13836,15783,18569,20699,17053,21108,5676,9554,2661,2616,4621,4555,5065,5716,6276,7463,7148,7828,7590,8046,10859,13488,5309,8848,126617,104705,9305,3350,52918,23,0,16,13
2021-04-15T23:59:59+02:00,0,4,3917,4171,7285,8324,7880,10184,10076,13270,13107,14925,17761,19835,16811,20786,5663,9533,2660,2608,4609,4539,5052,5686,6246,7428,7079,7760,7037,7409,10743,13336,5305,8837,122970,103087,9147,3215,51399,21,0,16,13
2021-04-14T23:59:59+02:00,0,3,3890,4142,7219,8218,7774,10034,9902,13071,12689,14479,17236,19224,16660,20577,5658,9520,2627,2589,4591,4508,5023,5639,6211,7395,7022,7699,6409,6661,10481,13051,5301,8829,121583,100794,8914,3215,49783,16,0,16,13
2021-04-13T23:59:59+02:00,0,3,3887,4136,7182,8202,7717,10001,9794,13019,12316,14187,16547,18379,16424,20277,5654,9514,2603,2562,4571,4483,4999,5606,6152,7327,6933,7598,6198,6412,9920,12403,5293,8810,120895,98636,8696,3208,47632,16,0,16,12
2021-04-12T23:59:59+02:00,0,3,3873,4118,7130,8156,7661,9933,9686,12918,12069,13974,16104,17862,16237,20063,5649,9511,2574,2551,4505,4441,4892,5537,6038,7251,6815,7499,5455,5593,9472,11867,5253,8768,120562,95285,8661,3200,45708,16,0,16,12
2021-04-11T23:59:59+02:00,0,3,3860,4111,7089,8104,7603,9889,9593,12839,11832,13767,15541,17175,15962,19723,5644,9501,2499,2468,4376,4319,4738,5404,5875,7099,6664,7393,5153,5232,9341,11708,5253,8764,119977,93110,8234,3151,44009,15,0,16,12
2021-04-10T23:59:59+02:00,0,3,3842,4092,7050,8057,7559,9833,9533,12780,11740,13682,15324,16984,15913,19655,5643,9494,1942,1901,3557,3599,3864,4639,4870,6179,5809,6608,4880,4926,9213,11555,5247,8755,119513,84368,8234,3151,43421,15,0,16,12
2021-04-09T23:59:59+02:00,0,3,3822,4072,7012,8028,7495,9777,9380,12652,11413,13397,14142,15454,15472,19125,5631,9484,1083,1074,2202,2408,2357,3269,3087,4538,4191,5147,4199,4194,8967,11203,5223,8726,117620,68695,8232,3148,40491,15,0,16,12
2021-04-08T23:59:59+02:00,0,3,3796,4056,6951,7975,7392,9683,9194,12533,11009,13043,13010,14201,15064,18604,5612,9454,582,585,1285,1703,1451,2339,1987,3455,2810,3761,2957,2796,8169,10230,5084,8506,116380,54531,8152,3145,37032,14,0,16,12
2021-04-07T23:59:59+02:00,0,3,3749,4031,6873,7921,7299,9614,9067,12403,10699,12736,12283,13434,14847,18339,5606,9435,351,368,934,1358,1047,1954,1477,2994,1866,2755,1774,1511,7266,9093,4930,8247,115419,44760,8001,3145,34904,10,0,15,12
2021-04-06T23:59:59+02:00,0,3,3733,4019,6851,7883,7244,9547,8974,12323,10488,12518,11898,12939,14626,18043,5595,9421,344,354,926,1348,1032,1933,1450,2966,1807,2696,1695,1445,6859,8542,4780,8010,114141,43024,7902,3144,34049,9,0,13,12
2021-04-05T23:59:59+02:00,0,3,3729,4018,6840,7871,7232,9537,8955,12294,10423,12459,11787,12794,14528,17951,5593,9418,342,348,915,1344,1026,1925,1440,2946,1786,2662,1642,1392,6633,8242,4658,7828,113805,41967,7881,3143,33733,9,0,13,12
2021-04-04T23:59:59+02:00,0,3,3729,4018,6838,7865,7231,9536,8952,12294,10413,12454,11784,12790,14525,17950,5593,9418,342,347,915,1344,1025,1923,1439,2945,1784,2659,1639,1387,6626,8229,4653,7825,113800,41921,7880,3142,33700,9,0,13,12
2021-04-03T23:59:59+02:00,0,3,3729,4018,6838,7864,7230,9536,8952,12294,10412,12454,11784,12789,14523,17948,5593,9418,342,346,913,1340,1023,1922,1438,2940,1782,2659,1634,1375,6583,8148,4618,7790,113796,41692,7880,3142,33696,9,0,13,12
2021-04-02T23:59:59+02:00,0,3,3727,4016,6836,7861,7224,9530,8941,12287,10397,12438,11657,12675,14480,17892,5589,9410,340,344,911,1333,1017,1911,1423,2915,1742,2620,1539,1289,5821,7250,4186,7228,113675,39030,7876,2820,33399,9,0,13,12
2021-04-01T23:59:59+02:00,0,2,3688,4004,6802,7839,7182,9500,8889,12248,10327,12368,11319,12269,14107,17384,5585,9397,335,341,895,1318,1005,1892,1391,2869,1683,2556,1416,1196,4894,6148,3636,6407,113293,35148,6477,2815,33127,9,0,13,12
2021-03-31T23:59:59+02:00,0,2,3682,4000,6787,7820,7166,9482,8854,12216,10241,12297,10989,11865,13764,16891,5579,9376,332,338,887,1310,995,1877,1371,2841,1633,2521,1351,1144,4322,5484,3290,5949,112721,32884,5481,2742,32796,9,0,13,12
2021-03-30T23:59:59+02:00,0,2,3664,3976,6751,7782,7109,9416,8766,12112,10079,12142,10731,11588,13541,16625,5573,9362,328,332,881,1300,988,1871,1348,2835,1607,2495,1325,1118,4204,5362,3230,5857,111900,32515,5231,2547,32075,9,0,13,12
2021-03-29T23:59:59+02:00,0,2,3655,3954,6725,7760,7069,9363,8670,12017,9898,11935,10299,11120,13168,16159,5556,9329,323,328,877,1290,982,1863,1340,2824,1591,2486,1300,1104,4071,5219,3133,5727,110229,31899,4923,2541,31514,8,0,13,12
2021-03-28T23:59:59+02:00,0,2,3614,3899,6610,7603,6952,9223,8543,11824,9746,11746,10088,10860,12993,15973,5551,9319,323,328,877,1290,980,1862,1339,2824,1590,2484,1292,1101,4038,5177,3107,5702,109857,31857,4660,2440,30016,7,0,13,12
2021-03-27T23:59:59+01:00,0,2,3613,3888,6598,7538,6923,9109,8494,11653,9694,11592,9974,10737,12899,15885,5550,9319,323,327,877,1290,980,1859,1339,2822,1586,2483,1290,1099,4012,5142,3094,5687,109848,31754,4660,2439,28947,7,0,13,12
2021-03-26T23:59:59+01:00,0,2,3607,3880,6570,7501,6894,9036,8446,11541,9603,11464,9925,10674,12853,15831,5543,9299,318,325,876,1287,976,1847,1336,2801,1566,2471,1265,1083,3832,4921,2988,5534,109792,31011,4440,2398,28424,7,0,13,12
2021-03-25T23:59:59+01:00,0,2,3584,3849,6479,7374,6802,8872,8255,11309,9294,11148,9548,10292,12550,15516,5538,9290,318,324,874,1279,973,1836,1323,2788,1542,2452,1239,1064,3600,4679,2738,5200,109420,29815,4233,2398,26036,6,0,13,12
2021-03-24T23:59:59+01:00,0,2,3530,3798,6392,7189,6682,8646,8088,11074,9069,10824,9133,9805,12133,15057,5527,9280,318,323,873,1276,968,1834,1315,2784,1526,2436,1231,1054,3535,4606,2558,4980,108910,29206,4097,2398,23209,3,0,13,12
2021-03-23T23:59:59+01:00,0,2,3512,3765,6343,7133,6607,8588,7970,10945,8821,10591,8713,9336,11682,14538,5518,9265,318,323,872,1266,963,1825,1310,2775,1522,2429,1208,1029,3443,4530,2366,4667,108098,28435,4004,2398,21214,3,0,13,12
2021-03-22T23:59:59+01:00,0,2,3504,3745,6300,7104,6573,8541,7904,10869,8672,10455,8434,8983,11379,14213,5482,9226,316,318,866,1256,955,1818,1303,2764,1513,2419,1197,1020,3415,4495,2347,4634,107428,28226,4001,2397,19944,3,0,13,12
2021-03-21T23:59:59+01:00,0,2,3502,3743,6296,7093,6556,8525,7885,10850,8616,10398,8315,8866,11309,14111,5480,9223,314,317,857,1253,948,1812,1294,2762,1509,2415,1193,1017,3406,4480,2333,4625,107343,28125,4000,2397,19414,3,0,13,12
2021-03-20T23:59:59+01:00,0,2,3494,3705,6288,7022,6541,8388,7860,10666,8572,10262,8237,8780,11271,14072,5480,9223,314,317,857,1253,948,1812,1293,2762,1509,2413,1193,1017,3406,4479,2333,4624,107311,28121,3788,2396,18751,3,0,13,12
2021-03-19T23:59:59+01:00,0,2,3481,3676,6262,6940,6517,8296,7815,10549,8459,10102,7700,8174,11088,13831,5470,9205,311,316,852,1246,931,1802,1270,2731,1459,2368,1109,950,2743,3692,1923,4056,105700,25350,3489,2396,18365,3,0,13,12
2021-03-18T23:59:59+01:00,0,2,3470,3658,6221,6899,6484,8235,7752,10464,8344,9973,6745,7082,10809,13531,5460,9180,310,316,849,1241,925,1793,1251,2723,1434,2349,1072,933,2536,3453,1767,3835,102689,24378,3332,2396,18275,3,0,13,12
2021-03-17T23:59:59+01:00,0,2,3433,3620,6150,6815,6431,8132,7662,10338,8214,9815,6066,6243,10523,13228,5443,9154,309,316,842,1237,921,1781,1237,2701,1416,2325,1036,911,2417,3329,1688,3726,99927,23783,3331,2396,17998,3,0,13,12
2021-03-16T23:59:59+01:00,0,2,3415,3591,6111,6762,6386,8059,7609,10274,8124,9714,5890,6067,9833,12445,5404,9091,302,307,828,1221,909,1772,1231,2682,1403,2317,1022,892,2205,3091,1555,3532,97710,22862,3321,2394,17733,3,0,13,12
2021-03-15T23:59:59+01:00,0,2,3378,3559,6015,6683,6257,7967,7467,10155,7995,9589,5138,5234,9391,11898,5361,9021,301,306,825,1217,908,1765,1229,2669,1394,2308,1009,880,2063,2919,1469,3439,94204,22296,3314,2393,17579,2,0,13,12
2021-03-14T23:59:59+01:00,0,2,3253,3412,5739,6337,5981,7606,7155,9741,7711,9276,4805,4843,9234,11701,5357,9011,301,306,825,1217,907,1765,1227,2668,1392,2305,1007,878,2060,2916,1466,3438,91813,22276,3259,2390,16079,2,0,13,12
2021-03-13T23:59:59+01:00,0,2,2599,2750,4799,5469,4963,6677,5960,8623,6696,8333,4492,4460,8851,11182,5267,8903,301,306,824,1215,907,1760,1224,2666,1391,2305,1007,877,2036,2880,1436,3403,81127,22136,3259,2390,15627,2,0,13,12
2021-03-12T23:59:59+01:00,0,2,1773,1929,3462,4319,3457,5345,4214,6984,5062,6827,3827,3757,7604,9635,4767,8224,297,303,822,1211,901,1753,1216,2647,1365,2288,961,852,1688,2419,1168,3052,62321,20541,3256,2390,15598,2,0,13,12
2021-03-11T23:59:59+01:00,0,2,1273,1452,2559,3580,2553,4406,3121,5895,3700,5443,2652,2480,5913,7526,4004,7050,292,294,806,1202,888,1730,1198,2618,1340,2242,924,832,1531,2190,1045,2864,45048,19595,3254,2390,15294,2,0,13,11
2021-03-10T23:59:59+01:00,0,2,1049,1234,2192,3220,2179,4015,2670,5455,2797,4476,1524,1283,4565,5811,3449,6282,282,284,788,1183,866,1694,1165,2545,1302,2176,899,812,1352,2000,949,2691,34044,18694,3254,2283,14892,2,0,13,11
2021-03-09T23:59:59+01:00,0,2,1033,1207,2126,3079,2114,3900,2585,5321,2714,4350,1490,1253,4490,5738,3410,6225,278,277,774,1162,849,1667,1140,2505,1284,2148,885,800,1275,1876,878,2581,33640,18129,3251,2239,14133,2,0,13,11
2021-03-08T23:59:59+01:00,0,2,1012,1176,2069,2980,2074,3818,2526,5208,2658,4278,1452,1233,4344,5580,3309,6084,278,273,769,1154,847,1658,1132,2497,1277,2132,861,779,1109,1651,755,2417,32951,17344,3251,2235,13588,1,0,13,11
2021-03-07T23:59:59+01:00,0,2,1007,1157,2030,2937,2032,3777,2486,5143,2617,4241,1447,1230,4337,5572,3307,6084,278,273,769,1154,847,1658,1132,2497,1276,2132,858,779,1100,1641,747,2406,32921,17344,3245,2194,13227,0,0,13,11
2021-03-06T23:59:59+01:00,0,2,1007,1153,2019,2923,2020,3758,2470,5116,2599,4220,1434,1220,4303,5528,3293,6072,278,273,769,1154,847,1658,1132,2497,1276,2132,858,779,1100,1641,747,2405,32777,17344,3244,2193,13103,0,0,13,11
2021-03-05T23:59:59+01:00,0,2,1003,1149,2004,2903,1990,3735,2427,5064,2546,4183,1398,1192,4037,5203,3143,5851,277,270,762,1147,842,1651,1129,2488,1273,2122,844,775,1093,1632,746,2403,32038,17252,2913,2193,12866,0,0,13,11
2021-03-04T23:59:59+01:00,0,2,909,1002,1917,2775,1922,3598,2351,4910,2456,4025,1368,1171,3797,4944,2879,5502,277,268,760,1142,840,1643,1128,2478,1269,2116,816,761,1083,1621,739,2391,30792,17153,2909,2170,11814,0,0,13,11
2021-03-03T23:59:59+01:00,0,2,863,895,1852,2679,1852,3493,2282,4794,2382,3941,1356,1158,3687,4839,2657,5230,276,266,759,1133,837,1625,1122,2436,1259,2090,799,757,1075,1603,732,2384,30120,17127,2793,2017,11036,0,0,13,11
2021-03-02T23:59:59+01:00,0,2,818,820,1755,2555,1767,3369,2191,4670,2321,3863,1321,1136,3558,4704,2454,4886,276,265,758,1127,834,1622,1118,2431,1255,2080,797,755,1061,1582,721,2365,29398,17022,2604,2016,10175,0,0,13,11
2021-03-01T23:59:59+01:00,0,2,795,781,1655,2411,1696,3225,2091,4498,2241,3742,1303,1124,3507,4641,2410,4824,276,264,754,1123,833,1610,1114,2419,1250,2070,791,753,1057,1575,718,2362,29145,16944,2520,2016,9268,0,0,13,11
2021-02-28T23:59:59+01:00,0,2,789,758,1636,2345,1669,3153,2068,4398,2227,3675,1297,1118,3497,4627,2396,4814,275,263,754,1122,833,1605,1114,2417,1250,2065,788,751,1049,1562,714,2352,29039,16922,2518,1983,8899,0,0,13,11
2021-02-27T23:59:59+01:00,0,2,774,741,1614,2285,1652,3042,2049,4272,2206,3579,1294,1115,3497,4625,2395,4813,275,263,754,1122,833,1604,1114,2417,1250,2064,788,751,1049,1562,714,2351,29035,16920,2517,1982,8390,0,0,13,11
2021-02-26T23:59:59+01:00,0,2,646,660,1509,2172,1600,2883,1986,4035,2105,3343,1204,1044,2847,3832,1970,4231,275,263,753,1120,832,1603,1114,2415,1248,2061,786,746,1031,1549,704,2335,26247,16846,2517,1980,7292,0,0,13,11
2021-02-25T23:59:59+01:00,0,2,496,580,1390,2070,1533,2755,1925,3906,2005,3232,1155,1012,2617,3562,1806,3988,258,248,728,1096,790,1535,1067,2317,1175,1970,729,725,1000,1512,692,2307,25182,16753,2490,1387,6349,0,0,13,11
2021-02-24T23:59:59+01:00,0,2,466,549,1321,1957,1460,2611,1855,3753,1928,3083,1117,982,2478,3425,1727,3869,229,235,701,1051,765,1473,1039,2257,1121,1920,702,702,954,1483,681,2277,24531,16567,2479,1014,5560,0,0,13,11
2021-02-23T23:59:59+01:00,0,2,410,509,1239,1817,1386,2465,1778,3542,1857,2961,1092,948,2275,3197,1602,3683,224,229,686,1028,754,1434,1017,2214,1096,1879,693,690,945,1469,678,2273,23610,16482,2469,818,4671,0,0,13,11
2021-02-22T23:59:59+01:00,0,2,397,476,1140,1706,1284,2368,1669,3436,1776,2890,1071,935,2134,3025,1517,3588,213,220,664,977,723,1371,992,2120,1052,1798,651,658,876,1393,642,2217,23038,16294,2465,264,3898,0,0,13,11
2021-02-21T23:59:59+01:00,0,2,378,460,1039,1674,1132,2344,1514,3413,1675,2872,1063,933,2133,3024,1517,3588,186,214,633,969,712,1363,978,2115,1047,1796,648,655,873,1389,634,2210,23009,16163,2465,250,3274,0,0,13,11
2021-02-20T23:59:59+01:00,0,2,378,458,1038,1674,1131,2344,1512,3411,1675,2870,1063,932,2132,3024,1516,3587,185,212,630,969,709,1362,972,2112,1045,1796,648,655,873,1389,634,2210,23002,16142,2464,250,3268,0,0,13,11
2021-02-19T23:59:59+01:00,0,2,373,449,1026,1670,1121,2334,1499,3393,1643,2855,1013,904,1761,2518,1219,3205,164,202,604,965,691,1354,955,2110,1039,1794,645,654,871,1389,633,2209,21264,16020,2464,250,3244,0,0,13,11
2021-02-18T23:59:59+01:00,0,2,353,429,986,1588,1083,2247,1446,3275,1602,2765,983,881,1588,2275,1090,3001,144,191,565,954,671,1342,921,2094,1015,1774,634,635,850,1361,619,2188,20284,15699,2464,250,2833,0,0,13,11
2021-02-17T23:59:59+01:00,0,2,330,376,902,1446,976,2047,1312,3021,1490,2545,946,851,1399,2063,989,2824,138,184,553,923,645,1291,888,2016,965,1698,600,603,843,1335,614,2169,19211,15206,2464,250,1831,0,0,13,11
2021-02-16T23:59:59+01:00,0,2,324,338,858,1308,924,1858,1251,2796,1424,2384,935,834,1336,1967,922,2728,132,171,539,880,630,1237,862,1953,935,1656,590,593,821,1304,601,2109,18841,14890,2463,114,872,0,0,13,11
2021-02-15T23:59:59+01:00,0,2,308,298,830,1277,907,1802,1211,2712,1386,2328,907,802,1159,1735,793,2552,123,163,518,852,612,1175,838,1880,912,1579,569,556,803,1267,592,2067,17930,14423,2462,74,604,0,0,13,11
2021-02-14T23:59:59+01:00,0,2,308,298,829,1277,906,1802,1209,2712,1386,2328,907,802,1159,1735,793,2552,123,163,517,845,608,1170,832,1874,908,1576,568,556,801,1266,591,2064,17929,14379,2462,74,601,0,0,13,11
2021-02-13T23:59:59+01:00,0,2,308,298,829,1277,906,1799,1209,2710,1386,2326,907,802,1159,1735,793,2552,123,163,517,845,608,1170,830,1871,906,1572,566,556,786,1246,579,2048,17922,14377,2462,0,601,0,0,13,11
2021-02-12T23:59:59+01:00,0,2,304,297,819,1272,902,1770,1203,2682,1358,2297,905,800,1158,1732,793,2552,123,163,515,842,607,1163,824,1859,900,1559,563,554,772,1235,573,2035,17914,14278,2462,0,457,0,0,13,11
2021-02-11T23:59:59+01:00,0,2,285,288,804,1237,896,1736,1187,2615,1336,2242,870,787,1148,1720,792,2542,121,149,497,801,585,1098,790,1759,877,1499,550,540,748,1200,559,2004,17801,13768,2461,0,212,0,0,13,11
2021-02-10T23:59:59+01:00,0,2,282,282,785,1199,883,1706,1175,2569,1321,2200,865,785,1133,1704,787,2526,117,140,432,719,545,1006,714,1640,825,1419,536,524,734,1180,549,1976,17777,13058,2356,0,58,0,0,13,0
2021-02-09T23:59:59+01:00,0,2,282,279,781,1184,872,1690,1161,2550,1307,2176,850,780,1119,1687,776,2510,100,121,378,633,494,877,636,1443,736,1232,484,446,613,1019,481,1736,17680,11431,2310,0,3,0,0,13,0
2021-02-08T23:59:59+01:00,0,2,282,278,779,1179,872,1683,1159,2546,1301,2167,844,777,1104,1667,763,2493,90,99,334,543,442,778,547,1237,632,1069,410,375,535,836,389,1432,17575,9750,2307,0,1,0,0,13,0
2021-02-07T23:59:59+01:00,0,2,281,277,777,1178,871,1683,1159,2545,1301,2164,838,775,1102,1664,762,2491,88,98,332,538,440,774,545,1228,628,1064,405,370,514,813,383,1418,17550,9640,2307,0,0,0,0,13,0
2021-02-06T23:59:59+01:00,0,2,281,276,777,1177,871,1682,1159,2545,1301,2163,837,774,1100,1658,761,2489,88,97,332,535,439,773,544,1224,626,1063,401,365,466,744,355,1373,17534,9427,2306,0,0,0,0,13,0
2021-02-05T23:59:59+01:00,0,2,281,276,777,1176,870,1681,1158,2544,1300,2160,830,768,1077,1648,754,2473,82,95,324,529,423,755,518,1191,597,1022,378,338,446,721,341,1333,17456,9094,2306,0,0,0,0,13,0
2021-02-04T23:59:59+01:00,0,2,278,269,774,1155,858,1659,1145,2516,1286,2136,808,755,1049,1618,747,2457,68,77,254,408,329,590,402,963,484,820,305,274,335,577,277,1114,17216,7277,2283,0,0,0,0,13,0
2021-02-03T23:59:59+01:00,0,2,277,264,770,1134,856,1633,1138,2466,1273,2106,789,741,1032,1595,738,2443,54,54,168,279,255,440,282,714,360,581,209,194,237,424,194,837,17120,5282,2124,0,0,0,0,13,0
2021-02-02T23:59:59+01:00,0,2,276,259,766,1126,851,1611,1129,2442,1261,2089,785,734,1023,1584,736,2435,35,34,91,138,147,251,171,446,232,364,135,124,160,255,136,539,16972,3258,2124,0,0,0,0,13,0
2021-02-01T23:59:59+01:00,0,2,274,256,761,1107,843,1590,1124,2412,1257,2056,777,721,1016,1574,732,2422,11,12,14,26,25,62,44,88,69,100,49,45,57,73,39,178,16788,892,2124,0,0,0,0,12,0
2021-01-31T23:59:59+01:00,0,2,268,254,745,1105,835,1579,1114,2401,1246,2047,771,715,1006,1557,725,2409,10,12,13,25,23,59,38,83,62,92,46,45,53,66,36,165,16753,828,2014,0,0,0,0,12,0
2021-01-30T23:59:59+01:00,0,2,268,254,745,1105,834,1579,1114,2401,1246,2047,770,715,1006,1556,725,2408,10,10,13,25,23,59,38,83,61,90,45,44,52,66,36,164,16750,819,2013,0,0,0,0,12,0
2021-01-29T23:59:59+01:00,0,2,268,254,745,1104,834,1579,1114,2401,1246,2046,769,714,1005,1554,725,2406,9,5,12,24,23,58,36,81,60,90,44,43,52,66,36,164,16743,803,2011,0,0,0,0,12,0
2021-01-28T23:59:59+01:00,0,2,264,249,733,1079,799,1524,1077,2341,1170,1989,728,700,976,1534,709,2384,4,0,3,6,9,23,18,36,20,45,21,22,23,44,15,97,16564,386,1682,0,0,0,0,12,0
2021-01-27T23:59:59+01:00,0,2,258,242,710,1047,751,1468,1020,2260,1097,1908,693,673,962,1513,706,2377,3,0,3,4,6,19,14,22,13,32,6,9,10,9,4,27,16115,181,1560,0,0,0,0,12,0
2021-01-26T23:59:59+01:00,0,2,234,233,693,1023,743,1418,1000,2186,1070,1843,681,659,939,1497,696,2358,3,0,1,4,5,9,12,12,6,11,3,5,6,7,1,16,16064,101,1199,0,0,0,0,12,0
2021-01-25T23:59:59+01:00,0,2,202,218,641,949,691,1295,958,2040,1012,1708,633,604,862,1402,653,2285,3,0,1,4,5,9,12,12,6,11,3,5,6,7,1,16,15838,101,305,0,0,0,0,12,0
2021-01-24T23:59:59+01:00,0,2,185,212,615,937,672,1281,940,2024,997,1698,626,598,852,1382,644,2272,3,0,1,4,5,9,11,12,5,11,3,5,6,7,1,16,15665,99,260,0,0,0,0,12,0
2021-01-23T23:59:59+01:00,0,2,185,212,615,937,672,1281,940,2024,997,1698,626,598,852,1382,644,2272,3,0,1,4,5,9,9,12,5,11,3,5,6,7,1,16,15665,97,260,0,0,0,0,12,0
2021-01-22T23:59:59+01:00,0,2,138,194,557,927,654,1267,906,2014,986,1687,621,597,851,1382,644,2272,3,0,0,4,5,9,9,12,5,11,3,5,6,7,1,16,15427,96,260,0,0,0,0,12,0
2021-01-21T23:59:59+01:00,0,2,133,186,542,904,633,1226,873,1960,964,1639,610,576,839,1351,637,2253,3,0,0,4,4,9,9,12,5,11,3,5,6,7,1,15,15056,94,260,0,0,0,0,12,0
2021-01-20T23:59:59+01:00,0,2,128,170,495,838,610,1150,810,1850,928,1566,589,559,821,1328,627,2225,3,0,0,4,4,9,9,12,5,11,3,5,6,7,1,15,14426,94,258,0,0,0,0,12,0
2021-01-19T23:59:59+01:00,0,2,115,149,422,752,545,1020,725,1651,823,1401,543,505,719,1168,554,1976,3,0,0,4,4,8,9,12,5,11,3,5,6,7,1,15,12867,93,191,0,0,0,0,12,0
2021-01-18T23:59:59+01:00,0,2,97,117,353,599,454,848,595,1390,697,1195,476,439,635,1011,487,1709,1,0,0,1,0,0,0,0,0,0,0,0,0,1,0,0,11011,3,81,0,0,0,0,12,0
2021-01-17T23:59:59+01:00,0,2,93,115,349,594,453,843,593,1371,689,1186,471,430,608,982,471,1668,1,0,0,1,0,0,0,0,0,0,0,0,0,1,0,0,10825,3,81,0,0,0,0,12,0
2021-01-16T23:59:59+01:00,0,2,93,112,347,586,450,838,582,1358,678,1174,456,416,513,856,410,1571,0,0,0,1,0,0,0,0,0,0,0,0,0,0,0,0,10428,1,2,0,0,0,0,12,0
2021-01-15T23:59:59+01:00,0,2,92,110,342,584,444,833,576,1351,661,1158,440,398,505,844,402,1548,0,0,0,0,0,0,0,0,0,0,0,0,0,0,0,0,10278,0,0,0,0,0,0,12,0
2021-01-14T23:59:59+01:00,0,0,75,88,285,482,366,671,459,1099,541,976,363,320,399,694,332,1320,0,0,0,0,0,0,0,0,0,0,0,0,0,0,0,0,8458,0,0,0,0,0,0,12,0
2021-01-13T23:59:59+01:00,0,0,61,65,201,364,290,499,346,817,415,695,253,224,291,519,250,1014,0,0,0,0,0,0,0,0,0,0,0,0,0,0,0,0,6293,0,0,0,0,0,0,11,0
2021-01-12T23:59:59+01:00,0,0,40,42,121,215,177,309,206,525,276,429,159,142,186,336,171,682,0,0,0,0,0,0,0,0,0,0,0,0,0,0,0,0,4016,0,0,0,0,0,0,0,0
2021-01-11T23:59:59+01:00,0,0,11,14,41,57,41,90,59,119,91,127,65,58,83,103,49,223,0,0,0,0,0,0,0,0,0,0,0,0,0,0,0,0,1231,0,0,0,0,0,0,0,0
2021-01-10T23:59:59+01:00,0,0,11,14,29,47,34,72,50,110,78,117,57,54,77,93,46,209,0,0,0,0,0,0,0,0,0,0,0,0,0,0,0,0,1098,0,0,0,0,0,0,0,0
2021-01-09T23:59:59+01:00,0,0,11,13,26,46,34,72,49,109,76,114,56,53,76,92,45,208,0,0,0,0,0,0,0,0,0,0,0,0,0,0,0,0,1080,0,0,0,0,0,0,0,0
2021-01-08T23:59:59+01:00,0,0,7,6,26,41,32,69,46,107,75,113,53,49,71,87,41,208,0,0,0,0,0,0,0,0,0,0,0,0,0,0,0,0,1031,0,0,0,0,0,0,0,0
2021-01-07T23:59:59+01:00,0,0,5,1,9,20,15,36,28,77,33,77,32,27,47,74,28,162,0,0,0,0,0,0,0,0,0,0,0,0,0,0,0,0,671,0,0,0,0,0,0,0,0
2021-01-06T23:59:59+01:00,0,0,5,0,4,8,10,28,25,43,19,47,26,24,34,51,19,120,0,0,0,0,0,0,0,0,0,0,0,0,0,0,0,0,463,0,0,0,0,0,0,0,0
2021-01-05T23:59:59+01:00,0,0,5,0,4,8,10,28,25,43,19,47,26,24,34,50,19,120,0,0,0,0,0,0,0,0,0,0,0,0,0,0,0,0,462,0,0,0,0,0,0,0,0
2021-01-04T23:59:59+01:00,0,0,4,0,1,3,4,9,13,12,5,11,3,5,6,8,1,17,0,0,0,0,0,0,0,0,0,0,0,0,0,0,0,0,102,0,0,0,0,0,0,0,0
2021-01-03T23:59:59+01:00,0,0,3,0,1,3,4,9,12,12,5,11,3,5,6,8,1,16,0,0,0,0,0,0,0,0,0,0,0,0,0,0,0,0,99,0,0,0,0,0,0,0,0
2021-01-02T23:59:59+01:00,0,0,3,0,1,3,4,9,10,12,5,11,3,5,6,8,1,16,0,0,0,0,0,0,0,0,0,0,0,0,0,0,0,0,97,0,0,0,0,0,0,0,0
2021-01-01T23:59:59+01:00,0,0,3,0,0,3,4,9,10,12,5,11,3,5,6,7,1,16,0,0,0,0,0,0,0,0,0,0,0,0,0,0,0,0,95,0,0,0,0,0,0,0,0
2020-12-31T23:59:59+01:00,0,0,3,0,0,3,4,9,9,12,5,11,3,5,6,7,1,16,0,0,0,0,0,0,0,0,0,0,0,0,0,0,0,0,94,0,0,0,0,0,0,0,0
2020-12-30T23:59:59+01:00,0,0,3,0,0,3,4,9,9,12,5,11,3,5,6,7,1,16,0,0,0,0,0,0,0,0,0,0,0,0,0,0,0,0,94,0,0,0,0,0,0,0,0
2020-12-29T23:59:59+01:00,0,0,3,0,0,3,4,8,9,12,5,11,3,5,6,7,1,16,0,0,0,0,0,0,0,0,0,0,0,0,0,0,0,0,93,0,0,0,0,0,0,0,0
2020-12-28T23:59:59+01:00,0,0,3,0,0,3,4,8,9,12,5,11,3,5,6,7,1,16,0,0,0,0,0,0,0,0,0,0,0,0,0,0,0,0,93,0,0,0,0,0,0,0,0
2020-12-27T23:59:59+01:00,0,0,1,0,0,0,0,0,0,0,0,0,0,0,1,3,0,7,0,0,0,0,0,0,0,0,0,0,0,0,0,0,0,0,12,0,0,0,0,0,0,0,0
