Datum,<15_m,<15_w,15-24_1_m,15-24_1_w,25-34_1_m,25-34_1_w,35-44_1_m,35-44_1_w,45-54_1_m,45-54_1_w,55-64_1_m,55-64_1_w,65-74_1_m,65-74_1_w,75-84_1_m,75-84_1_w,>84_1_m,>84_1_w,<24_2_m,<24_2_w,25-34_2_m,25-34_2_w,35-44_2_m,35-44_2_w,45-54_2_m,45-54_2_w,55-64_2_m,55-64_2_w,65-74_2_m,65-74_2_w,75-84_2_m,75-84_2_w,>84_2_m,>84_2_w,bp_1,bp_2,mo_1,mo_2,az_1,az_2,ja,unb_1,unb_2
2021-08-17T23:59:59+02:00,2265,2012,22122,21161,31821,29234,32506,32477,38244,38703,42012,42301,27718,30942,19712,24749,5987,10131,18642,17885,28853,26230,30306,29964,35986,36116,39774,40030,26551,29612,18949,23616,5727,9625,315052,290051,44570,42867,77480,70766,16929,66,26
2021-08-16T23:59:59+02:00,2245,2002,22074,21127,31793,29198,32492,32460,38226,38690,41989,42286,27711,30937,19711,24742,5987,10131,18583,17846,28820,26202,30280,29937,35959,36088,39753,40013,26540,29605,18946,23606,5723,9625,314807,289744,44570,42867,77480,70766,16878,66,26
2021-08-15T23:59:59+02:00,2242,1999,22068,21114,31790,29194,32488,32456,38218,38683,41980,42284,27710,30937,19709,24740,5987,10131,18564,17828,28800,26169,30261,29912,35948,36076,39741,40005,26537,29602,18945,23603,5722,9625,314737,289547,44570,42867,77480,70764,16877,66,26
2021-08-14T23:59:59+02:00,2236,1996,22042,21099,31778,29178,32484,32450,38210,38678,41974,42281,27709,30936,19708,24739,5987,10130,18452,17737,28739,26104,30226,29865,35924,36045,39720,39992,26529,29597,18942,23602,5721,9622,314648,289014,44567,42848,77480,70760,16854,66,26
2021-08-13T23:59:59+02:00,2225,1989,22022,21083,31774,29171,32475,32438,38205,38673,41973,42279,27709,30936,19706,24739,5987,10130,18323,17622,28694,26070,30187,29833,35907,36018,39703,39977,26517,29590,18939,23597,5720,9618,314566,288484,44564,42840,77480,70759,16838,66,26
2021-08-12T23:59:59+02:00,2189,1953,21940,20994,31708,29100,32427,32392,38158,38632,41937,42246,27694,30917,19699,24729,5986,10130,18023,17318,28451,25850,30051,29712,35815,35929,39629,39911,26484,29545,18919,23576,5719,9615,314021,286789,44553,42788,77477,70717,16714,66,26
2021-08-11T23:59:59+02:00,2187,1948,21922,20977,31691,29078,32412,32376,38150,38623,41926,42230,27686,30914,19695,24724,5985,10126,17967,17261,28414,25805,30003,29675,35794,35892,39594,39879,26473,29519,18912,23566,5719,9613,313842,286312,44553,42787,77477,70715,16712,66,26
2021-08-10T23:59:59+02:00,2179,1927,21897,20942,31662,29059,32399,32358,38126,38597,41909,42225,27681,30907,19694,24721,5984,10122,17609,16976,28286,25684,29913,29594,35637,35773,39548,39842,26452,29496,18908,23555,5715,9612,313617,285068,44550,42768,77475,70465,16681,66,26
2021-08-09T23:59:59+02:00,2155,1913,21845,20893,31608,29017,32367,32330,38101,38576,41896,42201,27670,30899,19693,24712,5983,10120,17145,16531,28154,25582,29860,29542,35592,35728,39517,39807,26443,29482,18903,23549,5715,9610,313255,283616,44546,42753,77474,70454,16638,66,26
2021-08-08T23:59:59+02:00,2140,1897,21793,20853,31567,28984,32340,32309,38079,38570,41876,42181,27663,30895,19689,24708,5983,10117,16804,16191,28044,25500,29806,29472,35547,35690,39497,39782,26432,29469,18894,23540,5713,9605,312973,282398,44545,42732,77474,70447,16586,66,26
2021-08-07T23:59:59+02:00,2095,1854,21661,20770,31485,28917,32266,32248,38023,38519,41843,42154,27655,30869,19684,24699,5981,10115,16298,15741,27744,25221,29578,29289,35369,35535,39358,39672,26378,29408,18875,23511,5710,9601,312349,279783,44513,42612,77468,70358,16442,66,26
2021-08-06T23:59:59+02:00,2085,1844,21612,20734,31445,28885,32233,32229,37997,38499,41834,42138,27649,30860,19680,24699,5981,10115,15277,14766,26606,24329,29287,29058,35122,35337,39048,39434,26334,29364,18865,23501,5709,9598,312126,274814,44510,42591,77468,69564,16349,66,26
2021-08-05T23:59:59+02:00,2048,1815,21505,20648,31388,28808,32178,32173,37942,38450,41789,42101,27632,30841,19671,24686,5979,10112,14392,14021,25590,23555,28575,28548,34597,34906,38733,39189,26266,29285,18833,23467,5706,9588,311586,269962,44487,42538,77466,68069,16161,66,26
2021-08-04T23:59:59+02:00,2029,1796,21435,20595,31346,28737,32148,32132,37910,38427,41757,42075,27620,30826,19666,24673,5977,10109,14026,13686,25195,23252,28363,28330,34458,34781,38640,39096,26228,29241,18812,23444,5702,9583,311147,267557,44481,42512,77466,68027,16098,66,26
2021-08-03T23:59:59+02:00,2020,1780,21409,20569,31329,28723,32135,32123,37901,38414,41742,42063,27613,30820,19662,24666,5976,10107,13942,13600,25118,23177,28296,28274,34414,34738,38594,39063,26213,29221,18803,23436,5700,9577,310949,266884,44478,42511,77465,68001,16094,66,26
2021-08-02T23:59:59+02:00,2010,1759,21364,20533,31286,28703,32109,32092,37876,38399,41729,42048,27604,30808,19662,24659,5975,10103,13738,13391,24415,22628,28019,28054,34264,34626,38514,39002,26186,29189,18795,23431,5700,9575,310670,264474,44475,42497,77465,67777,16043,66,26
2021-08-01T23:59:59+02:00,1993,1743,21313,20486,31235,28666,32085,32075,37857,38380,41707,42031,27598,30802,19659,24650,5975,10102,13569,13232,24114,22374,27780,27838,34172,34517,38445,38930,26170,29170,18789,23425,5700,9573,310381,262779,44469,42485,77464,67754,15977,66,26
2021-07-31T23:59:59+02:00,1968,1713,21230,20413,31170,28630,32030,32037,37821,38352,41684,42010,27594,30794,19654,24646,5975,10102,12631,12208,23595,21934,27436,27484,33865,34220,38015,38589,26100,29085,18763,23381,5695,9567,309972,257762,44458,42450,77462,67186,15865,66,26
2021-07-30T23:59:59+02:00,1943,1694,21209,20391,31140,28611,32015,32021,37815,38345,41676,42002,27589,30791,19653,24646,5974,10102,12544,12132,23266,21646,27153,27272,33650,34060,37854,38457,26076,29068,18761,23373,5695,9565,309793,256336,44457,42442,77462,66635,15839,66,26
2021-07-29T23:59:59+02:00,1874,1625,20976,20158,31000,28466,31914,31913,37723,38256,41587,41942,27561,30767,19640,24628,5968,10094,11918,11602,22139,20808,26116,26434,32672,33371,37472,38168,25994,28967,18732,23326,5690,9558,308600,250743,44430,42357,77454,64880,15542,66,26
2021-07-28T23:59:59+02:00,1854,1610,20936,20109,30981,28439,31899,31892,37703,38236,41566,41922,27550,30755,19635,24618,5968,10092,11641,11302,21728,20427,25685,26004,32509,33220,37361,38077,25957,28916,18714,23303,5689,9553,308293,247834,44429,42355,77442,64820,15536,65,26
2021-07-27T23:59:59+02:00,1844,1604,20896,20068,30958,28407,31866,31877,37682,38204,41542,41908,27543,30748,19634,24613,5968,10089,11392,11090,21530,20238,25545,25885,32400,33118,37279,37995,25932,28879,18706,23294,5686,9549,308060,246365,44429,42350,77441,64745,15456,65,26
2021-07-26T23:59:59+02:00,1818,1570,20772,19953,30854,28310,31809,31815,37631,38138,41499,41878,27519,30730,19624,24600,5962,10086,11104,10767,21026,19799,25300,25679,32239,32969,37148,37909,25898,28844,18693,23272,5685,9541,307325,244087,44400,42239,77436,64541,15342,65,26
2021-07-25T23:59:59+02:00,1811,1561,20750,19942,30845,28301,31799,31801,37625,38132,41489,41869,27515,30728,19623,24598,5962,10085,10999,10661,20876,19691,25066,25486,32001,32762,37005,37777,25880,28830,18687,23265,5684,9538,307217,242830,44390,42223,77428,64131,15336,65,26
2021-07-24T23:59:59+02:00,1791,1546,20670,19869,30803,28263,31764,31765,37599,38104,41466,41857,27508,30723,19620,24596,5962,10085,10936,10606,20800,19629,24994,25425,31948,32731,36976,37757,25874,28826,18685,23263,5684,9538,306876,242461,44379,42200,77424,64065,15247,65,26
2021-07-23T23:59:59+02:00,1736,1511,20480,19728,30641,28152,31676,31695,37532,38052,41426,41815,27497,30707,19615,24590,5961,10080,10681,10403,20436,19324,24190,24781,31466,32402,36413,37301,25831,28784,18669,23246,5683,9536,306057,239598,44370,42156,77407,62676,14995,65,25
2021-07-22T23:59:59+02:00,1673,1455,20171,19461,30402,27972,31545,31582,37404,37947,41328,41734,27471,30684,19604,24566,5957,10079,10222,10029,19693,18815,23235,24114,30760,31815,35383,36541,25720,28688,18636,23214,5681,9532,304595,236001,44336,41492,77403,60164,14636,65,25
2021-07-21T23:59:59+02:00,1658,1447,20135,19413,30375,27943,31522,31559,37384,37922,41307,41711,27462,30676,19599,24560,5952,10075,9912,9694,19235,18365,22367,23351,30426,31482,35152,36344,25637,28591,18605,23162,5673,9522,304275,233268,44330,39808,77401,59992,14629,65,22
2021-07-20T23:59:59+02:00,1652,1442,20102,19386,30348,27920,31498,31540,37368,37906,41295,41699,27447,30662,19599,24553,5952,10072,9646,9416,18904,18096,22099,23066,30251,31328,34988,36199,25591,28546,18590,23128,5672,9518,304031,230885,44328,39799,77400,59893,14617,65,22
2021-07-19T23:59:59+02:00,1641,1434,19989,19298,30268,27848,31440,31487,37349,37887,41280,41681,27442,30651,19593,24546,5951,10069,9446,9219,18591,17820,21636,22648,29997,31096,34868,36098,25557,28508,18572,23112,5672,9515,303459,229255,44322,38857,77399,59779,14609,65,22
2021-07-18T23:59:59+02:00,1630,1429,19922,19233,30142,27748,31377,31424,37287,37836,41239,41630,27422,30621,19584,24531,5947,10066,9337,9104,18426,17671,21447,22458,29829,30898,34755,35998,25527,28485,18561,23095,5672,9509,302684,228008,44322,38557,77397,59738,14600,65,22
2021-07-17T23:59:59+02:00,1629,1425,19915,19231,30142,27745,31377,31420,37282,37834,41235,41628,27421,30620,19583,24531,5947,10066,9316,9089,18393,17649,21429,22445,29819,30891,34736,35994,25524,28483,18561,23094,5672,9509,302651,227854,44322,38554,77397,59727,14596,65,22
2021-07-16T23:59:59+02:00,1576,1380,19640,18983,30017,27649,31294,31347,37225,37771,41195,41596,27402,30603,19576,24521,5945,10060,9202,8976,18023,17350,21126,22175,29430,30536,34605,35891,25501,28460,18554,23081,5670,9507,301653,226610,44300,37840,77395,59395,14367,65,21
2021-07-15T23:59:59+02:00,1518,1337,19379,18736,29837,27502,31186,31248,37143,37689,41128,41529,27359,30573,19560,24507,5941,10057,8840,8672,17106,16520,19580,20952,28513,29613,33985,35312,25335,28280,18499,23032,5664,9495,300383,220511,44258,36386,77387,58470,14136,65,21
2021-07-14T23:59:59+02:00,1505,1325,19350,18700,29814,27476,31163,31217,37132,37676,41109,41523,27351,30566,19551,24500,5940,10054,8553,8375,16554,15920,19088,20434,27951,29114,33593,34937,25223,28152,18460,22966,5659,9484,300113,216350,44256,36028,77384,58043,14134,65,21
2021-07-13T23:59:59+02:00,1493,1315,19314,18675,29797,27452,31141,31202,37117,37649,41085,41495,27342,30552,19549,24495,5939,10048,8250,8114,16156,15565,18814,20156,27688,28865,33322,34681,25125,28032,18427,22925,5657,9479,299831,213654,44255,35993,77383,57551,14126,65,21
2021-07-12T23:59:59+02:00,1478,1305,19269,18658,29764,27423,31124,31181,37105,37632,41068,41480,27339,30548,19547,24489,5938,10048,7990,7898,15876,15290,18115,19610,27375,28545,32909,34319,24958,27840,18368,22850,5651,9474,299577,212376,44254,34063,77383,56574,14117,65,21
2021-07-11T23:59:59+02:00,1468,1297,19239,18629,29734,27394,31109,31153,37098,37611,41054,41468,27330,30539,19545,24489,5937,10047,7946,7851,15811,15219,18027,19556,27291,28483,32797,34257,24904,27795,18348,22828,5651,9471,299334,211802,44252,34052,77381,56331,14109,65,21
2021-07-10T23:59:59+02:00,1339,1181,18735,18211,29292,27101,30827,30923,36854,37452,40854,41318,27258,30479,19519,24457,5934,10044,7816,7782,15529,15085,17810,19408,27051,28343,32633,34140,24839,27749,18332,22815,5650,9471,297139,211384,44119,33934,77352,56090,13103,65,21
2021-07-09T23:59:59+02:00,1328,1175,18707,18181,29272,27084,30815,30910,36844,37440,40843,41310,27254,30475,19517,24453,5934,10043,7774,7735,15459,15019,17747,19315,26831,28113,32384,33927,24776,27686,18310,22789,5650,9468,296997,211105,44100,33931,77351,54928,13072,65,21
2021-07-08T23:59:59+02:00,1252,1094,18441,17968,29126,26934,30678,30793,36742,37338,40745,41233,27220,30440,19498,24435,5929,10039,7607,7601,15163,14772,17317,18955,26139,27514,32114,33661,24609,27529,18252,22727,5647,9462,295736,209974,44046,32514,77343,53910,12715,65,21
2021-07-07T23:59:59+02:00,1153,1002,18131,17644,28929,26751,30550,30670,36629,37218,40639,41149,27186,30392,19484,24418,5926,10036,7411,7390,14722,14404,16852,18513,25385,26905,31706,33282,24346,27205,18157,22633,5638,9453,294168,207057,43997,31679,77332,52954,12345,65,21
2021-07-06T23:59:59+02:00,1130,986,18054,17578,28884,26701,30499,30624,36593,37183,40604,41117,27169,30367,19473,24405,5924,10033,7195,7158,14379,14048,16503,18164,24636,26259,31407,33018,24156,26991,18109,22562,5631,9446,293592,205004,43994,30274,77331,52062,12342,65,21
2021-07-05T23:59:59+02:00,1087,958,17981,17514,28841,26645,30461,30590,36569,37138,40576,41091,27163,30353,19467,24399,5924,10028,6966,6968,14076,13778,16151,17799,24087,25752,30841,32452,23877,26692,18001,22422,5623,9436,293109,203510,43992,28185,77327,50931,12292,65,21
2021-07-04T23:59:59+02:00,1065,942,17910,17465,28802,26624,30440,30561,36559,37128,40561,41079,27157,30342,19462,24396,5924,10027,6940,6951,14022,13732,16077,17741,24003,25696,30688,32361,23785,26603,17969,22381,5621,9432,292793,203120,43991,28176,77316,50424,12279,65,21
2021-07-03T23:59:59+02:00,649,570,16183,15747,27632,25701,29641,29845,35919,36518,40063,40649,27000,30174,19395,24310,5915,10010,6555,6710,13508,13429,15675,17439,23642,25419,30384,32167,23689,26508,17936,22343,5617,9428,285289,202829,43952,28100,77233,50135,9382,65,21
2021-07-02T23:59:59+02:00,610,532,16052,15602,27471,25555,29561,29785,35888,36491,40044,40636,26994,30164,19392,24307,5915,10010,6507,6639,13434,13328,15587,17308,23499,25237,30230,32002,23496,26297,17847,22265,5615,9425,284385,202146,43952,27941,77231,49250,9376,65,21
2021-07-01T23:59:59+02:00,552,487,15874,15448,27253,25401,29484,29708,35833,36440,39978,40591,26974,30147,19381,24295,5913,10006,6368,6510,13094,13057,15060,16871,22236,24253,29469,31322,23218,26010,17729,22131,5608,9410,283200,198621,43947,26276,77219,48111,9334,65,21
2021-06-30T23:59:59+02:00,522,467,15770,15342,27143,25315,29417,29637,35777,36389,39935,40555,26959,30116,19370,24278,5909,10006,6175,6332,12663,12674,14491,16323,21614,23660,28879,30794,22799,25546,17599,21947,5601,9398,282378,194380,43944,26252,77213,46549,9307,65,21
2021-06-29T23:59:59+02:00,465,417,15008,14675,26881,25093,29323,29538,35698,36308,39867,40508,26939,30093,19362,24265,5909,10004,6063,6205,12403,12411,14096,15927,20825,23040,28296,30244,22352,25023,17447,21772,5593,9388,279877,191231,43943,25744,77205,44838,9263,65,21
2021-06-28T23:59:59+02:00,429,386,14380,14036,26724,24989,29249,29472,35640,36243,39823,40474,26921,30073,19354,24254,5909,10000,5996,6110,12224,12272,13908,15750,20205,22493,27897,29874,22016,24666,17318,21609,5588,9384,277942,189549,43939,25090,77201,43452,9209,65,21
2021-06-27T23:59:59+02:00,352,319,14034,13659,26660,24930,29209,29437,35618,36221,39806,40461,26910,30066,19351,24250,5908,9999,5960,6067,12110,12158,13763,15621,19655,22020,27290,29377,21739,24330,17198,21486,5584,9383,276822,188717,43937,23574,77190,42264,9176,65,21
2021-06-26T23:59:59+02:00,351,319,14023,13648,26644,24919,29203,29431,35612,36220,39803,40460,26909,30065,19351,24250,5908,9999,5955,6064,12098,12155,13757,15617,19642,22009,27245,29342,21594,24200,17158,21430,5583,9381,276750,188691,43935,23570,77190,41784,9175,65,21
2021-06-25T23:59:59+02:00,227,206,12762,12429,25181,23775,28902,29197,35506,36138,39737,40398,26885,30038,19341,24239,5905,9997,5912,6017,12002,12076,13615,15495,19332,21771,26861,28983,21271,23807,16984,21233,5580,9372,270523,187468,43931,23287,77172,40374,9172,65,21
2021-06-24T23:59:59+02:00,162,152,11791,11600,24068,22896,28537,28848,35359,35972,39625,40294,26850,29988,19330,24215,5903,9993,5695,5786,11544,11660,13037,14904,17803,20376,25220,27390,20502,22954,16669,20827,5570,9362,265298,182497,43914,19670,77168,37982,9139,64,21
2021-06-23T23:59:59+02:00,126,126,11431,11277,23571,22527,28291,28607,35182,35846,39536,40206,26820,29962,19322,24178,5901,9982,5621,5673,11333,11445,12737,14553,17412,19966,24473,26624,19710,22206,16477,20575,5562,9346,262696,180146,43908,19057,77163,35439,9060,64,21
2021-06-22T23:59:59+02:00,105,113,11248,11065,23413,22385,28211,28535,35106,35784,39490,40161,26805,29938,19314,24170,5901,9981,5512,5552,11067,11187,12370,14183,16810,19370,23743,25858,19331,21782,16314,20396,5555,9330,261551,177118,43905,18193,77161,33991,9044,64,21
2021-06-21T23:59:59+02:00,92,101,10996,10880,22581,21713,27960,28309,35040,35722,39426,40120,26789,29920,19308,24161,5901,9980,5393,5448,10852,10967,12064,13862,16419,19025,23297,25391,19041,21468,16210,20277,5549,9328,258960,175662,43899,17178,77156,32816,8920,64,21
2021-06-20T23:59:59+02:00,86,100,10932,10789,22333,21497,27703,28111,34960,35644,39381,40076,26780,29906,19306,24157,5899,9977,5352,5393,10766,10866,11969,13761,16222,18841,23027,25153,18940,21362,16157,20219,5543,9324,257679,175352,43897,16118,77154,32566,8843,64,21
2021-06-19T23:59:59+02:00,85,96,10908,10765,22300,21473,27685,28098,34948,35640,39371,40072,26779,29905,19306,24155,5899,9977,5321,5361,10685,10776,11877,13640,16074,18689,22720,24793,18854,21275,16145,20206,5542,9324,257525,175248,43876,14622,77154,32553,8843,64,21
2021-06-18T23:59:59+02:00,82,94,10861,10714,21982,21151,27421,27883,34895,35603,39340,40050,26771,29896,19305,24152,5899,9975,5306,5352,10655,10746,11837,13592,16013,18626,22635,24697,18688,21094,16100,20140,5541,9319,256139,174853,43875,14621,77153,32008,8843,64,21
2021-06-17T23:59:59+02:00,73,86,10282,10285,20709,20193,26562,27152,34527,35279,39087,39862,26707,29814,19285,24116,5892,9970,5108,5213,10280,10493,11394,13193,15333,18016,21270,23388,18234,20609,15937,19969,5537,9304,250378,169571,43857,14048,77142,31203,8440,64,21
2021-06-16T23:59:59+02:00,65,74,9946,9972,20030,19563,25924,26550,34279,35079,38927,39714,26665,29761,19262,24093,5891,9966,4965,5067,9893,10158,10936,12742,14630,17327,20422,22461,17832,20164,15769,19757,5527,9292,246548,165801,43845,12777,77129,30173,8175,64,21
2021-06-15T23:59:59+02:00,50,68,9701,9731,19734,19315,25702,26352,34149,34973,38831,39634,26636,29725,19255,24078,5886,9962,4859,4957,9654,9941,10705,12484,14209,16901,19825,21886,17514,19779,15549,19529,5518,9281,244782,163738,43833,11689,77123,29169,7980,64,20
2021-06-14T23:59:59+02:00,46,63,9568,9606,19435,19055,25527,26209,34028,34894,38770,39595,26619,29705,19249,24067,5886,9959,4778,4894,9464,9802,10532,12348,13948,16685,19509,21593,17350,19623,15448,19396,5517,9277,243587,162285,43831,11687,77119,28496,7681,63,20
2021-06-13T23:59:59+02:00,44,59,9408,9476,19146,18870,25176,25955,33827,34727,38664,39528,26604,29693,19239,24060,5886,9956,4696,4828,9255,9636,10368,12177,13624,16349,19161,21262,17223,19475,15401,19331,5515,9275,241944,161439,43831,11687,77116,27070,7364,63,20
2021-06-12T23:59:59+02:00,44,59,9399,9462,19133,18857,25176,25950,33827,34724,38661,39527,26604,29693,19239,24060,5886,9956,4693,4814,9245,9575,10336,12075,13575,16195,19106,21126,17114,19350,15285,19229,5513,9273,241898,161411,43831,11685,77112,26039,7353,63,20
2021-06-11T23:59:59+02:00,39,55,9242,9280,18900,18644,24376,25277,33647,34571,38528,39415,26571,29660,19229,24037,5886,9951,4616,4699,9028,9320,10077,11782,13054,15647,18134,20235,16928,19153,15245,19185,5510,9270,238983,157407,43830,11684,77109,25453,7323,63,20
2021-06-10T23:59:59+02:00,37,51,8848,8946,18248,18154,23526,24599,33327,34291,38326,39250,26515,29606,19206,24009,5883,9944,4441,4522,8450,8829,9274,11063,11908,14547,16153,18330,16040,18195,14960,18818,5501,9248,235365,147769,43170,11651,77083,23758,7086,62,19
2021-06-09T23:59:59+02:00,20,33,8399,8442,17414,17427,22374,23556,32838,33825,38040,39032,26406,29502,19160,23953,5873,9931,4305,4408,8163,8563,9031,10809,11577,14180,15668,17784,15670,17766,14719,18533,5494,9238,231381,145947,41279,11609,77048,21849,6488,29,19
2021-06-08T23:59:59+02:00,11,21,8081,8126,16943,17010,21956,23191,32593,33632,37878,38902,26362,29462,19150,23930,5870,9926,4185,4326,7909,8309,8726,10464,11219,13833,15027,17081,15216,17243,14458,18256,5489,9220,228655,144246,41247,10489,77039,20137,6074,29,19
2021-06-07T23:59:59+02:00,8,17,7884,7894,16585,16686,21412,22736,32312,33361,37761,38786,26336,29414,19133,23904,5865,9925,4109,4246,7728,8168,8566,10322,11049,13661,14717,16755,15020,16990,14285,18065,5485,9215,227035,143168,40272,10397,77028,19145,5656,28,19
2021-06-06T23:59:59+02:00,6,14,7776,7785,16451,16541,21217,22529,32085,33137,37626,38680,26308,29389,19120,23888,5865,9919,4080,4211,7682,8050,8514,10194,10944,13515,14521,16538,14838,16812,14196,17945,5478,9209,225803,142688,39973,10387,77010,18115,5522,28,19
2021-06-05T23:59:59+02:00,6,14,7754,7771,16422,16514,21210,22526,32075,33131,37624,38679,26307,29389,19119,23887,5865,9919,4071,4172,7667,7985,8500,10061,10930,13344,14503,16433,14801,16757,14187,17935,5478,9208,225694,142607,39973,10387,77009,17515,5508,28,19
2021-06-04T23:59:59+02:00,6,12,7640,7669,16143,16277,20933,22280,31651,32758,37511,38558,26274,29350,19107,23874,5863,9917,4064,4163,7641,7962,8474,10031,10863,13271,14398,16303,14720,16664,14150,17891,5478,9206,224100,142274,39197,10058,76990,17424,5508,28,19
2021-06-03T23:59:59+02:00,4,12,7385,7441,15266,15493,19299,20888,30740,31828,37008,38099,26143,29217,19063,23823,5857,9899,4003,4125,7553,7891,8352,9933,10694,13090,13831,15734,14458,16350,14065,17785,5475,9193,217479,140062,37619,9946,76980,17150,5359,28,19
2021-06-02T23:59:59+02:00,4,12,7250,7297,14880,15064,18867,20486,30271,31373,36782,37835,26079,29153,19043,23794,5854,9897,3973,4095,7488,7804,8264,9841,10554,12959,13385,15303,14334,16167,14038,17748,5472,9188,214391,138273,37188,9852,76979,17118,5355,28,19
2021-06-01T23:59:59+02:00,4,9,6974,7052,14483,14752,18524,20168,29944,31062,36559,37601,26023,29074,19019,23765,5852,9886,3871,4009,7246,7628,8032,9648,10290,12685,12983,14881,13903,15717,13922,17596,5465,9180,211647,136158,37143,9598,76958,16310,4975,28,19
2021-05-31T23:59:59+02:00,4,9,6811,6862,14264,14519,17820,19566,29603,30723,36262,37338,25933,28977,18993,23711,5842,9873,3792,3898,7037,7382,7809,9362,9948,12302,12543,14362,13375,15104,13723,17367,5457,9165,210220,132980,35094,9274,76941,15530,4827,28,19
2021-05-30T23:59:59+02:00,4,9,6788,6847,14218,14481,17743,19507,29553,30685,36231,37315,25921,28965,18990,23705,5841,9871,3749,3824,6889,7176,7661,9132,9744,11989,12287,14014,13254,14934,13654,17285,5454,9158,209925,132261,35082,9173,76887,14003,4752,28,19
2021-05-29T23:59:59+02:00,4,9,6786,6846,14209,14475,17738,19501,29548,30681,36228,37314,25919,28962,18990,23704,5841,9871,3740,3811,6860,7143,7628,9081,9708,11942,12214,13916,13213,14866,13624,17261,5453,9153,209893,132122,35082,9172,76872,13553,4751,28,19
2021-05-28T23:59:59+02:00,4,9,6776,6834,14194,14458,17721,19480,29537,30668,36217,37296,25918,28958,18988,23700,5841,9871,3726,3788,6838,7103,7594,9027,9655,11838,11974,13646,13024,14675,13594,17221,5450,9150,209742,130832,35081,9171,76869,13534,4750,28,19
2021-05-27T23:59:59+02:00,4,9,6685,6753,13926,14241,17236,19133,28858,30126,36058,37165,25872,28924,18973,23686,5840,9865,3601,3628,6551,6851,7218,8721,9157,11280,11265,12752,12474,14107,13464,17029,5443,9138,208665,127322,33641,8842,76827,12306,4193,28,19
2021-05-26T23:59:59+02:00,4,9,6614,6645,13712,14038,16983,18826,28314,29614,35883,36990,25835,28879,18958,23662,5839,9860,3511,3485,6326,6562,6931,8295,8817,10802,10613,11954,11912,13491,13318,16814,5438,9116,207074,123713,32887,8659,76814,11135,3862,28,19
2021-05-25T23:59:59+02:00,4,9,6533,6550,13507,13817,16720,18616,27589,28968,35790,36893,25812,28851,18946,23646,5834,9859,3462,3394,6181,6394,6785,8105,8591,10511,10267,11588,11566,13017,13213,16653,5435,9108,206364,121875,31435,8520,76328,10069,3790,27,19
2021-05-24T23:59:59+02:00,4,9,6463,6453,13330,13617,16498,18333,27178,28543,35444,36494,25755,28783,18927,23622,5833,9857,3448,3372,6123,6312,6740,8022,8532,10416,10194,11491,11393,12785,13166,16562,5427,9088,205831,121252,29213,8475,76321,9577,3751,27,19
2021-05-23T23:59:59+02:00,4,9,6461,6452,13325,13608,16495,18323,27159,28533,35414,36460,25752,28777,18927,23616,5833,9857,3445,3368,6117,6302,6730,8015,8504,10386,10154,11434,11310,12684,13146,16531,5427,9087,205716,121246,29197,8063,76320,9570,3745,27,19
2021-05-22T23:59:59+02:00,4,9,6454,6448,13318,13597,16489,18319,27156,28532,35411,36454,25752,28777,18927,23616,5833,9857,3444,3368,6114,6299,6729,8011,8500,10384,10149,11431,11299,12670,13141,16527,5426,9087,205666,121206,29197,8063,76318,9549,3745,27,19
2021-05-21T23:59:59+02:00,4,9,6394,6388,13166,13491,16316,18168,26886,28354,34982,36188,25726,28740,18919,23610,5832,9853,3435,3358,6081,6278,6698,7977,8461,10335,10096,11381,10782,11957,13001,16367,5423,9082,204977,119448,29072,8060,75276,9514,3674,27,19
2021-05-20T23:59:59+02:00,3,8,6101,6187,12556,13074,15122,17246,24972,26858,34029,35419,25621,28595,18865,23529,5826,9838,3375,3313,5988,6161,6586,7821,8314,10174,9859,11075,10447,11508,12889,16186,5413,9069,200217,117461,27328,7984,72733,9172,3545,26,19
2021-05-19T23:59:59+02:00,3,8,5895,5946,12042,12616,14413,16541,24025,26044,33405,34822,25511,28505,18830,23473,5818,9826,3298,3240,5826,5991,6396,7581,8039,9894,9557,10696,10135,11093,12810,16041,5411,9061,194531,115554,27290,7789,72718,8552,3158,26,19
2021-05-18T23:59:59+02:00,3,7,5725,5837,11642,12294,13790,16041,22869,25095,32739,34216,25395,28370,18784,23423,5813,9817,3255,3208,5715,5884,6233,7423,7834,9677,9360,10456,9968,10845,12665,15821,5402,9052,189580,114414,26784,7721,72674,7851,2796,26,19
2021-05-17T23:59:59+02:00,3,6,5672,5792,11479,12187,13519,15819,22055,24460,32431,33902,25316,28311,18762,23393,5804,9808,3138,3133,5524,5700,6060,7208,7624,9450,9136,10213,9880,10721,12607,15758,5399,9047,187817,113661,26084,7715,72282,6696,2510,26,19
2021-05-16T23:59:59+02:00,3,6,5645,5772,11418,12132,13434,15739,21445,23913,31817,33372,25275,28268,18752,23378,5803,9808,3134,3111,5510,5631,6032,7149,7596,9348,9104,10129,9864,10702,12604,15755,5399,9047,187050,113551,24541,7708,71863,6341,2500,26,18
2021-05-15T23:59:59+02:00,3,6,5636,5763,11385,12123,13405,15729,21371,23842,31278,32998,25264,28263,18751,23375,5802,9807,3120,3096,5491,5589,6018,7073,7556,9233,8868,9875,9831,10671,12570,15704,5399,9046,187001,113546,24529,7570,71214,5978,2031,26,18
2021-05-14T23:59:59+02:00,3,6,5596,5738,11323,12085,13333,15664,20960,23530,30848,32653,25228,28217,18740,23358,5802,9805,3088,3056,5455,5500,5997,6938,7516,9031,8808,9680,9760,10561,12483,15579,5399,9043,186278,113377,24210,7240,70345,5232,2030,26,18
2021-05-13T23:59:59+02:00,3,6,5438,5580,10942,11789,12619,15076,18776,21782,29303,31185,24998,27974,18673,23287,5800,9802,3076,3021,5431,5461,5980,6880,7492,8960,8764,9620,9545,10318,12286,15278,5394,9033,182326,113021,20411,6426,68255,5062,2015,26,18
2021-05-12T23:59:59+02:00,2,6,5409,5553,10870,11731,12518,14988,18654,21658,28940,30821,24906,27879,18656,23258,5799,9797,3076,3017,5425,5455,5970,6866,7467,8945,8725,9566,9361,10088,12056,14957,5391,9026,181378,112740,19774,5565,68252,5056,2015,26,18
2021-05-11T23:59:59+02:00,2,6,5272,5449,10623,11484,12152,14615,18043,21022,28009,29852,24713,27690,18597,23183,5794,9782,3034,2976,5336,5300,5870,6683,7337,8705,8565,9344,9180,9894,11909,14770,5382,9008,177304,111707,18884,5456,68119,4160,1955,26,18
2021-05-10T23:59:59+02:00,2,5,5148,5371,10410,11289,11893,14360,17717,20689,27589,29445,24604,27583,18559,23136,5786,9778,2965,2923,5219,5183,5756,6580,7213,8564,8438,9237,9076,9770,11819,14642,5379,9000,175303,111178,18194,5444,67894,3180,1947,26,18
2021-05-09T23:59:59+02:00,2,5,5075,5323,10311,11175,11794,14242,17377,20406,27199,29072,24518,27497,18530,23100,5783,9775,2896,2892,5073,5140,5581,6537,7045,8535,8310,9201,9064,9760,11801,14622,5379,9000,174909,111102,16917,5434,67400,2353,1932,26,18
2021-05-08T23:59:59+02:00,2,5,5074,5322,10309,11171,11794,14242,17373,20404,27196,29069,24518,27497,18530,23100,5783,9775,2896,2891,5072,5140,5581,6537,7045,8535,8307,9201,9063,9759,11801,14622,5379,9000,174892,111099,16917,5434,67397,2349,1932,26,18
2021-05-07T23:59:59+02:00,2,5,5040,5296,10240,11118,11665,14118,16973,20129,26560,28511,24470,27446,18513,23066,5776,9746,2886,2883,5056,5131,5570,6519,7033,8524,8299,9190,9057,9751,11790,14600,5371,8973,174058,111084,16914,5425,65873,2306,1803,26,18
2021-05-06T23:59:59+02:00,1,5,4770,5135,9778,10774,11103,13602,15887,19108,24154,26221,23972,26921,18407,22963,5771,9732,2844,2839,4989,5056,5530,6427,6950,8405,8168,9039,8957,9641,11766,14549,5368,8970,169036,110542,14462,5369,62990,1780,1792,24,18
2021-05-05T23:59:59+02:00,1,5,4692,5058,9485,10544,10762,13276,15307,18503,23312,25259,23711,26597,18338,22857,5761,9714,2824,2803,4939,4970,5471,6306,6866,8240,8044,8824,8851,9510,11689,14464,5367,8962,165376,109604,13153,5364,62840,1357,1789,24,18
2021-05-04T23:59:59+02:00,1,5,4607,4967,9311,10337,10554,13034,14919,18104,22768,24695,23497,26324,18266,22778,5753,9701,2815,2769,4911,4894,5438,6187,6812,8100,7951,8669,8747,9399,11615,14406,5365,8959,163120,109107,12029,5353,62679,792,1769,24,18
2021-05-03T23:59:59+02:00,1,5,4535,4893,9119,10200,10377,12858,14636,17857,22359,24280,23358,26175,18239,22731,5753,9695,2739,2699,4824,4820,5362,6101,6716,7994,7770,8504,8661,9313,11576,14357,5362,8954,161615,108887,12028,5350,62587,682,817,24,18
2021-05-02T23:59:59+02:00,1,5,4522,4879,9042,10142,10252,12746,14310,17550,22057,23994,23308,26116,18220,22706,5752,9694,2733,2692,4764,4786,5272,6017,6579,7865,7653,8404,8615,9271,11552,14323,5360,8949,160729,108771,12025,5348,62483,665,35,24,18
2021-05-01T23:59:59+02:00,1,5,4522,4877,9040,10141,10251,12746,14307,17547,22055,23994,23307,26115,18220,22706,5752,9694,2733,2692,4764,4786,5272,6017,6578,7865,7653,8404,8615,9271,11552,14323,5360,8949,160713,108771,12025,5347,62483,665,35,24,18
2021-04-30T23:59:59+02:00,0,5,4450,4786,8798,9927,9989,12504,13825,17122,21214,23226,23181,25979,18204,22678,5749,9691,2730,2690,4753,4778,5263,5983,6566,7835,7619,8367,8611,9268,11551,14320,5358,8948,157124,108744,12024,5345,62154,533,2,24,18
2021-04-29T23:59:59+02:00,0,5,4301,4642,8317,9519,9290,11900,12824,16225,19374,21548,22476,25221,18066,22468,5743,9674,2708,2669,4712,4706,5220,5908,6503,7729,7540,8249,8501,9153,11486,14244,5352,8939,147955,108255,12010,5072,61603,274,2,23,18
2021-04-28T23:59:59+02:00,0,5,4268,4623,8246,9445,9214,11813,12705,16106,19157,21334,22388,25129,18038,22427,5741,9669,2705,2658,4686,4646,5193,5864,6473,7656,7492,8167,8484,9129,11470,14222,5351,8933,147574,108065,11920,5000,60790,48,1,23,17
2021-04-27T23:59:59+02:00,0,5,4228,4577,8108,9305,9101,11662,12560,15937,18709,20836,22160,24871,17973,22349,5738,9661,2702,2654,4684,4642,5183,5856,6460,7637,7460,8130,8426,9050,11389,14140,5347,8929,146848,107809,10839,4827,60069,40,1,23,14
2021-04-26T23:59:59+02:00,0,5,4186,4549,8002,9210,8954,11557,12386,15764,18297,20472,22026,24725,17938,22321,5738,9660,2702,2652,4680,4638,5179,5846,6446,7617,7426,8102,8378,9002,11333,14062,5344,8912,146080,107701,10704,4571,58983,35,0,23,14
2021-04-25T23:59:59+02:00,0,5,4172,4534,7966,9180,8890,11495,12251,15634,17952,20142,21826,24487,17898,22266,5734,9655,2702,2652,4679,4637,5177,5842,6441,7614,7424,8098,8322,8943,11310,14034,5344,8911,144699,107680,10693,4404,58672,34,0,23,14
2021-04-24T23:59:59+02:00,0,5,4166,4526,7951,9176,8875,11485,12203,15604,17894,20104,21810,24474,17896,22261,5734,9655,2701,2652,4679,4637,5177,5842,6441,7614,7424,8098,8322,8942,11310,14034,5344,8911,144603,107680,10693,4404,58500,33,0,23,13
2021-04-23T23:59:59+02:00,0,5,4146,4493,7894,9113,8792,11383,11863,15279,17461,19707,21596,24241,17833,22184,5732,9647,2698,2650,4676,4634,5170,5835,6427,7605,7401,8067,8301,8915,11302,14026,5342,8908,143341,107668,10346,4246,57659,32,0,23,13
2021-04-22T23:59:59+02:00,0,5,4097,4428,7762,8921,8607,11123,11536,14859,16547,18721,21024,23532,17698,22004,5723,9628,2689,2644,4671,4613,5147,5809,6385,7569,7331,8021,8168,8759,11160,13874,5338,8899,139604,107050,10220,3991,56370,25,0,21,13
2021-04-21T23:59:59+02:00,0,5,4055,4385,7660,8801,8451,10964,11242,14580,15813,17963,20645,23084,17626,21899,5718,9615,2681,2633,4653,4594,5131,5788,6373,7552,7303,8000,8119,8698,11123,13835,5336,8897,136691,106770,10090,3913,55708,23,0,17,12
2021-04-20T23:59:59+02:00,0,5,4030,4359,7625,8749,8374,10884,11080,14405,15378,17486,20184,22570,17527,21747,5710,9604,2673,2624,4643,4581,5106,5768,6345,7528,7263,7960,8025,8566,11048,13748,5332,8893,134547,106198,9826,3873,55327,22,0,17,12
2021-04-19T23:59:59+02:00,0,5,3999,4309,7563,8645,8282,10745,10922,14222,15125,17192,19706,22006,17361,21533,5699,9592,2668,2623,4637,4577,5093,5753,6326,7511,7237,7916,7972,8512,11022,13702,5329,8888,132484,105864,9472,3870,54933,22,0,17,12
2021-04-18T23:59:59+02:00,0,5,3981,4280,7503,8594,8176,10618,10663,13980,14633,16653,19276,21496,17239,21347,5695,9586,2667,2623,4637,4577,5093,5753,6325,7508,7234,7915,7968,8509,11020,13698,5328,8885,130070,105841,9401,3868,54237,21,0,17,12
2021-04-17T23:59:59+02:00,0,5,3978,4272,7483,8588,8166,10600,10621,13934,14523,16565,19155,21372,17217,21319,5693,9584,2667,2623,4636,4575,5087,5748,6311,7503,7209,7892,7922,8463,11001,13675,5327,8885,129632,105831,9392,3662,54034,21,0,17,12
2021-04-16T23:59:59+02:00,0,5,3967,4229,7410,8466,8063,10442,10427,13673,13854,15803,18587,20726,17092,21144,5682,9567,2664,2620,4631,4570,5082,5736,6294,7492,7171,7857,7615,8074,10910,13536,5319,8869,126785,105036,9332,3373,53003,21,0,17,12
2021-04-15T23:59:59+02:00,0,4,3923,4175,7297,8335,7892,10204,10092,13283,13124,14945,17779,19860,16850,20820,5669,9546,2663,2612,4619,4554,5069,5706,6264,7456,7101,7788,7059,7428,10791,13384,5315,8858,123132,103404,9174,3234,51475,19,0,17,12
2021-04-14T23:59:59+02:00,0,3,3896,4146,7231,8229,7786,10054,9917,13084,12706,14499,17253,19248,16699,20610,5664,9533,2630,2593,4601,4522,5040,5659,6229,7423,7044,7727,6427,6671,10529,13096,5311,8850,121745,101094,8940,3234,49856,14,0,17,12
2021-04-13T23:59:59+02:00,0,3,3893,4140,7194,8213,7729,10021,9809,13031,12333,14206,16564,18401,16463,20309,5660,9527,2606,2566,4581,4496,5015,5625,6170,7355,6955,7626,6215,6421,9954,12442,5303,8831,121054,98912,8722,3226,47703,14,0,17,11
2021-04-12T23:59:59+02:00,0,3,3879,4122,7141,8167,7672,9952,9701,12929,12086,13994,16121,17885,16275,20095,5655,9524,2577,2555,4515,4454,4908,5556,6055,7279,6837,7527,5470,5601,9506,11906,5263,8789,120721,95557,8686,3218,45777,14,0,17,11
2021-04-11T23:59:59+02:00,0,3,3865,4114,7100,8115,7613,9908,9608,12851,11848,13786,15557,17197,16000,19754,5650,9514,2501,2472,4386,4332,4753,5423,5892,7127,6685,7421,5167,5240,9375,11747,5263,8785,120134,93378,8258,3169,44074,13,0,17,11
2021-04-10T23:59:59+02:00,0,3,3847,4095,7061,8068,7569,9852,9548,12792,11756,13701,15340,17005,15951,19686,5649,9507,1942,1904,3567,3611,3879,4658,4887,6207,5830,6636,4894,4934,9247,11595,5257,8776,119670,84633,8258,3169,43485,13,0,17,11
2021-04-09T23:59:59+02:00,0,3,3827,4075,7023,8039,7505,9796,9395,12664,11429,13416,14158,15475,15509,19155,5637,9497,1083,1077,2210,2418,2372,3285,3101,4566,4212,5174,4211,4201,9000,11241,5233,8747,117775,68943,8256,3166,40555,13,0,17,11
2021-04-08T23:59:59+02:00,0,3,3801,4059,6962,7986,7402,9701,9208,12545,11025,13062,13025,14220,15100,18634,5618,9467,582,588,1292,1712,1466,2353,2001,3478,2828,3788,2968,2803,8199,10263,5093,8526,116532,54757,8175,3163,37094,11,0,17,11
2021-04-07T23:59:59+02:00,0,3,3754,4034,6884,7932,7310,9631,9080,12416,10716,12754,12298,13450,14883,18369,5612,9448,351,371,941,1367,1060,1967,1490,3015,1884,2781,1786,1516,7295,9124,4938,8267,115571,44973,8024,3163,34963,8,0,16,11
2021-04-06T23:59:59+02:00,0,3,3738,4022,6862,7894,7255,9564,8987,12336,10505,12536,11913,12955,14661,18072,5601,9434,344,357,932,1357,1045,1946,1463,2987,1825,2722,1707,1450,6885,8570,4788,8030,114292,43230,7925,3162,34107,7,0,14,11
2021-04-05T23:59:59+02:00,0,3,3733,4021,6851,7882,7243,9554,8968,12308,10441,12477,11802,12810,14563,17980,5599,9431,342,351,921,1353,1039,1938,1453,2967,1804,2688,1654,1397,6657,8268,4666,7848,113957,42169,7904,3161,33791,7,0,14,11
2021-04-04T23:59:59+02:00,0,3,3733,4021,6849,7876,7242,9553,8965,12308,10431,12472,11799,12806,14560,17979,5599,9431,342,350,919,1353,1038,1936,1452,2966,1802,2685,1651,1392,6650,8255,4661,7845,113952,42121,7903,3160,33758,7,0,14,11
2021-04-03T23:59:59+02:00,0,3,3733,4021,6849,7875,7241,9553,8965,12308,10430,12472,11799,12805,14558,17977,5599,9431,342,349,917,1349,1036,1935,1451,2961,1800,2685,1646,1380,6607,8174,4626,7810,113948,41892,7903,3160,33754,7,0,14,11
2021-04-02T23:59:59+02:00,0,3,3731,4019,6847,7872,7235,9547,8953,12301,10414,12456,11672,12691,14515,17920,5595,9423,340,347,915,1342,1030,1924,1436,2936,1760,2646,1551,1294,5844,7275,4194,7248,113825,39228,7898,2838,33457,7,0,14,11
2021-04-01T23:59:59+02:00,0,2,3691,4007,6813,7850,7193,9516,8901,12262,10343,12385,11332,12284,14140,17409,5591,9410,335,344,899,1327,1018,1905,1404,2890,1701,2581,1428,1201,4911,6170,3644,6426,113442,35335,6492,2833,33181,7,0,14,11
2021-03-31T23:59:59+02:00,0,2,3685,4003,6798,7831,7176,9498,8866,12230,10255,12313,11002,11878,13796,16916,5585,9389,332,341,891,1319,1008,1890,1384,2862,1651,2545,1363,1149,4338,5505,3297,5968,112869,33067,5494,2760,32846,7,0,14,11
2021-03-30T23:59:59+02:00,0,2,3667,3979,6762,7792,7119,9431,8777,12126,10092,12158,10744,11601,13573,16650,5579,9375,328,334,885,1309,1001,1884,1361,2856,1623,2519,1336,1123,4220,5383,3237,5876,112048,32695,5244,2564,32121,7,0,14,11
2021-03-29T23:59:59+02:00,0,2,3658,3957,6736,7770,7079,9378,8681,12031,9909,11951,10312,11133,13200,16182,5562,9342,323,330,881,1299,995,1876,1353,2845,1607,2510,1311,1109,4087,5240,3140,5745,110374,32078,4936,2558,31559,6,0,14,11
2021-03-28T23:59:59+02:00,0,2,3616,3901,6621,7612,6962,9237,8554,11838,9757,11760,10101,10873,13024,15996,5557,9332,323,330,881,1299,993,1875,1352,2845,1606,2508,1302,1106,4054,5198,3114,5719,110001,32035,4672,2456,30056,5,0,14,11
2021-03-27T23:59:59+01:00,0,2,3615,3890,6609,7547,6932,9123,8504,11667,9705,11606,9987,10750,12930,15908,5556,9332,323,329,881,1299,993,1872,1352,2843,1602,2507,1300,1104,4028,5163,3101,5704,109992,31932,4672,2455,28985,5,0,14,11
2021-03-26T23:59:59+01:00,0,2,3609,3882,6581,7510,6903,9050,8456,11554,9614,11478,9938,10687,12884,15854,5549,9312,318,327,880,1296,989,1860,1349,2822,1581,2493,1275,1088,3848,4941,2995,5551,109936,31185,4452,2414,28461,5,0,14,11
2021-03-25T23:59:59+01:00,0,2,3586,3851,6490,7383,6811,8885,8265,11322,9305,11162,9560,10305,12581,15539,5544,9303,318,326,878,1288,986,1849,1336,2809,1557,2474,1249,1069,3615,4699,2745,5216,109563,29987,4245,2414,26072,4,0,14,11
2021-03-24T23:59:59+01:00,0,2,3531,3800,6401,7196,6691,8659,8098,11086,9080,10837,9145,9818,12164,15080,5533,9293,318,325,877,1285,981,1847,1328,2805,1541,2458,1241,1059,3548,4626,2564,4995,109052,29374,4108,2414,23240,1,0,14,11
2021-03-23T23:59:59+01:00,0,2,3513,3767,6352,7140,6615,8600,7980,10957,8831,10604,8725,9349,11713,14561,5524,9278,318,325,876,1275,976,1838,1323,2796,1537,2450,1217,1034,3456,4550,2372,4678,108239,28597,4015,2414,21243,1,0,14,11
2021-03-22T23:59:59+01:00,0,2,3505,3747,6309,7111,6581,8553,7914,10881,8682,10468,8444,8996,11410,14235,5488,9239,316,320,870,1265,968,1831,1316,2785,1528,2440,1205,1025,3428,4515,2353,4645,107568,28387,4012,2413,19971,1,0,14,11
2021-03-21T23:59:59+01:00,0,2,3503,3745,6305,7100,6564,8537,7895,10862,8626,10410,8324,8879,11339,14133,5486,9236,314,319,861,1262,961,1824,1307,2783,1524,2436,1201,1022,3419,4500,2339,4636,107483,28285,4011,2413,19438,1,0,14,11
2021-03-20T23:59:59+01:00,0,2,3495,3707,6297,7028,6549,8400,7870,10678,8582,10274,8246,8793,11301,14094,5486,9236,314,319,861,1262,961,1823,1306,2783,1524,2434,1201,1022,3419,4499,2339,4635,107450,28280,3799,2412,18775,1,0,14,11
2021-03-19T23:59:59+01:00,0,2,3482,3677,6271,6945,6525,8307,7824,10561,8468,10113,7709,8186,11117,13853,5476,9218,311,318,856,1255,944,1813,1283,2752,1474,2389,1117,954,2755,3710,1928,4066,105837,25503,3499,2412,18384,1,0,14,11
2021-03-18T23:59:59+01:00,0,2,3471,3659,6230,6904,6492,8245,7761,10474,8353,9984,6754,7090,10838,13553,5466,9193,310,318,853,1250,938,1804,1264,2744,1449,2370,1080,937,2548,3471,1772,3845,102821,24531,3341,2412,18293,1,0,14,11
2021-03-17T23:59:59+01:00,0,2,3434,3621,6159,6820,6439,8142,7671,10346,8223,9826,6073,6248,10552,13249,5449,9167,309,318,846,1245,934,1792,1250,2722,1431,2345,1044,914,2429,3346,1693,3735,100052,23931,3340,2412,18015,1,0,14,11
2021-03-16T23:59:59+01:00,0,2,3416,3592,6120,6767,6394,8069,7618,10282,8133,9725,5896,6072,9851,12460,5410,9104,302,308,832,1229,922,1783,1244,2702,1418,2337,1030,895,2215,3107,1560,3540,97817,23004,3330,2410,17750,1,0,14,11
2021-03-15T23:59:59+01:00,0,2,3379,3560,6024,6688,6264,7977,7476,10163,8004,9600,5144,5238,9408,11912,5367,9034,301,307,829,1225,921,1776,1242,2689,1409,2328,1017,883,2073,2934,1474,3446,94307,22435,3323,2409,17596,1,0,14,11
2021-03-14T23:59:59+01:00,0,2,3254,3413,5746,6342,5988,7616,7162,9748,7719,9282,4811,4847,9251,11715,5363,9024,301,306,829,1225,920,1776,1240,2688,1407,2325,1015,881,2070,2931,1471,3445,91913,22414,3268,2406,16088,1,0,14,11
2021-03-13T23:59:59+01:00,0,2,2600,2751,4805,5474,4970,6687,5967,8629,6704,8339,4498,4464,8868,11196,5273,8916,301,306,828,1223,920,1771,1237,2686,1406,2325,1015,880,2046,2895,1441,3410,81226,22274,3268,2406,15635,1,0,14,11
2021-03-12T23:59:59+01:00,0,2,1774,1930,3467,4324,3464,5353,4220,6990,5070,6833,3831,3760,7619,9649,4773,8237,297,303,826,1219,914,1764,1229,2666,1380,2308,969,855,1698,2433,1173,3059,62411,20677,3265,2406,15606,1,0,14,11
2021-03-11T23:59:59+01:00,0,2,1274,1453,2563,3583,2560,4413,3127,5900,3708,5449,2656,2483,5922,7540,4010,7062,292,294,810,1210,901,1741,1211,2637,1355,2262,932,835,1541,2204,1050,2871,45126,19731,3263,2406,15302,1,0,14,10
2021-03-10T23:59:59+01:00,0,2,1050,1235,2195,3222,2185,4022,2676,5459,2805,4482,1528,1285,4573,5822,3455,6293,282,284,792,1191,879,1705,1177,2564,1316,2196,907,815,1362,2014,954,2698,34113,18828,3263,2299,14900,1,0,13,10
2021-03-09T23:59:59+01:00,0,2,1034,1208,2129,3081,2120,3907,2591,5325,2721,4356,1494,1255,4498,5749,3416,6236,278,277,778,1170,862,1678,1152,2524,1298,2168,892,803,1285,1890,883,2588,33708,18262,3260,2255,14141,1,0,13,10
2021-03-08T23:59:59+01:00,0,2,1012,1177,2072,2982,2080,3825,2532,5212,2665,4284,1456,1235,4352,5591,3315,6095,278,273,773,1162,860,1669,1144,2516,1290,2152,868,782,1119,1665,760,2424,33019,17475,3260,2251,13595,1,0,13,10
2021-03-07T23:59:59+01:00,0,2,1007,1158,2032,2939,2038,3784,2492,5147,2624,4247,1451,1232,4345,5583,3313,6095,278,273,773,1162,860,1669,1144,2516,1289,2152,865,782,1110,1655,752,2413,32989,17475,3254,2210,13233,0,0,13,10
2021-03-06T23:59:59+01:00,0,2,1007,1154,2021,2925,2026,3765,2476,5120,2606,4226,1438,1222,4311,5539,3299,6083,278,273,773,1162,860,1668,1144,2516,1289,2152,865,782,1110,1655,752,2412,32845,17474,3253,2209,13109,0,0,13,10
2021-03-05T23:59:59+01:00,0,2,1003,1150,2006,2905,1996,3742,2433,5068,2553,4189,1402,1194,4045,5214,3149,5862,277,270,766,1155,854,1660,1141,2507,1286,2142,851,778,1102,1646,751,2410,32106,17379,2922,2209,12872,0,0,13,10
2021-03-04T23:59:59+01:00,0,2,909,1003,1918,2777,1928,3605,2357,4914,2463,4031,1372,1173,3805,4955,2885,5513,277,268,764,1150,851,1652,1140,2494,1282,2133,820,764,1090,1635,744,2398,30860,17268,2918,2186,11819,0,0,13,10
2021-03-03T23:59:59+01:00,0,2,863,896,1853,2681,1857,3500,2288,4798,2389,3947,1360,1160,3695,4850,2663,5241,276,266,763,1141,848,1634,1134,2452,1272,2107,803,760,1082,1617,737,2391,30188,17242,2801,2033,11041,0,0,13,10
2021-03-02T23:59:59+01:00,0,2,818,821,1756,2557,1772,3376,2197,4674,2329,3869,1325,1138,3566,4715,2460,4895,276,265,762,1135,845,1631,1129,2447,1268,2097,801,758,1068,1596,726,2372,29464,17136,2612,2032,10181,0,0,13,10
2021-03-01T23:59:59+01:00,0,2,795,782,1656,2413,1701,3232,2097,4502,2249,3748,1307,1126,3516,4652,2416,4833,276,264,758,1131,844,1619,1125,2435,1263,2087,795,756,1063,1585,719,2365,29212,17045,2528,2032,9274,0,0,13,10
2021-02-28T23:59:59+01:00,0,2,789,759,1637,2347,1673,3160,2074,4402,2235,3681,1301,1120,3506,4637,2402,4823,275,263,758,1130,844,1614,1125,2433,1263,2082,792,754,1055,1572,715,2355,29105,17023,2526,1999,8904,0,0,13,10
2021-02-27T23:59:59+01:00,0,2,774,742,1615,2287,1656,3048,2055,4276,2214,3585,1298,1117,3506,4635,2401,4822,275,263,758,1130,844,1613,1125,2433,1263,2081,792,754,1054,1571,714,2353,29100,17021,2525,1994,8395,0,0,13,10
2021-02-26T23:59:59+01:00,0,2,646,661,1510,2174,1604,2889,1992,4039,2113,3349,1208,1046,2855,3842,1975,4240,275,263,757,1128,843,1612,1125,2431,1261,2078,790,749,1036,1558,704,2337,26310,16947,2525,1992,7297,0,0,13,10
2021-02-25T23:59:59+01:00,0,2,496,581,1391,2072,1537,2761,1931,3911,2013,3237,1159,1014,2625,3572,1811,3997,258,248,732,1104,801,1543,1078,2333,1187,1986,733,728,1004,1521,692,2309,25245,16854,2498,1395,6354,0,0,13,10
2021-02-24T23:59:59+01:00,0,2,466,550,1322,1959,1464,2617,1861,3758,1936,3088,1121,984,2486,3435,1732,3878,229,235,705,1059,774,1481,1048,2273,1133,1936,706,705,958,1492,681,2279,24594,16668,2487,1018,5565,0,0,13,10
2021-02-23T23:59:59+01:00,0,2,410,510,1239,1819,1389,2471,1784,3547,1865,2966,1096,950,2283,3206,1607,3692,224,229,690,1036,762,1442,1026,2230,1108,1895,697,693,949,1478,678,2275,23672,16582,2477,822,4674,0,0,13,10
2021-02-22T23:59:59+01:00,0,2,397,477,1140,1708,1287,2374,1675,3441,1784,2895,1075,937,2141,3034,1522,3596,213,220,668,985,731,1379,1000,2136,1064,1813,654,661,880,1401,642,2219,23098,16393,2473,265,3901,0,0,13,10
2021-02-21T23:59:59+01:00,0,2,378,461,1039,1676,1135,2350,1520,3418,1681,2877,1067,935,2140,3033,1522,3596,186,214,637,977,720,1371,986,2131,1059,1811,651,658,877,1397,634,2212,23069,16262,2473,251,3275,0,0,13,10
2021-02-20T23:59:59+01:00,0,2,378,459,1038,1676,1134,2350,1518,3416,1681,2875,1067,934,2139,3033,1521,3595,185,212,634,977,717,1370,980,2128,1057,1811,651,658,877,1397,634,2212,23062,16241,2472,251,3269,0,0,13,10
2021-02-19T23:59:59+01:00,0,2,373,450,1026,1672,1124,2340,1505,3397,1648,2860,1017,906,1768,2526,1224,3213,164,202,608,973,699,1362,963,2126,1051,1809,648,657,875,1397,633,2211,21321,16119,2472,251,3245,0,0,13,10
2021-02-18T23:59:59+01:00,0,2,353,430,986,1590,1086,2253,1452,3279,1607,2770,987,883,1595,2283,1095,3009,144,191,569,962,679,1349,929,2110,1026,1789,637,638,854,1369,619,2190,20341,15796,2472,251,2834,0,0,13,10
2021-02-17T23:59:59+01:00,0,2,330,377,902,1447,979,2053,1318,3025,1495,2550,950,853,1406,2071,994,2832,138,184,557,931,653,1298,896,2032,976,1713,603,606,847,1343,614,2171,19268,15303,2472,251,1831,0,0,13,10
2021-02-16T23:59:59+01:00,0,2,324,338,858,1309,927,1865,1257,2800,1429,2389,938,836,1343,1975,927,2736,132,171,543,888,638,1244,868,1969,946,1671,593,596,825,1312,601,2111,18897,14985,2471,115,872,0,0,13,10
2021-02-15T23:59:59+01:00,0,2,308,298,830,1278,910,1809,1217,2716,1391,2333,910,804,1166,1743,798,2560,123,163,522,861,620,1182,842,1896,923,1594,572,559,807,1275,592,2069,17986,14517,2470,75,604,0,0,13,10
2021-02-14T23:59:59+01:00,0,2,308,298,829,1278,909,1809,1215,2716,1391,2333,910,804,1166,1743,798,2560,123,163,521,854,616,1177,836,1890,919,1591,571,559,805,1274,591,2066,17985,14473,2470,75,601,0,0,13,10
2021-02-13T23:59:59+01:00,0,2,308,298,829,1278,909,1806,1215,2714,1391,2331,910,804,1166,1743,798,2560,123,163,521,854,616,1177,834,1887,917,1587,569,559,790,1254,579,2050,17978,14471,2470,1,601,0,0,13,10
2021-02-12T23:59:59+01:00,0,2,304,297,819,1273,905,1776,1209,2686,1363,2302,908,802,1165,1740,798,2560,123,163,519,851,615,1170,828,1875,911,1574,566,557,776,1243,573,2037,17969,14372,2470,1,457,0,0,13,10
2021-02-11T23:59:59+01:00,0,2,285,288,804,1238,899,1742,1193,2620,1341,2247,873,789,1154,1728,797,2550,121,149,501,810,593,1105,794,1775,888,1514,552,543,752,1208,559,2005,17856,13861,2469,0,212,0,0,13,10
2021-02-10T23:59:59+01:00,0,2,282,282,785,1200,886,1712,1181,2574,1326,2205,868,787,1139,1712,792,2533,117,140,434,725,547,1012,716,1648,829,1430,537,527,738,1188,549,1978,17832,13117,2364,0,58,0,0,12,0
2021-02-09T23:59:59+01:00,0,2,282,279,781,1186,875,1695,1166,2555,1312,2181,853,782,1125,1695,781,2517,100,121,379,638,495,883,637,1449,741,1242,485,449,619,1026,481,1740,17734,11487,2318,0,3,0,0,12,0
2021-02-08T23:59:59+01:00,0,2,282,278,779,1181,875,1688,1164,2551,1306,2173,847,779,1109,1673,764,2496,90,99,334,544,443,783,548,1241,634,1077,409,375,535,837,388,1432,17619,9771,2315,0,1,0,0,12,0
2021-02-07T23:59:59+01:00,0,2,281,277,777,1180,874,1688,1164,2550,1306,2170,841,777,1107,1670,763,2494,88,98,332,539,441,779,546,1232,630,1071,404,370,514,814,382,1418,17594,9660,2315,0,0,0,0,12,0
2021-02-06T23:59:59+01:00,0,2,281,276,777,1179,874,1687,1164,2550,1306,2169,840,776,1105,1664,762,2492,88,97,332,536,440,778,545,1228,628,1070,400,365,466,745,354,1373,17578,9447,2314,0,0,0,0,12,0
2021-02-05T23:59:59+01:00,0,2,281,276,777,1178,873,1686,1163,2549,1305,2166,833,770,1082,1654,755,2476,82,95,324,530,424,760,519,1193,599,1028,377,338,446,721,340,1333,17500,9110,2314,0,0,0,0,12,0
2021-02-04T23:59:59+01:00,0,2,278,269,774,1157,861,1664,1150,2521,1291,2142,811,757,1054,1624,748,2460,68,77,254,408,329,594,402,965,486,826,304,274,335,576,277,1114,17260,7289,2291,0,0,0,0,12,0
2021-02-03T23:59:59+01:00,0,2,277,264,770,1136,859,1638,1143,2471,1278,2112,792,743,1037,1601,739,2446,54,54,168,279,255,443,282,715,362,587,208,194,237,423,194,837,17164,5292,2132,0,0,0,0,12,0
2021-02-02T23:59:59+01:00,0,2,276,259,766,1128,852,1616,1134,2447,1266,2095,788,736,1028,1590,737,2438,35,35,91,138,147,254,171,448,234,368,134,124,161,254,136,538,17014,3268,2132,0,0,0,0,12,0
2021-02-01T23:59:59+01:00,0,2,274,256,761,1109,844,1595,1128,2418,1262,2062,780,723,1021,1580,733,2425,11,12,14,26,25,65,44,88,71,101,49,45,57,74,39,178,16830,899,2132,0,0,0,0,11,0
2021-01-31T23:59:59+01:00,0,2,268,254,745,1107,836,1584,1118,2407,1251,2053,774,717,1011,1563,726,2412,10,12,13,25,23,62,38,83,64,93,46,45,53,67,36,165,16795,835,2022,0,0,0,0,11,0
2021-01-30T23:59:59+01:00,0,2,268,254,745,1106,835,1584,1118,2407,1251,2053,773,717,1010,1561,725,2410,10,10,13,25,23,62,38,83,63,91,45,44,52,67,36,164,16791,826,2017,0,0,0,0,11,0
2021-01-29T23:59:59+01:00,0,2,268,254,745,1105,835,1584,1118,2407,1251,2052,772,716,1009,1559,725,2408,9,5,12,24,23,61,36,81,62,91,44,43,52,67,36,164,16784,810,2015,0,0,0,0,11,0
2021-01-28T23:59:59+01:00,0,2,264,249,733,1080,800,1529,1081,2347,1174,1994,731,702,980,1539,709,2386,4,0,3,6,9,25,18,36,20,45,21,22,23,45,15,97,16605,389,1684,0,0,0,0,11,0
2021-01-27T23:59:59+01:00,0,2,258,242,710,1048,752,1474,1023,2266,1101,1913,696,675,966,1518,706,2379,3,0,3,4,6,21,14,22,13,32,6,9,10,10,4,27,16157,184,1561,0,0,0,0,11,0
2021-01-26T23:59:59+01:00,0,2,234,233,693,1024,744,1424,1003,2192,1074,1848,684,661,943,1502,696,2360,3,0,1,4,5,11,12,12,6,11,3,5,6,7,1,16,16106,103,1200,0,0,0,0,11,0
2021-01-25T23:59:59+01:00,0,2,202,218,641,951,692,1301,960,2046,1016,1713,636,606,866,1407,653,2287,3,0,1,4,5,11,12,12,6,11,3,5,6,7,1,16,15880,103,306,0,0,0,0,11,0
2021-01-24T23:59:59+01:00,0,2,185,212,615,939,673,1287,942,2030,1001,1703,629,600,856,1387,644,2274,3,0,1,4,5,10,11,12,5,11,3,5,6,7,1,16,15707,100,261,0,0,0,0,11,0
2021-01-23T23:59:59+01:00,0,2,185,212,615,939,673,1287,942,2030,1001,1703,629,600,856,1387,644,2274,3,0,1,4,5,10,9,12,5,11,3,5,6,7,1,16,15707,98,261,0,0,0,0,11,0
2021-01-22T23:59:59+01:00,0,2,138,194,557,929,655,1272,908,2020,989,1692,624,599,855,1387,644,2274,3,0,0,4,5,10,9,12,5,11,3,5,6,7,1,16,15467,97,261,0,0,0,0,11,0
2021-01-21T23:59:59+01:00,0,2,133,186,542,906,634,1231,875,1966,967,1644,613,578,843,1356,637,2255,3,0,0,4,4,10,9,12,5,11,3,5,6,7,1,15,15096,95,261,0,0,0,0,11,0
2021-01-20T23:59:59+01:00,0,2,128,170,495,840,611,1155,812,1856,930,1573,592,561,826,1333,627,2227,3,0,0,4,4,10,9,12,5,11,3,5,6,7,1,15,14468,95,259,0,0,0,0,11,0
2021-01-19T23:59:59+01:00,0,2,115,151,422,752,546,1025,727,1658,826,1409,546,507,725,1174,554,1979,3,0,0,4,4,8,9,12,5,11,3,5,6,7,1,15,12915,93,192,0,0,0,0,11,0
2021-01-18T23:59:59+01:00,0,2,97,119,353,599,455,853,597,1397,700,1203,478,441,641,1017,487,1712,1,0,0,1,0,0,0,0,0,0,0,0,0,1,0,0,11058,3,82,0,0,0,0,11,0
2021-01-17T23:59:59+01:00,0,2,93,117,349,594,454,848,595,1378,692,1193,473,432,614,988,471,1671,1,0,0,1,0,0,0,0,0,0,0,0,0,1,0,0,10871,3,82,0,0,0,0,11,0
2021-01-16T23:59:59+01:00,0,2,93,114,347,586,451,843,584,1365,681,1181,458,418,519,862,410,1574,0,0,0,1,0,0,0,0,0,0,0,0,0,0,0,0,10474,1,3,0,0,0,0,11,0
2021-01-15T23:59:59+01:00,0,2,92,112,342,584,445,838,578,1358,664,1165,442,400,511,850,402,1551,0,0,0,0,0,0,0,0,0,0,0,0,0,0,0,0,10324,0,1,0,0,0,0,11,0
2021-01-14T23:59:59+01:00,0,0,75,90,285,482,367,675,461,1104,544,983,363,320,401,695,332,1321,0,0,0,0,0,0,0,0,0,0,0,0,0,0,0,0,8487,0,0,0,0,0,0,11,0
2021-01-13T23:59:59+01:00,0,0,61,67,201,364,291,502,347,822,418,702,253,224,293,520,250,1015,0,0,0,0,0,0,0,0,0,0,0,0,0,0,0,0,6320,0,0,0,0,0,0,10,0
2021-01-12T23:59:59+01:00,0,0,40,44,121,215,178,312,206,529,279,435,159,142,188,337,171,682,0,0,0,0,0,0,0,0,0,0,0,0,0,0,0,0,4038,0,0,0,0,0,0,0,0
2021-01-11T23:59:59+01:00,0,0,11,14,41,57,41,93,59,119,93,128,65,58,83,103,49,223,0,0,0,0,0,0,0,0,0,0,0,0,0,0,0,0,1237,0,0,0,0,0,0,0,0
2021-01-10T23:59:59+01:00,0,0,11,14,29,47,34,75,50,110,80,118,57,54,77,93,46,209,0,0,0,0,0,0,0,0,0,0,0,0,0,0,0,0,1104,0,0,0,0,0,0,0,0
2021-01-09T23:59:59+01:00,0,0,11,13,26,46,34,75,49,109,78,115,56,53,76,92,45,208,0,0,0,0,0,0,0,0,0,0,0,0,0,0,0,0,1086,0,0,0,0,0,0,0,0
2021-01-08T23:59:59+01:00,0,0,7,6,26,41,32,72,46,107,77,114,53,49,71,87,41,208,0,0,0,0,0,0,0,0,0,0,0,0,0,0,0,0,1037,0,0,0,0,0,0,0,0
2021-01-07T23:59:59+01:00,0,0,5,1,9,20,15,38,28,77,33,77,32,27,47,74,28,162,0,0,0,0,0,0,0,0,0,0,0,0,0,0,0,0,673,0,0,0,0,0,0,0,0
2021-01-06T23:59:59+01:00,0,0,5,0,4,8,10,30,25,43,19,47,26,24,34,51,19,120,0,0,0,0,0,0,0,0,0,0,0,0,0,0,0,0,465,0,0,0,0,0,0,0,0
2021-01-05T23:59:59+01:00,0,0,5,0,4,8,10,30,25,43,19,47,26,24,34,50,19,120,0,0,0,0,0,0,0,0,0,0,0,0,0,0,0,0,464,0,0,0,0,0,0,0,0
2021-01-04T23:59:59+01:00,0,0,4,0,1,3,4,11,13,12,5,11,3,5,6,8,1,17,0,0,0,0,0,0,0,0,0,0,0,0,0,0,0,0,104,0,0,0,0,0,0,0,0
2021-01-03T23:59:59+01:00,0,0,3,0,1,3,4,10,12,12,5,11,3,5,6,8,1,16,0,0,0,0,0,0,0,0,0,0,0,0,0,0,0,0,100,0,0,0,0,0,0,0,0
2021-01-02T23:59:59+01:00,0,0,3,0,1,3,4,10,10,12,5,11,3,5,6,8,1,16,0,0,0,0,0,0,0,0,0,0,0,0,0,0,0,0,98,0,0,0,0,0,0,0,0
2021-01-01T23:59:59+01:00,0,0,3,0,0,3,4,10,10,12,5,11,3,5,6,7,1,16,0,0,0,0,0,0,0,0,0,0,0,0,0,0,0,0,96,0,0,0,0,0,0,0,0
2020-12-31T23:59:59+01:00,0,0,3,0,0,3,4,10,9,12,5,11,3,5,6,7,1,16,0,0,0,0,0,0,0,0,0,0,0,0,0,0,0,0,95,0,0,0,0,0,0,0,0
2020-12-30T23:59:59+01:00,0,0,3,0,0,3,4,10,9,12,5,11,3,5,6,7,1,16,0,0,0,0,0,0,0,0,0,0,0,0,0,0,0,0,95,0,0,0,0,0,0,0,0
2020-12-29T23:59:59+01:00,0,0,3,0,0,3,4,8,9,12,5,11,3,5,6,7,1,16,0,0,0,0,0,0,0,0,0,0,0,0,0,0,0,0,93,0,0,0,0,0,0,0,0
2020-12-28T23:59:59+01:00,0,0,3,0,0,3,4,8,9,12,5,11,3,5,6,7,1,16,0,0,0,0,0,0,0,0,0,0,0,0,0,0,0,0,93,0,0,0,0,0,0,0,0
2020-12-27T23:59:59+01:00,0,0,1,0,0,0,0,0,0,0,0,0,0,0,1,3,0,7,0,0,0,0,0,0,0,0,0,0,0,0,0,0,0,0,12,0,0,0,0,0,0,0,0
