Datum,<24_1_m,<24_1_w,25-34_1_m,25-34_1_w,35-44_1_m,35-44_1_w,45-54_1_m,45-54_1_w,55-64_1_m,55-64_1_w,65-74_1_m,65-74_1_w,75-84_1_m,75-84_1_w,>84_1_m,>84_1_w,<24_2_m,<24_2_w,25-34_2_m,25-34_2_w,35-44_2_m,35-44_2_w,45-54_2_m,45-54_2_w,55-64_2_m,55-64_2_w,65-74_2_m,65-74_2_w,75-84_2_m,75-84_2_w,>84_2_m,>84_2_w,bp_1,bp_2,mo_1,mo_2,az_1,az_2,ja
2021-06-11T23:59:59+02:00,10582,10753,19047,18724,24155,25286,34449,35562,37178,38159,25628,28902,17685,22486,4904,8498,5206,5389,8714,9068,9686,11570,13075,15783,17800,19666,16413,18798,14326,18328,4565,7895,236649,153655,42124,11378,76477,24501,6748
2021-06-10T23:59:59+02:00,10152,10391,18453,18275,23694,24903,34180,35329,37028,38040,25588,28857,17667,22461,4901,8494,5051,5242,8369,8764,9192,11128,12201,14921,15980,17973,15680,17977,14125,18072,4559,7878,233257,145756,42100,11376,76453,23377,6603
2021-06-09T23:59:59+02:00,9670,9889,17733,17632,22762,24064,33798,34958,36808,37866,25502,28765,17629,22416,4892,8485,4909,5110,8116,8545,8992,10901,11875,14556,15538,17480,15314,17555,13929,17840,4554,7870,229460,144075,40819,11338,76421,21502,6169
2021-06-08T23:59:59+02:00,9331,9545,17294,17234,22396,23722,33585,34782,36652,37760,25471,28724,17620,22396,4890,8481,4782,5001,7900,8306,8721,10568,11534,14197,14902,16789,14869,17029,13708,17625,4549,7855,226798,142411,40787,10241,76415,19800,5883
2021-06-07T23:59:59+02:00,9114,9281,16846,16865,21978,23358,33339,34537,36550,37655,25446,28680,17605,22373,4885,8480,4710,4933,7741,8183,8576,10432,11349,14028,14619,16468,14668,16784,13569,17472,4547,7851,225201,141378,39828,10151,76405,18843,5558
2021-06-06T23:59:59+02:00,8998,9158,16710,16724,21798,23158,33120,34330,36442,37560,25419,28664,17595,22357,4885,8476,4683,4887,7691,8074,8527,10301,11238,13873,14425,16262,14497,16606,13487,17367,4543,7846,224043,140909,39529,10141,76388,17823,5434
2021-06-05T23:59:59+02:00,8970,9141,16687,16699,21790,23155,33111,34324,36440,37559,25418,28664,17594,22356,4885,8476,4671,4838,7678,8010,8513,10163,11222,13694,14407,16177,14461,16553,13480,17357,4543,7846,223933,140829,39529,10141,76387,17223,5420
2021-06-04T23:59:59+02:00,8851,9036,16402,16457,21332,22730,32891,34135,36331,37451,25386,28628,17584,22344,4883,8475,4661,4828,7652,7984,8486,10134,11149,13614,14304,16043,14388,16468,13448,17321,4543,7844,222365,140502,38763,9813,76368,17132,5420
2021-06-03T23:59:59+02:00,8567,8777,15496,15631,19636,21289,32060,33295,35888,37037,25267,28508,17549,22298,4877,8460,4595,4789,7571,7907,8361,10028,10969,13419,13730,15448,14163,16211,13380,17233,4541,7834,215799,138324,37196,9712,76359,16862,5281
2021-06-02T23:59:59+02:00,8408,8599,15108,15215,19183,20877,31629,32868,35723,36843,25209,28454,17531,22274,4875,8459,4562,4752,7503,7819,8277,9940,10816,13286,13258,14961,14087,16101,13363,17203,4538,7831,212850,136557,36768,9619,76359,16843,5278
2021-06-01T23:59:59+02:00,8086,8321,14731,14918,18847,20556,31316,32552,35528,36637,25158,28384,17509,22249,4873,8448,4440,4653,7264,7641,8043,9747,10554,12997,12830,14509,13700,15687,13269,17083,4533,7823,210150,134465,36723,9367,76338,16039,4902
2021-05-31T23:59:59+02:00,7914,8113,14520,14686,18128,19956,30992,32229,35235,36384,25084,28298,17486,22198,4864,8437,4339,4526,7064,7394,7814,9457,10200,12614,12382,13986,13186,15084,13112,16892,4524,7816,208767,131319,34679,9050,76322,15265,4756
2021-05-30T23:59:59+02:00,7887,8095,14476,14655,18054,19897,30939,32190,35212,36364,25070,28285,17485,22193,4863,8435,4281,4432,6926,7193,7658,9229,9983,12294,12145,13665,13069,14922,13058,16823,4522,7810,208479,130606,34668,8949,76271,13773,4682
2021-05-29T23:59:59+02:00,7884,8094,14469,14650,18048,19893,30934,32187,35210,36363,25068,28281,17485,22193,4863,8435,4271,4415,6894,7160,7625,9177,9950,12238,12072,13574,13025,14857,13034,16804,4521,7805,208452,130468,34668,8949,76256,13324,4681
2021-05-28T23:59:59+02:00,7875,8079,14452,14632,18032,19873,30924,32176,35201,36347,25067,28276,17483,22191,4863,8435,4255,4383,6871,7121,7594,9122,9887,12119,11813,13313,12861,14666,13008,16780,4519,7802,208303,129181,34667,8948,76256,13305,4680
2021-05-27T23:59:59+02:00,7773,7975,14157,14415,17571,19529,30290,31668,35057,36230,25026,28242,17470,22181,4862,8429,4104,4198,6585,6871,7231,8816,9376,11530,11096,12403,12361,14152,12909,16633,4514,7794,207268,125707,33235,8620,76222,12096,4150
2021-05-26T23:59:59+02:00,7687,7846,13948,14200,17314,19226,29752,31159,34900,36083,24994,28199,17457,22161,4861,8424,3998,4033,6355,6578,6942,8387,9018,11045,10450,11606,11848,13591,12805,16459,4511,7776,205687,122201,32491,8439,76210,10939,3823
2021-05-25T23:59:59+02:00,7596,7739,13745,13985,17021,18989,29064,30545,34818,35990,24975,28179,17446,22146,4856,8423,3932,3930,6219,6407,6788,8193,8798,10751,10087,11227,11534,13129,12713,16332,4509,7768,204988,120384,31054,8302,75723,9879,3752
2021-05-24T23:59:59+02:00,7507,7628,13582,13778,16786,18711,28664,30121,34502,35619,24932,28119,17427,22127,4856,8421,3917,3899,6162,6327,6743,8108,8739,10662,9967,11078,11410,12957,12673,16257,4504,7758,204489,119784,28860,8269,75715,9392,3716
2021-05-23T23:59:59+02:00,7504,7627,13577,13768,16783,18701,28643,30110,34468,35578,24931,28112,17427,22123,4856,8421,3913,3895,6155,6316,6735,8101,8710,10629,9925,11013,11327,12857,12657,16235,4504,7758,204361,119779,28844,7856,75714,9385,3710
2021-05-22T23:59:59+02:00,7495,7622,13565,13753,16775,18696,28641,30109,34465,35572,24931,28112,17427,22123,4856,8421,3911,3894,6153,6314,6734,8096,8706,10628,9919,11010,11317,12843,12651,16231,4504,7758,204297,119738,28844,7856,75712,9365,3710
2021-05-21T23:59:59+02:00,7421,7548,13415,13649,16595,18545,28360,29932,34074,35319,24912,28084,17419,22115,4855,8419,3900,3882,6119,6293,6705,8063,8668,10580,9833,10927,10823,12145,12544,16110,4501,7754,203625,118021,28719,7853,74678,9333,3640
2021-05-20T23:59:59+02:00,7074,7307,12814,13240,15320,17586,26308,28264,33440,34822,24814,27942,17377,22046,4849,8407,3831,3819,6034,6178,6594,7910,8501,10424,9585,10595,10514,11720,12456,15968,4495,7743,198933,116083,26993,7783,72171,8988,3513
2021-05-19T23:59:59+02:00,6833,7027,12290,12775,14567,16883,25414,27458,32882,34298,24729,27858,17344,22002,4845,8398,3738,3728,5872,6011,6400,7664,8219,10132,9280,10212,10217,11334,12400,15843,4493,7736,193362,114193,26955,7588,72158,8370,3128
2021-05-18T23:59:59+02:00,6626,6888,11883,12448,13915,16369,24249,26483,32310,33768,24628,27747,17304,21959,4840,8390,3687,3692,5758,5903,6235,7499,8015,9918,9086,9978,10040,11067,12285,15670,4483,7729,188469,113079,26453,7519,72117,7679,2768
2021-05-17T23:59:59+02:00,6566,6837,11708,12337,13629,16135,23423,25815,32036,33514,24567,27697,17281,21931,4833,8384,3577,3595,5575,5731,6072,7302,7808,9691,8878,9753,9964,10966,12241,15616,4480,7727,186721,112400,25765,7512,71725,6582,2482
2021-05-16T23:59:59+02:00,6535,6814,11645,12283,13537,16046,22738,25213,31508,33054,24531,27660,17274,21916,4832,8384,3571,3566,5561,5670,6046,7238,7781,9600,8847,9670,9953,10953,12238,15614,4480,7727,185961,112293,24230,7506,71307,6244,2472
2021-05-15T23:59:59+02:00,6522,6805,11613,12272,13506,16036,22667,25143,30978,32679,24524,27658,17273,21913,4831,8383,3555,3549,5545,5627,6032,7163,7740,9476,8620,9433,9917,10911,12210,15577,4480,7726,185912,112292,24218,7372,70660,5884,2013
2021-05-14T23:59:59+02:00,6480,6774,11547,12234,13433,15963,22229,24814,30588,32371,24499,27617,17261,21899,4831,8381,3519,3505,5509,5532,6013,7029,7698,9256,8564,9267,9834,10784,12141,15476,4480,7725,185201,112129,23902,7046,69806,5145,2012
2021-05-13T23:59:59+02:00,6299,6590,11157,11931,12677,15369,19921,22955,29237,31049,24320,27435,17202,21839,4830,8378,3505,3469,5487,5489,5995,6972,7669,9188,8524,9210,9596,10512,11984,15231,4476,7717,181322,111782,20143,6266,67727,4979,1997
2021-05-12T23:59:59+02:00,6265,6561,11084,11869,12573,15273,19793,22828,28841,30649,24268,27384,17189,21813,4829,8373,3505,3465,5480,5483,5986,6957,7642,9168,8486,9157,9385,10250,11807,14977,4473,7711,180360,111508,19511,5454,67724,4973,1997
2021-05-11T23:59:59+02:00,6105,6446,10846,11614,12200,14891,19151,22156,27959,29738,24126,27238,17143,21746,4824,8358,3458,3413,5394,5325,5884,6773,7503,8927,8324,8945,9204,10047,11687,14814,4464,7697,176377,110491,18634,5348,67595,4085,1935
2021-05-10T23:59:59+02:00,5961,6350,10631,11411,11944,14639,18818,21796,27561,29365,24031,27149,17106,21703,4820,8355,3377,3348,5282,5215,5769,6664,7380,8790,8201,8844,9096,9914,11609,14702,4462,7690,174391,109965,17951,5337,67371,3114,1927
2021-05-09T23:59:59+02:00,5881,6287,10532,11304,11835,14519,18449,21476,27214,29032,23956,27069,17078,21677,4818,8352,3300,3315,5135,5173,5593,6623,7222,8759,8083,8812,9088,9902,11593,14687,4462,7690,174001,109890,16684,5328,66881,2306,1913
2021-05-08T23:59:59+02:00,5879,6285,10531,11302,11835,14519,18446,21474,27212,29030,23956,27069,17078,21677,4818,8352,3300,3314,5134,5173,5593,6623,7222,8759,8081,8812,9087,9901,11593,14687,4462,7690,173986,109887,16684,5328,66880,2303,1913
2021-05-07T23:59:59+02:00,5841,6258,10453,11241,11708,14398,17984,21153,26648,28517,23922,27032,17065,21642,4811,8326,3286,3307,5125,5167,5584,6610,7208,8745,8075,8804,9081,9891,11583,14662,4454,7667,173168,109873,16682,5327,65366,2266,1783
2021-05-06T23:59:59+02:00,5549,6064,9956,10883,11155,13892,16804,20071,24312,26230,23552,26660,16977,21556,4806,8316,3234,3262,5066,5088,5540,6521,7125,8622,7953,8668,8984,9787,11563,14621,4451,7665,168192,109356,14288,5273,62531,1749,1772
2021-05-05T23:59:59+02:00,5454,5966,9639,10656,10828,13550,16184,19422,23504,25300,23331,26376,16919,21470,4798,8302,3213,3222,5017,4996,5481,6394,7034,8455,7829,8467,8885,9649,11500,14553,4450,7657,164551,108435,12997,5267,62382,1331,1769
2021-05-04T23:59:59+02:00,5351,5861,9468,10454,10619,13298,15785,18998,22976,24753,23139,26136,16862,21412,4790,8293,3203,3179,4989,4926,5445,6273,6984,8315,7745,8316,8787,9545,11439,14509,4448,7655,162330,107975,11888,5259,62229,776,1748
2021-05-03T23:59:59+02:00,5262,5774,9279,10319,10446,13110,15478,18744,22585,24345,23019,26013,16838,21373,4790,8288,3118,3101,4901,4854,5378,6181,6883,8211,7559,8151,8719,9467,11402,14468,4445,7651,160831,107759,11887,5256,62137,666,808
2021-05-02T23:59:59+02:00,5245,5758,9196,10258,10315,12988,15112,18407,22335,24098,22973,25969,16825,21348,4789,8287,3108,3094,4833,4815,5285,6089,6739,8080,7463,8067,8674,9431,11382,14436,4443,7646,159951,107648,11884,5254,62034,649,34
2021-05-01T23:59:59+02:00,5245,5756,9194,10257,10314,12988,15109,18404,22333,24098,22972,25968,16825,21348,4789,8287,3108,3094,4833,4815,5285,6089,6739,8080,7463,8067,8674,9431,11382,14436,4443,7646,159935,107648,11884,5254,62034,649,34
2021-04-30T23:59:59+02:00,5162,5649,8935,10036,10062,12748,14580,17941,21520,23343,22906,25886,16809,21324,4787,8284,3104,3092,4824,4805,5276,6057,6726,8044,7432,8039,8672,9429,11382,14434,4441,7645,156381,107626,11884,5252,61706,523,1
2021-04-29T23:59:59+02:00,4985,5473,8417,9609,9376,12151,13481,16939,19732,21714,22296,25216,16709,21156,4782,8270,3076,3062,4785,4738,5232,5975,6665,7941,7356,7925,8564,9313,11324,14373,4435,7639,147278,107152,11870,4982,61157,268,1
2021-04-28T23:59:59+02:00,4946,5450,8341,9532,9298,12063,13362,16800,19524,21524,22219,25126,16686,21121,4780,8267,3071,3042,4758,4686,5204,5927,6635,7865,7306,7850,8550,9289,11311,14353,4434,7634,146901,106961,11779,4910,60358,43,1
2021-04-27T23:59:59+02:00,4891,5386,8204,9400,9191,11912,13198,16621,19079,21010,22016,24905,16637,21061,4777,8260,3067,3036,4756,4684,5197,5917,6620,7848,7272,7814,8479,9195,11249,14290,4430,7631,146182,106709,10712,4740,59653,35,1
2021-04-26T23:59:59+02:00,4838,5348,8095,9311,9052,11803,12994,16438,18683,20646,21897,24773,16616,21043,4777,8260,3067,3034,4751,4679,5191,5909,6604,7828,7244,7783,8428,9144,11204,14220,4427,7619,145418,106614,10577,4488,58579,30,0
2021-04-25T23:59:59+02:00,4823,5332,8055,9277,8985,11738,12840,16301,18340,20300,21721,24562,16583,21000,4773,8255,3067,3034,4750,4678,5187,5905,6601,7825,7240,7778,8373,9080,11182,14198,4427,7618,144049,106592,10566,4322,58270,29,0
2021-04-24T23:59:59+02:00,4816,5324,8038,9272,8971,11729,12787,16268,18285,20262,21708,24553,16581,20995,4773,8255,3066,3034,4750,4678,5187,5905,6601,7825,7240,7778,8373,9080,11182,14198,4427,7618,143953,106592,10566,4322,58098,28,0
2021-04-23T23:59:59+02:00,4795,5286,7979,9203,8879,11627,12394,15900,17890,19876,21520,24360,16525,20926,4772,8248,3063,3032,4746,4675,5178,5897,6589,7814,7215,7745,8354,9056,11176,14191,4425,7615,142699,106581,10219,4163,57262,27,0
2021-04-22T23:59:59+02:00,4734,5206,7850,9004,8672,11356,12054,15450,16930,18822,21017,23762,16426,20779,4764,8236,3053,3024,4741,4656,5153,5872,6545,7776,7151,7701,8220,8899,11053,14055,4422,7609,138977,105976,10099,3933,55986,21,0
2021-04-21T23:59:59+02:00,4686,5154,7744,8880,8506,11199,11729,15143,16153,17984,20721,23428,16377,20689,4759,8226,3041,3011,4726,4640,5134,5851,6535,7761,7126,7680,8168,8836,11022,14020,4420,7608,136079,105702,9970,3857,55329,20,0
2021-04-20T23:59:59+02:00,4661,5125,7708,8823,8420,11115,11558,14964,15669,17461,20309,22947,16302,20570,4752,8215,3034,3001,4719,4627,5106,5830,6509,7741,7083,7641,8060,8694,10968,13950,4416,7605,133942,105145,9707,3820,54950,19,0
2021-04-19T23:59:59+02:00,4628,5060,7648,8724,8320,10970,11398,14779,15385,17146,19850,22388,16166,20392,4741,8207,3029,3000,4713,4620,5093,5816,6492,7725,7058,7595,8000,8631,10950,13917,4414,7602,131889,104819,9351,3817,54562,19,0
2021-04-18T23:59:59+02:00,4607,5030,7586,8667,8205,10833,11099,14519,14902,16582,19444,21915,16068,20234,4739,8203,3029,3000,4713,4620,5093,5816,6491,7722,7055,7593,7998,8627,10947,13914,4414,7599,129484,104797,9282,3815,53867,19,0
2021-04-17T23:59:59+02:00,4602,5022,7567,8660,8195,10814,11055,14470,14789,16482,19328,21805,16050,20211,4738,8202,3029,3000,4712,4617,5087,5812,6475,7714,7032,7570,7950,8581,10931,13894,4413,7599,129048,104788,9275,3609,53667,19,0
2021-04-16T23:59:59+02:00,4586,4967,7491,8534,8098,10650,10819,14188,14092,15691,18815,21209,15949,20080,4732,8193,3026,2997,4706,4612,5084,5800,6455,7704,6981,7516,7655,8202,10852,13772,4406,7586,126207,104014,9225,3321,52662,19,0
2021-04-15T23:59:59+02:00,4534,4902,7372,8401,7924,10399,10472,13757,13294,14786,18061,20406,15765,19813,4719,8180,3025,2989,4696,4595,5071,5769,6423,7668,6897,7429,7094,7559,10781,13680,4402,7576,122570,102448,9068,3189,51147,17,0
2021-04-14T23:59:59+02:00,4504,4862,7306,8290,7819,10254,10283,13546,12853,14305,17557,19813,15646,19656,4716,8167,2987,2968,4679,4560,5045,5728,6387,7632,6842,7367,6365,6678,10645,13539,4398,7569,121195,100187,8834,3189,49548,13,0
2021-04-13T23:59:59+02:00,4500,4854,7262,8273,7765,10220,10168,13487,12426,13961,16879,18965,15475,19433,4712,8161,2963,2937,4660,4536,5016,5690,6330,7562,6747,7268,6144,6405,10171,12961,4391,7554,120516,98140,8617,3182,47408,13,0
2021-04-12T23:59:59+02:00,4483,4836,7211,8223,7710,10147,10050,13383,12148,13700,16448,18458,15332,19272,4707,8158,2932,2922,4585,4493,4915,5619,6218,7490,6603,7147,5358,5544,9791,12494,4364,7517,120187,94805,8582,3174,45497,13,0
2021-04-11T23:59:59+02:00,4466,4827,7167,8171,7655,10101,9951,13295,11889,13463,15853,17746,15126,19011,4703,8150,2847,2830,4447,4369,4775,5494,6043,7322,6462,7046,5038,5175,9692,12365,4364,7513,119612,92643,8155,3127,43807,12,0
2021-04-10T23:59:59+02:00,4444,4802,7129,8123,7607,10049,9886,13236,11801,13363,15632,17558,15090,18958,4702,8145,2206,2194,3622,3667,3911,4704,5000,6381,5689,6333,4781,4881,9589,12233,4359,7505,119149,83916,8155,3127,43221,12,0
2021-04-09T23:59:59+02:00,4421,4781,7090,8094,7537,9987,9722,13099,11393,12986,14470,16032,14743,18548,4693,8138,1234,1270,2254,2440,2384,3325,3146,4703,4240,4982,4131,4178,9377,11939,4340,7481,117281,68287,8153,3125,40300,12,0
2021-04-08T23:59:59+02:00,4392,4762,7027,8041,7440,9883,9517,12969,10929,12572,13345,14776,14426,18118,4676,8112,650,723,1333,1718,1467,2376,2030,3591,2851,3568,2935,2836,8643,11037,4240,7312,116059,54176,8073,3122,36853,12,0
2021-04-07T23:59:59+02:00,4340,4730,6945,7987,7349,9818,9377,12818,10592,12236,12626,14021,14265,17907,4671,8094,397,474,963,1372,1054,1990,1511,3122,1830,2461,1792,1571,7814,9974,4129,7125,115102,44448,7922,3122,34752,9,0
2021-04-06T23:59:59+02:00,4324,4715,6921,7950,7293,9744,9275,12736,10359,11992,12232,13507,14093,17677,4661,8083,389,458,956,1364,1038,1967,1485,3092,1769,2404,1713,1496,7377,9392,4028,6954,113826,42753,7824,3121,33912,8,0
2021-04-05T23:59:59+02:00,4318,4713,6910,7939,7282,9733,9252,12707,10295,11926,12111,13357,14012,17599,4659,8082,387,453,944,1360,1033,1958,1473,3072,1748,2367,1658,1442,7126,9059,3947,6822,113495,41721,7803,3120,33597,8,0
2021-04-04T23:59:59+02:00,4318,4713,6907,7933,7281,9732,9251,12707,10284,11921,12108,13354,14010,17598,4659,8082,387,452,944,1360,1032,1956,1472,3070,1747,2363,1655,1438,7118,9045,3943,6820,113490,41675,7803,3119,33565,8,0
2021-04-03T23:59:59+02:00,4318,4713,6907,7932,7281,9732,9251,12707,10284,11921,12108,13353,14008,17596,4659,8082,387,451,941,1356,1031,1955,1471,3065,1745,2361,1648,1425,7072,8960,3913,6793,113486,41447,7803,3119,33563,8,0
2021-04-02T23:59:59+02:00,4315,4711,6906,7929,7273,9725,9242,12700,10264,11900,11980,13235,13972,17549,4655,8075,385,448,939,1349,1024,1944,1455,3038,1703,2320,1537,1330,6249,7979,3560,6331,113365,38784,7799,2799,33267,8,0
2021-04-01T23:59:59+02:00,4273,4697,6867,7910,7236,9695,9191,12659,10191,11819,11593,12756,13665,17140,4651,8065,380,443,921,1332,1014,1927,1420,2988,1637,2257,1417,1237,5227,6754,3124,5647,112982,34923,6422,2794,33004,8,0
2021-03-31T23:59:59+02:00,4265,4691,6853,7892,7220,9676,9153,12623,10095,11746,11228,12289,13392,16737,4645,8049,377,440,911,1324,1007,1913,1397,2961,1587,2218,1338,1172,4616,6018,2835,5279,112413,32664,5467,2721,32674,8,0
2021-03-30T23:59:59+02:00,4242,4662,6815,7854,7167,9611,9054,12510,9930,11591,10952,11977,13205,16519,4638,8037,372,434,906,1313,996,1907,1376,2953,1560,2194,1312,1146,4487,5887,2789,5196,111592,32294,5218,2526,31954,8,0
2021-03-29T23:59:59+02:00,4232,4639,6787,7829,7123,9555,8955,12409,9718,11370,10489,11455,12902,16134,4624,8010,367,429,902,1304,990,1899,1365,2942,1542,2185,1289,1130,4345,5717,2704,5095,109925,31678,4910,2520,31396,7,0
2021-03-28T23:59:59+02:00,4179,4572,6675,7673,7010,9415,8827,12211,9564,11185,10269,11173,12750,15987,4621,8002,367,429,902,1304,988,1898,1364,2942,1541,2183,1281,1128,4311,5673,2682,5075,109555,31643,4647,2419,29911,6,0
2021-03-27T23:59:59+01:00,4177,4554,6664,7610,6979,9289,8776,12038,9512,11048,10142,11043,12676,15914,4621,8002,367,428,902,1304,988,1896,1363,2940,1538,2182,1278,1125,4284,5638,2671,5061,109546,31541,4647,2418,28852,6,0
2021-03-26T23:59:59+01:00,4171,4544,6633,7573,6948,9210,8726,11920,9422,10927,10091,10985,12641,15862,4614,7986,363,426,900,1301,984,1883,1357,2916,1520,2174,1250,1106,4096,5400,2579,4929,109490,30800,4426,2378,28337,6,0
2021-03-25T23:59:59+01:00,4144,4503,6541,7443,6848,9040,8525,11685,9114,10608,9693,10576,12385,15605,4610,7978,363,424,898,1293,980,1872,1343,2897,1495,2158,1221,1090,3843,5130,2357,4627,109118,29608,4219,2378,25961,5,0
2021-03-24T23:59:59+01:00,4078,4430,6456,7265,6725,8808,8352,11436,8873,10288,9245,10047,12038,15219,4601,7971,363,423,897,1290,974,1870,1337,2888,1478,2145,1214,1080,3768,5054,2190,4415,108608,29006,4085,2377,23139,3,0
2021-03-23T23:59:59+01:00,4058,4393,6408,7212,6642,8738,8234,11303,8609,10051,8791,9514,11647,14789,4593,7959,363,422,895,1279,969,1862,1332,2878,1475,2133,1188,1062,3672,4960,2006,4119,107805,28235,3992,2377,21144,3,0
2021-03-22T23:59:59+01:00,4044,4372,6371,7179,6609,8693,8161,11224,8453,9891,8478,9143,11384,14507,4567,7924,360,416,890,1267,961,1856,1323,2869,1467,2122,1176,1053,3640,4920,1992,4092,107136,28025,3989,2376,19875,3,0
2021-03-21T23:59:59+01:00,4042,4368,6366,7168,6593,8678,8138,11204,8388,9830,8367,9012,11319,14425,4566,7921,358,415,881,1263,952,1851,1316,2867,1463,2117,1172,1051,3631,4904,1978,4084,107051,27924,3988,2376,19346,3,0
2021-03-20T23:59:59+01:00,4034,4321,6357,7095,6579,8535,8111,11011,8343,9718,8286,8925,11288,14390,4566,7921,358,415,881,1263,952,1851,1315,2867,1463,2115,1172,1051,3631,4902,1978,4084,107020,27920,3776,2375,18684,3,0
2021-03-19T23:59:59+01:00,4021,4286,6330,7012,6553,8441,8061,10897,8207,9530,7751,8326,11135,14183,4558,7907,353,414,875,1255,936,1840,1289,2836,1409,2068,1084,975,2910,4032,1636,3615,105418,25149,3477,2375,18303,3,0
2021-03-18T23:59:59+01:00,4009,4266,6287,6972,6521,8373,7989,10810,8062,9369,6769,7206,10936,13969,4548,7889,352,414,871,1251,929,1832,1272,2826,1384,2048,1043,959,2686,3754,1505,3437,102442,24185,3320,2375,18213,3,0
2021-03-17T23:59:59+01:00,3966,4224,6218,6885,6462,8269,7893,10681,7935,9210,5981,6228,10785,13814,4532,7868,351,414,863,1245,926,1819,1258,2807,1359,2025,1014,935,2551,3617,1445,3344,99693,23595,3319,2375,17939,3,0
2021-03-16T23:59:59+01:00,3946,4188,6180,6831,6414,8202,7834,10609,7847,9117,5791,6015,10170,13111,4498,7814,343,404,850,1229,914,1810,1252,2790,1345,2017,1000,913,2321,3350,1332,3182,97582,22676,3309,2373,17676,3,0
2021-03-15T23:59:59+01:00,3908,4155,6075,6751,6288,8103,7692,10491,7691,8976,5005,5138,9796,12627,4462,7758,342,403,847,1225,913,1801,1249,2778,1337,2008,985,899,2166,3165,1262,3106,94086,22112,3302,2372,17528,2,0
2021-03-14T23:59:59+01:00,3758,3969,5794,6417,6026,7759,7366,10044,7422,8688,4660,4742,9670,12465,4459,7747,342,403,847,1225,912,1801,1247,2777,1335,2005,984,897,2163,3161,1259,3106,91707,22093,3249,2369,16030,2,0
2021-03-13T23:59:59+01:00,3014,3227,4841,5556,5015,6809,6127,8889,6508,7828,4359,4377,9296,11954,4396,7664,342,403,846,1223,911,1796,1246,2775,1334,2005,984,896,2131,3120,1237,3076,81031,21954,3249,2369,15580,2,0
2021-03-12T23:59:59+01:00,2071,2310,3482,4373,3502,5465,4311,7199,5036,6441,3697,3691,8006,10340,4004,7132,338,399,842,1219,907,1790,1237,2754,1306,1987,937,870,1732,2603,1023,2781,62261,20354,3247,2369,15552,2,0
2021-03-11T23:59:59+01:00,1488,1768,2572,3617,2587,4518,3201,6078,3658,5031,2584,2469,6231,8120,3418,6187,333,391,826,1210,894,1766,1218,2724,1282,1946,899,846,1558,2348,921,2621,45027,19412,3245,2369,15255,2,0
2021-03-10T23:59:59+01:00,1239,1522,2200,3247,2203,4126,2733,5649,2679,3958,1492,1285,4876,6379,2980,5585,323,381,808,1190,871,1723,1182,2658,1246,1884,874,827,1368,2128,838,2480,34052,18515,3245,2264,14856,2,0
2021-03-09T23:59:59+01:00,1217,1479,2132,3110,2138,4012,2648,5507,2598,3845,1460,1258,4799,6300,2948,5536,316,372,797,1169,850,1692,1158,2620,1230,1860,859,812,1275,1997,785,2380,33648,17950,3242,2220,14097,2,0
2021-03-08T23:59:59+01:00,1189,1441,2079,3012,2094,3926,2588,5392,2545,3786,1420,1236,4646,6114,2860,5425,316,367,793,1163,847,1683,1151,2612,1219,1841,840,787,1086,1752,683,2241,32958,17163,3242,2217,13553,1,0
2021-03-07T23:59:59+01:00,1182,1420,2038,2968,2053,3882,2549,5323,2508,3759,1414,1233,4640,6106,2857,5425,316,367,793,1163,847,1683,1151,2612,1218,1841,836,787,1078,1741,675,2231,32928,17163,3237,2176,13192,0,0
2021-03-06T23:59:59+01:00,1180,1416,2030,2953,2040,3863,2534,5293,2489,3741,1400,1219,4607,6066,2846,5414,316,367,793,1163,847,1683,1151,2612,1218,1841,836,787,1078,1741,675,2230,32786,17163,3237,2175,13068,0,0
2021-03-05T23:59:59+01:00,1174,1411,2012,2932,2010,3835,2491,5239,2438,3712,1359,1188,4326,5716,2719,5224,314,364,785,1157,843,1676,1148,2604,1215,1833,823,783,1071,1732,674,2228,32048,17075,2907,2175,12831,0,0
2021-03-04T23:59:59+01:00,1071,1245,1926,2812,1942,3696,2415,5072,2350,3576,1328,1168,4063,5426,2483,4907,314,362,783,1152,841,1670,1147,2595,1210,1829,803,776,1061,1720,667,2217,30798,16995,2903,2152,11779,0,0
2021-03-03T23:59:59+01:00,1015,1127,1865,2715,1875,3594,2345,4958,2280,3501,1318,1156,3939,5313,2277,4645,313,357,782,1145,838,1648,1141,2554,1196,1809,790,772,1052,1701,661,2211,30131,16970,2788,2000,11004,0,0
2021-03-02T23:59:59+01:00,962,1039,1772,2591,1785,3472,2259,4834,2216,3430,1290,1137,3796,5158,2087,4321,313,355,781,1139,835,1646,1137,2549,1191,1799,788,769,1037,1678,652,2195,29407,16865,2599,1999,10143,0,0
2021-03-01T23:59:59+01:00,928,975,1675,2457,1713,3327,2157,4663,2147,3322,1271,1127,3741,5087,2049,4268,312,354,778,1136,834,1632,1132,2537,1186,1792,783,766,1032,1670,651,2194,29154,16790,2515,1999,9238,0,0
2021-02-28T23:59:59+01:00,919,946,1657,2393,1684,3248,2137,4571,2133,3256,1266,1123,3731,5072,2035,4259,312,354,778,1135,834,1631,1132,2537,1185,1791,781,764,1023,1655,648,2186,29048,16780,2513,1966,8869,0,0
2021-02-27T23:59:59+01:00,901,924,1636,2329,1669,3136,2114,4435,2114,3180,1264,1121,3731,5070,2034,4258,312,354,778,1135,834,1630,1132,2537,1185,1790,781,764,1023,1655,648,2186,29043,16778,2512,1966,8361,0,0
2021-02-26T23:59:59+01:00,753,835,1545,2210,1616,2981,2050,4178,2010,2965,1171,1047,3022,4193,1678,3776,312,354,776,1133,834,1629,1132,2533,1183,1789,778,759,1003,1638,641,2174,26252,16704,2512,1964,7266,0,0
2021-02-25T23:59:59+01:00,578,747,1445,2102,1549,2856,1983,4046,1916,2856,1121,1023,2771,3878,1540,3581,294,336,748,1108,792,1559,1083,2428,1113,1708,728,742,972,1596,631,2152,25184,16612,2484,1378,6324,0,0
2021-02-24T23:59:59+01:00,541,707,1371,1990,1486,2702,1904,3895,1843,2721,1087,992,2615,3728,1482,3480,263,316,723,1067,770,1496,1050,2367,1063,1663,698,719,932,1563,619,2127,24535,16426,2473,1010,5536,0,0
2021-02-23T23:59:59+01:00,479,657,1289,1847,1416,2550,1820,3688,1781,2610,1063,962,2392,3469,1378,3328,257,307,709,1043,758,1460,1026,2322,1041,1623,689,709,921,1549,618,2123,23614,16341,2463,814,4652,0,0
2021-02-22T23:59:59+01:00,464,618,1185,1736,1310,2458,1720,3577,1699,2548,1045,947,2238,3284,1308,3250,246,292,681,991,730,1393,999,2229,998,1548,652,682,850,1468,588,2072,23043,16156,2459,263,3885,0,0
2021-02-21T23:59:59+01:00,440,599,1076,1706,1159,2434,1567,3555,1606,2532,1041,945,2237,3283,1308,3250,215,285,654,984,719,1384,985,2224,995,1546,649,680,845,1464,582,2065,23014,16026,2459,250,3265,0,0
2021-02-20T23:59:59+01:00,440,598,1075,1706,1158,2433,1566,3554,1606,2530,1041,944,2236,3283,1307,3249,214,283,651,984,716,1383,978,2221,994,1546,649,680,845,1464,582,2065,23008,16005,2458,250,3260,0,0
2021-02-19T23:59:59+01:00,433,588,1065,1703,1147,2423,1552,3535,1574,2512,989,915,1811,2718,1067,2926,191,273,625,980,699,1374,964,2219,988,1545,646,679,843,1464,581,2064,21264,15885,2458,250,3236,0,0
2021-02-18T23:59:59+01:00,413,565,1020,1618,1111,2338,1502,3413,1536,2434,958,890,1613,2448,964,2750,170,261,585,969,674,1363,930,2201,967,1526,635,662,821,1432,572,2048,20283,15566,2458,250,2832,0,0
2021-02-17T23:59:59+01:00,382,498,935,1477,1000,2116,1368,3170,1430,2230,925,866,1413,2203,877,2606,163,254,569,934,653,1307,892,2125,920,1452,602,632,815,1409,568,2030,19209,15075,2458,250,1829,0,0
2021-02-16T23:59:59+01:00,374,449,891,1335,947,1920,1300,2950,1369,2082,917,852,1338,2097,824,2521,154,238,558,891,634,1253,868,2061,889,1415,592,619,795,1378,555,1972,18838,14759,2457,113,871,0,0
2021-02-15T23:59:59+01:00,355,405,866,1304,927,1860,1255,2866,1335,2027,892,822,1139,1843,716,2370,145,228,536,861,615,1191,845,1986,865,1340,572,584,777,1339,547,1935,17923,14293,2456,73,603,0,0
2021-02-14T23:59:59+01:00,354,405,866,1304,926,1860,1252,2866,1335,2027,892,822,1139,1843,716,2370,145,227,535,855,610,1186,841,1982,862,1337,570,584,776,1338,547,1932,17921,14254,2456,73,600,0,0
2021-02-13T23:59:59+01:00,354,405,866,1303,926,1857,1252,2864,1335,2025,892,822,1139,1843,716,2370,145,227,535,855,610,1186,839,1978,860,1335,567,584,762,1317,535,1917,17913,14252,2456,0,600,0,0
2021-02-12T23:59:59+01:00,347,404,860,1295,922,1829,1244,2829,1308,2003,892,821,1138,1840,716,2370,145,226,533,852,608,1178,832,1968,856,1321,564,582,748,1305,529,1906,17905,14153,2456,0,457,0,0
2021-02-11T23:59:59+01:00,326,394,846,1260,916,1788,1226,2764,1287,1954,860,807,1128,1829,715,2360,141,207,517,809,585,1113,797,1862,831,1274,554,568,724,1266,516,1880,17793,13644,2455,0,212,0,0
2021-02-10T23:59:59+01:00,323,381,826,1227,902,1757,1213,2715,1274,1918,856,806,1112,1811,711,2346,135,192,453,734,549,1024,727,1746,792,1216,538,554,715,1246,506,1862,17769,12989,2351,0,58,0,0
2021-02-09T23:59:59+01:00,323,377,820,1212,892,1740,1198,2697,1260,1895,842,801,1097,1794,703,2330,116,168,398,647,504,882,647,1555,711,1049,477,464,602,1077,441,1639,17672,11377,2306,0,3,0,0
2021-02-08T23:59:59+01:00,322,376,818,1207,892,1735,1196,2692,1253,1887,837,798,1078,1770,694,2316,102,143,356,560,452,783,556,1331,609,916,403,384,528,883,353,1352,17567,9711,2303,0,1,0,0
2021-02-07T23:59:59+01:00,321,375,816,1206,891,1735,1196,2690,1253,1885,831,796,1076,1766,693,2315,100,142,354,555,450,779,553,1321,605,913,399,381,506,859,349,1339,17542,9605,2303,0,0,0,0
2021-02-06T23:59:59+01:00,321,374,816,1206,891,1734,1196,2690,1253,1884,830,793,1073,1762,693,2313,100,141,354,552,449,777,552,1318,602,911,396,377,455,784,322,1301,17527,9391,2302,0,0,0,0
2021-02-05T23:59:59+01:00,321,374,815,1204,891,1734,1195,2688,1252,1882,822,787,1049,1749,688,2300,92,137,347,545,432,758,528,1281,572,877,374,351,436,760,309,1266,17449,9065,2302,0,0,0,0
2021-02-04T23:59:59+01:00,318,366,811,1182,881,1711,1178,2660,1238,1861,799,771,1022,1719,683,2287,74,106,271,420,334,597,417,1042,464,704,299,285,333,602,249,1061,17208,7258,2279,0,0,0,0
2021-02-03T23:59:59+01:00,317,356,808,1165,879,1679,1171,2609,1220,1838,785,758,1003,1695,676,2274,58,73,183,292,256,447,298,759,341,507,200,203,236,445,176,794,17113,5268,2120,0,0,0,0
2021-02-02T23:59:59+01:00,315,351,804,1156,875,1656,1158,2585,1211,1822,781,752,993,1683,675,2267,37,43,100,149,151,250,186,486,213,316,131,124,158,265,126,519,16964,3254,2120,0,0,0,0
2021-02-01T23:59:59+01:00,314,346,795,1141,870,1634,1153,2557,1208,1794,772,739,988,1674,671,2254,12,13,16,27,28,64,49,95,61,89,46,43,56,80,39,173,16790,891,2120,0,0,0,0
2021-01-31T23:59:59+01:00,307,344,780,1139,862,1623,1141,2545,1198,1786,767,733,978,1655,664,2243,11,13,14,26,26,61,42,89,57,82,42,43,52,72,36,162,16755,828,2010,0,0,0,0
2021-01-30T23:59:59+01:00,307,344,780,1139,861,1623,1141,2545,1198,1786,766,733,978,1654,664,2243,11,11,14,26,26,61,41,89,56,80,42,42,51,72,36,161,16752,819,2010,0,0,0,0
2021-01-29T23:59:59+01:00,307,344,780,1138,861,1623,1141,2545,1198,1785,765,731,977,1653,664,2241,10,6,13,26,26,59,39,88,55,80,41,41,51,72,36,161,16745,804,2008,0,0,0,0
2021-01-28T23:59:59+01:00,303,337,764,1113,826,1566,1102,2481,1126,1735,724,720,948,1627,654,2225,4,0,3,9,11,21,18,42,19,39,20,21,23,47,16,96,16568,389,1683,0,0,0,0
2021-01-27T23:59:59+01:00,297,330,735,1075,780,1506,1041,2402,1056,1659,692,693,937,1609,651,2218,3,0,3,6,8,17,13,27,13,28,5,7,10,10,5,25,16119,180,1562,0,0,0,0
2021-01-26T23:59:59+01:00,271,316,720,1051,770,1458,1019,2323,1032,1599,679,682,916,1591,641,2201,3,0,1,6,6,7,12,11,5,12,3,3,6,7,2,16,16068,100,1201,0,0,0,0
2021-01-25T23:59:59+01:00,237,296,664,969,716,1339,977,2170,972,1476,635,630,837,1487,605,2139,3,0,1,6,6,7,12,11,5,12,3,3,6,7,2,16,15844,100,305,0,0,0,0
2021-01-24T23:59:59+01:00,218,285,639,962,699,1324,957,2154,960,1466,627,624,828,1467,596,2127,3,0,1,6,5,7,12,11,4,12,3,3,6,7,2,16,15672,98,261,0,0,0,0
2021-01-23T23:59:59+01:00,218,285,639,962,699,1324,957,2154,960,1466,627,624,828,1467,596,2127,3,0,1,6,5,7,10,11,4,12,3,3,6,7,2,16,15672,96,261,0,0,0,0
2021-01-22T23:59:59+01:00,166,266,585,953,678,1310,927,2142,949,1458,622,623,828,1467,596,2127,3,0,0,6,5,7,10,11,4,12,3,3,6,7,2,16,15436,95,261,0,0,0,0
2021-01-21T23:59:59+01:00,160,255,570,929,656,1270,889,2084,930,1416,615,602,814,1434,591,2112,3,0,0,6,4,7,10,11,4,12,3,3,6,7,2,15,15066,93,261,0,0,0,0
2021-01-20T23:59:59+01:00,151,234,526,861,632,1191,823,1971,897,1353,594,586,797,1411,583,2087,3,0,0,6,4,7,10,11,4,12,3,3,6,7,2,15,14438,93,259,0,0,0,0
2021-01-19T23:59:59+01:00,134,206,448,774,566,1043,737,1773,798,1209,540,522,698,1239,514,1855,3,0,0,6,4,7,10,11,4,12,3,3,6,7,2,15,12865,93,191,0,0,0,0
2021-01-18T23:59:59+01:00,112,167,378,620,472,868,605,1489,677,1035,474,456,621,1067,451,1608,1,0,0,0,0,0,0,0,0,0,0,0,0,1,0,0,11019,2,81,0,0,0,0
2021-01-17T23:59:59+01:00,108,165,374,615,471,861,602,1471,668,1027,471,449,593,1036,437,1567,1,0,0,0,0,0,0,0,0,0,0,0,0,1,0,0,10834,2,81,0,0,0,0
2021-01-16T23:59:59+01:00,108,162,372,607,468,853,591,1457,655,1018,456,435,495,898,378,1483,0,0,0,0,0,0,0,0,0,0,0,0,0,0,0,0,10434,0,2,0,0,0,0
2021-01-15T23:59:59+01:00,106,160,368,605,462,847,585,1448,636,1003,442,419,486,884,371,1462,0,0,0,0,0,0,0,0,0,0,0,0,0,0,0,0,10284,0,0,0,0,0,0
2021-01-14T23:59:59+01:00,82,126,306,498,381,685,470,1186,526,842,360,338,389,729,304,1247,0,0,0,0,0,0,0,0,0,0,0,0,0,0,0,0,8469,0,0,0,0,0,0
2021-01-13T23:59:59+01:00,65,93,219,372,301,515,361,866,396,609,246,238,285,546,228,955,0,0,0,0,0,0,0,0,0,0,0,0,0,0,0,0,6295,0,0,0,0,0,0
2021-01-12T23:59:59+01:00,43,59,131,221,183,310,225,562,251,377,154,145,184,356,157,649,0,0,0,0,0,0,0,0,0,0,0,0,0,0,0,0,4007,0,0,0,0,0,0
2021-01-11T23:59:59+01:00,13,18,44,58,43,91,70,130,76,112,64,56,82,114,46,215,0,0,0,0,0,0,0,0,0,0,0,0,0,0,0,0,1232,0,0,0,0,0,0
2021-01-10T23:59:59+01:00,13,17,32,48,35,73,57,122,69,102,55,52,77,102,43,204,0,0,0,0,0,0,0,0,0,0,0,0,0,0,0,0,1101,0,0,0,0,0,0
2021-01-09T23:59:59+01:00,13,16,29,47,35,73,54,121,68,99,55,51,76,101,41,203,0,0,0,0,0,0,0,0,0,0,0,0,0,0,0,0,1082,0,0,0,0,0,0
2021-01-08T23:59:59+01:00,9,9,29,43,33,69,51,120,67,98,52,46,70,97,38,203,0,0,0,0,0,0,0,0,0,0,0,0,0,0,0,0,1034,0,0,0,0,0,0
2021-01-07T23:59:59+01:00,5,2,10,23,18,35,28,89,31,63,32,27,47,81,27,159,0,0,0,0,0,0,0,0,0,0,0,0,0,0,0,0,677,0,0,0,0,0,0
2021-01-06T23:59:59+01:00,5,0,4,11,13,28,24,50,18,39,26,24,33,56,20,116,0,0,0,0,0,0,0,0,0,0,0,0,0,0,0,0,467,0,0,0,0,0,0
2021-01-05T23:59:59+01:00,5,0,4,11,13,28,24,50,18,39,26,24,33,55,20,116,0,0,0,0,0,0,0,0,0,0,0,0,0,0,0,0,466,0,0,0,0,0,0
2021-01-04T23:59:59+01:00,4,0,1,6,4,7,14,11,4,12,3,3,6,8,2,17,0,0,0,0,0,0,0,0,0,0,0,0,0,0,0,0,102,0,0,0,0,0,0
2021-01-03T23:59:59+01:00,3,0,1,6,4,7,13,11,4,12,3,3,6,8,2,16,0,0,0,0,0,0,0,0,0,0,0,0,0,0,0,0,99,0,0,0,0,0,0
2021-01-02T23:59:59+01:00,3,0,1,6,4,7,11,11,4,12,3,3,6,8,2,16,0,0,0,0,0,0,0,0,0,0,0,0,0,0,0,0,97,0,0,0,0,0,0
2021-01-01T23:59:59+01:00,3,0,0,6,4,7,11,11,4,12,3,3,6,7,2,16,0,0,0,0,0,0,0,0,0,0,0,0,0,0,0,0,95,0,0,0,0,0,0
2020-12-31T23:59:59+01:00,3,0,0,6,4,7,10,11,4,12,3,3,6,7,2,16,0,0,0,0,0,0,0,0,0,0,0,0,0,0,0,0,94,0,0,0,0,0,0
2020-12-30T23:59:59+01:00,3,0,0,6,4,7,10,11,4,12,3,3,6,7,2,16,0,0,0,0,0,0,0,0,0,0,0,0,0,0,0,0,94,0,0,0,0,0,0
2020-12-29T23:59:59+01:00,3,0,0,6,4,7,10,11,4,12,3,3,6,7,2,16,0,0,0,0,0,0,0,0,0,0,0,0,0,0,0,0,94,0,0,0,0,0,0
2020-12-28T23:59:59+01:00,3,0,0,6,4,7,10,11,4,12,3,3,6,7,2,16,0,0,0,0,0,0,0,0,0,0,0,0,0,0,0,0,94,0,0,0,0,0,0
2020-12-27T23:59:59+01:00,1,0,0,0,0,0,0,0,0,0,0,0,1,3,0,7,0,0,0,0,0,0,0,0,0,0,0,0,0,0,0,0,12,0,0,0,0,0,0
