Datum,<15_m,<15_w,15-24_1_m,15-24_1_w,25-34_1_m,25-34_1_w,35-44_1_m,35-44_1_w,45-54_1_m,45-54_1_w,55-64_1_m,55-64_1_w,65-74_1_m,65-74_1_w,75-84_1_m,75-84_1_w,>84_1_m,>84_1_w,<24_2_m,<24_2_w,25-34_2_m,25-34_2_w,35-44_2_m,35-44_2_w,45-54_2_m,45-54_2_w,55-64_2_m,55-64_2_w,65-74_2_m,65-74_2_w,75-84_2_m,75-84_2_w,>84_2_m,>84_2_w,bp_1,bp_2,mo_1,mo_2,az_1,az_2,ja,unb_1,unb_2
2021-09-29T23:59:59+02:00,3737,3398,25081,24053,34259,31631,34231,34250,39753,40083,43200,43330,28281,31506,20127,25225,6275,10591,22282,21267,31770,28833,32257,31826,37587,37608,41079,41232,27186,30278,19365,24181,5980,9983,335279,312046,45385,43608,77545,71191,20744,63,35
2021-09-28T23:59:59+02:00,3710,3368,24995,23983,34178,31565,34183,34202,39708,40047,43163,43298,28266,31486,20116,25203,6266,10565,22189,21193,31703,28760,32211,31780,37554,37565,41054,41207,27166,30264,19363,24172,5977,9981,334696,311546,45351,43578,77544,71190,20653,63,35
2021-09-27T23:59:59+02:00,3687,3345,24959,23958,34141,31528,34162,34172,39689,40015,43144,43277,28260,31476,20109,25198,6263,10558,22153,21162,31672,28721,32185,31760,37532,37547,41036,41194,27157,30260,19360,24168,5976,9978,334380,311287,45342,43562,77543,71190,20618,63,35
2021-09-26T23:59:59+02:00,3533,3240,24901,23923,34131,31520,34155,34169,39683,40008,43138,43271,28259,31474,20107,25197,6262,10557,22137,21145,31668,28714,32181,31756,37524,37540,41031,41189,27154,30256,19357,24166,5975,9977,333972,311186,45342,43561,77543,71189,20613,63,35
2021-09-25T23:59:59+02:00,3532,3240,24900,23923,34131,31520,34155,34169,39682,40007,43137,43271,28259,31473,20107,25197,6262,10557,22135,21142,31668,28714,32179,31755,37521,37538,41031,41189,27154,30255,19357,24166,5975,9977,333966,311171,45342,43561,77543,71189,20613,63,35
2021-09-24T23:59:59+02:00,3508,3208,24819,23847,34019,31440,34087,34106,39625,39960,43103,43245,28245,31462,20104,25191,6261,10555,22049,21054,31575,28652,32132,31718,37465,37500,41011,41167,27141,30244,19354,24163,5974,9977,333441,310718,45310,43548,77542,71188,20434,63,35
2021-09-23T23:59:59+02:00,3339,3057,24680,23698,33928,31349,34012,34047,39567,39908,43045,43201,28228,31448,20096,25180,6259,10553,21936,20952,31508,28574,32083,31662,37429,37466,40976,41133,27127,30226,19347,24147,5973,9974,332403,310106,45281,43528,77542,71186,20311,63,35
2021-09-22T23:59:59+02:00,3316,3033,24644,23646,33897,31317,33989,34010,39540,39893,43023,43177,28219,31439,20092,25169,6259,10548,21908,20923,31473,28536,32065,31634,37407,37451,40953,41122,27117,30220,19344,24143,5973,9973,332063,309846,45272,43524,77540,71185,20278,63,35
2021-09-21T23:59:59+02:00,3192,2899,24447,23493,33756,31216,33924,33927,39472,39846,43001,43135,28200,31418,20083,25159,6250,10535,21772,20785,31363,28431,31988,31557,37353,37402,40920,41088,27106,30208,19336,24128,5970,9968,331002,309072,45233,43497,77540,71184,20120,63,35
2021-09-20T23:59:59+02:00,3168,2878,24402,23446,33712,31176,33894,33894,39442,39815,42977,43110,28195,31409,20079,25153,6250,10531,21735,20745,31320,28384,31967,31522,37323,37384,40906,41079,27096,30201,19327,24122,5968,9961,330644,308775,45216,43490,77540,71182,20073,63,34
2021-09-19T23:59:59+02:00,3164,2876,24392,23440,33704,31168,33887,33887,39437,39800,42967,43109,28194,31408,20079,25151,6250,10531,21728,20740,31316,28376,31964,31521,37316,37376,40898,41078,27096,30201,19326,24121,5968,9961,330566,308722,45216,43489,77539,71182,20065,63,34
2021-09-18T23:59:59+02:00,3164,2876,24392,23440,33704,31168,33887,33887,39437,39800,42967,43109,28194,31408,20079,25151,6250,10531,21728,20740,31316,28374,31962,31521,37316,37376,40898,41078,27096,30201,19326,24120,5968,9961,330566,308717,45216,43489,77539,71182,20065,63,34
2021-09-17T23:59:59+02:00,3137,2838,24288,23328,33599,31067,33810,33819,39367,39746,42932,43082,28180,31400,20077,25145,6248,10529,21648,20665,31246,28312,31898,31475,37276,37343,40879,41064,27088,30186,19324,24113,5968,9960,329917,308271,45174,43469,77538,71182,19905,62,34
2021-09-16T23:59:59+02:00,3087,2790,24177,23196,33504,30960,33744,33715,39321,39686,42880,43033,28155,31379,20061,25134,6245,10521,21545,20569,31165,28241,31834,31412,37253,37288,40848,41026,27077,30166,19317,24105,5966,9959,329104,307684,45135,43460,77538,71176,19753,62,34
2021-09-15T23:59:59+02:00,3064,2777,24136,23148,33473,30916,33729,33684,39291,39658,42862,43015,28145,31368,20055,25128,6244,10519,21508,20526,31133,28194,31807,31389,37221,37254,40824,41000,27063,30157,19310,24097,5965,9955,328773,307322,45122,43459,77537,71174,19722,62,34
2021-09-14T23:59:59+02:00,3026,2745,24030,23007,33330,30775,33646,33599,39234,39607,42811,42965,28127,31351,20046,25120,6240,10514,21423,20444,31042,28105,31744,31327,37172,37211,40780,40974,27053,30137,19301,24089,5963,9952,327967,306799,45087,43452,77536,71170,19525,62,34
2021-09-13T23:59:59+02:00,3008,2725,23980,22954,33285,30717,33615,33549,39209,39577,42780,42941,28121,31338,20041,25119,6239,10510,21373,20397,30998,28055,31715,31295,37149,37191,40766,40952,27047,30131,19297,24085,5962,9951,327589,306500,45071,43439,77536,71169,19454,62,34
2021-09-12T23:59:59+02:00,3004,2718,23976,22945,33280,30713,33606,33543,39204,39574,42777,42939,28119,31336,20040,25118,6239,10509,21357,20389,30989,28037,31696,31287,37143,37184,40760,40946,27042,30130,19295,24082,5962,9949,327522,306379,45071,43439,77535,71168,19454,62,34
2021-09-11T23:59:59+02:00,3002,2717,23974,22943,33278,30712,33604,33542,39204,39572,42776,42939,28116,31334,20040,25118,6239,10509,21353,20388,30988,28034,31696,31287,37143,37183,40759,40945,27040,30130,19295,24082,5962,9949,327502,306363,45071,43439,77535,71168,19453,62,34
2021-09-10T23:59:59+02:00,2960,2674,23840,22815,33149,30596,33502,33467,39130,39489,42728,42899,28100,31317,20035,25110,6238,10507,21238,20285,30876,27941,31607,31234,37080,37141,40713,40912,27032,30120,19289,24072,5960,9948,326760,305823,45051,43420,77535,71167,19152,62,34
2021-09-09T23:59:59+02:00,2910,2635,23668,22667,33042,30470,33407,33367,39061,39421,42688,42852,28073,31299,20026,25104,6236,10505,21120,20155,30782,27844,31531,31139,37017,37086,40664,40864,27008,30104,19280,24063,5956,9945,325897,305075,45027,43400,77533,71164,18923,55,33
2021-09-08T23:59:59+02:00,2889,2604,23630,22618,33013,30432,33391,33339,39041,39400,42673,42837,28067,31290,20023,25099,6235,10505,21087,20123,30751,27828,31516,31114,37000,37063,40654,40851,27001,30097,19274,24058,5955,9944,325587,304844,45021,43396,77533,71163,18894,55,33
2021-09-07T23:59:59+02:00,2837,2549,23480,22474,32894,30325,33317,33253,38986,39336,42629,42803,28049,31273,20020,25094,6234,10502,20951,19990,30633,27744,31441,31048,36952,37011,40616,40822,26984,30072,19268,24047,5954,9942,324840,304194,44997,43374,77532,71158,18634,55,33
2021-09-06T23:59:59+02:00,2814,2534,23449,22430,32863,30292,33296,33233,38965,39323,42613,42788,28046,31269,20018,25092,6233,10499,20910,19947,30602,27717,31421,31023,36933,36992,40602,40810,26976,30064,19266,24038,5951,9940,324575,303894,44981,43366,77531,71157,18618,55,33
2021-09-05T23:59:59+02:00,2803,2531,23442,22424,32861,30287,33294,33228,38962,39320,42609,42782,28044,31265,20016,25091,6232,10498,20897,19940,30592,27711,31418,31019,36930,36990,40597,40807,26971,30062,19264,24034,5950,9940,324510,303819,44980,43366,77531,71157,18616,55,33
2021-09-04T23:59:59+02:00,2803,2531,23439,22423,32860,30287,33294,33227,38962,39319,42608,42781,28044,31265,20016,25091,6232,10498,20895,19940,30592,27711,31417,31018,36930,36990,40596,40807,26971,30062,19264,24034,5950,9940,324504,303812,44980,43366,77531,71157,18613,55,33
2021-09-03T23:59:59+02:00,2780,2497,23363,22346,32788,30216,33254,33184,38918,39291,42578,42769,28036,31252,20015,25089,6230,10497,20846,19882,30544,27672,31383,30983,36902,36965,40567,40795,26963,30054,19262,24032,5949,9940,324010,303468,44952,43358,77527,71149,18562,55,33
2021-09-02T23:59:59+02:00,2751,2465,23258,22250,32727,30126,33197,33130,38880,39258,42539,42736,28016,31241,20011,25075,6228,10494,20772,19821,30486,27610,31345,30953,36863,36928,40535,40766,26953,30042,19259,24021,5949,9940,323413,303044,44922,43341,77525,71144,18470,55,33
2021-09-01T23:59:59+02:00,2730,2451,23235,22214,32698,30096,33176,33104,38854,39237,42526,42721,28008,31234,20006,25073,6228,10494,20732,19780,30457,27584,31322,30931,36844,36913,40518,40750,26943,30033,19258,24015,5949,9940,323165,302782,44911,43337,77524,71143,18433,55,33
2021-08-31T23:59:59+02:00,2685,2409,23114,22108,32617,29996,33122,33047,38809,39196,42500,42696,27997,31228,20000,25069,6227,10490,20644,19687,30386,27524,31273,30888,36804,36881,40489,40725,26934,30021,19252,24010,5949,9938,322591,302366,44881,43322,77523,71136,18263,55,33
2021-08-30T23:59:59+02:00,2663,2385,23061,22065,32577,29954,33098,33010,38780,39176,42480,42678,27992,31222,19993,25061,6226,10486,20518,19588,30288,27430,31213,30838,36771,36853,40468,40691,26919,30007,19251,24001,5949,9936,322252,301658,44866,43313,77523,71131,18214,55,33
2021-08-29T23:59:59+02:00,2632,2355,22974,22002,32515,29897,33055,32979,38734,39140,42450,42657,27983,31215,19990,25056,6226,10485,20415,19520,30219,27380,31178,30804,36730,36824,40443,40673,26906,29996,19250,23996,5949,9936,321799,301230,44851,43290,77521,71121,18122,55,33
2021-08-28T23:59:59+02:00,2626,2353,22974,22002,32511,29897,33054,32979,38731,39139,42449,42657,27982,31215,19990,25056,6226,10485,20414,19519,30214,27379,31178,30801,36727,36822,40443,40673,26906,29996,19250,23996,5949,9936,321786,301219,44851,43289,77521,71121,18116,55,33
2021-08-27T23:59:59+02:00,2626,2353,22969,21998,32506,29897,33053,32977,38729,39137,42445,42657,27981,31215,19990,25056,6225,10485,20408,19517,30205,27378,31177,30799,36724,36821,40441,40673,26906,29996,19250,23995,5949,9936,321771,301204,44851,43289,77521,71118,18104,55,33
2021-08-26T23:59:59+02:00,2544,2270,22780,21792,32375,29755,32935,32870,38641,39048,42380,42588,27956,31182,19977,25038,6224,10479,20136,19247,30063,27210,31035,30673,36615,36726,40356,40599,26864,29955,19231,23971,5943,9935,320555,299689,44831,43265,77520,71102,17876,55,33
2021-08-25T23:59:59+02:00,2538,2262,22760,21766,32364,29734,32921,32855,38629,39034,42370,42582,27951,31180,19970,25032,6221,10477,20088,19204,30027,27180,31014,30637,36589,36694,40338,40583,26851,29942,19228,23963,5942,9934,320369,299327,44831,43265,77520,71101,17874,55,33
2021-08-24T23:59:59+02:00,2520,2251,22721,21724,32338,29689,32902,32822,38619,39014,42351,42568,27945,31169,19965,25024,6220,10476,20050,19162,29994,27139,30993,30602,36575,36673,40318,40565,26845,29932,19224,23960,5942,9930,320081,299038,44821,43260,77520,71096,17844,55,33
2021-08-23T23:59:59+02:00,2500,2219,22650,21651,32267,29632,32866,32791,38578,38983,42320,42555,27929,31160,19962,25013,6220,10474,19924,19040,29876,27060,30928,30555,36526,36630,40277,40536,26833,29919,19218,23950,5942,9924,319635,298304,44810,43235,77517,71090,17756,55,33
2021-08-22T23:59:59+02:00,2491,2210,22614,21619,32248,29614,32850,32783,38561,38967,42315,42546,27925,31155,19957,25013,6220,10473,19885,19003,29840,27027,30897,30519,36504,36614,40258,40514,26825,29915,19215,23947,5942,9922,319466,298014,44804,43232,77515,71081,17724,55,33
2021-08-21T23:59:59+02:00,2472,2197,22559,21569,32208,29577,32826,32759,38547,38944,42298,42536,27918,31147,19955,25010,6220,10472,19783,18904,29768,26969,30863,30475,36469,36572,40234,40493,26814,29906,19210,23943,5940,9922,319220,297505,44791,43217,77513,71075,17638,55,33
2021-08-20T23:59:59+02:00,2434,2155,22470,21462,32131,29494,32764,32713,38497,38903,42255,42508,27911,31133,19951,24995,6219,10468,19609,18778,29643,26866,30788,30415,36406,36527,40189,40455,26799,29887,19201,23934,5939,9918,318636,296692,44766,43193,77510,71057,17499,55,33
2021-08-19T23:59:59+02:00,2344,2087,22308,21327,31994,29371,32675,32630,38396,38826,42185,42454,27885,31100,19944,24983,6214,10459,19350,18572,29432,26716,30668,30305,36287,36433,40087,40370,26771,29857,19190,23918,5935,9913,317705,295421,44746,43163,77510,71032,17169,55,33
2021-08-18T23:59:59+02:00,2335,2078,22282,21305,31972,29350,32653,32607,38368,38808,42172,42438,27870,31090,19938,24978,6214,10457,19295,18512,29392,26682,30642,30274,36259,36412,40063,40339,26754,29846,19186,23906,5930,9909,317445,294986,44746,43163,77510,71030,17162,55,33
2021-08-17T23:59:59+02:00,2318,2062,22257,21277,31956,29320,32628,32583,38356,38796,42148,42419,27865,31078,19933,24973,6214,10457,19253,18461,29361,26643,30597,30247,36231,36377,40035,40315,26732,29831,19179,23889,5926,9905,317204,294584,44746,43160,77510,71026,17128,55,33
2021-08-16T23:59:59+02:00,2280,2045,22191,21234,31915,29276,32605,32562,38332,38775,42116,42402,27856,31071,19931,24963,6214,10456,19046,18317,29215,26529,30520,30158,36184,36325,39998,40273,26712,29815,19172,23869,5920,9903,316857,293584,44746,43154,77508,71025,17061,55,33
2021-08-15T23:59:59+02:00,2253,2022,22137,21177,31867,29236,32581,32529,38304,38756,42096,42388,27849,31066,19925,24956,6213,10456,18928,18201,29056,26401,30440,30075,36116,36274,39943,40216,26693,29791,19162,23860,5917,9902,316522,292659,44738,43137,77507,71017,16992,55,33
2021-08-14T23:59:59+02:00,2247,2019,22111,21161,31855,29220,32577,32523,38296,38751,42090,42385,27848,31065,19924,24955,6213,10455,18815,18108,28993,26338,30402,30027,36092,36243,39922,40201,26685,29785,19159,23859,5916,9899,316433,292118,44735,43117,77507,71013,16968,55,33
2021-08-13T23:59:59+02:00,2230,2008,22065,21123,31818,29196,32540,32495,38281,38737,42080,42375,27846,31060,19921,24952,6212,10455,18559,17848,28814,26179,30286,29935,36040,36174,39877,40165,26669,29773,19154,23850,5913,9895,316197,290749,44730,43101,77505,71003,16910,55,33
2021-08-12T23:59:59+02:00,2194,1970,21978,21029,31747,29120,32483,32445,38234,38694,42043,42341,27830,31041,19914,24942,6210,10455,18252,17533,28562,25951,30142,29808,35946,36081,39801,40097,26633,29727,19134,23827,5911,9892,315625,289000,44719,43048,77502,70956,16772,55,33
2021-08-11T23:59:59+02:00,2192,1965,21958,21013,31729,29100,32468,32429,38226,38685,42032,42325,27822,31038,19911,24938,6209,10451,18197,17477,28526,25906,30094,29769,35925,36043,39764,40064,26621,29700,19127,23817,5911,9890,315447,288520,44719,43045,77502,70953,16771,55,33
2021-08-10T23:59:59+02:00,2183,1944,21930,20976,31692,29078,32452,32409,38199,38658,42014,42318,27816,31030,19910,24935,6208,10447,17677,17023,28350,25748,30000,29679,35757,35920,39714,40022,26597,29677,19120,23801,5907,9889,315198,286818,44714,43016,77500,70703,16735,55,33
2021-08-09T23:59:59+02:00,2159,1930,21879,20926,31635,29031,32418,32379,38174,38638,41999,42294,27805,31021,19909,24926,6207,10445,17205,16561,28217,25641,29945,29625,35711,35875,39680,39987,26588,29663,19115,23795,5907,9887,314823,285332,44708,42996,77499,70690,16693,55,33
2021-08-08T23:59:59+02:00,2143,1912,21825,20882,31589,28995,32383,32353,38150,38630,41977,42273,27798,31017,19903,24922,6207,10442,16860,16221,28106,25559,29888,29552,35663,35837,39658,39961,26576,29650,19106,23786,5905,9882,314505,284096,44707,42975,77498,70682,16639,55,33
2021-08-07T23:59:59+02:00,2099,1869,21689,20800,31505,28927,32309,32292,38093,38580,41944,42245,27789,30990,19898,24913,6205,10440,16348,15770,27803,25269,29660,29365,35483,35680,39518,39849,26520,29586,19087,23757,5902,9878,313874,281445,44674,42852,77492,70594,16495,55,33
2021-08-06T23:59:59+02:00,2089,1859,21639,20762,31464,28894,32276,32273,38067,38560,41932,42229,27785,30981,19894,24913,6205,10440,15324,14790,26652,24373,29370,29134,35234,35481,39203,39609,26478,29540,19077,23747,5901,9875,313644,276448,44670,42830,77492,69791,16404,55,32
2021-08-05T23:59:59+02:00,2050,1830,21530,20675,31406,28816,32216,32215,38008,38509,41887,42192,27768,30962,19885,24900,6203,10437,14434,14046,25629,23591,28656,28619,34704,35045,38886,39363,26411,29460,19045,23713,5898,9865,313085,271558,44647,42779,77491,68294,16214,55,32
2021-08-04T23:59:59+02:00,2030,1811,21458,20623,31362,28743,32182,32172,37970,38486,41853,42164,27755,30946,19880,24887,6201,10433,14065,13705,25222,23284,28443,28394,34561,34919,38788,39270,26372,29415,19023,23690,5893,9860,312629,269115,44640,42749,77491,68252,16144,55,32
2021-08-03T23:59:59+02:00,2021,1795,21431,20597,31346,28729,32169,32162,37960,38472,41837,42151,27745,30940,19876,24880,6200,10431,13981,13614,25144,23207,28375,28337,34513,34872,38736,39231,26346,29388,19011,23678,5890,9854,312424,268387,44636,42746,77490,68226,16140,55,32
2021-08-02T23:59:59+02:00,2011,1774,21386,20558,31300,28707,32142,32131,37934,38457,41824,42136,27736,30928,19876,24872,6199,10427,13778,13405,24437,22660,28092,28114,34364,34760,38657,39168,26319,29356,19003,23674,5890,9852,312134,265972,44633,42732,77490,67998,16089,55,32
2021-08-01T23:59:59+02:00,1991,1757,21333,20511,31251,28667,32115,32112,37915,38438,41803,42119,27730,30921,19873,24864,6199,10427,13607,13243,24137,22408,27854,27896,34273,34652,38589,39097,26303,29337,18997,23668,5890,9850,311830,264274,44627,42720,77489,67975,16028,55,32
2021-07-31T23:59:59+02:00,1966,1727,21254,20434,31180,28628,32060,32072,37879,38409,41780,42098,27726,30913,19868,24860,6199,10427,12662,12217,23619,21967,27508,27540,33963,34356,38155,38754,26232,29252,18971,23623,5885,9844,311411,259240,44615,42684,77487,67404,15914,55,32
2021-07-30T23:59:59+02:00,1941,1707,21232,20413,31148,28609,32045,32054,37873,38402,41772,42090,27721,30910,19867,24860,6198,10427,12575,12144,23292,21678,27228,27328,33744,34192,37993,38619,26208,29234,18970,23615,5885,9842,311228,257816,44614,42676,77487,66847,15887,55,32
2021-07-29T23:59:59+02:00,1872,1638,21000,20176,31006,28460,31942,31943,37779,38313,41678,42029,27693,30885,19854,24841,6191,10419,11946,11610,22163,20838,26186,26488,32759,33499,37609,38327,26126,29133,18941,23568,5879,9833,310015,252200,44587,42585,77479,65088,15585,55,32
2021-07-28T23:59:59+02:00,1852,1623,20960,20124,30987,28430,31926,31922,37758,38294,41655,42008,27682,30873,19849,24831,6191,10417,11666,11308,21752,20455,25753,26062,32594,33343,37498,38236,26089,29082,18922,23545,5878,9828,309696,249277,44587,42585,77467,65027,15580,54,32
2021-07-27T23:59:59+02:00,1842,1617,20920,20081,30963,28397,31892,31906,37737,38260,41631,41995,27675,30866,19848,24826,6191,10414,11421,11092,21550,20266,25611,25942,32482,33236,37409,38153,26058,29043,18912,23533,5875,9824,309458,247799,44587,42551,77466,64955,15498,54,31
2021-07-26T23:59:59+02:00,1816,1582,20794,19952,30854,28296,31833,31841,37681,38192,41590,41964,27649,30848,19837,24812,6185,10411,11128,10768,21043,19824,25361,25733,32320,33085,37279,38065,26022,29009,18899,23510,5874,9816,308693,245507,44555,42437,77461,64750,15376,54,31
2021-07-25T23:59:59+02:00,1809,1574,20771,19940,30843,28286,31821,31826,37673,38185,41580,41954,27645,30845,19836,24810,6185,10410,11023,10662,20893,19718,25127,25539,32081,32876,37135,37932,26004,28995,18893,23502,5873,9813,308574,244248,44546,42422,77452,64337,15369,54,31
2021-07-24T23:59:59+02:00,1789,1559,20689,19865,30799,28247,31786,31790,37646,38157,41557,41942,27638,30839,19833,24808,6185,10410,10960,10607,20818,19656,25055,25478,32028,32845,37106,37911,25998,28990,18891,23500,5873,9813,308225,243880,44535,42399,77448,64270,15279,54,31
2021-07-23T23:59:59+02:00,1734,1524,20496,19719,30638,28133,31698,31716,37578,38105,41518,41898,27627,30822,19828,24802,6184,10405,10701,10403,20460,19356,24248,24832,31546,32513,36538,37454,25955,28948,18875,23483,5872,9811,307392,241017,44526,42351,77430,62879,15024,54,31
2021-07-22T23:59:59+02:00,1670,1467,20185,19446,30397,27950,31567,31602,37447,37998,41421,41815,27600,30798,19817,24778,6180,10404,10240,10025,19715,18843,23292,24163,30836,31925,35503,36694,25844,28849,18841,23450,5870,9807,305912,237408,44490,41687,77424,60351,14663,54,31
2021-07-21T23:59:59+02:00,1655,1459,20148,19394,30367,27920,31542,31579,37427,37973,41400,41791,27591,30790,19812,24772,6175,10400,9930,9691,19253,18391,22417,23397,30501,31592,35268,36496,25761,28752,18810,23397,5862,9797,305585,234660,44480,39996,77422,60178,14655,54,30
2021-07-20T23:59:59+02:00,1648,1453,20115,19367,30337,27896,31517,31559,37411,37955,41388,41777,27576,30775,19812,24765,6175,10397,9662,9413,18920,18124,22144,23113,30324,31435,35103,36354,25715,28706,18794,23361,5861,9793,305327,232265,44478,39988,77421,60077,14644,54,30
2021-07-19T23:59:59+02:00,1637,1445,20001,19280,30253,27824,31458,31504,37391,37936,41373,41758,27571,30764,19806,24758,6174,10394,9465,9217,18608,17850,21682,22692,30071,31204,34984,36252,25681,28667,18776,23345,5861,9790,304748,230638,44471,39050,77419,59962,14636,54,30
2021-07-18T23:59:59+02:00,1626,1439,19932,19213,30124,27725,31393,31438,37329,37884,41329,41706,27550,30733,19797,24743,6170,10391,9356,9102,18440,17699,21491,22503,29901,31006,34869,36151,25649,28644,18765,23327,5861,9784,303954,229380,44471,38747,77417,59921,14627,54,30
2021-07-17T23:59:59+02:00,1625,1435,19925,19211,30124,27724,31393,31434,37324,37882,41325,41704,27549,30732,19796,24743,6170,10391,9336,9087,18409,17677,21472,22490,29891,30999,34851,36147,25646,28642,18765,23326,5861,9784,303923,229229,44471,38744,77417,59910,14623,54,30
2021-07-16T23:59:59+02:00,1572,1390,19650,18965,30002,27628,31311,31364,37268,37819,41284,41672,27530,30715,19789,24733,6168,10385,9218,8972,18030,17374,21169,22217,29501,30642,34716,36041,25622,28618,18758,23313,5859,9782,302932,227955,44448,38022,77416,59580,14396,54,29
2021-07-15T23:59:59+02:00,1514,1347,19390,18718,29827,27481,31201,31265,37184,37736,41214,41605,27487,30685,19773,24719,6164,10382,8856,8671,17123,16548,19622,20991,28581,29721,34093,35462,25455,28437,18702,23263,5853,9770,301654,221853,44407,36566,77408,58659,14170,54,29
2021-07-14T23:59:59+02:00,1500,1334,19360,18681,29801,27455,31176,31233,37172,37722,41194,41598,27478,30678,19764,24712,6163,10378,8567,8374,16575,15948,19129,20471,28017,29221,33702,35085,25342,28308,18662,23197,5848,9759,301370,217687,44404,36209,77405,58229,14167,54,29
2021-07-13T23:59:59+02:00,1489,1324,19322,18656,29784,27430,31152,31217,37157,37695,41170,41570,27469,30664,19762,24707,6162,10372,8260,8112,16179,15600,18852,20192,27755,28971,33431,34827,25243,28187,18629,23156,5846,9754,301084,214989,44403,36174,77404,57736,14158,54,29
2021-07-12T23:59:59+02:00,1473,1314,19274,18639,29748,27400,31135,31196,37145,37678,41154,41556,27466,30660,19760,24701,6161,10372,8000,7900,15900,15323,18152,19643,27440,28649,33018,34465,25075,27990,18570,23081,5840,9749,300824,213706,44402,34240,77404,56757,14149,54,29
2021-07-11T23:59:59+02:00,1463,1306,19242,18608,29720,27369,31118,31165,37137,37657,41140,41544,27457,30651,19758,24701,6160,10371,7956,7853,15835,15253,18064,19589,27356,28586,32906,34403,25020,27945,18550,23059,5840,9746,300572,213132,44399,34229,77402,56513,14141,54,29
2021-07-10T23:59:59+02:00,1334,1190,18737,18189,29272,27069,30833,30930,36888,37497,40936,41394,27383,30591,19732,24669,6157,10368,7827,7784,15548,15115,17847,19438,27113,28445,32739,34287,24954,27899,18534,23046,5839,9746,298359,212711,44260,34107,77374,56273,13123,54,29
2021-07-09T23:59:59+02:00,1323,1184,18709,18158,29250,27052,30820,30917,36877,37485,40925,41385,27379,30587,19730,24665,6157,10367,7785,7738,15478,15048,17782,19344,26892,28215,32490,34073,24890,27836,18512,23020,5839,9743,298211,212426,44241,34104,77373,55111,13092,54,29
2021-07-08T23:59:59+02:00,1245,1102,18440,17942,29100,26900,30681,30796,36774,37382,40826,41307,27345,30553,19711,24645,6152,10361,7615,7600,15179,14800,17350,18984,26200,27611,32215,33806,24721,27679,18453,22958,5836,9735,296938,211285,44184,32682,77365,54092,12722,54,29
2021-07-07T23:59:59+02:00,1146,1010,18129,17619,28899,26715,30548,30670,36662,37261,40719,41221,27311,30504,19697,24629,6149,10358,7418,7389,14739,14434,16886,18540,25447,26999,31806,33426,24454,27355,18359,22865,5827,9726,295361,208371,44132,31847,77354,53133,12347,54,29
2021-07-06T23:59:59+02:00,1123,994,18052,17550,28853,26665,30498,30623,36626,37226,40684,41190,27294,30478,19686,24615,6147,10355,7201,7158,14394,14073,16535,18190,24695,26352,31506,33162,24263,27140,18311,22794,5820,9719,294783,206305,44128,30442,77351,52237,12344,54,29
2021-07-05T23:59:59+02:00,1081,966,17977,17487,28810,26607,30459,30588,36600,37181,40656,41164,27288,30464,19680,24609,6147,10350,6972,6972,14090,13804,16185,17827,24139,25842,30937,32595,23984,26842,18203,22655,5812,9709,294294,204815,44126,28344,77347,51107,12294,54,29
2021-07-04T23:59:59+02:00,1059,950,17905,17436,28772,26585,30436,30559,36590,37172,40641,41152,27282,30453,19675,24606,6147,10349,6947,6953,14038,13755,16110,17769,24055,25785,30783,32504,23891,26753,18171,22614,5810,9705,293975,204424,44126,28334,77336,50598,12279,54,29
2021-07-03T23:59:59+02:00,645,579,16165,15715,27606,25668,29641,29840,35947,36560,40139,40722,27124,30286,19608,24518,6138,10332,6559,6711,13525,13457,15712,17467,23692,25507,30478,32309,23795,26657,18137,22574,5806,9701,286458,204131,44087,28258,77252,50307,9383,54,29
2021-07-02T23:59:59+02:00,606,540,16035,15570,27448,25520,29562,29780,35916,36532,40120,40709,27118,30277,19605,24515,6138,10332,6512,6637,13451,13360,15625,17335,23549,25325,30324,32144,23603,26446,18048,22496,5804,9698,285556,203449,44087,28099,77250,49424,9377,54,29
2021-07-01T23:59:59+02:00,548,492,15856,15415,27236,25365,29483,29702,35861,36481,40056,40663,27097,30258,19594,24502,6136,10328,6370,6507,13105,13089,15095,16896,22280,24335,29564,31460,23323,26158,17929,22361,5797,9682,284366,199914,44082,26423,77237,48272,9335,54,27
2021-06-30T23:59:59+02:00,518,472,15751,15308,27124,25279,29415,29630,35804,36429,40014,40628,27082,30227,19583,24485,6132,10328,6174,6325,12673,12702,14527,16348,21655,23736,28971,30930,22905,25692,17798,22178,5790,9670,283539,195653,44079,26398,77231,46706,9307,54,27
2021-06-29T23:59:59+02:00,462,422,14997,14639,26857,25057,29318,29531,35724,36348,39945,40581,27063,30202,19575,24472,6132,10326,6061,6199,12414,12441,14132,15952,20865,23113,28386,30376,22457,25168,17645,22004,5782,9660,281039,192506,44076,25888,77222,44988,9261,54,27
2021-06-28T23:59:59+02:00,426,391,14370,13994,26699,24951,29246,29465,35665,36283,39902,40547,27045,30182,19567,24461,6132,10322,5994,6102,12235,12302,13945,15776,20241,22562,27986,30002,22121,24811,17516,21841,5777,9655,279099,190824,44073,25225,77216,43597,9207,54,27
2021-06-27T23:59:59+02:00,349,324,14025,13622,26636,24893,29208,29429,35643,36261,39883,40533,27034,30175,19564,24457,6131,10321,5957,6059,12121,12185,13799,15647,19688,22084,27378,29502,21845,24472,17395,21717,5773,9654,277988,189988,44069,23699,77205,42403,9173,54,27
2021-06-26T23:59:59+02:00,348,323,14014,13610,26621,24882,29202,29422,35636,36260,39880,40532,27033,30174,19564,24457,6131,10321,5952,6056,12111,12183,13793,15644,19675,22072,27333,29467,21698,24342,17355,21661,5772,9652,277914,189964,44066,23695,77205,41922,9172,54,27
2021-06-25T23:59:59+02:00,224,210,12755,12392,25155,23733,28903,29189,35530,36175,39812,40470,27009,30147,19553,24445,6129,10319,5909,6009,12016,12101,13649,15523,19364,21833,26947,29110,21376,23948,17178,21464,5769,9643,271684,188738,44062,23412,77184,40509,9167,54,27
2021-06-24T23:59:59+02:00,159,156,11781,11561,24043,22853,28540,28835,35379,36008,39694,40364,26970,30097,19542,24421,6127,10315,5691,5777,11560,11686,13068,14932,17828,20435,25296,27514,20605,23089,16860,21057,5759,9633,266440,183754,44040,19789,77179,38100,9133,54,27
2021-06-23T23:59:59+02:00,123,130,11418,11241,23546,22481,28291,28593,35202,35880,39604,40275,26940,30070,19533,24384,6125,10303,5617,5665,11348,11471,12768,14582,17435,20024,24547,26744,19808,22339,16666,20804,5751,9617,263826,181401,44032,19170,77174,35547,9054,54,27
2021-06-22T23:59:59+02:00,102,117,11236,11031,23385,22341,28211,28520,35126,35818,39557,40229,26925,30045,19525,24375,6125,10302,5508,5544,11081,11212,12402,14213,16832,19423,23815,25975,19428,21914,16503,20625,5744,9601,262679,178364,44029,18301,77172,34101,9037,54,27
2021-06-21T23:59:59+02:00,90,105,10985,10848,22553,21678,27957,28290,35058,35754,39494,40186,26908,30026,19519,24365,6125,10301,5390,5444,10864,10998,12095,13891,16442,19077,23365,25507,19136,21599,16398,20505,5738,9599,260091,176905,44019,17286,77164,32924,8915,54,27
2021-06-20T23:59:59+02:00,84,104,10920,10756,22304,21465,27698,28089,34978,35677,39449,40142,26896,30010,19517,24360,6123,10298,5349,5392,10777,10897,12000,13788,16245,18893,23095,25266,19035,21492,16345,20447,5732,9595,258802,176595,44018,16222,77158,32674,8838,54,27
2021-06-19T23:59:59+02:00,83,100,10897,10733,22272,21442,27680,28076,34966,35673,39439,40138,26895,30009,19517,24358,6123,10298,5318,5360,10696,10807,11908,13668,16097,18742,22788,24905,18948,21405,16333,20434,5731,9595,258652,176491,43997,14726,77158,32661,8838,54,27
2021-06-18T23:59:59+02:00,80,98,10849,10684,21956,21119,27418,27859,34912,35636,39408,40115,26886,30000,19516,24355,6123,10296,5303,5351,10666,10776,11868,13619,16035,18679,22704,24809,18782,21223,16288,20368,5730,9590,257268,176094,43993,14725,77157,32115,8838,54,27
2021-06-17T23:59:59+02:00,71,90,10268,10254,20679,20162,26555,27123,34541,35311,39148,39923,26822,29918,19495,24318,6116,10291,5106,5211,10290,10523,11425,13218,15354,18067,21336,23490,18325,20734,16124,20196,5726,9576,251483,170794,43972,14151,77144,31305,8432,54,27
2021-06-16T23:59:59+02:00,63,78,9932,9944,19993,19530,25921,26522,34290,35107,38987,39771,26776,29865,19471,24293,6115,10287,4962,5067,9902,10190,10965,12766,14650,17377,20483,22555,17921,20287,15953,19983,5716,9564,247639,167008,43956,12882,77130,30266,8166,54,27
2021-06-15T23:59:59+02:00,48,72,9691,9702,19695,19284,25696,26324,34159,34999,38890,39690,26744,29828,19464,24278,6110,10283,4858,4952,9663,9974,10730,12506,14226,16951,19882,21977,17598,19897,15731,19751,5707,9552,245865,164918,43946,11794,77123,29256,7969,54,26
2021-06-14T23:59:59+02:00,44,67,9560,9576,19394,19024,25518,26181,34040,34919,38827,39651,26726,29808,19458,24267,6110,10280,4777,4889,9473,9836,10556,12370,13963,16733,19566,21682,17432,19739,15629,19618,5706,9548,244664,163454,43944,11792,77119,28584,7669,54,26
2021-06-13T23:59:59+02:00,43,63,9400,9448,19104,18841,25163,25927,33840,34752,38721,39584,26710,29796,19448,24259,6110,10276,4694,4820,9262,9664,10388,12195,13637,16386,19219,21351,17304,19591,15582,19553,5704,9546,243019,162590,43944,11791,77114,27142,7354,54,26
2021-06-12T23:59:59+02:00,43,63,9391,9430,19092,18828,25163,25922,33840,34748,38718,39583,26710,29796,19448,24259,6110,10276,4691,4806,9251,9602,10355,12093,13588,16233,19164,21215,17195,19465,15465,19451,5702,9544,242971,162561,43944,11789,77108,26108,7343,54,26
2021-06-11T23:59:59+02:00,38,59,9232,9249,18858,18618,24362,25249,33661,34592,38583,39470,26677,29762,19437,24235,6110,10271,4611,4696,9030,9344,10095,11794,13067,15681,18190,20317,17009,19267,15425,19407,5699,9541,240051,158534,43942,11788,77103,25519,7313,54,26
2021-06-10T23:59:59+02:00,36,55,8839,8919,18211,18122,23514,24577,33342,34311,38378,39305,26618,29707,19412,24207,6107,10264,4437,4519,8456,8849,9286,11073,11919,14577,16192,18397,16119,18301,15140,19040,5690,9519,236428,148842,43288,11755,77077,23819,7079,52,26
2021-06-09T23:59:59+02:00,19,37,8387,8418,17376,17397,22364,23534,32855,33842,38091,39085,26507,29602,19364,24148,6097,10251,4302,4402,8165,8587,9041,10819,11585,14208,15708,17848,15746,17869,14898,18755,5683,9509,232427,147008,41395,11714,77035,21901,6483,34,26
2021-06-08T23:59:59+02:00,11,25,8067,8099,16906,16985,21943,23168,32610,33648,37928,38955,26462,29562,19354,24125,6094,10246,4183,4320,7911,8337,8736,10475,11225,13861,15067,17144,15285,17345,14636,18477,5678,9491,229701,145300,41364,10598,77023,20188,6066,34,26
2021-06-07T23:59:59+02:00,8,21,7870,7869,16548,16662,21403,22711,32329,33379,37810,38838,26433,29514,19334,24096,6089,10245,4107,4240,7731,8194,8576,10330,11054,13689,14753,16816,15086,17089,14462,18284,5674,9486,228081,144216,40395,10505,77002,19183,5648,33,26
2021-06-06T23:59:59+02:00,6,18,7764,7760,16414,16515,21207,22503,32099,33154,37674,38732,26406,29489,19322,24079,6089,10239,4079,4204,7683,8075,8522,10199,10946,13542,14556,16596,14900,16909,14373,18163,5667,9480,226845,143726,40094,10493,76984,18142,5514,33,26
2021-06-05T23:59:59+02:00,6,18,7742,7746,16388,16491,21199,22500,32088,33147,37672,38731,26405,29489,19321,24078,6089,10239,4069,4164,7668,8010,8508,10067,10932,13370,14537,16491,14865,16854,14364,18153,5667,9479,226739,143644,40094,10493,76983,17542,5500,33,26
2021-06-04T23:59:59+02:00,6,16,7631,7644,16108,16252,20924,22250,31664,32772,37557,38610,26372,29449,19309,24065,6087,10237,4062,4155,7641,7987,8481,10036,10865,13297,14432,16359,14783,16761,14327,18109,5667,9477,225138,143307,39318,10164,76964,17449,5500,33,26
2021-06-03T23:59:59+02:00,4,16,7376,7417,15234,15461,19295,20861,30750,31846,37051,38149,26240,29312,19264,24013,6081,10218,4001,4116,7553,7916,8358,9940,10694,13114,13861,15786,14519,16445,14241,18001,5664,9465,218512,141082,37739,10045,76953,17177,5351,33,26
2021-06-02T23:59:59+02:00,4,16,7242,7273,14857,15036,18864,20456,30283,31390,36824,37884,26176,29248,19244,23984,6078,10216,3972,4087,7491,7830,8270,9845,10554,12983,13413,15353,14394,16262,14211,17963,5661,9460,215435,139288,37308,9951,76952,17144,5347,33,26
2021-06-01T23:59:59+02:00,4,13,6968,7029,14459,14726,18521,20139,29956,31078,36600,37651,26120,29168,19220,23955,6076,10205,3871,4003,7250,7654,8038,9652,10290,12707,13006,14928,13959,15808,14095,17808,5654,9452,212689,137152,37264,9697,76931,16336,4971,33,26
2021-05-31T23:59:59+02:00,4,13,6805,6843,14237,14492,17820,19538,29614,30735,36306,37387,26027,29070,19193,23901,6066,10193,3793,3893,7040,7407,7814,9369,9946,12324,12567,14407,13430,15193,13894,17578,5646,9437,211249,133966,35225,9376,76915,15555,4822,33,26
2021-05-30T23:59:59+02:00,4,13,6782,6827,14192,14451,17742,19479,29564,30696,36274,37361,26015,29058,19190,23894,6065,10191,3750,3821,6882,7192,7667,9133,9739,12003,12311,14052,13309,15023,13826,17495,5643,9430,210950,133228,35212,9274,76857,14009,4746,33,26
2021-05-29T23:59:59+02:00,4,13,6780,6826,14183,14445,17737,19473,29559,30692,36271,37360,26013,29055,19190,23893,6065,10191,3740,3809,6852,7159,7633,9082,9703,11956,12237,13954,13267,14954,13796,17471,5642,9425,210918,133087,35212,9273,76842,13556,4745,33,26
2021-05-28T23:59:59+02:00,4,13,6770,6813,14165,14433,17721,19451,29546,30679,36260,37340,26010,29050,19188,23889,6065,10191,3726,3786,6832,7119,7599,9027,9651,11851,11994,13684,13077,14763,13766,17430,5639,9422,210761,131793,35211,9272,76839,13537,4744,33,26
2021-05-27T23:59:59+02:00,4,13,6679,6732,13897,14213,17232,19104,28865,30135,36099,37207,25961,29013,19173,23873,6064,10185,3602,3625,6545,6867,7223,8720,9153,11293,11285,12788,12523,14192,13636,17236,5631,9410,209668,128270,33766,8944,76797,12310,4185,33,26
2021-05-26T23:59:59+02:00,4,13,6609,6626,13686,14011,16979,18793,28321,29622,35922,37029,25920,28964,19156,23844,6063,10178,3511,3483,6323,6578,6934,8294,8811,10815,10632,11989,11959,13576,13489,17020,5626,9388,208052,124653,33016,8760,76782,11140,3857,33,24
2021-05-25T23:59:59+02:00,4,13,6528,6531,13479,13791,16715,18580,27597,28974,35830,36932,25896,28933,19144,23828,6058,10177,3462,3390,6179,6408,6788,8103,8585,10524,10285,11623,11614,13098,13384,16857,5623,9380,207333,122806,31561,8622,76299,10072,3785,32,24
2021-05-24T23:59:59+02:00,4,13,6458,6435,13301,13592,16492,18300,27181,28544,35485,36531,25839,28865,19125,23804,6057,10175,3449,3369,6121,6327,6743,8019,8525,10429,10212,11525,11438,12865,13336,16765,5615,9359,206801,122178,29330,8574,76292,9581,3746,32,24
2021-05-23T23:59:59+02:00,4,13,6456,6434,13296,13584,16489,18290,27162,28534,35455,36497,25836,28858,19125,23798,6057,10175,3444,3365,6115,6317,6733,8012,8497,10398,10172,11466,11355,12764,13316,16734,5615,9358,206687,122165,29313,8161,76291,9574,3740,32,24
2021-05-22T23:59:59+02:00,4,13,6449,6430,13289,13572,16482,18285,27158,28532,35452,36491,25836,28858,19125,23798,6057,10175,3442,3365,6111,6314,6732,8008,8493,10396,10167,11463,11344,12750,13311,16730,5614,9358,206633,122125,29313,8161,76288,9551,3740,32,24
2021-05-21T23:59:59+02:00,4,13,6387,6371,13136,13466,16307,18137,26888,28354,35021,36225,25810,28820,19117,23792,6056,10171,3433,3355,6078,6293,6702,7974,8454,10347,10113,11414,10826,12038,13170,16570,5611,9353,205945,120367,29188,8158,75242,9517,3668,32,24
2021-05-20T23:59:59+02:00,3,12,6094,6169,12525,13051,15114,17215,24976,26853,34067,35457,25705,28676,19062,23710,6050,10156,3374,3309,5983,6177,6589,7817,8306,10186,9874,11106,10487,11582,13057,16386,5601,9339,201177,118363,27445,8076,72703,9174,3539,31,24
2021-05-19T23:59:59+02:00,3,12,5887,5927,12012,12591,14409,16507,24029,26037,33440,34855,25592,28584,19027,23650,6042,10144,3297,3236,5821,6008,6397,7575,8031,9906,9570,10725,10175,11167,12978,16241,5599,9331,195473,116448,27404,7880,72687,8555,3153,31,24
2021-05-18T23:59:59+02:00,3,11,5717,5816,11616,12273,13786,16006,22873,25088,32772,34248,25476,28448,18979,23596,6037,10135,3255,3205,5707,5896,6231,7415,7826,9691,9372,10485,10005,10916,12832,16019,5589,9322,190522,115293,26894,7812,72642,7849,2791,31,24
2021-05-17T23:59:59+02:00,3,10,5664,5772,11452,12167,13512,15785,22056,24450,32462,33933,25396,28388,18956,23566,6028,10126,3139,3131,5515,5711,6056,7199,7617,9463,9147,10240,9913,10792,12774,15956,5586,9317,188752,114533,26191,7804,72248,6694,2504,31,24
2021-05-16T23:59:59+02:00,3,10,5636,5752,11390,12109,13427,15705,21443,23900,31849,33404,25356,28344,18946,23551,6027,10126,3134,3109,5501,5642,6028,7139,7589,9364,9116,10156,9897,10773,12771,15953,5586,9317,187984,114422,24645,7798,71826,6343,2492,31,23
2021-05-15T23:59:59+02:00,3,10,5627,5743,11357,12100,13398,15696,21367,23829,31308,33031,25345,28339,18945,23548,6026,10125,3121,3094,5482,5600,6014,7064,7549,9249,8877,9902,9864,10742,12737,15902,5586,9316,187934,114417,24632,7660,71179,5981,2021,31,23
2021-05-14T23:59:59+02:00,3,10,5588,5718,11295,12061,13325,15632,20956,23518,30876,32685,25309,28293,18933,23531,6026,10123,3089,3054,5446,5511,5993,6929,7508,9047,8817,9707,9791,10632,12651,15773,5586,9313,187209,114247,24313,7325,70309,5235,2020,31,23
2021-05-13T23:59:59+02:00,3,10,5433,5560,10913,11766,12613,15044,18769,21771,29331,31217,25082,28050,18865,23459,6024,10120,3077,3020,5423,5472,5976,6871,7484,8976,8773,9647,9573,10388,12449,15467,5581,9302,183255,113888,20518,6500,68221,5066,2005,31,23
2021-05-12T23:59:59+02:00,2,10,5403,5533,10843,11708,12512,14956,18646,21647,28968,30852,24989,27956,18848,23430,6023,10115,3076,3016,5417,5466,5966,6858,7459,8961,8734,9593,9384,10156,12216,15143,5578,9295,182307,113604,19881,5630,68218,5061,2004,31,22
2021-05-11T23:59:59+02:00,2,10,5267,5428,10595,11455,12146,14588,18035,21008,28038,29881,24797,27766,18788,23354,6018,10101,3034,2975,5327,5311,5867,6673,7330,8718,8571,9372,9203,9959,12065,14954,5569,9277,178223,112554,18989,5522,68087,4163,1947,31,22
2021-05-10T23:59:59+02:00,2,9,5143,5353,10382,11264,11887,14333,17709,20674,27616,29472,24689,27658,18749,23307,6010,10097,2964,2921,5211,5195,5752,6569,7206,8577,8442,9265,9099,9835,11975,14825,5566,9268,176218,112022,18305,5510,67860,3179,1940,31,22
2021-05-09T23:59:59+02:00,2,9,5069,5307,10284,11148,11787,14214,17369,20388,27225,29095,24602,27571,18720,23271,6007,10094,2896,2889,5065,5153,5576,6526,7039,8548,8312,9229,9087,9825,11957,14805,5566,9268,175822,111946,17024,5500,67361,2352,1924,31,22
2021-05-08T23:59:59+02:00,2,9,5068,5306,10281,11144,11787,14214,17365,20386,27222,29093,24602,27571,18720,23271,6007,10094,2896,2888,5063,5153,5576,6526,7039,8548,8309,9229,9086,9824,11957,14805,5566,9268,175806,111943,17024,5500,67358,2348,1923,31,22
2021-05-07T23:59:59+02:00,2,9,5035,5280,10213,11092,11657,14090,16966,20113,26586,28536,24553,27520,18703,23237,6000,10063,2885,2881,5048,5145,5565,6510,7027,8537,8301,9218,9080,9816,11946,14783,5558,9239,174972,111928,17021,5494,65838,2305,1793,31,22
2021-05-06T23:59:59+02:00,1,9,4765,5119,9758,10749,11094,13572,15877,19090,24179,26243,24054,26992,18597,23135,5995,10049,2842,2835,4982,5069,5524,6419,6944,8419,8171,9066,8979,9702,11922,14732,5555,9236,169944,111385,14571,5437,62952,1774,1782,29,22
2021-05-05T23:59:59+02:00,1,9,4684,5038,9464,10520,10753,13246,15298,18488,23332,25276,23794,26665,18529,23030,5985,10031,2823,2799,4933,4984,5465,6299,6862,8255,8047,8850,8872,9570,11844,14645,5554,9228,166276,110442,13256,5431,62801,1356,1781,29,22
2021-05-04T23:59:59+02:00,1,9,4600,4947,9291,10320,10541,13005,14911,18092,22785,24710,23583,26392,18457,22949,5977,10017,2815,2765,4905,4908,5432,6178,6809,8115,7953,8695,8768,9458,11769,14586,5552,9225,164026,109941,12133,5420,62636,789,1763,29,22
2021-05-03T23:59:59+02:00,1,9,4529,4871,9100,10186,10365,12829,14629,17846,22374,24295,23444,26242,18430,22901,5977,10011,2741,2693,4820,4836,5357,6092,6713,8009,7771,8529,8682,9371,11730,14537,5549,9220,162519,109719,12132,5417,62543,679,816,29,21
2021-05-02T23:59:59+02:00,1,9,4516,4857,9024,10129,10240,12718,14303,17540,22072,24008,23394,26182,18411,22876,5976,10010,2735,2686,4761,4803,5267,6008,6577,7881,7653,8428,8636,9330,11706,14503,5547,9215,161632,109603,12129,5415,62439,662,37,29,21
2021-05-01T23:59:59+02:00,1,9,4516,4854,9022,10128,10239,12718,14299,17536,22070,24008,23393,26181,18411,22876,5976,10010,2735,2686,4761,4803,5267,6008,6576,7881,7653,8428,8636,9330,11706,14503,5547,9215,161613,109603,12129,5414,62439,662,37,29,21
2021-04-30T23:59:59+02:00,0,9,4442,4768,8783,9913,9978,12478,13816,17110,21230,23237,23268,26044,18395,22845,5973,10007,2731,2684,4750,4795,5258,5974,6565,7850,7620,8390,8632,9327,11705,14500,5545,9214,158022,109576,12128,5412,62114,530,3,29,21
2021-04-29T23:59:59+02:00,0,9,4295,4623,8305,9503,9275,11875,12812,16208,19383,21553,22559,25282,18257,22634,5967,9990,2709,2665,4710,4724,5216,5900,6504,7744,7539,8274,8523,9212,11639,14425,5538,9205,148823,109085,12113,5149,61563,271,3,28,21
2021-04-28T23:59:59+02:00,0,9,4263,4604,8234,9430,9200,11788,12692,16087,19166,21340,22470,25190,18229,22593,5965,9985,2706,2653,4685,4664,5188,5856,6474,7670,7491,8192,8506,9189,11623,14403,5536,9199,148438,108892,12023,5078,60754,45,2,28,20
2021-04-27T23:59:59+02:00,0,9,4225,4558,8097,9295,9087,11638,12546,15919,18717,20845,22239,24932,18163,22515,5962,9976,2703,2649,4683,4660,5178,5848,6461,7651,7456,8154,8447,9110,11542,14321,5532,9195,147712,108633,10950,4905,60031,37,2,28,15
2021-04-26T23:59:59+02:00,0,9,4184,4531,7991,9199,8940,11532,12373,15745,18305,20480,22105,24785,18127,22483,5961,9974,2703,2647,4679,4656,5173,5840,6448,7631,7422,8126,8399,9062,11486,14242,5528,9178,146935,108527,10815,4647,58945,32,1,28,15
2021-04-25T23:59:59+02:00,0,9,4170,4516,7954,9168,8877,11469,12238,15616,17962,20147,21905,24548,18087,22428,5957,9969,2703,2647,4678,4654,5170,5836,6443,7628,7420,8122,8343,9003,11463,14214,5528,9176,145553,108504,10804,4479,58634,31,1,28,15
2021-04-24T23:59:59+02:00,0,9,4163,4508,7938,9163,8862,11459,12190,15586,17904,20109,21890,24535,18085,22423,5957,9969,2702,2647,4678,4654,5170,5836,6443,7628,7420,8122,8343,9002,11463,14214,5528,9176,145456,108504,10803,4479,58462,30,1,28,14
2021-04-23T23:59:59+02:00,0,9,4143,4478,7881,9100,8777,11357,11851,15260,17470,19710,21676,24302,18020,22346,5955,9961,2699,2645,4675,4651,5164,5828,6429,7619,7397,8091,8322,8975,11454,14205,5526,9173,144189,108492,10455,4319,57623,29,1,28,14
2021-04-22T23:59:59+02:00,0,9,4094,4414,7750,8911,8593,11100,11524,14842,16554,18726,21104,23592,17884,22166,5945,9943,2691,2639,4669,4629,5142,5802,6387,7585,7329,8046,8193,8818,11313,14054,5521,9164,140463,107875,10325,4073,56335,21,1,27,14
2021-04-21T23:59:59+02:00,0,9,4052,4371,7650,8790,8437,10939,11229,14561,15818,17968,20723,23145,17809,22061,5940,9930,2682,2628,4651,4608,5126,5781,6375,7567,7300,8024,8144,8757,11273,14014,5519,9162,137539,107589,10195,3991,55672,19,1,25,13
2021-04-20T23:59:59+02:00,0,9,4027,4345,7616,8738,8361,10859,11066,14387,15384,17493,20259,22628,17705,21909,5932,9918,2674,2619,4641,4595,5102,5761,6347,7543,7260,7984,8050,8625,11197,13927,5515,9158,135389,107016,9930,3952,55291,18,1,25,13
2021-04-19T23:59:59+02:00,0,9,3997,4294,7553,8633,8269,10720,10908,14204,15131,17198,19780,22063,17538,21693,5922,9906,2669,2618,4637,4591,5089,5746,6328,7526,7234,7939,7997,8571,11170,13881,5513,9154,133321,106683,9577,3950,54896,18,1,23,13
2021-04-18T23:59:59+02:00,0,6,3977,4266,7495,8581,8164,10594,10650,13961,14639,16660,19348,21551,17415,21508,5918,9900,2668,2618,4637,4591,5089,5746,6326,7523,7231,7938,7993,8568,11168,13877,5512,9151,130902,106659,9506,3948,54201,17,1,23,13
2021-04-17T23:59:59+02:00,0,6,3974,4258,7475,8575,8153,10576,10609,13915,14527,16573,19228,21429,17393,21480,5917,9898,2668,2618,4636,4589,5083,5741,6312,7518,7206,7915,7947,8522,11149,13854,5510,9151,130466,106648,9497,3742,53999,17,1,23,13
2021-04-16T23:59:59+02:00,0,6,3963,4214,7403,8451,8050,10421,10415,13654,13858,15810,18661,20788,17268,21305,5906,9880,2665,2615,4631,4582,5078,5728,6295,7507,7168,7880,7636,8131,11057,13714,5503,9134,127624,105847,9436,3449,52970,17,0,23,13
2021-04-15T23:59:59+02:00,0,5,3919,4161,7291,8319,7874,10188,10080,13265,13133,14952,17851,19926,17025,20983,5891,9861,2664,2607,4619,4565,5065,5695,6263,7471,7096,7807,7077,7470,10932,13554,5499,9124,123989,104180,9276,3302,51436,15,0,23,13
2021-04-14T23:59:59+02:00,0,4,3892,4130,7225,8213,7767,10037,9903,13066,12715,14506,17324,19314,16873,20774,5885,9846,2630,2588,4601,4533,5037,5648,6228,7438,7038,7747,6437,6706,10669,13258,5495,9116,122598,101844,9039,3301,49814,13,0,23,13
2021-04-13T23:59:59+02:00,0,4,3889,4124,7187,8196,7710,10002,9795,13013,12342,14213,16634,18461,16637,20469,5881,9840,2606,2561,4582,4507,5011,5613,6169,7369,6950,7643,6226,6453,10084,12585,5486,9095,121894,99625,8817,3292,47663,13,0,23,12
2021-04-12T23:59:59+02:00,0,4,3876,4106,7133,8150,7652,9933,9687,12912,12095,13999,16192,17944,16449,20255,5876,9837,2577,2550,4515,4465,4905,5543,6052,7292,6833,7543,5479,5631,9633,12047,5446,9053,121561,96258,8781,3283,45736,13,0,22,12
2021-04-11T23:59:59+02:00,0,4,3861,4098,7091,8098,7592,9890,9596,12835,11859,13791,15623,17256,16173,19916,5871,9827,2501,2470,4386,4344,4754,5411,5890,7140,6683,7438,5177,5270,9501,11887,5446,9049,120971,94092,8353,3233,44035,12,0,22,12
2021-04-10T23:59:59+02:00,0,4,3843,4078,7052,8051,7548,9833,9535,12776,11768,13707,15405,17063,16124,19847,5870,9820,1940,1906,3575,3625,3884,4648,4886,6224,5829,6649,4905,4965,9372,11735,5439,9040,120506,85367,8353,3233,43443,12,0,22,12
2021-04-09T23:59:59+02:00,0,4,3823,4058,7013,8021,7485,9776,9382,12647,11441,13426,14221,15530,15678,19315,5857,9808,1083,1082,2216,2432,2376,3280,3102,4583,4207,5182,4217,4230,9124,11379,5414,9010,118600,69665,8351,3230,40512,12,0,22,12
2021-04-08T23:59:59+02:00,0,4,3797,4042,6953,7968,7383,9683,9194,12531,11037,13075,13086,14266,15252,18772,5828,9761,583,594,1295,1725,1474,2354,2000,3495,2830,3793,2971,2830,8315,10393,5266,8787,117304,55458,8269,3227,37037,10,0,22,12
2021-04-07T23:59:59+02:00,0,4,3749,4016,6875,7912,7291,9613,9066,12402,10728,12767,12357,13500,15033,18508,5822,9739,354,376,945,1379,1067,1968,1490,3033,1883,2789,1788,1541,7407,9247,5111,8528,116342,45662,8117,3227,34902,7,0,21,12
2021-04-06T23:59:59+02:00,0,4,3733,4005,6854,7874,7236,9546,8974,12323,10517,12550,11972,13005,14812,18216,5811,9725,347,362,935,1369,1052,1947,1462,3005,1824,2730,1709,1472,6989,8689,4958,8289,115075,43897,8018,3226,34045,6,0,19,12
2021-04-05T23:59:59+02:00,0,4,3727,4004,6843,7861,7223,9535,8955,12295,10453,12491,11861,12857,14714,18124,5809,9722,345,356,925,1365,1046,1939,1452,2984,1802,2696,1656,1419,6759,8384,4834,8103,114736,42824,7997,3225,33726,6,0,19,12
2021-04-04T23:59:59+02:00,0,4,3727,4004,6841,7855,7222,9534,8952,12295,10443,12486,11858,12853,14711,18123,5809,9722,345,355,923,1365,1045,1937,1451,2983,1800,2693,1653,1414,6752,8370,4829,8100,114731,42775,7996,3224,33693,6,0,19,12
2021-04-03T23:59:59+02:00,0,4,3727,4004,6841,7854,7221,9534,8952,12295,10442,12486,11858,12852,14709,18121,5809,9722,345,354,921,1361,1043,1936,1450,2978,1798,2693,1648,1402,6709,8288,4794,8065,114727,42545,7996,3224,33689,6,0,19,12
2021-04-02T23:59:59+02:00,0,4,3725,4002,6839,7851,7215,9528,8939,12288,10426,12470,11731,12737,14666,18061,5805,9713,343,352,919,1355,1037,1925,1435,2953,1757,2655,1554,1316,5945,7391,4354,7496,114599,39867,7991,2904,33391,6,0,19,12
2021-04-01T23:59:59+02:00,0,3,3686,3990,6805,7830,7173,9498,8887,12249,10354,12399,11382,12326,14278,17530,5791,9685,338,349,903,1340,1025,1904,1403,2908,1697,2590,1431,1223,5007,6284,3798,6666,114158,35951,6575,2899,33114,6,0,19,12
2021-03-31T23:59:59+02:00,0,3,3680,3985,6790,7809,7155,9478,8853,12216,10265,12327,11047,11920,13924,17029,5783,9657,335,346,895,1331,1015,1889,1383,2880,1648,2553,1365,1170,4421,5605,3441,6196,113563,33631,5565,2826,32774,6,0,19,12
2021-03-30T23:59:59+02:00,0,3,3662,3961,6754,7772,7097,9412,8764,12113,10103,12172,10788,11643,13703,16763,5775,9643,331,339,890,1320,1008,1883,1360,2873,1619,2527,1338,1144,4302,5484,3380,6102,112748,33256,5315,2628,32048,6,0,17,12
2021-03-29T23:59:59+02:00,0,3,3652,3939,6728,7750,7057,9359,8669,12017,9920,11964,10350,11174,13331,16294,5759,9610,326,335,886,1309,1002,1875,1351,2863,1605,2518,1316,1130,4168,5341,3282,5970,111073,32640,5007,2622,31479,5,0,17,12
2021-03-28T23:59:59+02:00,0,3,3611,3883,6612,7592,6940,9216,8543,11824,9767,11773,10142,10914,13156,16112,5755,9601,326,335,886,1307,1000,1874,1350,2863,1604,2516,1307,1127,4135,5299,3256,5944,110703,32595,4742,2520,29982,4,0,17,12
2021-03-27T23:59:59+01:00,0,3,3610,3872,6600,7528,6910,9104,8493,11655,9715,11619,10029,10790,13061,16024,5754,9601,326,334,886,1307,1000,1871,1350,2861,1600,2515,1305,1125,4109,5264,3243,5929,110694,32492,4742,2519,28915,4,0,17,12
2021-03-26T23:59:59+01:00,0,3,3604,3865,6572,7491,6882,9029,8446,11542,9624,11491,9980,10726,13013,15968,5745,9580,321,332,885,1304,996,1859,1347,2840,1580,2501,1280,1109,3926,5037,3135,5775,110633,31735,4519,2478,28392,4,0,17,12
2021-03-25T23:59:59+01:00,0,3,3581,3834,6480,7365,6790,8863,8257,11311,9314,11174,9599,10342,12708,15652,5740,9569,321,331,883,1296,993,1849,1334,2827,1557,2482,1255,1089,3688,4788,2882,5437,110256,30521,4308,2478,26001,3,0,17,12
2021-03-24T23:59:59+01:00,0,3,3524,3784,6390,7181,6667,8637,8092,11074,9087,10849,9186,9852,12289,15193,5729,9558,321,330,882,1292,988,1847,1327,2823,1541,2466,1246,1079,3622,4714,2698,5214,109740,29902,4170,2478,23168,0,0,17,12
2021-03-23T23:59:59+01:00,0,3,3506,3751,6342,7127,6590,8577,7974,10946,8839,10616,8766,9385,11837,14672,5719,9543,321,330,881,1282,983,1838,1322,2814,1537,2459,1222,1054,3530,4637,2503,4892,108925,29117,4079,2478,21172,0,0,17,12
2021-03-22T23:59:59+01:00,0,3,3498,3731,6300,7099,6556,8530,7908,10871,8691,10480,8484,9034,11535,14348,5684,9504,319,325,875,1272,975,1831,1315,2803,1527,2449,1210,1044,3501,4601,2484,4859,108257,28903,4077,2477,19905,0,0,17,12
2021-03-21T23:59:59+01:00,0,3,3496,3729,6296,7089,6539,8514,7891,10852,8635,10422,8364,8917,11466,14246,5681,9501,317,324,867,1269,968,1824,1306,2801,1522,2445,1206,1041,3492,4586,2469,4850,108172,28800,4076,2477,19376,0,0,17,12
2021-03-20T23:59:59+01:00,0,3,3488,3691,6288,7017,6523,8377,7866,10668,8591,10287,8287,8831,11428,14207,5681,9501,317,324,867,1269,968,1823,1305,2801,1522,2443,1206,1041,3492,4585,2469,4849,108139,28795,3865,2476,18713,0,0,17,12
2021-03-19T23:59:59+01:00,0,3,3475,3661,6260,6931,6499,8284,7820,10551,8478,10127,7744,8224,11241,13964,5672,9482,314,323,862,1262,951,1814,1283,2770,1473,2399,1124,973,2824,3792,2052,4270,106518,26000,3563,2476,18318,0,0,17,12
2021-03-18T23:59:59+01:00,0,3,3464,3643,6219,6891,6465,8221,7756,10464,8362,9998,6786,7123,10962,13663,5660,9457,313,323,858,1257,945,1804,1268,2762,1449,2380,1085,953,2618,3552,1896,4048,103492,25025,3402,2476,18226,0,0,17,12
2021-03-17T23:59:59+01:00,0,3,3427,3604,6149,6808,6410,8116,7665,10333,8231,9841,6100,6275,10671,13345,5642,9425,312,323,850,1251,940,1792,1254,2740,1430,2353,1048,928,2498,3426,1815,3935,100675,24409,3401,2476,17952,0,0,17,12
2021-03-16T23:59:59+01:00,0,3,3409,3574,6110,6755,6365,8042,7611,10267,8140,9739,5925,6099,9963,12541,5601,9361,305,312,835,1235,927,1783,1248,2720,1418,2345,1034,909,2283,3180,1678,3738,98413,23466,3390,2474,17685,0,0,17,12
2021-03-15T23:59:59+01:00,0,3,3372,3542,6011,6675,6235,7949,7467,10147,8012,9613,5170,5263,9513,11991,5557,9291,304,311,831,1231,925,1776,1246,2707,1409,2336,1021,897,2139,3006,1587,3643,94883,22886,3381,2473,17530,0,0,17,12
2021-03-14T23:59:59+01:00,0,3,3248,3399,5732,6330,5964,7589,7153,9732,7725,9295,4838,4872,9354,11793,5553,9277,304,310,831,1231,924,1776,1244,2706,1407,2333,1019,894,2136,3003,1584,3642,92490,22864,3326,2470,16024,0,0,17,12
2021-03-13T23:59:59+01:00,0,3,2592,2743,4798,5463,4952,6663,5961,8617,6712,8347,4524,4489,8968,11269,5461,9169,304,310,830,1229,924,1771,1242,2704,1406,2333,1019,893,2112,2967,1553,3606,81820,22723,3326,2470,15568,0,0,17,12
2021-03-12T23:59:59+01:00,0,2,1769,1927,3464,4312,3444,5332,4216,6981,5073,6837,3854,3782,7711,9722,4946,8479,300,307,828,1225,918,1765,1235,2684,1381,2316,974,867,1756,2502,1278,3247,62975,21103,3323,2470,15536,0,0,17,12
2021-03-11T23:59:59+01:00,0,2,1270,1451,2559,3572,2545,4397,3122,5891,3714,5452,2681,2510,6022,7638,4185,7321,295,298,812,1216,905,1742,1217,2655,1356,2270,938,847,1598,2268,1151,3058,45760,20146,3321,2470,15234,0,0,17,12
2021-03-10T23:59:59+01:00,0,2,1049,1234,2192,3213,2171,4007,2671,5450,2804,4486,1544,1305,4663,5919,3621,6554,285,288,794,1196,883,1706,1183,2582,1317,2204,912,828,1416,2078,1054,2882,34713,19237,3321,2361,14835,0,0,16,12
2021-03-09T23:59:59+01:00,0,2,1033,1206,2128,3073,2107,3892,2587,5317,2719,4361,1510,1274,4585,5844,3578,6496,281,281,780,1175,866,1680,1157,2541,1299,2176,898,816,1339,1952,984,2766,34298,18664,3318,2317,14080,0,0,16,12
2021-03-08T23:59:59+01:00,0,2,1012,1176,2071,2973,2068,3811,2527,5205,2664,4288,1472,1253,4436,5682,3475,6351,281,277,775,1167,864,1671,1149,2533,1291,2160,873,795,1169,1726,859,2597,33596,17864,3318,2313,13536,0,0,16,12
2021-03-07T23:59:59+01:00,0,2,1007,1157,2031,2927,2026,3770,2488,5140,2623,4251,1467,1250,4429,5674,3472,6351,281,277,775,1167,864,1671,1149,2533,1290,2160,870,795,1160,1716,851,2586,33562,17864,3312,2271,13175,0,0,16,12
2021-03-06T23:59:59+01:00,0,2,1007,1154,2020,2913,2014,3751,2472,5113,2606,4230,1454,1240,4395,5628,3458,6339,281,277,775,1167,864,1670,1149,2533,1290,2160,870,795,1160,1716,851,2585,33418,17863,3311,2270,13051,0,0,16,12
2021-03-05T23:59:59+01:00,0,2,1003,1150,2005,2893,1985,3728,2429,5061,2554,4192,1418,1213,4127,5302,3307,6118,280,274,768,1160,858,1662,1146,2524,1287,2150,856,791,1152,1707,850,2583,32677,17768,2978,2270,12816,0,0,16,12
2021-03-04T23:59:59+01:00,0,2,909,1002,1916,2768,1919,3591,2353,4907,2464,4032,1387,1191,3885,5040,3041,5767,280,272,766,1155,855,1654,1145,2510,1283,2141,824,776,1139,1696,843,2570,31420,17652,2974,2247,11764,0,0,16,12
2021-03-03T23:59:59+01:00,0,2,862,895,1849,2672,1848,3487,2284,4792,2390,3948,1374,1178,3775,4932,2817,5492,279,270,765,1144,852,1636,1139,2468,1273,2115,807,772,1131,1678,835,2563,30740,17626,2855,2091,10986,0,0,16,12
2021-03-02T23:59:59+01:00,0,2,818,818,1753,2549,1764,3363,2194,4668,2330,3870,1339,1156,3644,4797,2610,5140,279,269,764,1138,848,1633,1134,2463,1269,2105,805,770,1117,1657,824,2544,30004,17519,2665,2090,10130,0,0,16,12
2021-03-01T23:59:59+01:00,0,2,795,782,1653,2408,1693,3217,2094,4496,2250,3749,1321,1144,3593,4732,2566,5080,279,267,760,1134,845,1621,1130,2451,1264,2095,798,767,1112,1645,816,2537,29751,17421,2581,2090,9227,0,0,16,12
2021-02-28T23:59:59+01:00,0,2,789,759,1635,2342,1665,3145,2071,4397,2235,3682,1315,1138,3583,4717,2551,5070,278,266,760,1133,845,1616,1130,2449,1264,2090,794,765,1104,1632,812,2527,29643,17398,2579,2057,8858,0,0,16,12
2021-02-27T23:59:59+01:00,0,2,774,742,1614,2282,1648,3034,2052,4271,2214,3587,1312,1135,3583,4715,2550,5069,278,266,760,1133,845,1615,1130,2449,1264,2089,794,765,1094,1626,795,2513,29638,17396,2578,2010,8352,0,0,16,12
2021-02-26T23:59:59+01:00,0,2,645,663,1510,2169,1597,2876,1989,4034,2113,3351,1221,1065,2929,3917,2116,4476,278,265,759,1131,844,1614,1130,2447,1262,2086,793,761,1076,1613,785,2497,26819,17323,2578,2008,7260,0,0,16,12
2021-02-25T23:59:59+01:00,0,2,497,586,1392,2065,1530,2748,1929,3906,2013,3238,1170,1030,2697,3644,1950,4231,261,250,735,1109,802,1545,1082,2347,1189,1994,737,740,1043,1575,773,2469,25741,17232,2548,1409,6323,0,0,16,12
2021-02-24T23:59:59+01:00,0,2,468,556,1322,1955,1460,2605,1859,3756,1937,3088,1133,1001,2563,3514,1871,4115,232,237,710,1063,775,1483,1052,2286,1134,1943,710,717,996,1545,760,2439,25113,17043,2536,1029,5540,0,0,16,12
2021-02-23T23:59:59+01:00,0,2,413,516,1239,1817,1385,2459,1783,3545,1868,2966,1108,967,2356,3284,1743,3923,227,231,695,1039,763,1444,1030,2239,1108,1902,701,706,987,1531,757,2435,24178,16952,2526,833,4654,0,0,16,12
2021-02-22T23:59:59+01:00,0,2,400,482,1138,1708,1282,2362,1675,3438,1787,2895,1086,953,2213,3110,1652,3824,217,222,672,987,732,1381,1004,2145,1066,1820,657,673,917,1452,718,2376,23588,16762,2522,267,3881,0,0,16,12
2021-02-21T23:59:59+01:00,0,2,381,465,1037,1675,1132,2338,1520,3416,1682,2877,1078,951,2212,3109,1652,3824,190,216,641,979,721,1373,990,2140,1060,1818,654,670,914,1447,710,2368,23559,16628,2522,253,3254,0,0,16,12
2021-02-20T23:59:59+01:00,0,2,381,463,1036,1675,1131,2338,1519,3414,1682,2875,1078,950,2211,3109,1651,3823,189,214,638,979,718,1372,984,2137,1058,1818,654,670,914,1447,710,2368,23553,16607,2521,253,3248,0,0,16,12
2021-02-19T23:59:59+01:00,0,2,376,454,1024,1671,1121,2328,1507,3395,1649,2860,1029,921,1834,2601,1346,3430,167,204,612,975,700,1364,967,2135,1052,1816,651,669,913,1447,709,2365,21787,16483,2521,253,3224,0,0,16,12
2021-02-18T23:59:59+01:00,0,2,356,433,985,1588,1084,2242,1453,3279,1608,2769,1000,897,1657,2356,1213,3220,147,193,573,964,680,1351,933,2118,1027,1796,640,650,892,1419,695,2344,20790,16159,2521,253,2815,0,0,16,12
2021-02-17T23:59:59+01:00,0,2,333,381,901,1445,975,2044,1320,3025,1497,2548,962,868,1466,2144,1112,3039,141,186,561,933,655,1299,901,2039,981,1720,605,618,885,1392,689,2324,19707,15666,2521,253,1818,0,0,16,12
2021-02-16T23:59:59+01:00,0,2,327,342,858,1307,924,1860,1259,2804,1431,2389,951,851,1403,2050,1047,2940,135,173,547,891,640,1245,873,1975,951,1679,595,608,862,1358,675,2259,19340,15338,2520,118,869,0,0,16,12
2021-02-15T23:59:59+01:00,0,2,312,301,829,1276,907,1804,1219,2721,1393,2333,922,818,1225,1820,917,2763,127,165,526,865,623,1183,847,1902,928,1602,574,571,844,1321,666,2214,18427,14870,2519,78,602,0,0,14,12
2021-02-14T23:59:59+01:00,0,2,312,301,828,1276,906,1804,1218,2721,1393,2333,922,818,1225,1820,917,2762,126,165,525,857,619,1178,841,1896,924,1599,573,570,842,1320,664,2210,18425,14822,2519,77,600,0,0,14,12
2021-02-13T23:59:59+01:00,0,2,312,301,828,1276,906,1801,1218,2719,1393,2331,922,818,1225,1819,915,2762,126,165,525,857,619,1178,839,1893,922,1595,570,570,827,1299,652,2193,18418,14819,2516,1,600,0,0,14,12
2021-02-12T23:59:59+01:00,0,2,308,300,819,1271,902,1771,1212,2692,1365,2301,920,816,1224,1817,915,2762,126,165,523,855,618,1171,833,1881,916,1582,567,568,813,1288,646,2180,18411,14721,2516,1,456,0,0,14,12
2021-02-11T23:59:59+01:00,0,2,289,291,804,1236,896,1736,1196,2627,1343,2246,886,802,1213,1806,914,2752,124,151,505,816,596,1106,799,1781,894,1523,554,554,786,1254,631,2148,18299,14212,2515,0,211,0,0,14,12
2021-02-10T23:59:59+01:00,0,2,286,284,785,1199,883,1708,1184,2581,1328,2204,881,800,1198,1790,909,2735,120,141,438,730,550,1013,721,1655,836,1437,539,537,769,1231,618,2119,18276,13456,2410,0,58,0,0,13,0
2021-02-09T23:59:59+01:00,0,2,286,281,780,1184,871,1690,1169,2561,1314,2180,866,794,1184,1771,898,2716,104,122,381,642,497,883,641,1451,747,1245,487,458,650,1063,540,1858,18168,11771,2363,0,3,0,0,13,0
2021-02-08T23:59:59+01:00,0,2,285,280,778,1179,868,1683,1167,2557,1307,2172,860,791,1168,1748,880,2690,93,99,336,547,445,783,551,1240,639,1079,410,383,561,867,435,1529,18041,9999,2360,0,1,0,0,13,0
2021-02-07T23:59:59+01:00,0,2,284,279,777,1178,867,1683,1167,2556,1307,2169,854,789,1165,1745,879,2688,91,98,334,542,443,779,549,1231,635,1073,404,377,541,845,429,1514,18016,9887,2360,0,0,0,0,13,0
2021-02-06T23:59:59+01:00,0,2,284,278,776,1177,867,1682,1167,2556,1307,2168,853,789,1163,1739,877,2686,91,97,334,538,442,778,548,1227,633,1072,401,372,493,776,398,1468,18000,9670,2358,0,0,0,0,13,0
2021-02-05T23:59:59+01:00,0,2,284,277,776,1176,866,1681,1166,2555,1306,2163,846,783,1140,1728,870,2670,85,94,326,532,426,759,523,1192,604,1029,378,344,469,748,378,1421,17918,9309,2358,0,0,0,0,13,0
2021-02-04T23:59:59+01:00,0,2,281,269,773,1154,855,1658,1153,2527,1290,2140,823,769,1111,1699,862,2651,71,75,257,410,331,591,405,964,493,827,306,281,361,604,311,1198,17669,7485,2335,0,0,0,0,13,0
2021-02-03T23:59:59+01:00,0,2,280,264,770,1131,852,1630,1146,2476,1277,2108,803,755,1095,1677,850,2635,57,54,170,282,257,441,285,714,366,590,209,199,256,445,222,897,17565,5444,2173,0,0,0,0,13,0
2021-02-02T23:59:59+01:00,0,2,279,258,766,1122,846,1609,1138,2450,1265,2090,796,748,1087,1665,847,2626,37,34,92,140,148,254,172,445,236,372,135,129,174,270,156,577,17409,3371,2172,0,0,0,0,13,0
2021-02-01T23:59:59+01:00,0,2,277,255,761,1103,838,1589,1131,2419,1261,2055,786,734,1081,1654,842,2609,13,11,15,28,26,64,46,88,73,101,49,45,62,79,46,194,17212,940,2172,0,0,0,0,13,0
2021-01-31T23:59:59+01:00,0,2,271,253,745,1101,830,1578,1121,2408,1250,2047,780,728,1071,1636,835,2595,12,11,14,27,24,61,40,83,66,93,46,45,57,72,43,181,17175,875,2063,0,0,0,0,13,0
2021-01-30T23:59:59+01:00,0,2,271,253,745,1100,830,1578,1121,2408,1250,2047,779,728,1061,1629,818,2581,12,9,14,27,24,61,40,83,65,91,45,44,56,72,43,180,17172,866,2016,0,0,0,0,13,0
2021-01-29T23:59:59+01:00,0,2,270,253,745,1099,830,1578,1121,2408,1250,2046,778,727,1060,1627,818,2579,10,4,12,25,24,60,38,82,64,91,44,43,56,72,43,180,17164,848,2014,0,0,0,0,13,0
2021-01-28T23:59:59+01:00,0,2,266,248,734,1074,795,1522,1084,2347,1174,1988,737,713,1031,1606,802,2559,5,0,3,7,9,24,19,37,20,44,21,22,25,49,17,108,16985,410,1684,0,0,0,0,13,0
2021-01-27T23:59:59+01:00,0,2,260,241,711,1042,749,1468,1025,2266,1101,1909,702,686,1016,1583,799,2551,4,0,3,4,6,20,15,23,13,31,6,9,11,12,5,30,16537,192,1561,0,0,0,0,13,0
2021-01-26T23:59:59+01:00,0,2,236,232,696,1018,741,1420,1005,2192,1074,1844,690,672,992,1567,789,2532,4,0,1,4,5,10,13,12,6,10,3,5,7,8,2,17,16486,107,1203,0,0,0,0,13,0
2021-01-25T23:59:59+01:00,0,2,205,217,643,946,689,1298,962,2047,1016,1709,643,616,913,1470,742,2456,4,0,1,4,5,10,13,12,6,10,3,5,7,8,2,17,16258,107,303,0,0,0,0,13,0
2021-01-24T23:59:59+01:00,0,2,188,211,617,934,670,1284,944,2030,1001,1699,635,610,903,1450,733,2443,3,0,1,4,5,10,12,12,5,10,3,5,7,8,2,17,16083,104,258,0,0,0,0,13,0
2021-01-23T23:59:59+01:00,0,2,188,211,617,934,670,1284,944,2030,1001,1699,635,610,903,1450,733,2443,3,0,1,4,5,10,10,12,5,10,3,5,7,8,2,17,16083,102,258,0,0,0,0,13,0
2021-01-22T23:59:59+01:00,0,2,141,193,559,924,652,1269,910,2020,989,1688,630,609,902,1450,733,2443,3,0,0,4,5,10,10,12,5,10,3,5,7,8,2,17,15843,101,258,0,0,0,0,13,0
2021-01-21T23:59:59+01:00,0,2,137,185,544,903,632,1228,877,1966,968,1641,618,588,890,1419,726,2424,3,0,0,4,4,10,9,12,5,10,3,5,7,8,2,16,15477,98,258,0,0,0,0,13,0
2021-01-20T23:59:59+01:00,0,2,131,168,497,839,609,1150,814,1856,931,1570,597,570,873,1396,714,2394,3,0,0,4,4,10,9,12,5,10,3,5,7,8,2,16,14842,98,256,0,0,0,0,13,0
2021-01-19T23:59:59+01:00,0,2,121,150,425,753,546,1022,730,1668,831,1413,550,521,772,1237,633,2137,3,0,0,4,4,8,9,12,5,10,3,5,7,8,2,16,13309,96,189,0,0,0,0,13,0
2021-01-18T23:59:59+01:00,0,2,103,117,357,603,456,853,599,1407,705,1204,480,454,685,1074,555,1851,1,0,0,1,0,0,0,0,0,0,0,0,0,1,0,0,11412,3,80,0,0,0,0,13,0
2021-01-17T23:59:59+01:00,0,2,99,115,353,597,455,848,597,1388,698,1194,474,444,659,1044,536,1806,1,0,0,1,0,0,0,0,0,0,0,0,0,1,0,0,11217,3,79,0,0,0,0,13,0
2021-01-16T23:59:59+01:00,0,2,99,112,351,588,452,843,586,1375,687,1182,459,431,562,919,474,1708,0,0,0,1,0,0,0,0,0,0,0,0,0,0,0,0,10814,1,3,0,0,0,0,13,0
2021-01-15T23:59:59+01:00,0,2,97,110,346,586,446,838,580,1368,670,1166,443,413,554,907,464,1684,0,0,0,0,0,0,0,0,0,0,0,0,0,0,0,0,10660,0,1,0,0,0,0,13,0
2021-01-14T23:59:59+01:00,0,0,80,88,292,485,370,674,462,1115,554,986,362,333,437,746,381,1437,0,0,0,0,0,0,0,0,0,0,0,0,0,0,0,0,8789,0,0,0,0,0,0,13,0
2021-01-13T23:59:59+01:00,0,0,66,65,207,368,294,504,349,834,425,708,253,234,321,559,292,1102,0,0,0,0,0,0,0,0,0,0,0,0,0,0,0,0,6569,0,0,0,0,0,0,12,0
2021-01-12T23:59:59+01:00,0,0,44,44,127,217,181,313,209,530,283,441,160,150,208,367,201,740,0,0,0,0,0,0,0,0,0,0,0,0,0,0,0,0,4215,0,0,0,0,0,0,0,0
2021-01-11T23:59:59+01:00,0,0,14,13,43,59,41,93,59,119,95,128,64,58,89,111,57,249,0,0,0,0,0,0,0,0,0,0,0,0,0,0,0,0,1292,0,0,0,0,0,0,0,0
2021-01-10T23:59:59+01:00,0,0,13,13,30,48,34,75,50,110,82,118,57,54,82,101,54,234,0,0,0,0,0,0,0,0,0,0,0,0,0,0,0,0,1155,0,0,0,0,0,0,0,0
2021-01-09T23:59:59+01:00,0,0,13,12,27,47,34,75,49,109,80,115,56,53,81,100,52,233,0,0,0,0,0,0,0,0,0,0,0,0,0,0,0,0,1136,0,0,0,0,0,0,0,0
2021-01-08T23:59:59+01:00,0,0,9,4,27,41,32,72,46,107,79,114,53,49,75,95,48,233,0,0,0,0,0,0,0,0,0,0,0,0,0,0,0,0,1084,0,0,0,0,0,0,0,0
2021-01-07T23:59:59+01:00,0,0,6,1,9,20,15,38,27,77,34,76,32,27,51,81,33,180,0,0,0,0,0,0,0,0,0,0,0,0,0,0,0,0,707,0,0,0,0,0,0,0,0
2021-01-06T23:59:59+01:00,0,0,6,0,4,9,10,30,24,43,20,47,26,24,37,56,23,129,0,0,0,0,0,0,0,0,0,0,0,0,0,0,0,0,488,0,0,0,0,0,0,0,0
2021-01-05T23:59:59+01:00,0,0,5,0,4,8,10,30,24,43,20,47,26,24,37,55,23,129,0,0,0,0,0,0,0,0,0,0,0,0,0,0,0,0,485,0,0,0,0,0,0,0,0
2021-01-04T23:59:59+01:00,0,0,4,0,1,3,4,11,13,12,5,11,3,5,7,9,2,18,0,0,0,0,0,0,0,0,0,0,0,0,0,0,0,0,108,0,0,0,0,0,0,0,0
2021-01-03T23:59:59+01:00,0,0,3,0,1,3,4,10,12,12,5,11,3,5,7,9,2,17,0,0,0,0,0,0,0,0,0,0,0,0,0,0,0,0,104,0,0,0,0,0,0,0,0
2021-01-02T23:59:59+01:00,0,0,3,0,1,3,4,10,10,12,5,11,3,5,7,9,2,17,0,0,0,0,0,0,0,0,0,0,0,0,0,0,0,0,102,0,0,0,0,0,0,0,0
2021-01-01T23:59:59+01:00,0,0,3,0,0,3,4,10,10,12,5,11,3,5,7,8,2,17,0,0,0,0,0,0,0,0,0,0,0,0,0,0,0,0,100,0,0,0,0,0,0,0,0
2020-12-31T23:59:59+01:00,0,0,3,0,0,3,4,10,9,12,5,11,3,5,7,8,2,17,0,0,0,0,0,0,0,0,0,0,0,0,0,0,0,0,99,0,0,0,0,0,0,0,0
2020-12-30T23:59:59+01:00,0,0,3,0,0,3,4,10,9,12,5,11,3,5,7,8,2,17,0,0,0,0,0,0,0,0,0,0,0,0,0,0,0,0,99,0,0,0,0,0,0,0,0
2020-12-29T23:59:59+01:00,0,0,3,0,0,3,4,8,9,12,5,11,3,5,7,8,2,17,0,0,0,0,0,0,0,0,0,0,0,0,0,0,0,0,97,0,0,0,0,0,0,0,0
2020-12-28T23:59:59+01:00,0,0,3,0,0,3,4,8,9,12,5,11,3,5,7,8,2,17,0,0,0,0,0,0,0,0,0,0,0,0,0,0,0,0,97,0,0,0,0,0,0,0,0
2020-12-27T23:59:59+01:00,0,0,1,0,0,0,0,0,0,0,0,0,0,0,2,4,0,8,0,0,0,0,0,0,0,0,0,0,0,0,0,0,0,0,15,0,0,0,0,0,0,0,0
