Datum,<15_1_m,<15_1_w,15-24_1_m,15-24_1_w,25-34_1_m,25-34_1_w,35-44_1_m,35-44_1_w,45-54_1_m,45-54_1_w,55-64_1_m,55-64_1_w,65-74_1_m,65-74_1_w,75-84_1_m,75-84_1_w,>84_1_m,>84_1_w,<15_2_m,<15_2_w,15-24_2_m,15-24_2_w,25-34_2_m,25-34_2_w,35-44_2_m,35-44_2_w,45-54_2_m,45-54_2_w,55-64_2_m,55-64_2_w,65-74_2_m,65-74_2_w,75-84_2_m,75-84_2_w,>84_2_m,>84_2_w,bp_1,bp_2,mo_1,mo_2,az_1,az_2,ja,unb_1,unb_2
2021-11-21T23:59:59+01:00,5646,5286,30035,28215,39347,36352,38037,37511,42676,42765,45355,45119,28937,32237,20490,25699,6418,10851,3987,3717,25319,24122,34558,31605,34338,33858,39336,39319,42576,42517,27858,30985,19832,24758,6159,10288,374243,336754,46764,44682,77637,71380,22266,73,50
2021-11-20T23:59:59+01:00,5615,5259,29992,28187,39291,36308,38004,37483,42654,42738,45338,45103,28932,32230,20488,25696,6418,10851,3986,3715,25305,24109,34537,31590,34318,33842,39327,39307,42567,42509,27854,30978,19830,24756,6159,10288,373867,336610,46757,44677,77637,71380,22260,73,50
2021-11-19T23:59:59+01:00,5465,5105,29868,28062,39176,36179,37908,37389,42582,42648,45289,45038,28910,32208,20483,25689,6417,10847,3954,3690,25172,24021,34423,31510,34242,33784,39251,39262,42520,42477,27834,30961,19826,24750,6157,10288,372606,335820,46719,44637,77637,71380,22235,73,50
2021-11-18T23:59:59+01:00,5322,4949,29706,27885,39009,35959,37752,37224,42458,42528,45213,44959,28863,32157,20469,25668,6412,10833,3903,3640,25019,23900,34282,31392,34122,33679,39179,39164,42448,42412,27806,30932,19807,24734,6153,10284,370797,334643,46673,44590,77637,71380,22193,73,50
2021-11-17T23:59:59+01:00,5264,4888,29610,27822,38917,35846,37681,37142,42382,42467,45150,44890,28845,32126,20460,25650,6406,10820,3883,3622,24993,23847,34224,31337,34078,33631,39139,39130,42392,42365,27794,30908,19801,24723,6153,10280,369815,334101,46660,44581,77637,71380,22188,73,50
2021-11-16T23:59:59+01:00,5177,4818,29431,27668,38748,35661,37542,37004,42257,42360,45057,44802,28813,32086,20443,25629,6402,10808,3864,3605,24887,23771,34110,31239,33996,33555,39075,39069,42343,42317,27766,30880,19785,24696,6139,10267,368244,333239,46623,44558,77636,71380,22137,73,50
2021-11-15T23:59:59+01:00,5124,4777,29308,27573,38615,35558,37462,36909,42193,42287,44999,44753,28789,32066,20431,25614,6400,10800,3856,3599,24836,23751,34064,31195,33958,33527,39043,39046,42317,42301,27757,30869,19775,24679,6136,10263,367230,332877,46599,44538,77636,71380,22127,73,50
2021-11-14T23:59:59+01:00,5091,4745,29236,27507,38519,35460,37409,36856,42144,42229,44960,44719,28780,32050,20422,25598,6398,10794,3848,3589,24808,23734,34031,31157,33931,33504,39025,39021,42298,42283,27746,30862,19769,24670,6135,10263,366504,332596,46592,44529,77636,71380,22119,73,50
2021-11-13T23:59:59+01:00,5031,4702,29092,27404,38400,35322,37296,36779,42071,42156,44918,44682,28768,32036,20418,25596,6396,10792,3842,3585,24772,23714,34010,31137,33910,33482,39005,39003,42290,42276,27742,30860,19768,24670,6135,10262,365482,332402,46571,44527,77636,71380,22104,73,50
2021-11-12T23:59:59+01:00,4927,4612,28737,27098,38134,35071,37113,36567,41923,42003,44801,44590,28738,32014,20412,25582,6395,10792,3824,3555,24668,23632,33904,31045,33818,33406,38936,38954,42242,42243,27726,30843,19762,24665,6134,10262,363283,331658,46489,44496,77636,71380,22035,73,50
2021-11-11T23:59:59+01:00,4808,4479,28445,26828,37847,34771,36888,36345,41745,41832,44668,44477,28697,31959,20398,25562,6389,10781,3789,3511,24560,23537,33811,30927,33706,33323,38859,38875,42176,42187,27706,30820,19752,24649,6132,10260,360819,330729,46424,44448,77636,71380,21973,73,50
2021-11-10T23:59:59+01:00,4751,4418,28299,26723,37722,34627,36781,36240,41678,41754,44599,44404,28684,31939,20389,25549,6384,10770,3775,3492,24517,23496,33758,30874,33660,33287,38828,38844,42151,42157,27688,30810,19742,24639,6129,10249,359669,330285,46393,44436,77636,71379,21946,73,50
2021-11-09T23:59:59+01:00,4685,4359,28057,26518,37499,34419,36633,36106,41551,41633,44520,44332,28663,31909,20374,25528,6381,10763,3758,3471,24452,23439,33680,30798,33612,33243,38789,38802,42113,42127,27678,30785,19730,24626,6126,10241,357987,329735,46335,44400,77635,71379,21906,73,50
2021-11-08T23:59:59+01:00,4627,4310,27836,26336,37247,34218,36454,35970,41428,41521,44423,44251,28630,31874,20363,25514,6378,10760,3743,3452,24387,23388,33625,30743,33578,33199,38753,38756,42079,42088,27662,30770,19716,24614,6125,10234,356267,329217,46290,44385,77635,71379,21881,73,50
2021-11-07T23:59:59+01:00,4590,4276,27638,26183,37036,34032,36314,35826,41308,41421,44338,44192,28613,31857,20354,25505,6376,10752,3736,3444,24349,23360,33570,30704,33550,33173,38725,38730,42057,42063,27657,30758,19710,24607,6123,10231,354833,328927,46255,44370,77635,71379,21821,73,50
2021-11-06T23:59:59+01:00,4570,4260,27589,26145,36973,33992,36285,35808,41271,41405,44313,44169,28609,31855,20348,25503,6376,10750,3735,3441,24343,23356,33563,30700,33547,33169,38720,38728,42054,42062,27654,30758,19708,24605,6122,10230,354471,328891,46243,44370,77635,71379,21805,73,50
2021-11-05T23:59:59+01:00,4475,4162,27338,25951,36741,33758,36078,35649,41142,41268,44232,44099,28594,31838,20345,25491,6374,10749,3718,3420,24277,23319,33511,30651,33495,33133,38680,38690,42027,42041,27643,30752,19704,24598,6120,10228,352746,328519,46098,44322,77635,71379,21737,73,50
2021-11-04T23:59:59+01:00,4399,4111,27112,25784,36516,33547,35895,35524,41020,41152,44146,44035,28573,31823,20336,25480,6372,10746,3686,3371,24183,23205,33406,30535,33414,33053,38614,38624,41963,41984,27624,30727,19694,24585,6115,10219,351180,327640,46040,44285,77635,71379,21648,73,50
2021-11-03T23:59:59+01:00,4380,4080,27050,25728,36430,33467,35823,35487,40962,41107,44109,44006,28566,31812,20330,25474,6371,10746,3660,3341,24149,23164,33373,30492,33378,33029,38594,38597,41938,41963,27609,30709,19687,24576,6110,10214,350564,327238,46021,44277,77635,71378,21640,73,50
2021-11-02T23:59:59+01:00,4346,4039,26831,25589,36197,33296,35661,35375,40828,41008,44027,43939,28541,31795,20319,25465,6370,10742,3631,3314,24047,23085,33261,30416,33311,32979,38533,38542,41893,41930,27589,30688,19671,24565,6108,10207,349176,326573,45970,44250,77635,71378,21519,73,50
2021-11-01T23:59:59+01:00,4304,4002,26742,25526,36082,33222,35584,35329,40757,40957,43989,43920,28534,31786,20315,25464,6369,10741,3613,3277,24000,23035,33206,30381,33276,32949,38494,38517,41867,41904,27579,30681,19665,24556,6107,10205,348488,326165,45944,44233,77635,71376,21488,73,50
2021-10-31T23:59:59+01:00,4304,4002,26738,25526,36080,33222,35584,35329,40756,40957,43988,43919,28533,31786,20315,25464,6369,10741,3613,3277,24000,23035,33206,30381,33276,32949,38493,38517,41866,41904,27579,30681,19665,24556,6107,10205,348480,326164,45943,44233,77635,71376,21487,73,50
2021-10-30T23:59:59+02:00,4301,4000,26727,25521,36066,33214,35578,35325,40747,40953,43980,43919,28532,31786,20315,25463,6369,10740,3613,3277,23996,23032,33203,30381,33276,32946,38492,38516,41865,41904,27579,30681,19665,24556,6107,10205,348403,326148,45943,44233,77635,71376,21487,73,50
2021-10-29T23:59:59+02:00,4277,3981,26585,25426,35881,33095,35465,35254,40647,40885,43934,43895,28529,31776,20314,25461,6369,10740,3601,3269,23942,22995,33150,30326,33228,32911,38451,38478,41839,41885,27574,30673,19660,24549,6106,10205,347478,325759,45888,44213,77635,71375,21445,73,50
2021-10-28T23:59:59+02:00,4245,3939,26414,25297,35682,32961,35318,35153,40549,40808,43870,43854,28518,31764,20305,25454,6368,10738,3572,3233,23854,22907,33063,30232,33165,32860,38396,38429,41791,41856,27563,30658,19652,24539,6102,10197,346383,325133,45813,44173,77635,71375,21338,73,50
2021-10-27T23:59:59+02:00,4219,3915,26373,25264,35638,32916,35276,35102,40512,40778,43846,43836,28515,31757,20303,25448,6364,10736,3557,3214,23807,22867,33016,30193,33140,32833,38385,38405,41778,41836,27554,30642,19644,24532,6101,10195,345956,324772,45803,44167,77635,71374,21336,73,50
2021-10-26T23:59:59+02:00,4176,3886,26233,25149,35492,32810,35180,35023,40442,40729,43805,43814,28504,31746,20298,25442,6361,10734,3529,3201,23741,22784,32938,30123,33094,32783,38329,38366,41738,41813,27546,30632,19639,24523,6100,10193,345090,324258,45773,44135,77635,71371,21258,73,50
2021-10-25T23:59:59+02:00,4167,3878,26219,25131,35459,32787,35153,35009,40428,40722,43801,43810,28503,31745,20297,25442,6361,10734,3524,3194,23737,22778,32919,30104,33091,32777,38322,38362,41737,41810,27545,30631,19639,24520,6100,10193,344937,324194,45764,44127,77635,71370,21242,73,50
2021-10-24T23:59:59+02:00,4156,3873,26195,25101,35426,32759,35123,34985,40414,40704,43789,43801,28502,31741,20296,25440,6361,10734,3514,3185,23723,22761,32907,30095,33079,32769,38313,38353,41729,41802,27539,30628,19639,24515,6100,10192,344700,324054,45756,44127,77634,71370,21242,73,50
2021-10-23T23:59:59+02:00,4156,3873,26193,25097,35421,32758,35119,34982,40411,40702,43787,43801,28502,31741,20296,25440,6361,10734,3514,3185,23723,22760,32906,30095,33077,32769,38312,38352,41729,41802,27539,30628,19639,24515,6100,10192,344674,324048,45756,44127,77634,71370,21242,73,50
2021-10-22T23:59:59+02:00,4135,3842,26097,25025,35311,32661,35025,34920,40335,40660,43746,43774,28495,31736,20293,25433,6361,10733,3476,3156,23664,22697,32842,30039,33025,32731,38275,38321,41695,41777,27532,30621,19635,24512,6099,10191,343956,323562,45722,44104,77634,71370,21202,73,50
2021-10-21T23:59:59+02:00,4069,3795,25991,24932,35185,32546,34925,34849,40264,40604,43685,43738,28483,31722,20286,25427,6361,10731,3289,3004,23520,22543,32747,29948,32954,32663,38216,38267,41644,41737,27514,30602,19619,24495,6094,10182,343051,322401,45696,44072,77633,71370,21145,73,50
2021-10-20T23:59:59+02:00,4060,3778,25959,24902,35135,32499,34887,34816,40242,40581,43665,43724,28478,31717,20282,25422,6356,10727,3255,2976,23480,22503,32705,29915,32926,32634,38189,38237,41622,41715,27499,30590,19609,24484,6091,10178,342708,321997,45688,44058,77633,71370,21133,73,50
2021-10-19T23:59:59+02:00,4041,3751,25889,24857,35080,32452,34848,34777,40208,40554,43644,43710,28473,31711,20274,25412,6351,10724,3151,2862,23361,22393,32626,29847,32886,32591,38162,38193,41591,41691,27484,30573,19600,24477,6084,10173,342287,321205,45664,44017,77633,71369,21104,73,50
2021-10-18T23:59:59+02:00,4032,3734,25849,24830,35049,32414,34829,34763,40190,40540,43634,43696,28466,31704,20264,25405,6350,10724,3122,2844,23313,22355,32594,29803,32862,32555,38136,38173,41571,41668,27477,30566,19593,24468,6081,10169,342025,320841,45656,43999,77633,71369,21091,73,50
2021-10-17T23:59:59+02:00,4025,3722,25833,24824,35036,32402,34820,34758,40186,40536,43629,43688,28465,31700,20264,25400,6349,10722,3033,2764,23273,22328,32583,29789,32856,32545,38132,38166,41570,41659,27476,30563,19592,24466,6079,10169,341912,320535,45656,43999,77633,71369,21090,73,50
2021-10-16T23:59:59+02:00,4025,3722,25833,24824,35036,32402,34820,34758,40185,40535,43629,43688,28464,31699,20264,25399,6349,10721,3032,2762,23272,22328,32583,29789,32856,32544,38130,38165,41569,41658,27475,30563,19592,24465,6078,10167,341907,320521,45656,43999,77633,71369,21089,73,50
2021-10-15T23:59:59+02:00,4015,3713,25795,24793,35004,32376,34797,34735,40166,40523,43618,43681,28460,31696,20261,25396,6347,10717,3001,2737,23211,22256,32526,29739,32824,32496,38101,38138,41549,41641,27467,30556,19589,24461,6078,10163,341673,320062,45640,43972,77632,71369,21080,73,50
2021-10-14T23:59:59+02:00,3995,3683,25723,24733,34936,32309,34751,34699,40132,40490,43587,43666,28452,31687,20255,25392,6344,10712,2957,2680,23128,22170,32463,29644,32772,32439,38043,38095,41510,41604,27449,30541,19581,24452,6075,10162,341188,319378,45617,43927,77632,71369,21041,73,50
2021-10-13T23:59:59+02:00,3980,3660,25692,24712,34909,32278,34731,34684,40118,40468,43569,43646,28444,31681,20251,25383,6338,10705,2936,2659,23095,22130,32436,29604,32761,32404,38023,38075,41494,41592,27442,30527,19574,24445,6075,10157,340901,319055,45612,43919,77632,71369,21036,73,50
2021-10-12T23:59:59+02:00,3963,3639,25641,24660,34849,32214,34697,34654,40089,40441,43549,43633,28431,31666,20247,25374,6332,10698,2908,2625,23007,22032,32337,29514,32717,32356,37966,38037,41469,41555,27417,30514,19567,24435,6072,10147,340470,318363,45594,43882,77632,71367,21013,73,50
2021-10-11T23:59:59+02:00,3955,3627,25613,24634,34834,32191,34667,34635,40078,40428,43538,43620,28421,31657,20240,25369,6328,10693,2887,2614,22976,21999,32294,29479,32692,32326,37949,38020,41448,41538,27411,30508,19561,24428,6070,10143,340246,318049,45579,43874,77632,71367,21003,73,50
2021-10-10T23:59:59+02:00,3952,3625,25608,24627,34825,32180,34660,34621,40069,40423,43529,43612,28420,31652,20235,25365,6328,10689,2879,2608,22966,21983,32282,29462,32687,32319,37938,38009,41442,41533,27405,30504,19560,24427,6070,10143,340140,317926,45577,43871,77632,71367,21003,73,50
2021-10-09T23:59:59+02:00,3951,3622,25607,24625,34824,32176,34657,34620,40066,40419,43527,43612,28418,31651,20234,25362,6327,10689,2879,2607,22966,21983,32282,29462,32685,32318,37937,38009,41441,41532,27405,30504,19559,24427,6070,10142,340107,317917,45577,43871,77632,71367,21003,73,50
2021-10-08T23:59:59+02:00,3916,3598,25534,24566,34760,32122,34625,34589,40032,40391,43493,43586,28408,31641,20223,25347,6319,10685,2852,2571,22868,21916,32231,29405,32648,32270,37909,37965,41415,41507,27393,30486,19553,24419,6066,10141,339592,317359,45559,43856,77632,71366,20984,73,50
2021-10-07T23:59:59+02:00,3892,3554,25457,24485,34690,32049,34578,34549,39992,40349,43460,43559,28400,31631,20208,25336,6312,10675,2794,2509,22741,21773,32159,29317,32597,32192,37862,37917,41372,41466,27373,30468,19537,24405,6059,10129,339001,316483,45532,43829,77632,71365,20943,73,50
2021-10-06T23:59:59+02:00,3878,3534,25421,24441,34650,32010,34552,34519,39973,40331,43441,43541,28393,31622,20196,25318,6308,10663,2779,2492,22708,21731,32128,29280,32575,32162,37846,37892,41353,41451,27363,30458,19527,24393,6057,10125,338625,316142,45529,43826,77632,71365,20937,73,50
2021-10-05T23:59:59+02:00,3856,3515,25364,24379,34580,31936,34513,34480,39954,40295,43403,43518,28383,31610,20176,25298,6303,10634,2742,2450,22629,21612,32036,29189,32520,32098,37804,37852,41323,41422,27347,30448,19517,24383,6047,10115,338110,315439,45507,43800,77630,71363,20882,73,50
2021-10-04T23:59:59+02:00,3833,3493,25316,24334,34534,31900,34478,34447,39927,40274,43383,43496,28375,31601,20168,25281,6294,10620,2727,2440,22584,21565,32007,29140,32491,32074,37784,37834,41297,41406,27336,30432,19508,24374,6043,10105,337696,315087,45496,43786,77630,71360,20864,73,50
2021-10-03T23:59:59+02:00,3824,3490,25301,24327,34524,31893,34470,34440,39921,40264,43377,43492,28371,31599,20165,25272,6293,10613,2722,2434,22570,21554,31999,29130,32477,32065,37777,37828,41289,41402,27334,30427,19504,24368,6038,10099,337582,314962,45495,43784,77630,71360,20861,73,50
2021-10-02T23:59:59+02:00,3824,3490,25301,24327,34523,31893,34470,34440,39920,40264,43377,43492,28371,31599,20165,25272,6293,10613,2721,2434,22570,21554,31999,29130,32477,32065,37777,37828,41289,41402,27334,30427,19504,24368,6038,10099,337580,314961,45495,43784,77630,71360,20861,73,50
2021-10-01T23:59:59+02:00,3805,3472,25252,24261,34456,31824,34408,34399,39885,40239,43347,43474,28367,31592,20163,25270,6291,10610,2678,2392,22470,21465,31947,29059,32427,32023,37739,37780,41264,41385,27327,30422,19500,24363,6037,10097,337140,314399,45468,43757,77628,71358,20811,73,50
2021-09-30T23:59:59+02:00,3772,3430,25149,24139,34341,31736,34324,34334,39809,40177,43289,43422,28350,31571,20152,25261,6288,10600,2616,2339,22348,21347,31865,28955,32366,31952,37689,37732,41224,41359,27298,30410,19497,24350,6035,10092,336295,313602,45426,43732,77623,71358,20732,73,50
2021-09-29T23:59:59+02:00,3754,3410,25121,24092,34310,31708,34298,34308,39790,40155,43268,43404,28341,31563,20147,25255,6282,10593,2609,2325,22320,21316,31842,28935,32346,31928,37672,37715,41208,41347,27293,30399,19492,24341,6034,10088,335967,313355,45422,43728,77623,71358,20719,73,50
2021-09-28T23:59:59+02:00,3726,3378,25034,24020,34228,31639,34248,34258,39741,40115,43232,43372,28325,31544,20139,25243,6278,10584,2588,2299,22226,21242,31776,28862,32299,31881,37638,37672,41183,41321,27272,30384,19490,24332,6031,10086,335398,312850,45388,43698,77623,71357,20627,73,50
2021-09-27T23:59:59+02:00,3703,3355,24991,23992,34191,31599,34225,34228,39720,40081,43211,43351,28317,31534,20132,25238,6274,10578,2569,2284,22190,21210,31744,28822,32272,31860,37616,37654,41163,41308,27263,30379,19487,24328,6030,10082,335061,312581,45378,43682,77622,71357,20591,73,50
2021-09-26T23:59:59+02:00,3550,3251,24933,23957,34181,31591,34218,34225,39714,40075,43205,43345,28316,31532,20130,25237,6273,10577,2558,2277,22174,21191,31739,28815,32268,31856,37608,37647,41157,41302,27260,30375,19484,24326,6029,10081,334656,312474,45378,43681,77622,71356,20586,73,50
2021-09-25T23:59:59+02:00,3549,3251,24932,23957,34181,31591,34218,34225,39712,40074,43204,43345,28316,31531,20130,25237,6273,10577,2558,2276,22172,21188,31739,28815,32266,31855,37605,37645,41157,41302,27260,30374,19484,24326,6029,10081,334650,312459,45378,43681,77621,71356,20586,73,50
2021-09-24T23:59:59+02:00,3525,3219,24850,23881,34068,31512,34150,34162,39655,40027,43170,43319,28302,31520,20127,25231,6272,10575,2522,2245,22086,21098,31645,28751,32221,31818,37549,37606,41137,41280,27248,30363,19481,24323,6028,10081,334123,312002,45345,43667,77620,71355,20409,73,49
2021-09-23T23:59:59+02:00,3354,3067,24712,23733,33978,31422,34073,34102,39597,39974,43112,43275,28284,31506,20119,25219,6269,10573,2471,2200,21972,20994,31576,28674,32169,31762,37513,37572,41102,41246,27234,30343,19474,24307,6027,10078,333080,311379,45317,43649,77620,71353,20284,73,49
2021-09-22T23:59:59+02:00,3331,3042,24676,23678,33946,31389,34050,34063,39568,39958,43089,43250,28274,31497,20115,25208,6269,10568,2456,2188,21942,20963,31539,28636,32151,31733,37490,37557,41079,41235,27224,30337,19471,24303,6027,10077,332729,311114,45308,43645,77618,71352,20248,73,49
2021-09-21T23:59:59+02:00,3203,2909,24478,23519,33799,31289,33985,33978,39499,39910,43068,43208,28255,31477,20106,25202,6261,10561,2392,2157,21804,20825,31426,28531,32074,31655,37435,37509,41047,41201,27213,30325,19463,24288,6024,10071,331665,310336,45269,43617,77618,71351,20087,73,49
2021-09-20T23:59:59+02:00,3179,2887,24432,23473,33751,31248,33955,33945,39468,39879,43044,43183,28250,31467,20102,25196,6261,10557,2384,2145,21766,20783,31380,28483,32051,31619,37405,37490,41034,41192,27202,30318,19454,24282,6022,10063,331298,310026,45254,43610,77618,71349,20039,73,49
2021-09-19T23:59:59+02:00,3175,2885,24422,23467,33742,31240,33947,33938,39463,39864,43035,43182,28249,31466,20102,25194,6261,10557,2380,2141,21759,20776,31375,28475,32047,31618,37398,37482,41026,41191,27202,30318,19453,24281,6022,10063,331221,309971,45254,43609,77617,71349,20029,73,49
2021-09-18T23:59:59+02:00,3175,2885,24422,23467,33742,31240,33947,33938,39463,39864,43035,43182,28249,31466,20102,25194,6261,10557,2380,2141,21759,20776,31375,28472,32045,31618,37398,37482,41026,41191,27202,30318,19453,24280,6022,10063,331221,309965,45254,43609,77617,71349,20029,73,49
2021-09-17T23:59:59+02:00,3148,2847,24317,23352,33636,31139,33871,33870,39393,39810,43000,43155,28235,31458,20100,25187,6259,10555,2333,2098,21679,20698,31302,28409,31982,31571,37358,37448,41006,41177,27194,30303,19451,24273,6022,10062,330568,309512,45213,43589,77616,71349,19867,72,49
2021-09-16T23:59:59+02:00,3097,2799,24204,23217,33538,31030,33802,33764,39346,39749,42946,43106,28209,31437,20084,25176,6256,10547,2293,2056,21574,20600,31219,28334,31915,31505,37335,37392,40972,41138,27183,30283,19444,24265,6020,10061,329735,308905,45175,43579,77616,71343,19713,72,49
2021-09-15T23:59:59+02:00,3074,2786,24163,23170,33507,30986,33787,33733,39316,39720,42928,43088,28199,31426,20078,25171,6255,10545,2280,2041,21537,20558,31187,28288,31889,31482,37303,37358,40949,41111,27169,30274,19437,24257,6020,10057,329404,308546,45162,43578,77615,71341,19683,72,49
2021-09-14T23:59:59+02:00,3034,2754,24055,23027,33364,30847,33702,33648,39259,39668,42877,43038,28181,31410,20069,25163,6251,10540,2261,2016,21452,20476,31097,28199,31824,31420,37254,37316,40905,41084,27159,30254,19428,24249,6018,10054,328591,308021,45126,43571,77614,71337,19488,72,49
2021-09-13T23:59:59+02:00,3016,2734,24004,22974,33317,30789,33669,33598,39235,39637,42846,43014,28175,31396,20064,25161,6249,10536,2246,2000,21400,20428,31052,28148,31794,31388,37232,37296,40891,41062,27153,30248,19424,24245,6017,10053,328207,307721,45110,43558,77614,71334,19415,72,49
2021-09-12T23:59:59+02:00,3012,2727,24000,22966,33311,30784,33660,33592,39230,39634,42843,43012,28173,31394,20063,25160,6249,10535,2243,1997,21384,20419,31042,28130,31775,31380,37226,37288,40885,41056,27148,30247,19422,24242,6017,10051,328139,307598,45110,43558,77613,71332,19415,72,49
2021-09-11T23:59:59+02:00,3010,2726,23998,22964,33309,30783,33658,33591,39230,39632,42842,43012,28170,31392,20063,25160,6249,10535,2242,1995,21380,20418,31041,28127,31775,31380,37226,37286,40884,41055,27146,30247,19422,24242,6017,10051,328119,307581,45110,43558,77613,71332,19414,72,49
2021-09-10T23:59:59+02:00,2968,2684,23866,22836,33179,30667,33556,33514,39155,39548,42794,42971,28154,31375,20058,25152,6248,10533,2205,1957,21265,20315,30928,28034,31685,31325,37161,37244,40838,41022,27138,30237,19416,24232,6015,10050,327376,307037,45090,43539,77613,71331,19111,72,49
2021-09-09T23:59:59+02:00,2918,2645,23685,22688,33068,30537,33455,33412,39084,39475,42754,42923,28126,31358,20049,25146,6246,10531,2151,1900,21144,20185,30836,27936,31609,31229,37099,37188,40791,40974,27114,30221,19407,24223,6011,10047,326473,306285,45066,43520,77611,71328,18883,71,49
2021-09-08T23:59:59+02:00,2897,2614,23644,22637,33038,30498,33439,33384,39064,39454,42739,42908,28120,31349,20046,25141,6245,10531,2140,1888,21110,20154,30805,27920,31594,31204,37081,37165,40780,40960,27108,30216,19402,24218,6010,10046,326158,306058,45060,43516,77610,71327,18853,71,47
2021-09-07T23:59:59+02:00,2844,2559,23495,22492,32919,30390,33364,33298,39008,39390,42695,42874,28102,31332,20042,25136,6244,10528,2085,1847,20975,20020,30689,27833,31519,31138,37033,37113,40743,40931,27091,30191,19395,24207,6009,10044,325404,305406,45035,43493,77610,71322,18595,71,47
2021-09-06T23:59:59+02:00,2821,2544,23463,22448,32887,30356,33343,33278,38986,39377,42679,42859,28099,31328,20040,25134,6243,10525,2061,1829,20933,19976,30658,27806,31498,31111,37014,37093,40729,40919,27083,30183,19393,24198,6006,10042,325135,305101,45019,43485,77609,71320,18579,71,47
2021-09-05T23:59:59+02:00,2810,2541,23457,22443,32885,30351,33341,33273,38983,39374,42675,42853,28097,31324,20038,25133,6242,10524,2057,1826,20921,19969,30647,27800,31495,31107,37011,37091,40725,40916,27078,30181,19391,24194,6005,10042,325072,305027,45018,43485,77609,71320,18577,71,47
2021-09-04T23:59:59+02:00,2810,2541,23454,22442,32884,30351,33341,33272,38983,39373,42674,42852,28097,31324,20038,25133,6242,10524,2055,1823,20919,19969,30647,27800,31494,31106,37011,37091,40724,40916,27078,30181,19391,24194,6005,10042,325066,305020,45018,43485,77609,71320,18574,71,47
2021-09-03T23:59:59+02:00,2787,2507,23377,22364,32810,30280,33301,33229,38939,39344,42644,42839,28089,31311,20037,25131,6240,10523,2039,1806,20870,19910,30598,27761,31460,31071,36983,37065,40694,40904,27070,30173,19389,24192,6004,10042,324567,304676,44990,43476,77607,71312,18520,71,47
2021-09-02T23:59:59+02:00,2756,2475,23271,22267,32750,30190,33242,33174,38901,39311,42605,42807,28069,31299,20033,25117,6238,10520,2016,1787,20796,19850,30538,27699,31422,31040,36943,37028,40661,40876,27060,30161,19386,24181,6004,10042,323962,304249,44960,43458,77606,71307,18429,71,47
2021-09-01T23:59:59+02:00,2733,2460,23247,22230,32720,30158,33220,33148,38874,39290,42592,42791,28061,31292,20028,25115,6238,10520,1999,1772,20755,19808,30505,27671,31395,31018,36924,37012,40643,40860,27050,30152,19385,24175,6004,10042,323705,303975,44949,43452,77605,71306,18390,71,47
2021-08-31T23:59:59+02:00,2688,2417,23124,22124,32639,30057,33166,33092,38830,39249,42566,42766,28050,31286,20022,25111,6237,10516,1975,1752,20669,19713,30433,27611,31346,30977,36885,36980,40614,40835,27041,30140,19379,24170,6004,10040,323127,303559,44919,43437,77604,71299,18222,71,47
2021-08-30T23:59:59+02:00,2666,2393,23072,22081,32599,30015,33140,33055,38801,39229,42547,42748,28045,31279,20015,25102,6236,10512,1928,1712,20545,19609,30337,27516,31285,30926,36852,36953,40593,40801,27025,30125,19378,24161,6004,10038,322785,302845,44904,43428,77604,71294,18174,71,47
2021-08-29T23:59:59+02:00,2635,2363,22984,22014,32536,29958,33097,33024,38755,39193,42517,42727,28036,31272,20012,25097,6236,10511,1902,1687,20441,19540,30268,27466,31250,30892,36811,36922,40568,40783,27012,30114,19377,24156,6004,10038,322327,302413,44888,43405,77602,71284,18082,71,47
2021-08-28T23:59:59+02:00,2629,2361,22984,22014,32532,29958,33096,33024,38752,39192,42516,42727,28035,31272,20012,25097,6236,10511,1902,1685,20440,19539,30262,27466,31250,30889,36808,36920,40568,40783,27012,30114,19377,24156,6004,10038,322314,302402,44888,43404,77602,71284,18076,71,47
2021-08-27T23:59:59+02:00,2629,2361,22979,22011,32525,29957,33094,33021,38750,39190,42512,42727,28034,31272,20012,25097,6235,10511,1901,1684,20434,19538,30254,27465,31248,30887,36805,36919,40566,40783,27012,30114,19377,24155,6004,10038,322295,302387,44888,43404,77602,71282,18064,71,47
2021-08-26T23:59:59+02:00,2546,2276,22791,21804,32392,29815,32975,32914,38662,39102,42446,42658,28009,31239,19999,25079,6234,10505,1815,1603,20165,19268,30114,27299,31105,30760,36696,36825,40480,40709,26970,30073,19358,24131,5998,10036,321072,300875,44868,43380,77601,71266,17837,71,47
2021-08-25T23:59:59+02:00,2540,2268,22771,21779,32381,29793,32961,32899,38650,39087,42435,42652,28004,31236,19992,25073,6231,10503,1804,1594,20117,19224,30078,27269,31084,30723,36671,36793,40461,40693,26957,30060,19355,24123,5997,10035,320883,300512,44868,43380,77601,71264,17835,71,47
2021-08-24T23:59:59+02:00,2522,2257,22732,21737,32355,29748,32942,32867,38640,39067,42416,42638,27998,31225,19987,25065,6230,10502,1794,1585,20079,19182,30045,27228,31063,30688,36657,36772,40441,40675,26951,30050,19351,24120,5997,10031,320596,300223,44858,43375,77601,71259,17805,71,47
2021-08-23T23:59:59+02:00,2503,2225,22664,21664,32284,29691,32906,32836,38601,39036,42386,42625,27982,31216,19984,25054,6230,10500,1750,1541,19955,19060,29926,27149,30997,30641,36608,36728,40399,40646,26939,30035,19345,24110,5997,10025,320154,299483,44847,43351,77599,71251,17719,71,47
2021-08-22T23:59:59+02:00,2494,2216,22628,21632,32265,29673,32890,32828,38584,39020,42381,42616,27978,31211,19979,25054,6230,10499,1740,1528,19915,19022,29890,27115,30966,30605,36587,36712,40381,40624,26931,30031,19342,24107,5997,10023,319984,299192,44841,43348,77598,71242,17687,71,47
2021-08-21T23:59:59+02:00,2475,2203,22573,21582,32225,29636,32867,32804,38570,38997,42364,42606,27971,31203,19977,25051,6230,10498,1710,1504,19814,18924,29818,27057,30932,30561,36552,36670,40357,40603,26920,30022,19337,24103,5995,10023,319738,298684,44828,43333,77596,71236,17602,71,47
2021-08-20T23:59:59+02:00,2437,2161,22486,21475,32148,29553,32805,32756,38519,38957,42322,42578,27964,31189,19973,25036,6229,10494,1663,1467,19640,18797,29691,26954,30857,30502,36489,36624,40311,40565,26905,30003,19328,24094,5994,10019,319153,297868,44805,43307,77593,71218,17463,71,47
2021-08-19T23:59:59+02:00,2347,2093,22326,21337,32010,29428,32714,32671,38417,38877,42252,42523,27938,31156,19966,25024,6224,10485,1607,1417,19381,18590,29477,26804,30736,30393,36370,36528,40209,40480,26877,29973,19317,24078,5990,10014,318213,296594,44784,43277,77593,71193,17130,71,47
2021-08-18T23:59:59+02:00,2337,2084,22300,21315,31987,29407,32692,32648,38389,38859,42239,42508,27923,31146,19960,25019,6224,10483,1584,1399,19326,18531,29437,26770,30710,30362,36341,36507,40185,40449,26860,29962,19313,24066,5985,10010,317952,296160,44784,43276,77593,71191,17123,71,47
2021-08-17T23:59:59+02:00,2320,2068,22275,21287,31971,29377,32666,32624,38376,38848,42215,42489,27917,31133,19954,25014,6224,10483,1571,1388,19283,18482,29405,26731,30666,30336,36313,36474,40157,40425,26838,29947,19307,24049,5981,10006,317705,295761,44784,43273,77593,71187,17091,71,47
2021-08-16T23:59:59+02:00,2281,2051,22208,21244,31930,29332,32641,32603,38352,38826,42183,42472,27908,31125,19952,25004,6224,10482,1547,1363,19074,18337,29258,26615,30589,30247,36266,36420,40119,40383,26818,29931,19300,24030,5975,10004,317354,294755,44784,43267,77590,71185,17022,71,47
2021-08-15T23:59:59+02:00,2254,2028,22154,21187,31882,29291,32617,32570,38324,38807,42162,42458,27902,31120,19946,24997,6223,10482,1525,1347,18954,18219,29100,26486,30509,30164,36200,36369,40064,40326,26800,29907,19290,24021,5972,10003,317018,293828,44775,43250,77589,71177,16954,71,47
2021-08-14T23:59:59+02:00,2248,2025,22128,21171,31870,29275,32613,32564,38316,38802,42156,42455,27901,31119,19945,24996,6223,10481,1495,1319,18841,18125,29037,26422,30469,30116,36175,36337,40043,40311,26793,29901,19287,24020,5971,10000,316929,293281,44772,43231,77589,71173,16930,71,47
2021-08-13T23:59:59+02:00,2231,2014,22082,21133,31833,29251,32575,32535,38301,38788,42146,42445,27899,31115,19942,24993,6222,10481,1420,1254,18585,17865,28860,26260,30353,30025,36123,36269,39998,40275,26777,29888,19282,24011,5968,9996,316693,291913,44767,43215,77587,71163,16871,71,47
2021-08-12T23:59:59+02:00,2195,1976,21993,21038,31762,29172,32519,32485,38254,38745,42106,42411,27883,31096,19935,24983,6220,10481,1327,1194,18282,17551,28608,26031,30208,29894,36028,36175,39921,40206,26742,29841,19262,23988,5966,9993,316114,290159,44756,43163,77584,71116,16732,71,47
2021-08-11T23:59:59+02:00,2193,1971,21973,21022,31744,29151,32504,32469,38246,38736,42095,42394,27874,31093,19932,24979,6219,10477,1319,1181,18226,17496,28572,25986,30161,29856,36008,36137,39885,40173,26730,29814,19255,23978,5966,9991,315933,289683,44756,43160,77584,71113,16731,71,47
2021-08-10T23:59:59+02:00,2184,1950,21946,20985,31706,29129,32487,32448,38219,38709,42077,42384,27867,31085,19930,24976,6218,10473,1285,1147,17713,17041,28396,25831,30066,29764,35839,36014,39835,40129,26706,29791,19248,23963,5962,9990,315683,287987,44750,43131,77582,70863,16692,69,47
2021-08-09T23:59:59+02:00,2160,1936,21896,20932,31648,29082,32451,32417,38194,38688,42063,42359,27856,31076,19929,24967,6217,10471,1242,1107,17244,16587,28264,25724,30010,29709,35792,35969,39803,40094,26697,29777,19243,23957,5962,9988,315300,286510,44744,43111,77582,70851,16650,69,47
2021-08-08T23:59:59+02:00,2144,1918,21842,20886,31604,29045,32417,32391,38170,38679,42041,42338,27849,31072,19923,24963,6217,10468,1177,1045,16898,16245,28152,25640,29952,29635,35744,35931,39781,40068,26685,29763,19234,23947,5960,9983,314981,285264,44743,43090,77581,70843,16596,69,47
2021-08-07T23:59:59+02:00,2100,1875,21706,20803,31522,28977,32343,32330,38113,38630,42008,42309,27840,31045,19918,24954,6215,10466,1031,919,16387,15792,27846,25349,29724,29448,35567,35773,39640,39956,26629,29699,19215,23918,5957,9979,314351,282608,44710,42969,77575,70753,16452,69,47
2021-08-06T23:59:59+02:00,2090,1865,21655,20764,31479,28944,32310,32311,38087,38610,41996,42293,27836,31036,19914,24954,6215,10466,912,811,15360,14814,26699,24450,29433,29215,35320,35572,39323,39716,26587,29652,19205,23908,5956,9976,314119,277608,44706,42947,77575,69948,16359,69,47
2021-08-05T23:59:59+02:00,2051,1836,21549,20677,31422,28867,32249,32252,38027,38559,41951,42255,27819,31016,19906,24941,6213,10463,813,705,14469,14066,25672,23667,28716,28697,34787,35137,39005,39470,26520,29572,19173,23874,5953,9966,313559,272701,44683,42895,77574,68448,16171,69,47
2021-08-04T23:59:59+02:00,2031,1817,21477,20626,31377,28798,32215,32210,37991,38536,41914,42226,27806,31000,19901,24928,6211,10459,735,659,14096,13722,25266,23363,28504,28470,34644,35012,38905,39376,26481,29527,19150,23851,5948,9961,313107,270251,44676,42865,77574,68407,16100,69,47
2021-08-03T23:59:59+02:00,2022,1801,21450,20599,31358,28785,32202,32200,37981,38522,41898,42213,27797,30994,19896,24921,6210,10457,715,645,14012,13631,25188,23287,28436,28413,34596,34964,38853,39337,26455,29500,19138,23839,5945,9955,312899,269523,44672,42861,77572,68381,16097,69,47
2021-08-02T23:59:59+02:00,2012,1780,21405,20561,31312,28763,32175,32169,37955,38506,41885,42198,27788,30982,19896,24913,6209,10453,684,615,13809,13421,24484,22735,28152,28189,34448,34852,38775,39273,26428,29468,19130,23835,5945,9953,312608,267102,44669,42847,77572,68153,16047,69,47
2021-08-01T23:59:59+02:00,1992,1763,21353,20514,31263,28723,32148,32150,37936,38487,41864,42181,27782,30975,19893,24905,6209,10453,646,587,13640,13261,24182,22477,27912,27971,34358,34743,38707,39201,26412,29449,19124,23829,5945,9951,312304,265396,44663,42835,77571,68130,15987,69,47
2021-07-31T23:59:59+02:00,1967,1733,21271,20437,31193,28684,32093,32110,37901,38458,41841,42160,27779,30966,19888,24901,6209,10453,374,357,12695,12238,23665,22034,27566,27614,34046,34447,38275,38857,26342,29364,19098,23784,5940,9945,311880,260360,44651,42799,77569,67558,15877,69,47
2021-07-30T23:59:59+02:00,1942,1713,21246,20415,31161,28664,32078,32089,37895,38451,41833,42152,27774,30963,19887,24901,6208,10453,366,350,12608,12165,23341,21743,27289,27402,33827,34282,38113,38722,26318,29346,19096,23776,5940,9943,311689,258940,44650,42791,77569,66999,15850,69,47
2021-07-29T23:59:59+02:00,1873,1644,21014,20176,31019,28517,31975,31976,37803,38361,41739,42092,27746,30938,19874,24882,6201,10444,300,290,11979,11629,22212,20904,26248,26562,32841,33588,37730,38431,26235,29245,19067,23729,5934,9934,310471,253317,44621,42701,77561,65239,15554,69,47
2021-07-28T23:59:59+02:00,1853,1629,20973,20124,30999,28487,31959,31955,37781,38342,41716,42071,27735,30926,19869,24872,6201,10442,256,239,11695,11325,21804,20522,25817,26135,32675,33431,37616,38340,26198,29194,19048,23706,5933,9929,310149,250388,44621,42701,77549,65178,15549,68,47
2021-07-27T23:59:59+02:00,1843,1623,20934,20081,30975,28454,31925,31939,37759,38309,41692,42058,27728,30919,19868,24867,6201,10439,217,216,11448,11108,21599,20331,25672,26014,32562,33323,37527,38256,26167,29156,19038,23694,5930,9925,309912,248899,44621,42666,77548,65105,15467,68,46
2021-07-26T23:59:59+02:00,1817,1587,20808,19950,30866,28352,31866,31876,37704,38240,41649,42027,27702,30901,19857,24853,6195,10436,182,188,11153,10785,21093,19888,25422,25805,32400,33173,37395,38168,26131,29122,19025,23671,5929,9917,309144,246605,44590,42552,77541,64899,15345,68,46
2021-07-25T23:59:59+02:00,1810,1579,20784,19938,30856,28342,31854,31861,37697,38233,41639,42018,27698,30898,19856,24851,6195,10435,170,175,11046,10678,20941,19781,25188,25610,32158,32962,37249,38032,26112,29108,19018,23664,5928,9914,309027,245332,44581,42537,77533,64482,15337,68,46
2021-07-24T23:59:59+02:00,1790,1564,20702,19864,30811,28302,31819,31825,37668,38204,41617,42006,27691,30892,19853,24849,6195,10435,164,170,10983,10623,20865,19718,25116,25549,32105,32931,37219,38011,26106,29103,19016,23662,5928,9914,308676,244962,44570,42514,77529,64415,15246,68,46
2021-07-23T23:59:59+02:00,1735,1529,20509,19718,30652,28187,31733,31751,37601,38152,41579,41963,27680,30875,19848,24843,6194,10430,152,159,10723,10416,20508,19416,24309,24902,31620,32599,36650,37553,26062,29061,19000,23644,5927,9912,307844,242084,44561,42467,77512,63021,14995,68,46
2021-07-22T23:59:59+02:00,1671,1472,20200,19445,30409,28008,31604,31638,37473,38046,41482,41880,27653,30851,19838,24819,6190,10429,115,132,10259,10039,19764,18902,23355,24229,30910,32009,35611,36789,25950,28963,18966,23612,5925,9908,306369,238466,44526,41802,77507,60485,14639,68,46
2021-07-21T23:59:59+02:00,1656,1464,20162,19393,30379,27978,31580,31615,37453,38021,41461,41856,27644,30843,19833,24813,6185,10425,97,111,9949,9707,19305,18450,22481,23462,30575,31676,35376,36591,25868,28866,18936,23559,5917,9898,306041,235723,44517,40111,77505,60314,14631,68,45
2021-07-20T23:59:59+02:00,1649,1458,20128,19366,30347,27953,31555,31595,37437,38003,41449,41844,27629,30828,19833,24806,6185,10422,86,100,9681,9426,18972,18182,22208,23178,30397,31519,35211,36447,25822,28818,18920,23523,5916,9894,305781,233320,44515,40103,77504,60212,14620,68,45
2021-07-19T23:59:59+02:00,1638,1450,20014,19280,30263,27882,31495,31538,37418,37984,41434,41825,27624,30817,19827,24799,6184,10419,79,94,9484,9229,18660,17907,21746,22756,30143,31288,35093,36343,25788,28779,18902,23507,5916,9891,305202,231690,44509,39162,77502,60097,14611,68,45
2021-07-18T23:59:59+02:00,1627,1444,19945,19212,30135,27785,31431,31471,37359,37932,41390,41773,27603,30786,19818,24784,6180,10416,73,86,9373,9113,18490,17756,21554,22567,29974,31087,34979,36242,25756,28755,18891,23489,5916,9885,304415,230428,44509,38858,77499,60054,14601,68,45
2021-07-17T23:59:59+02:00,1626,1440,19938,19210,30135,27784,31431,31467,37354,37930,41385,41771,27602,30785,19817,24784,6180,10416,73,82,9352,9098,18459,17734,21536,22554,29964,31080,34961,36238,25753,28753,18891,23488,5916,9885,304383,230277,44509,38855,77499,60043,14597,68,45
2021-07-16T23:59:59+02:00,1573,1395,19665,18970,30015,27688,31349,31398,37299,37868,41344,41739,27584,30767,19810,24774,6178,10410,72,80,9234,8984,18077,17429,21233,22280,29574,30724,34825,36132,25730,28729,18884,23475,5914,9883,303405,229000,44486,38132,77498,59713,14370,68,44
2021-07-15T23:59:59+02:00,1515,1351,19408,18723,29842,27541,31239,31298,37216,37785,41274,41672,27541,30738,19794,24761,6174,10407,63,68,8869,8680,17172,16608,19679,21052,28654,29802,34201,35550,25562,28548,18828,23425,5908,9871,302127,222884,44446,36671,77490,58792,14149,68,44
2021-07-14T23:59:59+02:00,1501,1338,19378,18687,29816,27515,31215,31266,37204,37771,41255,41665,27533,30731,19785,24754,6173,10404,55,63,8579,8382,16622,16005,19183,20532,28088,29300,33810,35176,25449,28419,18788,23358,5903,9860,301846,218709,44445,36311,77488,58363,14145,68,44
2021-07-13T23:59:59+02:00,1490,1327,19340,18662,29799,27490,31191,31250,37189,37744,41231,41637,27524,30717,19783,24749,6172,10398,37,57,8271,8123,16224,15656,18906,20253,27824,29049,33540,34917,25350,28298,18755,23317,5901,9855,301559,216008,44444,36274,77487,57871,14136,68,44
2021-07-12T23:59:59+02:00,1474,1317,19289,18644,29763,27460,31174,31229,37177,37727,41215,41623,27519,30712,19781,24743,6171,10398,36,52,8011,7911,15943,15376,18206,19703,27507,28728,33128,34555,25180,28101,18696,23243,5895,9850,301292,214719,44443,34343,77487,56888,14127,68,44
2021-07-11T23:59:59+02:00,1464,1309,19257,18613,29736,27428,31157,31198,37169,37706,41201,41611,27510,30703,19779,24743,6170,10397,34,51,7966,7865,15878,15306,18116,19649,27423,28665,33012,34492,25125,28056,18676,23221,5895,9847,301039,214142,44440,34332,77485,56639,14120,68,44
2021-07-10T23:59:59+02:00,1335,1193,18753,18192,29284,27125,30873,30965,36922,37545,40997,41461,27437,30643,19753,24711,6167,10394,33,51,7838,7795,15590,15168,17898,19499,27179,28522,32846,34376,25060,28010,18660,23208,5894,9847,298819,213719,44304,34209,77456,56398,13104,68,44
2021-07-09T23:59:59+02:00,1324,1187,18725,18161,29263,27108,30860,30952,36911,37533,40986,41452,27433,30639,19751,24707,6167,10393,30,49,7796,7750,15518,15101,17833,19405,26957,28292,32596,34163,24994,27947,18638,23181,5894,9844,298673,213433,44285,34205,77455,55234,13072,68,44
2021-07-08T23:59:59+02:00,1246,1105,18458,17946,29112,26954,30721,30831,36808,37430,40887,41374,27399,30605,19732,24688,6162,10387,25,45,7630,7615,15220,14853,17402,19045,26265,27688,32321,33895,24826,27789,18579,23118,5891,9836,297396,212295,44228,32783,77447,54214,12707,68,44
2021-07-07T23:59:59+02:00,1147,1013,18147,17623,28910,26769,30590,30706,36696,37308,40780,41288,27364,30556,19718,24672,6159,10384,22,37,7434,7404,14778,14487,16935,18599,25511,27075,31912,33514,24557,27463,18485,23025,5882,9827,295820,209374,44177,31946,77437,53254,12329,68,44
2021-07-06T23:59:59+02:00,1124,996,18069,17555,28864,26719,30540,30659,36660,37273,40745,41257,27347,30530,19707,24658,6157,10381,15,31,7217,7174,14431,14125,16583,18249,24758,26427,31610,33250,24367,27249,18437,22953,5875,9820,295241,207304,44173,30539,77434,52358,12326,68,44
2021-07-05T23:59:59+02:00,1082,968,17993,17492,28820,26659,30500,30624,36635,37228,40717,41231,27341,30516,19701,24652,6157,10376,5,18,6988,6988,14127,13855,16231,17886,24200,25915,31037,32683,24086,26951,18329,22813,5867,9810,294748,205807,44171,28437,77430,51225,12276,68,44
2021-07-04T23:59:59+02:00,1060,952,17921,17442,28782,26636,30476,30595,36626,37219,40702,41219,27335,30505,19696,24649,6157,10375,5,18,6963,6969,14073,13802,16154,17825,24116,25858,30883,32591,23994,26862,18297,22772,5865,9806,294430,205410,44171,28427,77419,50712,12260,68,44
2021-07-03T23:59:59+02:00,646,581,16183,15726,27624,25716,29682,29873,35984,36608,40201,40790,27177,30338,19631,24561,6148,10358,5,18,6574,6730,13565,13503,15757,17521,23755,25582,30575,32397,23895,26766,18265,22732,5861,9802,286912,205110,44132,28350,77336,50419,9380,68,44
2021-07-02T23:59:59+02:00,607,542,16053,15581,27467,25567,29601,29814,35954,36579,40182,40777,27171,30329,19628,24558,6148,10358,5,18,6527,6656,13491,13407,15670,17390,23611,25396,30421,32232,23703,26555,18176,22654,5859,9799,286009,204426,44132,28191,77335,49536,9373,68,44
2021-07-01T23:59:59+02:00,549,494,15873,15426,27253,25411,29523,29734,35899,36527,40117,40731,27150,30311,19617,24545,6146,10354,5,17,6380,6524,13141,13133,15141,16951,22340,24405,29660,31548,23422,26265,18057,22519,5852,9783,284814,200879,44128,26513,77322,48380,9329,68,42
2021-06-30T23:59:59+02:00,519,474,15768,15319,27143,25324,29455,29661,35842,36475,40075,40696,27135,30280,19606,24528,6142,10354,4,15,6185,6343,12709,12745,14571,16402,21715,23805,29065,31017,23004,25798,17926,22336,5845,9771,283989,196613,44125,26488,77315,46813,9300,68,42
2021-06-29T23:59:59+02:00,463,423,15020,14650,26879,25106,29357,29562,35762,36392,40006,40647,27116,30255,19598,24515,6142,10352,4,13,6072,6215,12450,12483,14175,16007,20924,23180,28479,30462,22556,25274,17773,22161,5837,9761,281498,193460,44121,25978,77306,45093,9253,68,42
2021-06-28T23:59:59+02:00,427,392,14396,14014,26720,25001,29284,29496,35702,36325,39963,40613,27098,30235,19590,24504,6142,10348,3,13,6004,6119,12272,12343,13988,15831,20298,22629,28077,30088,22219,24917,17644,21998,5832,9756,279566,191777,44118,25314,77301,43700,9198,68,42
2021-06-27T23:59:59+02:00,350,325,14049,13641,26656,24943,29245,29458,35680,36303,39945,40599,27087,30228,19587,24500,6141,10347,3,13,5965,6075,12156,12227,13842,15701,19744,22151,27466,29586,21942,24578,17523,21874,5828,9755,278449,190936,44114,23785,77291,42503,9163,68,42
2021-06-26T23:59:59+02:00,349,324,14038,13629,26641,24932,29240,29451,35673,36302,39942,40598,27086,30227,19587,24500,6141,10347,3,13,5960,6073,12145,12225,13836,15698,19731,22139,27421,29551,21795,24448,17483,21817,5827,9753,278376,190913,44111,23781,77291,42020,9162,68,42
2021-06-25T23:59:59+02:00,225,211,12779,12414,25185,23780,28941,29218,35567,36216,39874,40536,27062,30199,19576,24488,6139,10345,3,13,5917,6028,12046,12144,13692,15577,19420,21899,27034,29192,21471,24052,17303,21620,5824,9744,272154,189684,44107,23496,77271,40601,9156,68,42
2021-06-24T23:59:59+02:00,160,157,11804,11581,24064,22900,28577,28865,35416,36050,39759,40430,27023,30150,19565,24464,6137,10341,3,12,5700,5799,11589,11729,13111,14982,17881,20500,25377,27595,20697,23193,16983,21213,5814,9734,266902,184694,44086,19870,77267,38185,9121,68,42
2021-06-23T23:59:59+02:00,124,131,11439,11259,23569,22530,28328,28621,35239,35923,39670,40342,26992,30123,19556,24426,6135,10329,3,12,5625,5688,11376,11514,12811,14633,17487,20090,24626,26825,19901,22441,16788,20959,5806,9718,264289,182339,44076,19251,77262,35629,9042,68,42
2021-06-22T23:59:59+02:00,103,118,11258,11050,23408,22390,28248,28548,35163,35862,39623,40297,26977,30098,19548,24417,6135,10328,2,10,5516,5567,11109,11254,12444,14263,16883,19489,23892,26055,19521,22016,16625,20780,5799,9702,263147,179298,44072,18376,77260,34186,9025,68,42
2021-06-21T23:59:59+02:00,91,106,11007,10866,22575,21723,27996,28318,35095,35799,39559,40254,26960,30079,19542,24407,6135,10327,2,9,5398,5467,10888,11038,12136,13940,16492,19144,23441,25585,19229,21699,16520,20660,5793,9700,260556,177827,44061,17362,77253,33008,8902,68,42
2021-06-20T23:59:59+02:00,85,105,10942,10775,22325,21508,27736,28117,35015,35721,39514,40209,26949,30063,19540,24402,6133,10324,2,8,5357,5415,10800,10935,12041,13837,16295,18959,23170,25344,19127,21592,16467,20602,5787,9696,259263,177512,44059,16299,77248,32756,8825,68,42
2021-06-19T23:59:59+02:00,84,101,10919,10752,22293,21485,27718,28104,35003,35717,39505,40205,26948,30062,19540,24400,6133,10324,2,8,5325,5384,10718,10843,11948,13716,16147,18808,22861,24981,19039,21505,16455,20589,5786,9696,259113,177402,44039,14799,77248,32743,8825,68,42
2021-06-18T23:59:59+02:00,81,99,10871,10701,21980,21160,27459,27885,34948,35680,39472,40182,26939,30053,19539,24397,6133,10322,2,8,5309,5375,10689,10812,11908,13668,16085,18745,22777,24885,18873,21324,16410,20523,5785,9691,257726,177007,44035,14798,77247,32197,8825,68,42
2021-06-17T23:59:59+02:00,72,91,10293,10271,20700,20198,26597,27149,34576,35353,39212,39991,26875,29971,19518,24360,6126,10317,2,8,5114,5235,10311,10558,11462,13266,15403,18133,21406,23561,18414,20832,16246,20351,5781,9677,251935,171691,44014,14224,77234,31384,8419,68,42
2021-06-16T23:59:59+02:00,64,79,9959,9963,20015,19566,25963,26547,34324,35150,39051,39841,26829,29918,19494,24335,6125,10313,2,7,4973,5089,9924,10225,11001,12815,14699,17442,20553,22620,18010,20386,16076,20137,5771,9665,248095,167904,43998,12954,77221,30342,8154,68,41
2021-06-15T23:59:59+02:00,49,73,9715,9718,19715,19321,25736,26349,34192,35041,38955,39760,26797,29882,19487,24320,6120,10309,2,7,4868,4972,9686,10009,10766,12555,14274,17014,19951,22041,17685,19994,15854,19905,5762,9653,246313,165805,43988,11863,77213,29333,7957,68,40
2021-06-14T23:59:59+02:00,45,68,9583,9591,19418,19061,25559,26205,34074,34961,38892,39720,26778,29862,19481,24309,6120,10306,2,7,4787,4908,9498,9870,10590,12419,14013,16797,19633,21746,17519,19835,15751,19771,5761,9649,245109,164337,43986,11861,77209,28657,7661,68,40
2021-06-13T23:59:59+02:00,44,64,9422,9463,19129,18878,25203,25953,33874,34793,38784,39653,26762,29850,19470,24301,6120,10302,1,7,4703,4839,9289,9697,10419,12243,13690,16449,19284,21414,17390,19685,15703,19706,5759,9647,243461,163471,43985,11860,77204,27207,7347,68,40
2021-06-12T23:59:59+02:00,44,64,9412,9445,19117,18865,25203,25948,33874,34790,38781,39652,26762,29850,19470,24301,6120,10302,1,7,4700,4825,9278,9635,10386,12141,13641,16295,19229,21278,17281,19559,15585,19604,5757,9645,243412,163442,43985,11858,77199,26171,7336,68,40
2021-06-11T23:59:59+02:00,39,60,9250,9265,18882,18654,24399,25274,33696,34632,38645,39539,26728,29816,19459,24276,6120,10297,1,7,4622,4715,9057,9376,10126,11843,13118,15741,18251,20376,17095,19361,15545,19560,5754,9642,240480,159405,43983,11857,77194,25582,7306,68,40
2021-06-10T23:59:59+02:00,37,56,8854,8936,18236,18159,23552,24602,33377,34351,38442,39373,26669,29763,19435,24248,6117,10290,1,7,4447,4538,8480,8880,9317,11119,11970,14633,16244,18453,16205,18390,15259,19193,5745,9620,236864,149691,43329,11823,77168,23877,7070,66,40
2021-06-09T23:59:59+02:00,20,38,8402,8433,17406,17437,22404,23558,32890,33882,38154,39152,26561,29658,19387,24189,6107,10277,1,7,4311,4420,8191,8619,9071,10864,11631,14264,15759,17904,15830,17958,15017,18907,5738,9610,232862,147851,41440,11782,77127,21955,6475,51,39
2021-06-08T23:59:59+02:00,12,26,8084,8113,16936,17026,21981,23191,32644,33687,37991,39022,26517,29617,19377,24167,6104,10272,0,7,4193,4339,7937,8367,8764,10519,11268,13917,15116,17198,15367,17435,14755,18628,5733,9592,230134,146137,41408,10665,77118,20238,6056,51,39
2021-06-07T23:59:59+02:00,9,22,7886,7883,16577,16704,21442,22732,32362,33418,37874,38904,26487,29569,19357,24138,6099,10271,0,7,4117,4259,7754,8224,8605,10374,11095,13745,14801,16870,15166,17177,14581,18435,5729,9587,228509,145047,40436,10572,77098,19228,5640,51,39
2021-06-06T23:59:59+02:00,7,19,7779,7775,16443,16557,21247,22526,32135,33191,37738,38798,26460,29544,19345,24121,6099,10265,0,7,4089,4222,7706,8105,8550,10243,10986,13598,14604,16649,14980,16997,14492,18314,5722,9581,227274,144555,40137,10559,77080,18185,5507,51,39
2021-06-05T23:59:59+02:00,7,19,7756,7762,16418,16532,21239,22523,32124,33184,37736,38797,26459,29544,19344,24120,6099,10265,0,7,4078,4181,7691,8039,8536,10111,10971,13426,14585,16544,14945,16942,14483,18304,5722,9580,227168,144469,40137,10559,77079,17585,5493,51,39
2021-06-04T23:59:59+02:00,7,17,7645,7660,16139,16292,20965,22273,31701,32809,37621,38674,26426,29505,19333,24107,6097,10263,0,7,4071,4171,7662,8016,8509,10080,10904,13353,14480,16410,14862,16849,14446,18260,5722,9578,225569,144129,39362,10229,77061,17492,5491,51,39
2021-06-03T23:59:59+02:00,5,17,7390,7428,15261,15501,19331,20883,30788,31883,37115,38211,26294,29370,19288,24055,6091,10245,0,7,4011,4132,7573,7945,8385,9983,10731,13170,13908,15836,14595,16532,14360,18152,5719,9565,218935,141899,37781,10108,77050,17219,5339,51,39
2021-06-02T23:59:59+02:00,5,17,7255,7283,14885,15076,18899,20478,30321,31426,36887,37948,26230,29306,19268,24026,6088,10243,0,7,3981,4102,7511,7859,8296,9887,10590,13039,13459,15404,14470,16349,14330,18114,5716,9560,215856,140100,37350,10014,77049,17186,5335,51,39
2021-06-01T23:59:59+02:00,5,14,6979,7044,14488,14766,18554,20160,29993,31113,36662,37715,26174,29227,19244,23998,6086,10232,0,7,3880,4018,7269,7685,8061,9693,10326,12763,13050,14980,14034,15894,14214,17958,5709,9552,213114,137957,37303,9760,77028,16379,4958,51,39
2021-05-31T23:59:59+02:00,5,14,6818,6856,14263,14531,17852,19559,29650,30772,36370,37451,26081,29129,19217,23945,6076,10220,0,7,3803,3909,7057,7436,7837,9409,9982,12377,12610,14459,13504,15279,14013,17727,5700,9536,211672,134766,35267,9436,77013,15598,4806,51,39
2021-05-30T23:59:59+02:00,5,14,6795,6840,14216,14491,17774,19500,29601,30733,36340,37425,26069,29117,19214,23938,6075,10218,0,7,3759,3837,6898,7222,7689,9172,9774,12055,12353,14105,13383,15107,13947,17644,5697,9529,211375,134027,35254,9334,76955,14049,4730,51,38
2021-05-29T23:59:59+02:00,5,14,6794,6839,14206,14485,17769,19494,29596,30729,36337,37424,26067,29114,19214,23937,6075,10218,0,7,3748,3825,6868,7188,7655,9121,9738,12008,12279,14006,13340,15038,13917,17619,5696,9524,211343,133885,35254,9333,76940,13592,4729,51,38
2021-05-28T23:59:59+02:00,5,14,6784,6826,14189,14473,17753,19473,29583,30716,36326,37404,26064,29110,19212,23933,6075,10218,0,6,3734,3802,6847,7148,7620,9066,9684,11903,12035,13737,13150,14846,13887,17578,5693,9521,211190,132587,35253,9332,76937,13573,4727,51,38
2021-05-27T23:59:59+02:00,5,14,6694,6743,13919,14255,17266,19127,28902,30173,36165,37272,26016,29076,19197,23917,6074,10212,0,6,3611,3639,6559,6895,7244,8756,9185,11345,11324,12838,12595,14272,13756,17384,5685,9509,210104,129051,33808,9000,76896,12346,4168,51,38
2021-05-26T23:59:59+02:00,5,14,6624,6637,13710,14053,17011,18816,28358,29658,35989,37098,25976,29026,19180,23887,6073,10205,0,6,3520,3497,6336,6605,6954,8328,8842,10867,10671,12035,12029,13655,13609,17168,5680,9487,208493,125423,33057,8816,76880,11175,3840,50,35
2021-05-25T23:59:59+02:00,5,14,6543,6541,13503,13831,16748,18604,27633,29011,35896,37001,25952,28996,19168,23871,6068,10204,0,6,3471,3404,6193,6437,6807,8137,8615,10577,10323,11668,11685,13176,13501,17005,5677,9479,207773,123570,31600,8678,76397,10108,3770,49,35
2021-05-24T23:59:59+02:00,5,14,6473,6445,13325,13632,16525,18324,27217,28581,35550,36600,25895,28928,19149,23847,6067,10202,0,6,3458,3383,6132,6356,6761,8052,8554,10481,10251,11569,11509,12942,13453,16913,5668,9458,207242,122934,29367,8628,76390,9618,3731,49,35
2021-05-23T23:59:59+02:00,5,14,6471,6444,13319,13623,16522,18314,27198,28571,35520,36566,25892,28922,19149,23841,6067,10202,0,3,3453,3379,6126,6345,6751,8045,8526,10450,10211,11510,11426,12838,13433,16879,5668,9457,207126,122920,29351,8210,76389,9610,3725,49,35
2021-05-22T23:59:59+02:00,5,14,6464,6441,13311,13611,16516,18309,27194,28569,35517,36560,25892,28922,19149,23841,6067,10202,0,3,3451,3379,6122,6342,6749,8041,8522,10448,10206,11507,11415,12824,13428,16875,5667,9457,207072,122880,29351,8210,76387,9586,3725,49,35
2021-05-21T23:59:59+02:00,5,14,6401,6384,13158,13506,16342,18159,26925,28390,35087,36294,25866,28884,19141,23835,6066,10198,0,3,3442,3369,6089,6319,6719,8007,8482,10399,10151,11457,10895,12110,13287,16715,5664,9452,206383,121115,29226,8207,75344,9550,3653,49,35
2021-05-20T23:59:59+02:00,4,13,6108,6184,12545,13090,15149,17237,25013,26888,34131,35526,25761,28738,19086,23754,6060,10183,0,3,3383,3323,5992,6203,6603,7850,8333,10234,9909,11149,10555,11652,13174,16531,5654,9438,201609,119099,27483,8124,72805,9203,3525,48,35
2021-05-19T23:59:59+02:00,4,13,5900,5942,12034,12629,14444,16531,24064,26070,33504,34921,25644,28646,19051,23695,6052,10171,0,3,3307,3248,5833,6030,6414,7605,8058,9952,9604,10767,10242,11236,13095,16386,5652,9430,195896,117173,27441,7928,72788,8583,3143,47,35
2021-05-18T23:59:59+02:00,4,12,5729,5831,11635,12310,13822,16030,22909,25119,32836,34313,25527,28511,19003,23642,6047,10161,0,3,3265,3216,5716,5919,6247,7445,7851,9738,9404,10527,10065,10983,12947,16162,5642,9421,190941,116000,26929,7859,72744,7877,2780,47,35
2021-05-17T23:59:59+02:00,4,11,5676,5788,11472,12204,13547,15809,22090,24481,32524,33997,25449,28451,18981,23612,6038,10152,0,3,3148,3142,5526,5735,6072,7230,7643,9510,9179,10282,9973,10857,12888,16098,5639,9416,189169,115236,26227,7851,72348,6724,2495,47,35
2021-05-16T23:59:59+02:00,4,11,5647,5768,11409,12147,13462,15729,21474,23931,31911,33467,25409,28407,18971,23597,6037,10152,0,3,3142,3120,5512,5666,6044,7170,7615,9411,9148,10198,9956,10835,12885,16095,5639,9416,188401,115124,24681,7844,71922,6373,2482,47,32
2021-05-15T23:59:59+02:00,4,11,5638,5758,11377,12138,13433,15720,21399,23860,31371,33091,25398,28402,18970,23594,6036,10151,0,3,3129,3105,5493,5624,6030,7095,7572,9295,8909,9943,9923,10804,12851,16044,5639,9415,188350,115119,24668,7706,71274,6007,2012,47,30
2021-05-14T23:59:59+02:00,4,11,5599,5732,11314,12099,13360,15656,20988,23547,30939,32743,25363,28356,18958,23578,6036,10149,0,3,3096,3065,5456,5536,6008,6959,7531,9091,8848,9748,9847,10694,12765,15914,5639,9412,187625,114945,24347,7369,70402,5257,2011,47,30
2021-05-13T23:59:59+02:00,4,10,5444,5577,10932,11802,12646,15069,18800,21801,29392,31274,25135,28113,18890,23506,6034,10146,0,3,3085,3030,5434,5497,5992,6902,7505,9021,8804,9688,9631,10449,12561,15607,5634,9401,183666,114585,20552,6542,68314,5091,1996,47,30
2021-05-12T23:59:59+02:00,3,10,5414,5550,10862,11744,12545,14981,18677,21677,29028,30909,25040,28016,18873,23477,6033,10141,0,3,3084,3025,5428,5491,5982,6889,7480,9006,8765,9634,9442,10215,12329,15282,5631,9394,182713,114301,19914,5670,68311,5085,1995,47,29
2021-05-11T23:59:59+02:00,3,10,5274,5444,10612,11491,12179,14613,18066,21036,28096,29935,24848,27826,18814,23401,6028,10127,0,3,3041,2984,5339,5334,5883,6702,7350,8761,8599,9411,9260,10016,12176,15093,5622,9374,178622,113235,19018,5562,68179,4185,1937,47,29
2021-05-10T23:59:59+02:00,3,9,5149,5369,10396,11300,11918,14357,17740,20702,27672,29526,24740,27719,18775,23354,6020,10123,0,3,2971,2930,5221,5218,5769,6598,7226,8620,8470,9304,9156,9891,12086,14964,5619,9365,176612,112702,18334,5550,67950,3201,1929,47,29
2021-05-09T23:59:59+02:00,3,9,5074,5324,10298,11184,11818,14238,17398,20416,27281,29149,24652,27631,18746,23318,6017,10120,0,3,2903,2898,5074,5177,5592,6555,7058,8591,8341,9268,9143,9881,12068,14944,5619,9365,176218,112624,17052,5541,67448,2374,1912,46,29
2021-05-08T23:59:59+02:00,3,9,5072,5323,10296,11179,11818,14238,17394,20414,27278,29147,24652,27631,18746,23318,6017,10120,0,3,2902,2897,5072,5177,5592,6555,7058,8591,8338,9267,9142,9880,12067,14944,5619,9365,176201,112621,17052,5540,67445,2368,1911,46,29
2021-05-07T23:59:59+02:00,3,9,5039,5297,10228,11127,11688,14114,16993,20141,26640,28590,24603,27580,18729,23286,6011,10090,0,3,2890,2889,5057,5168,5581,6539,7046,8580,8330,9256,9136,9872,12056,14924,5612,9337,175366,112606,17049,5534,65922,2322,1785,46,29
2021-05-06T23:59:59+02:00,2,9,4770,5138,9772,10784,11122,13597,15903,19118,24225,26293,24102,27050,18624,23184,6006,10076,0,3,2847,2841,4990,5091,5540,6447,6963,8461,8201,9103,9035,9757,12032,14873,5609,9334,170326,112065,14598,5478,63032,1780,1775,44,29
2021-05-05T23:59:59+02:00,2,9,4691,5055,9477,10555,10779,13271,15323,18519,23378,25325,23842,26723,18555,23079,5996,10058,0,2,2828,2804,4942,5006,5481,6326,6881,8294,8076,8886,8927,9624,11954,14786,5608,9325,166658,111114,13280,5472,62882,1361,1774,43,29
2021-05-04T23:59:59+02:00,2,9,4607,4963,9303,10356,10568,13029,14933,18123,22828,24757,23630,26449,18482,22998,5988,10044,0,2,2820,2769,4913,4931,5449,6204,6829,8153,7980,8731,8823,9511,11879,14727,5606,9322,164398,110611,12154,5460,62717,792,1757,43,29
2021-05-03T23:59:59+02:00,2,9,4536,4887,9115,10219,10393,12854,14650,17879,22416,24342,23491,26299,18455,22951,5988,10038,0,2,2747,2698,4832,4858,5373,6119,6734,8049,7798,8565,8737,9424,11839,14676,5603,9317,162885,110384,12153,5457,62624,682,819,43,29
2021-05-02T23:59:59+02:00,2,9,4523,4872,9041,10161,10269,12744,14322,17574,22113,24055,23441,26240,18436,22926,5987,10037,0,2,2741,2691,4775,4824,5285,6036,6595,7921,7679,8463,8691,9382,11815,14642,5601,9312,161997,110264,12150,5455,62520,665,42,43,29
2021-05-01T23:59:59+02:00,2,9,4523,4869,9039,10159,10268,12743,14318,17570,22111,24055,23440,26239,18436,22926,5987,10037,0,2,2741,2691,4775,4824,5285,6036,6594,7921,7679,8463,8691,9382,11815,14642,5601,9312,161976,110264,12150,5454,62520,665,42,43,29
2021-04-30T23:59:59+02:00,1,9,4451,4783,8800,9944,10006,12502,13836,17144,21268,23280,23315,26102,18420,22895,5984,10034,0,2,2737,2689,4764,4816,5275,6002,6583,7890,7646,8423,8687,9379,11814,14639,5599,9311,158382,110235,12149,5452,62192,532,8,43,29
2021-04-29T23:59:59+02:00,1,9,4305,4638,8320,9532,9305,11898,12835,16240,19414,21591,22607,25337,18282,22685,5978,10017,0,2,2714,2669,4722,4745,5232,5928,6519,7783,7564,8307,8577,9264,11746,14563,5592,9302,149170,109732,12133,5189,61641,271,8,42,29
2021-04-28T23:59:59+02:00,1,9,4274,4618,8248,9459,9229,11810,12715,16119,19197,21377,22518,25245,18255,22644,5976,10012,0,2,2711,2657,4697,4684,5204,5884,6489,7709,7516,8224,8560,9239,11729,14540,5590,9296,148781,109538,12045,5115,60831,44,7,42,27
2021-04-27T23:59:59+02:00,1,9,4236,4571,8111,9324,9114,11659,12568,15951,18746,20881,22287,24988,18190,22566,5973,10003,0,2,2708,2653,4694,4680,5194,5876,6476,7690,7481,8186,8497,9160,11647,14458,5586,9292,148050,109275,10971,4941,60108,36,7,42,21
2021-04-26T23:59:59+02:00,1,9,4194,4544,8004,9228,8967,11553,12395,15777,18334,20515,22153,24840,18154,22534,5972,10001,0,2,2708,2651,4690,4676,5189,5868,6463,7670,7448,8157,8449,9112,11591,14379,5582,9275,147271,109170,10836,4683,59020,31,6,42,20
2021-04-25T23:59:59+02:00,1,9,4180,4529,7966,9197,8903,11490,12260,15647,17990,20181,21953,24603,18114,22479,5968,9996,0,2,2708,2651,4689,4674,5186,5864,6458,7667,7446,8153,8394,9053,11568,14351,5582,9273,145887,109147,10825,4516,58706,30,6,42,20
2021-04-24T23:59:59+02:00,1,9,4172,4520,7950,9192,8888,11480,12210,15615,17932,20143,21938,24590,18112,22474,5968,9996,0,2,2707,2651,4689,4674,5186,5864,6458,7667,7446,8153,8394,9052,11568,14351,5582,9273,145787,109147,10824,4516,58533,29,6,40,19
2021-04-23T23:59:59+02:00,1,9,4152,4490,7892,9129,8802,11378,11872,15289,17497,19745,21721,24357,18047,22397,5966,9988,0,2,2704,2649,4686,4671,5179,5856,6443,7657,7423,8122,8373,9025,11559,14342,5580,9270,144519,109133,10477,4356,57691,28,5,40,19
2021-04-22T23:59:59+02:00,1,9,4104,4426,7761,8941,8618,11120,11545,14871,16583,18759,21147,23645,17912,22217,5956,9970,0,2,2696,2642,4680,4649,5157,5830,6400,7622,7354,8075,8244,8866,11413,14191,5575,9261,140790,108513,10346,4100,56405,20,5,39,19
2021-04-21T23:59:59+02:00,1,9,4061,4382,7661,8819,8460,10958,11248,14590,15844,18003,20766,23197,17837,22112,5951,9957,0,2,2687,2631,4662,4628,5140,5809,6388,7604,7325,8051,8194,8803,11373,14151,5573,9259,137857,108223,10216,4016,55741,18,5,37,18
2021-04-20T23:59:59+02:00,1,9,4036,4357,7627,8765,8383,10877,11084,14415,15409,17527,20300,22679,17733,21960,5942,9945,0,2,2678,2621,4652,4615,5116,5789,6360,7579,7285,8011,8098,8671,11296,14064,5569,9255,135701,107645,9950,3976,55356,17,5,37,18
2021-04-19T23:59:59+02:00,1,9,4006,4308,7564,8660,8291,10738,10926,14231,15156,17232,19818,22114,17566,21743,5931,9933,0,2,2673,2619,4648,4611,5102,5774,6341,7562,7258,7966,8045,8618,11269,14017,5567,9251,133631,107311,9596,3972,54960,17,5,35,18
2021-04-18T23:59:59+02:00,1,6,3986,4279,7504,8608,8187,10612,10667,13988,14664,16694,19386,21602,17442,21558,5927,9926,0,2,2672,2618,4648,4611,5102,5774,6340,7559,7255,7965,8041,8615,11266,14013,5566,9248,131207,107286,9524,3970,54266,16,5,35,18
2021-04-17T23:59:59+02:00,1,6,3983,4271,7484,8601,8176,10594,10625,13942,14552,16606,19266,21479,17420,21530,5926,9924,0,2,2672,2618,4647,4609,5095,5769,6326,7554,7230,7942,7994,8569,11247,13990,5564,9248,130768,107273,9514,3764,54064,16,5,35,18
2021-04-16T23:59:59+02:00,1,6,3972,4227,7411,8479,8073,10439,10432,13680,13882,15844,18700,20836,17295,21355,5915,9906,0,2,2669,2615,4642,4602,5090,5756,6308,7543,7192,7907,7684,8177,11152,13849,5557,9231,127924,106468,9453,3471,53037,15,4,35,18
2021-04-15T23:59:59+02:00,1,5,3928,4175,7297,8347,7895,10203,10097,13290,13156,14985,17890,19971,17054,21033,5900,9886,0,2,2668,2607,4630,4585,5076,5723,6275,7507,7120,7833,7124,7511,11022,13686,5553,9221,124277,104788,9293,3320,51504,13,4,35,18
2021-04-14T23:59:59+02:00,1,4,3901,4144,7231,8241,7788,10051,9918,13090,12737,14537,17363,19357,16902,20824,5894,9872,0,2,2634,2588,4612,4552,5048,5676,6240,7474,7062,7773,6473,6740,10757,13386,5549,9213,122880,102428,9056,3318,49882,11,4,33,18
2021-04-13T23:59:59+02:00,1,4,3897,4138,7193,8224,7731,10016,9810,13036,12364,14244,16674,18505,16664,20520,5890,9866,0,2,2608,2559,4592,4526,5021,5641,6182,7404,6974,7669,6260,6484,10165,12697,5540,9192,122173,100176,8834,3307,47733,11,4,33,18
2021-04-12T23:59:59+02:00,1,4,3884,4120,7138,8177,7673,9945,9701,12935,12115,14029,16230,17987,16476,20306,5885,9863,0,2,2579,2548,4525,4482,4915,5571,6064,7327,6856,7569,5513,5659,9713,12158,5500,9150,121834,96800,8797,3298,45802,11,4,32,18
2021-04-11T23:59:59+02:00,1,4,3869,4112,7096,8126,7614,9901,9610,12857,11877,13820,15661,17295,16200,19964,5880,9853,0,2,2503,2469,4396,4361,4764,5438,5902,7175,6707,7464,5211,5298,9581,11996,5500,9146,121239,94634,8364,3247,44101,10,4,32,18
2021-04-10T23:59:59+02:00,1,4,3851,4092,7057,8078,7571,9844,9548,12798,11786,13735,15444,17102,16151,19894,5879,9846,0,2,1942,1906,3584,3641,3893,4674,4899,6255,5852,6675,4939,4993,9452,11844,5493,9137,120773,85902,8364,3247,43508,10,4,32,18
2021-04-09T23:59:59+02:00,1,4,3830,4072,7020,8046,7510,9787,9397,12667,11456,13454,14258,15568,15705,19362,5866,9834,0,2,1085,1087,2224,2444,2385,3304,3113,4610,4224,5208,4246,4255,9200,11484,5468,9107,118869,70171,8361,3244,40572,10,3,32,18
2021-04-08T23:59:59+02:00,1,4,3804,4055,6958,7989,7406,9691,9209,12550,11050,13102,13122,14304,15285,18832,5844,9798,0,2,587,598,1302,1739,1479,2378,2012,3521,2849,3819,2996,2850,8377,10477,5310,8870,117601,55897,8278,3241,37092,9,1,32,18
2021-04-07T23:59:59+02:00,1,4,3757,4029,6880,7932,7314,9620,9081,12421,10739,12794,12391,13534,15065,18567,5838,9776,0,2,358,381,952,1392,1073,1992,1503,3058,1900,2814,1811,1560,7468,9326,5154,8611,116634,46087,8125,3241,34953,8,1,30,18
2021-04-06T23:59:59+02:00,1,4,3741,4017,6858,7894,7258,9554,8988,12341,10527,12577,12005,13037,14843,18274,5827,9763,0,2,351,368,942,1381,1059,1970,1475,3030,1841,2755,1732,1491,7049,8765,5001,8370,115361,44317,8026,3239,34094,7,1,27,18
2021-04-05T23:59:59+02:00,1,4,3735,4016,6847,7881,7244,9544,8969,12313,10463,12518,11894,12890,14744,18181,5825,9760,0,2,349,362,932,1377,1053,1961,1465,3009,1819,2721,1678,1438,6818,8456,4876,8184,115023,43236,8004,3238,33775,7,1,26,18
2021-04-04T23:59:59+02:00,1,4,3735,4016,6845,7875,7243,9543,8966,12313,10453,12513,11890,12886,14741,18180,5825,9760,0,2,349,361,930,1376,1052,1959,1464,3008,1817,2718,1675,1433,6811,8443,4871,8181,115017,43188,8003,3236,33742,7,1,26,18
2021-04-03T23:59:59+02:00,1,4,3735,4016,6845,7874,7242,9543,8966,12313,10452,12513,11890,12885,14739,18178,5825,9760,0,2,349,360,928,1372,1050,1958,1463,3003,1815,2718,1669,1421,6768,8361,4836,8145,115013,42957,8003,3236,33738,6,1,26,18
2021-04-02T23:59:59+02:00,1,4,3733,4014,6842,7871,7235,9537,8953,12305,10436,12497,11763,12769,14695,18119,5822,9751,0,2,347,358,926,1366,1044,1947,1448,2978,1774,2680,1574,1335,6001,7462,4395,7573,114884,40271,7997,2914,33439,6,1,26,18
2021-04-01T23:59:59+02:00,1,3,3694,4002,6808,7850,7193,9506,8901,12266,10362,12426,11416,12361,14314,17599,5816,9731,0,2,342,355,909,1352,1032,1926,1416,2933,1714,2613,1450,1237,5053,6337,3826,6732,114482,36295,6580,2909,33160,6,1,26,18
2021-03-31T23:59:59+02:00,0,3,3688,3997,6794,7830,7175,9488,8866,12233,10272,12354,11081,11950,13964,17099,5810,9709,0,2,339,351,901,1341,1021,1910,1396,2905,1664,2576,1383,1184,4459,5647,3463,6254,113896,33935,5570,2836,32820,6,1,26,18
2021-03-30T23:59:59+02:00,0,3,3670,3971,6758,7792,7118,9421,8777,12130,10110,12198,10822,11673,13743,16834,5803,9695,0,2,335,344,896,1330,1013,1904,1372,2898,1636,2550,1356,1158,4340,5524,3401,6159,113080,33557,5320,2636,32093,6,1,24,18
2021-03-29T23:59:59+02:00,0,3,3660,3949,6732,7770,7078,9367,8681,12035,9927,11988,10383,11202,13369,16367,5787,9662,0,2,330,341,892,1319,1007,1896,1363,2887,1622,2541,1334,1144,4205,5380,3304,6026,111399,32939,5014,2630,31522,5,1,24,18
2021-03-28T23:59:59+02:00,0,3,3619,3892,6617,7612,6961,9223,8555,11843,9773,11797,10174,10940,13192,16185,5783,9653,0,2,330,341,892,1317,1005,1895,1361,2887,1621,2539,1325,1141,4172,5336,3278,6000,111025,32893,4748,2527,30025,4,1,23,17
2021-03-27T23:59:59+01:00,0,3,3618,3880,6605,7548,6931,9110,8505,11672,9721,11643,10061,10816,13097,16096,5782,9653,0,2,330,340,892,1317,1005,1892,1361,2885,1617,2538,1323,1139,4146,5301,3265,5985,111014,32790,4748,2526,28955,4,1,23,17
2021-03-26T23:59:59+01:00,0,3,3611,3873,6577,7511,6903,9035,8457,11559,9630,11515,10012,10753,13048,16039,5774,9632,0,2,325,338,891,1314,1001,1880,1358,2864,1597,2524,1298,1122,3959,5071,3156,5830,110955,32023,4524,2485,28429,4,1,23,17
2021-03-25T23:59:59+01:00,0,3,3587,3842,6484,7386,6811,8869,8268,11328,9320,11197,9632,10368,12742,15723,5769,9621,0,2,325,337,889,1306,998,1870,1345,2851,1574,2505,1273,1102,3720,4821,2903,5490,110577,30805,4311,2485,26038,3,1,23,17
2021-03-24T23:59:59+01:00,0,3,3529,3790,6394,7202,6687,8643,8104,11090,9093,10872,9216,9877,12324,15265,5758,9610,0,2,325,336,888,1302,993,1868,1338,2847,1558,2489,1264,1092,3653,4747,2718,5264,110059,30181,4172,2485,23202,0,1,23,17
2021-03-23T23:59:59+01:00,0,3,3511,3757,6347,7147,6610,8584,7987,10962,8846,10638,8794,9410,11873,14743,5748,9596,0,2,325,336,887,1292,988,1859,1333,2838,1554,2481,1239,1067,3561,4670,2520,4941,109244,29391,4081,2485,21208,0,0,23,17
2021-03-22T23:59:59+01:00,0,3,3502,3737,6305,7119,6575,8536,7921,10887,8698,10502,8512,9058,11571,14419,5713,9557,0,2,323,331,881,1281,980,1852,1326,2827,1544,2471,1227,1058,3532,4634,2501,4908,108574,29176,4079,2485,19939,0,0,23,17
2021-03-21T23:59:59+01:00,0,3,3500,3735,6301,7109,6557,8520,7904,10868,8642,10444,8392,8941,11501,14316,5710,9554,0,2,321,330,873,1278,973,1845,1317,2825,1539,2467,1223,1054,3523,4619,2486,4898,108488,29072,4077,2485,19409,0,0,23,16
2021-03-20T23:59:59+01:00,0,3,3491,3697,6293,7037,6540,8383,7879,10684,8598,10309,8314,8855,11463,14277,5710,9554,0,2,321,330,873,1278,973,1844,1316,2825,1539,2465,1223,1054,3523,4618,2486,4898,108453,29068,3866,2484,18745,0,0,23,16
2021-03-19T23:59:59+01:00,0,3,3478,3667,6265,6951,6516,8290,7833,10567,8485,10149,7771,8248,11276,14033,5701,9536,0,2,318,329,868,1271,956,1835,1294,2794,1489,2421,1140,986,2851,3822,2067,4316,106831,26259,3565,2484,18350,0,0,23,16
2021-03-18T23:59:59+01:00,0,3,3467,3649,6224,6911,6481,8228,7769,10481,8369,10021,6809,7144,10994,13731,5689,9511,0,2,317,329,864,1266,950,1825,1279,2785,1465,2401,1101,966,2643,3581,1910,4092,103796,25276,3404,2484,18258,0,0,23,16
2021-03-17T23:59:59+01:00,0,3,3429,3611,6154,6826,6426,8124,7678,10349,8238,9863,6122,6292,10711,13416,5672,9484,0,2,316,329,856,1260,945,1812,1265,2763,1446,2374,1063,941,2514,3449,1828,3975,100990,24640,3402,2484,17983,0,0,23,14
2021-03-16T23:59:59+01:00,0,3,3410,3580,6116,6773,6381,8050,7624,10283,8147,9761,5945,6115,9999,12597,5631,9419,0,2,309,318,842,1243,933,1803,1259,2743,1434,2366,1048,921,2299,3202,1691,3777,98706,23694,3389,2482,17716,0,0,23,14
2021-03-15T23:59:59+01:00,0,3,3373,3548,6017,6691,6251,7957,7480,10163,8019,9634,5190,5279,9550,12046,5587,9349,0,2,308,317,838,1239,931,1796,1257,2730,1425,2357,1034,909,2154,3028,1599,3682,95173,23112,3380,2481,17561,0,0,23,13
2021-03-14T23:59:59+01:00,0,3,3249,3407,5738,6347,5978,7599,7164,9748,7733,9317,4859,4890,9389,11847,5583,9334,0,2,308,316,838,1239,930,1796,1254,2729,1423,2354,1031,906,2151,3025,1596,3681,92781,23088,3326,2478,16055,0,0,23,13
2021-03-13T23:59:59+01:00,0,3,2594,2753,4804,5480,4967,6673,5977,8634,6720,8368,4542,4507,9003,11323,5491,9226,0,2,308,315,837,1237,930,1790,1252,2727,1422,2354,1031,905,2127,2988,1565,3645,82119,22944,3326,2478,15597,0,0,23,13
2021-03-12T23:59:59+01:00,0,2,1772,1943,3468,4325,3459,5344,4229,6994,5082,6859,3867,3801,7746,9772,4976,8535,0,2,304,311,835,1233,924,1784,1245,2707,1397,2337,985,878,1770,2522,1291,3283,63263,21317,3323,2478,15565,0,0,23,13
2021-03-11T23:59:59+01:00,0,2,1276,1466,2563,3590,2558,4409,3137,5904,3724,5472,2691,2522,6038,7662,4201,7355,0,2,299,302,819,1225,911,1761,1227,2678,1372,2290,948,858,1611,2287,1164,3093,45960,20356,3321,2478,15266,0,0,23,13
2021-03-10T23:59:59+01:00,0,2,1055,1250,2196,3230,2184,4016,2687,5463,2812,4505,1554,1317,4675,5939,3634,6587,0,2,289,292,801,1205,889,1725,1193,2604,1333,2224,921,839,1429,2096,1067,2917,34898,19444,3320,2369,14866,0,0,22,13
2021-03-09T23:59:59+01:00,0,2,1039,1220,2133,3093,2120,3901,2603,5329,2729,4379,1520,1286,4598,5864,3592,6528,0,2,285,285,787,1184,872,1699,1167,2563,1315,2196,906,827,1352,1972,995,2801,34484,18870,3317,2325,14113,0,0,22,13
2021-03-08T23:59:59+01:00,0,2,1018,1191,2075,2993,2080,3820,2543,5217,2674,4306,1482,1265,4452,5703,3491,6385,0,2,285,281,782,1176,870,1690,1159,2555,1307,2180,881,806,1181,1746,868,2630,33791,18065,3317,2321,13567,0,0,22,13
2021-03-07T23:59:59+01:00,0,2,1013,1172,2035,2947,2038,3779,2503,5152,2633,4269,1477,1262,4445,5695,3488,6385,0,2,285,281,782,1176,870,1690,1159,2555,1306,2180,878,806,1172,1737,859,2619,33756,18064,3311,2280,13206,0,0,22,13
2021-03-06T23:59:59+01:00,0,2,1012,1169,2024,2933,2026,3760,2487,5125,2616,4247,1464,1252,4411,5649,3474,6373,0,2,285,281,782,1176,870,1689,1159,2555,1306,2180,878,806,1172,1737,859,2618,33612,18063,3310,2279,13080,0,0,22,13
2021-03-05T23:59:59+01:00,0,2,1008,1163,2009,2913,1996,3737,2444,5071,2564,4209,1428,1224,4141,5323,3322,6152,0,2,284,278,775,1169,864,1681,1156,2546,1302,2170,864,802,1164,1728,858,2616,32866,17967,2976,2279,12842,0,0,22,13
2021-03-04T23:59:59+01:00,0,2,915,1014,1920,2787,1930,3600,2368,4916,2474,4049,1397,1202,3898,5061,3055,5798,0,2,284,276,772,1164,861,1672,1155,2531,1297,2161,832,786,1151,1718,851,2603,31604,17848,2972,2255,11788,0,0,22,13
2021-03-03T23:59:59+01:00,0,2,868,905,1853,2689,1859,3496,2298,4802,2400,3965,1384,1187,3788,4954,2832,5523,0,2,282,273,771,1152,858,1653,1148,2489,1287,2135,815,782,1143,1697,843,2595,30923,17814,2852,2098,11008,0,0,22,13
2021-03-02T23:59:59+01:00,0,2,824,828,1757,2566,1775,3372,2206,4678,2340,3887,1349,1165,3658,4819,2622,5172,0,2,282,272,770,1146,854,1650,1143,2484,1282,2125,813,780,1128,1676,832,2576,30185,17705,2662,2097,10151,0,0,22,13
2021-03-01T23:59:59+01:00,0,2,801,792,1657,2423,1703,3227,2107,4505,2260,3766,1331,1153,3607,4754,2578,5112,0,2,282,270,766,1142,849,1638,1138,2472,1277,2114,806,777,1123,1664,824,2569,29930,17603,2578,2097,9248,0,0,22,13
2021-02-28T23:59:59+01:00,0,2,795,769,1639,2355,1675,3155,2084,4406,2245,3699,1325,1147,3597,4738,2563,5101,0,2,281,269,766,1141,849,1633,1138,2470,1277,2109,802,775,1115,1651,820,2559,29821,17580,2575,2064,8878,0,0,21,13
2021-02-27T23:59:59+01:00,0,2,780,752,1618,2295,1658,3044,2065,4280,2224,3604,1322,1144,3597,4736,2561,5100,0,2,281,269,766,1141,849,1633,1138,2470,1277,2108,802,775,1105,1645,803,2545,29815,17579,2574,2017,8372,0,0,21,13
2021-02-26T23:59:59+01:00,0,2,652,671,1514,2182,1607,2887,2002,4044,2123,3368,1230,1074,2941,3939,2126,4507,0,2,281,268,765,1139,848,1632,1138,2468,1275,2105,801,771,1087,1632,793,2528,26993,17505,2574,2015,7281,0,0,21,13
2021-02-25T23:59:59+01:00,0,2,504,594,1397,2077,1539,2759,1942,3917,2023,3254,1179,1039,2708,3667,1959,4263,0,2,264,253,741,1118,806,1563,1088,2367,1200,2013,745,750,1054,1594,781,2500,25914,17414,2546,1412,6342,0,0,21,13
2021-02-24T23:59:59+01:00,0,2,474,564,1327,1967,1469,2616,1872,3767,1947,3104,1141,1010,2568,3532,1880,4142,0,2,235,241,716,1072,779,1501,1058,2304,1145,1962,718,727,1007,1564,768,2469,25270,17223,2534,1032,5557,0,0,21,13
2021-02-23T23:59:59+01:00,0,2,419,524,1245,1826,1394,2472,1796,3557,1879,2983,1115,975,2361,3302,1752,3949,0,2,230,235,701,1046,767,1462,1036,2257,1119,1920,709,716,998,1550,765,2465,24331,17130,2525,835,4674,0,0,21,13
2021-02-22T23:59:59+01:00,0,2,406,490,1145,1717,1291,2375,1687,3450,1798,2911,1093,962,2217,3128,1660,3850,0,2,220,226,677,994,736,1400,1010,2163,1076,1838,665,683,928,1470,726,2406,23739,16938,2522,269,3900,0,0,21,13
2021-02-21T23:59:59+01:00,0,2,389,474,1043,1685,1141,2351,1531,3428,1693,2893,1085,960,2216,3127,1660,3850,0,2,193,220,646,986,724,1392,996,2158,1070,1836,662,680,925,1464,718,2398,23708,16804,2522,254,3277,0,0,21,12
2021-02-20T23:59:59+01:00,0,2,388,472,1042,1685,1140,2351,1530,3426,1693,2891,1085,959,2215,3127,1659,3849,0,2,192,218,643,986,721,1391,990,2155,1068,1836,662,680,925,1464,718,2397,23702,16782,2521,254,3270,0,0,21,12
2021-02-19T23:59:59+01:00,0,2,383,462,1030,1681,1130,2341,1516,3407,1660,2876,1034,930,1839,2619,1357,3456,0,2,169,208,617,982,704,1383,973,2153,1062,1834,659,679,924,1464,717,2394,21937,16658,2521,254,3244,0,0,21,12
2021-02-18T23:59:59+01:00,0,2,361,441,991,1597,1092,2255,1461,3290,1619,2784,1005,906,1662,2373,1223,3245,0,2,149,197,578,971,684,1370,939,2136,1036,1812,648,660,903,1436,703,2373,20937,16331,2521,254,2828,0,0,21,12
2021-02-17T23:59:59+01:00,0,2,338,389,908,1454,983,2058,1328,3035,1508,2564,967,876,1470,2159,1122,3064,0,2,143,190,566,940,659,1316,907,2057,989,1735,613,628,896,1409,697,2353,19855,15834,2521,254,1830,0,0,19,12
2021-02-16T23:59:59+01:00,0,2,332,349,865,1315,932,1873,1267,2815,1441,2403,956,859,1409,2062,1054,2964,0,2,137,177,552,899,644,1262,880,1992,959,1693,603,618,872,1375,683,2288,19483,15505,2520,119,876,0,0,19,12
2021-02-15T23:59:59+01:00,0,2,317,307,836,1284,915,1817,1227,2731,1402,2347,926,826,1230,1832,923,2786,0,2,129,169,531,873,627,1200,854,1919,936,1616,582,581,854,1338,674,2243,18565,15037,2519,79,608,0,0,16,12
2021-02-14T23:59:59+01:00,0,2,317,307,835,1284,914,1816,1226,2731,1402,2347,926,825,1230,1832,923,2785,0,2,128,169,530,865,623,1194,848,1913,932,1613,581,580,851,1337,672,2239,18563,14987,2519,78,605,0,0,15,12
2021-02-13T23:59:59+01:00,0,2,317,307,835,1284,914,1813,1226,2729,1402,2345,926,825,1230,1831,921,2785,0,2,128,169,530,865,623,1194,845,1910,930,1609,578,580,836,1316,660,2222,18556,14984,2516,1,605,0,0,15,12
2021-02-12T23:59:59+01:00,0,2,311,306,826,1279,910,1784,1220,2702,1374,2315,924,823,1229,1828,921,2785,0,2,128,169,528,863,622,1187,839,1898,924,1596,575,578,822,1305,654,2209,18548,14886,2516,1,460,0,0,15,12
2021-02-11T23:59:59+01:00,0,2,293,297,811,1244,904,1749,1203,2637,1351,2260,890,809,1218,1817,920,2775,0,2,125,155,510,824,600,1122,805,1798,902,1537,562,564,795,1270,639,2176,18436,14374,2515,0,214,0,0,15,12
2021-02-10T23:59:59+01:00,0,2,289,288,792,1205,891,1720,1191,2592,1336,2218,885,807,1203,1800,915,2757,0,2,121,145,443,738,554,1029,727,1672,844,1450,547,547,778,1247,626,2146,18409,13616,2410,0,58,0,0,14,0
2021-02-09T23:59:59+01:00,0,2,289,285,786,1190,879,1703,1176,2572,1321,2194,870,801,1189,1781,903,2737,0,2,105,126,386,649,500,894,646,1464,755,1257,492,467,658,1076,545,1878,18298,11900,2363,0,3,0,0,14,0
2021-02-08T23:59:59+01:00,0,2,289,284,784,1185,875,1696,1173,2568,1314,2186,864,798,1173,1757,885,2712,0,2,94,102,339,553,448,790,556,1253,647,1090,415,391,569,878,440,1545,18170,10112,2360,0,1,0,0,14,0
2021-02-07T23:59:59+01:00,0,2,288,283,783,1184,874,1696,1173,2567,1314,2183,858,796,1172,1754,883,2710,0,2,91,101,337,548,446,786,554,1243,643,1084,409,385,548,855,434,1530,18146,9996,2360,0,0,0,0,14,0
2021-02-06T23:59:59+01:00,0,2,288,282,782,1183,874,1695,1173,2567,1314,2182,857,796,1170,1748,881,2708,0,2,91,100,337,544,445,785,553,1239,641,1083,406,380,499,786,403,1484,18130,9778,2358,0,0,0,0,14,0
2021-02-05T23:59:59+01:00,0,2,288,281,782,1182,873,1694,1172,2566,1313,2177,850,790,1146,1737,874,2692,0,1,85,97,329,538,429,766,528,1203,612,1040,383,351,474,758,382,1437,18047,9413,2358,0,0,0,0,14,0
2021-02-04T23:59:59+01:00,0,2,285,273,778,1161,861,1672,1157,2538,1299,2153,827,776,1117,1706,867,2673,0,0,71,78,260,415,334,595,410,973,500,837,311,288,366,613,315,1214,17797,7580,2334,0,0,0,0,14,0
2021-02-03T23:59:59+01:00,0,2,284,268,775,1138,859,1645,1150,2487,1287,2122,807,762,1101,1684,855,2660,0,0,57,57,172,285,259,443,290,722,372,597,214,206,261,453,226,909,17698,5523,2174,0,0,0,0,14,0
2021-02-02T23:59:59+01:00,0,2,283,262,771,1129,853,1623,1142,2461,1275,2105,800,755,1093,1673,853,2652,0,0,37,35,94,145,150,256,177,452,240,377,140,136,179,276,159,586,17545,3439,2173,0,0,0,0,14,0
2021-02-01T23:59:59+01:00,0,2,281,258,766,1110,845,1604,1137,2432,1271,2070,790,742,1087,1662,848,2636,0,0,13,12,17,31,27,66,48,91,76,105,54,48,66,83,47,198,17354,982,2173,0,0,0,0,14,0
2021-01-31T23:59:59+01:00,0,2,275,256,750,1108,836,1593,1126,2421,1260,2062,784,736,1077,1644,841,2622,0,0,12,12,16,29,25,63,42,86,68,97,51,48,61,76,44,185,17317,915,2063,0,0,0,0,13,0
2021-01-30T23:59:59+01:00,0,2,275,256,750,1107,835,1593,1126,2421,1260,2062,783,736,1067,1637,824,2607,0,0,12,10,15,29,25,63,42,86,67,95,50,47,60,76,44,184,17312,905,2016,0,0,0,0,13,0
2021-01-29T23:59:59+01:00,0,2,273,256,750,1106,835,1593,1126,2421,1260,2061,782,735,1066,1635,824,2605,0,0,10,5,13,27,25,61,41,85,66,95,49,46,60,76,44,184,17303,887,2014,0,0,0,0,13,0
2021-01-28T23:59:59+01:00,0,2,269,252,737,1080,800,1537,1089,2360,1184,2001,741,721,1038,1615,808,2585,0,0,5,0,4,9,10,25,20,37,21,45,21,22,26,49,17,108,17119,419,1687,0,0,0,0,13,0
2021-01-27T23:59:59+01:00,0,2,263,245,714,1048,754,1481,1030,2279,1111,1921,706,694,1024,1592,805,2577,0,0,4,0,4,6,7,21,15,23,14,32,6,9,11,12,5,30,16670,199,1563,0,0,0,0,13,0
2021-01-26T23:59:59+01:00,0,2,239,236,699,1023,746,1433,1010,2205,1084,1856,694,680,1000,1576,795,2558,0,0,4,0,2,6,6,10,13,12,7,11,3,5,7,8,2,17,16620,113,1203,0,0,0,0,13,0
2021-01-25T23:59:59+01:00,0,2,208,221,646,951,694,1311,967,2059,1026,1721,647,624,922,1479,748,2482,0,0,4,0,2,6,6,10,13,12,7,11,3,5,7,8,2,17,16392,113,303,0,0,0,0,13,0
2021-01-24T23:59:59+01:00,0,2,191,215,620,939,676,1296,949,2042,1010,1711,640,618,911,1460,739,2469,0,0,3,0,2,5,6,10,12,12,6,11,3,5,7,8,2,17,16216,109,259,0,0,0,0,13,0
2021-01-23T23:59:59+01:00,0,2,191,215,620,939,676,1296,949,2042,1010,1711,640,618,911,1460,739,2469,0,0,3,0,2,4,6,10,10,12,6,11,3,5,7,8,2,17,16216,106,259,0,0,0,0,13,0
2021-01-22T23:59:59+01:00,0,2,144,197,562,929,658,1281,915,2032,998,1700,635,617,910,1460,739,2469,0,0,3,0,1,4,6,10,10,12,6,11,3,5,7,8,2,17,15976,105,259,0,0,0,0,13,0
2021-01-21T23:59:59+01:00,0,2,139,189,547,908,638,1240,882,1978,977,1653,623,596,898,1429,732,2450,0,0,3,0,0,4,5,10,9,12,6,11,3,5,7,8,2,16,15609,101,259,0,0,0,0,13,0
2021-01-20T23:59:59+01:00,0,2,133,172,500,843,615,1162,819,1868,940,1581,603,578,881,1406,722,2420,0,0,3,0,0,4,5,10,9,12,6,11,3,5,7,8,2,16,14975,101,257,0,0,0,0,13,0
2021-01-19T23:59:59+01:00,0,2,123,154,429,757,552,1033,735,1679,840,1422,556,528,782,1250,640,2164,0,0,3,0,0,4,5,8,9,12,6,11,3,5,7,8,2,16,13443,99,190,0,0,0,0,13,0
2021-01-18T23:59:59+01:00,0,2,105,120,360,606,461,861,604,1419,714,1213,486,462,693,1087,561,1873,0,0,1,0,0,1,1,0,0,0,0,1,0,0,0,1,0,0,11533,5,81,0,0,0,0,13,0
2021-01-17T23:59:59+01:00,0,2,100,118,356,601,460,855,602,1400,707,1203,480,452,666,1056,541,1826,0,0,1,0,0,1,0,0,0,0,0,1,0,0,0,1,0,0,11332,4,80,0,0,0,0,13,0
2021-01-16T23:59:59+01:00,0,2,100,115,354,592,457,850,590,1387,696,1191,465,438,569,931,479,1727,0,0,0,0,0,1,0,0,0,0,0,0,0,0,0,0,0,0,10927,1,3,0,0,0,0,13,0
2021-01-15T23:59:59+01:00,0,2,98,113,349,590,451,845,584,1379,679,1175,449,420,560,919,468,1703,0,0,0,0,0,0,0,0,0,0,0,0,0,0,0,0,0,0,10770,0,1,0,0,0,0,13,0
2021-01-14T23:59:59+01:00,0,0,80,90,294,488,372,680,466,1125,560,995,368,338,441,753,384,1447,0,0,0,0,0,0,0,0,0,0,0,0,0,0,0,0,0,0,8868,0,0,0,0,0,0,13,0
2021-01-13T23:59:59+01:00,0,0,66,67,209,371,296,509,353,843,430,713,259,239,325,566,295,1109,0,0,0,0,0,0,0,0,0,0,0,0,0,0,0,0,0,0,6638,0,0,0,0,0,0,12,0
2021-01-12T23:59:59+01:00,0,0,44,45,130,220,183,315,213,536,287,445,166,155,213,372,203,745,0,0,0,0,0,0,0,0,0,0,0,0,0,0,0,0,0,0,4272,0,0,0,0,0,0,0,0
2021-01-11T23:59:59+01:00,0,0,14,14,45,61,42,95,61,123,99,132,69,61,94,115,58,254,0,0,0,0,0,0,0,0,0,0,0,0,0,0,0,0,0,0,1337,0,0,0,0,0,0,0,0
2021-01-10T23:59:59+01:00,0,0,13,14,32,49,35,77,52,114,84,122,62,57,86,105,55,239,0,0,0,0,0,0,0,0,0,0,0,0,0,0,0,0,0,0,1196,0,0,0,0,0,0,0,0
2021-01-09T23:59:59+01:00,0,0,13,13,28,48,35,76,51,113,82,119,61,56,85,104,53,238,0,0,0,0,0,0,0,0,0,0,0,0,0,0,0,0,0,0,1175,0,0,0,0,0,0,0,0
2021-01-08T23:59:59+01:00,0,0,9,5,28,43,33,73,49,110,81,118,58,52,79,99,49,238,0,0,0,0,0,0,0,0,0,0,0,0,0,0,0,0,0,0,1124,0,0,0,0,0,0,0,0
2021-01-07T23:59:59+01:00,0,0,6,1,10,22,16,39,28,77,35,77,32,27,52,82,33,181,0,0,0,0,0,0,0,0,0,0,0,0,0,0,0,0,0,0,718,0,0,0,0,0,0,0,0
2021-01-06T23:59:59+01:00,0,0,6,0,5,11,11,31,25,43,21,48,26,24,38,56,23,130,0,0,0,0,0,0,0,0,0,0,0,0,0,0,0,0,0,0,498,0,0,0,0,0,0,0,0
2021-01-05T23:59:59+01:00,0,0,5,0,5,10,11,31,25,43,21,48,26,24,38,55,23,130,0,0,0,0,0,0,0,0,0,0,0,0,0,0,0,0,0,0,495,0,0,0,0,0,0,0,0
2021-01-04T23:59:59+01:00,0,0,4,0,2,5,5,11,14,12,6,12,3,5,7,9,2,18,0,0,0,0,0,0,0,0,0,0,0,0,0,0,0,0,0,0,115,0,0,0,0,0,0,0,0
2021-01-03T23:59:59+01:00,0,0,3,0,2,5,5,10,13,12,6,12,3,5,7,9,2,17,0,0,0,0,0,0,0,0,0,0,0,0,0,0,0,0,0,0,111,0,0,0,0,0,0,0,0
2021-01-02T23:59:59+01:00,0,0,3,0,2,5,5,10,11,12,6,12,3,5,7,9,2,17,0,0,0,0,0,0,0,0,0,0,0,0,0,0,0,0,0,0,109,0,0,0,0,0,0,0,0
2021-01-01T23:59:59+01:00,0,0,3,0,1,4,5,10,11,12,6,12,3,5,7,8,2,17,0,0,0,0,0,0,0,0,0,0,0,0,0,0,0,0,0,0,106,0,0,0,0,0,0,0,0
2020-12-31T23:59:59+01:00,0,0,3,0,0,4,5,10,9,12,6,12,3,5,7,8,2,17,0,0,0,0,0,0,0,0,0,0,0,0,0,0,0,0,0,0,103,0,0,0,0,0,0,0,0
2020-12-30T23:59:59+01:00,0,0,3,0,0,4,5,10,9,12,6,12,3,5,7,8,2,17,0,0,0,0,0,0,0,0,0,0,0,0,0,0,0,0,0,0,103,0,0,0,0,0,0,0,0
2020-12-29T23:59:59+01:00,0,0,3,0,0,3,5,8,9,12,6,12,3,5,7,8,2,17,0,0,0,0,0,0,0,0,0,0,0,0,0,0,0,0,0,0,100,0,0,0,0,0,0,0,0
2020-12-28T23:59:59+01:00,0,0,3,0,0,3,5,8,9,12,5,12,3,5,7,8,2,17,0,0,0,0,0,0,0,0,0,0,0,0,0,0,0,0,0,0,99,0,0,0,0,0,0,0,0
2020-12-27T23:59:59+01:00,0,0,1,0,0,0,0,0,0,0,0,1,0,0,2,4,0,8,0,0,0,0,0,0,0,0,0,0,0,0,0,0,0,0,0,0,16,0,0,0,0,0,0,0,0
