Datum,<15_m,<15_w,15-24_1_m,15-24_1_w,25-34_1_m,25-34_1_w,35-44_1_m,35-44_1_w,45-54_1_m,45-54_1_w,55-64_1_m,55-64_1_w,65-74_1_m,65-74_1_w,75-84_1_m,75-84_1_w,>84_1_m,>84_1_w,<24_2_m,<24_2_w,25-34_2_m,25-34_2_w,35-44_2_m,35-44_2_w,45-54_2_m,45-54_2_w,55-64_2_m,55-64_2_w,65-74_2_m,65-74_2_w,75-84_2_m,75-84_2_w,>84_2_m,>84_2_w,bp_1,bp_2,mo_1,mo_2,az_1,az_2,ja,unb_1,unb_2
2021-09-27T23:59:59+02:00,3650,3320,24955,23979,34123,31550,34165,34183,39670,40000,43101,43256,28189,31412,19939,25038,6067,10251,22165,21196,31695,28762,32201,31771,37516,37535,41005,41169,27114,30207,19237,24034,5819,9745,333339,310600,45336,43564,77502,71193,20617,59,31
2021-09-26T23:59:59+02:00,3537,3234,24899,23946,34112,31542,34157,34180,39664,39994,43095,43250,28188,31410,19937,25037,6066,10250,22149,21179,31691,28755,32196,31767,37508,37528,41000,41164,27111,30203,19234,24032,5818,9744,332994,310497,45336,43563,77502,71192,20612,59,31
2021-09-25T23:59:59+02:00,3536,3234,24898,23946,34111,31542,34157,34180,39663,39993,43094,43250,28188,31409,19935,25031,6065,10248,22147,21176,31691,28755,32195,31766,37505,37526,41000,41164,27111,30202,19234,24032,5818,9744,332976,310483,45336,43563,77502,71192,20612,59,31
2021-09-24T23:59:59+02:00,3512,3202,24819,23869,34007,31465,34094,34120,39607,39946,43059,43225,28174,31398,19923,25016,6063,10243,22063,21091,31599,28698,32152,31731,37450,37487,40980,41142,27098,30191,19231,24029,5817,9744,332447,310044,45304,43550,77501,71191,20436,59,31
2021-09-23T23:59:59+02:00,3346,3051,24683,23722,33918,31374,34018,34063,39548,39894,43002,43181,28157,31384,19915,25005,6061,10241,21951,20990,31534,28621,32103,31675,37414,37453,40945,41108,27084,30173,19224,24013,5816,9741,331419,309436,45275,43530,77501,71189,20314,59,31
2021-09-22T23:59:59+02:00,3324,3028,24647,23669,33888,31341,33995,34024,39520,39879,42980,43157,28148,31375,19910,24993,6061,10236,21922,20961,31500,28582,32084,31648,37392,37438,40922,41097,27074,30167,19221,24009,5816,9740,331076,309176,45266,43526,77499,71188,20280,59,31
2021-09-21T23:59:59+02:00,3200,2895,24458,23519,33759,31244,33932,33941,39453,39832,42958,43115,28129,31354,19901,24983,6052,10223,21789,20823,31396,28478,32007,31571,37338,37389,40889,41063,27063,30155,19213,23994,5813,9735,330043,308408,45227,43499,77499,71187,20125,59,31
2021-09-20T23:59:59+02:00,3175,2874,24412,23473,33714,31203,33903,33908,39423,39801,42934,43090,28124,31345,19897,24977,6052,10219,21754,20786,31353,28432,31987,31536,37308,37370,40875,41054,27053,30148,19203,23988,5811,9728,329684,308115,45210,43492,77499,71187,20077,59,30
2021-09-19T23:59:59+02:00,3170,2872,24402,23467,33706,31196,33896,33900,39418,39786,42924,43089,28123,31344,19897,24975,6052,10219,21747,20781,31349,28424,31984,31535,37300,37362,40867,41053,27053,30148,19202,23987,5811,9728,329605,308061,45210,43491,77498,71187,20069,59,30
2021-09-18T23:59:59+02:00,3170,2872,24402,23467,33706,31196,33896,33900,39418,39786,42924,43089,28123,31344,19897,24975,6052,10219,21747,20781,31349,28422,31981,31535,37300,37362,40867,41053,27053,30148,19202,23986,5811,9728,329605,308056,45210,43490,77498,71187,20069,59,30
2021-09-17T23:59:59+02:00,3144,2834,24299,23358,33606,31098,33822,33833,39349,39733,42889,43062,28109,31336,19895,24969,6050,10217,21669,20708,31284,28360,31921,31490,37261,37329,40848,41039,27045,30133,19200,23979,5811,9727,328964,307615,45169,43470,77497,71187,19919,58,30
2021-09-16T23:59:59+02:00,3093,2786,24189,23228,33512,30995,33758,33732,39303,39673,42838,43013,28084,31316,19879,24958,6047,10210,21568,20613,31207,28292,31856,31429,37238,37275,40818,41002,27034,30113,19193,23971,5809,9726,328161,307037,45131,43462,77497,71181,19771,58,30
2021-09-15T23:59:59+02:00,3069,2773,24148,23179,33481,30951,33744,33701,39273,39645,42820,42995,28074,31305,19873,24952,6046,10208,21531,20570,31175,28246,31832,31406,37206,37241,40794,40976,27020,30104,19186,23963,5808,9722,327830,306679,45117,43461,77496,71179,19740,58,30
2021-09-14T23:59:59+02:00,3031,2741,24047,23038,33344,30812,33663,33617,39216,39595,42769,42945,28056,31288,19864,24944,6042,10203,21446,20487,31085,28159,31768,31346,37158,37198,40750,40950,27010,30084,19177,23955,5806,9719,327041,306162,45083,43453,77495,71175,19542,58,30
2021-09-13T23:59:59+02:00,3013,2721,23996,22987,33301,30755,33632,33566,39190,39565,42738,42921,28050,31275,19859,24943,6041,10200,21395,20443,31045,28110,31740,31314,37134,37178,40736,40928,27004,30078,19173,23951,5805,9718,326667,305870,45066,43440,77495,71174,19471,58,30
2021-09-12T23:59:59+02:00,3009,2714,23991,22979,33297,30752,33622,33560,39185,39562,42735,42919,28048,31273,19858,24942,6041,10199,21380,20435,31036,28093,31721,31306,37128,37171,40730,40922,26999,30077,19171,23948,5805,9716,326602,305752,45066,43440,77494,71173,19470,58,30
2021-09-11T23:59:59+02:00,3007,2713,23989,22977,33295,30750,33620,33559,39185,39560,42734,42919,28045,31271,19858,24942,6041,10199,21375,20434,31035,28090,31721,31306,37128,37170,40729,40921,26997,30077,19171,23948,5805,9716,326581,305735,45066,43440,77494,71173,19469,58,30
2021-09-10T23:59:59+02:00,2965,2669,23856,22850,33173,30637,33519,33483,39111,39477,42687,42879,28029,31254,19853,24934,6040,10197,21259,20334,30928,28000,31631,31251,37064,37129,40683,40888,26989,30067,19165,23938,5803,9715,325848,305201,45047,43422,77494,71172,19170,58,30
2021-09-09T23:59:59+02:00,2917,2630,23682,22701,33070,30511,33425,33383,39041,39409,42647,42832,28002,31236,19844,24928,6038,10195,21140,20202,30832,27904,31554,31157,37000,37075,40634,40840,26965,30051,19156,23929,5799,9712,324990,304453,45023,43402,77491,71169,18940,51,29
2021-09-08T23:59:59+02:00,2896,2600,23644,22652,33039,30471,33409,33356,39021,39389,42632,42817,27996,31227,19841,24923,6037,10195,21107,20170,30801,27886,31538,31133,36983,37052,40624,40827,26958,30044,19150,23924,5798,9711,324681,304222,45017,43398,77491,71168,18909,51,29
2021-09-07T23:59:59+02:00,2843,2546,23493,22510,32922,30365,33333,33270,38966,39327,42589,42783,27979,31210,19838,24918,6036,10192,20971,20035,30686,27802,31460,31068,36935,37001,40585,40798,26941,30018,19144,23913,5797,9709,323939,303570,44994,43377,77490,71162,18649,51,29
2021-09-06T23:59:59+02:00,2820,2532,23462,22466,32891,30332,33312,33250,38946,39314,42573,42768,27976,31206,19836,24916,6035,10189,20930,19992,30656,27775,31439,31042,36916,36983,40571,40786,26933,30010,19142,23904,5794,9707,323676,303270,44978,43369,77489,71161,18633,51,29
2021-09-05T23:59:59+02:00,2808,2529,23454,22460,32890,30327,33310,33245,38943,39311,42569,42762,27974,31202,19834,24915,6034,10188,20917,19984,30647,27769,31436,31038,36913,36981,40566,40783,26928,30008,19140,23900,5793,9707,323609,303195,44977,43369,77489,71160,18632,51,29
2021-09-04T23:59:59+02:00,2808,2529,23451,22459,32889,30327,33310,33243,38942,39310,42568,42761,27974,31202,19834,24915,6034,10188,20915,19984,30647,27768,31435,31036,36912,36981,40565,40783,26928,30008,19140,23900,5793,9707,323603,303187,44977,43369,77489,71160,18627,51,29
2021-09-03T23:59:59+02:00,2785,2495,23377,22385,32821,30258,33271,33200,38898,39282,42538,42749,27966,31189,19833,24913,6032,10187,20866,19926,30600,27729,31402,31001,36884,36956,40536,40771,26920,30000,19138,23898,5792,9707,323122,302845,44949,43361,77485,71152,18575,51,29
2021-09-02T23:59:59+02:00,2755,2463,23271,22289,32765,30170,33216,33145,38860,39248,42500,42717,27946,31178,19829,24899,6030,10184,20791,19866,30546,27669,31365,30972,36845,36919,40506,40742,26910,29988,19135,23887,5792,9707,322532,302429,44918,43345,77483,71147,18484,51,29
2021-09-01T23:59:59+02:00,2734,2449,23249,22253,32737,30139,33196,33117,38834,39227,42487,42702,27937,31170,19824,24897,6030,10184,20750,19825,30518,27643,31344,30950,36826,36903,40489,40726,26901,29979,19134,23881,5792,9707,322282,302169,44907,43341,77482,71146,18447,51,29
2021-08-31T23:59:59+02:00,2689,2407,23130,22148,32658,30040,33143,33058,38788,39186,42461,42677,27926,31164,19818,24893,6029,10180,20663,19732,30446,27585,31297,30906,36786,36871,40461,40702,26892,29968,19128,23876,5792,9705,321710,301755,44876,43326,77481,71140,18280,51,29
2021-08-30T23:59:59+02:00,2667,2383,23078,22104,32617,29999,33120,33021,38759,39168,42441,42659,27921,31158,19811,24885,6028,10176,20538,19632,30352,27492,31240,30856,36753,36843,40441,40668,26877,29955,19127,23867,5792,9703,321375,301058,44861,43318,77481,71135,18230,51,29
2021-08-29T23:59:59+02:00,2636,2353,22995,22041,32557,29944,33076,32992,38713,39132,42411,42638,27912,31151,19808,24880,6028,10175,20433,19565,30285,27444,31203,30823,36712,36813,40416,40649,26864,29944,19126,23862,5792,9703,320930,300628,44845,43295,77479,71125,18140,51,29
2021-08-28T23:59:59+02:00,2630,2351,22995,22041,32555,29944,33074,32992,38710,39131,42410,42638,27911,31151,19808,24880,6028,10175,20432,19564,30281,27443,31203,30820,36709,36811,40416,40649,26864,29944,19126,23862,5792,9703,320917,300616,44844,43294,77479,71125,18136,51,29
2021-08-27T23:59:59+02:00,2630,2351,22990,22037,32551,29944,33073,32990,38708,39129,42406,42638,27910,31151,19808,24880,6027,10175,20427,19562,30269,27441,31202,30818,36707,36810,40414,40649,26864,29944,19126,23861,5792,9703,320903,300599,44844,43294,77479,71122,18124,51,29
2021-08-26T23:59:59+02:00,2548,2267,22808,21832,32426,29805,32957,32886,38621,39040,42341,42570,27885,31118,19795,24862,6026,10169,20155,19294,30127,27275,31062,30695,36599,36715,40332,40575,26822,29903,19107,23837,5786,9702,319704,299089,44824,43271,77478,71106,17902,51,29
2021-08-25T23:59:59+02:00,2542,2259,22788,21806,32415,29785,32943,32871,38609,39026,42331,42564,27880,31116,19788,24856,6023,10167,20107,19253,30088,27245,31041,30659,36573,36683,40313,40559,26809,29890,19104,23829,5785,9701,319519,298726,44824,43270,77478,71105,17900,51,29
2021-08-24T23:59:59+02:00,2524,2248,22750,21764,32388,29741,32924,32838,38600,39006,42312,42550,27874,31105,19783,24848,6022,10166,20069,19211,30055,27204,31020,30623,36559,36662,40293,40542,26803,29880,19100,23826,5785,9697,319233,298438,44814,43264,77478,71100,17870,51,29
2021-08-23T23:59:59+02:00,2504,2216,22679,21693,32324,29684,32888,32807,38559,38975,42281,42537,27858,31096,19780,24837,6022,10164,19947,19088,29938,27126,30956,30575,36510,36619,40252,40513,26791,29867,19094,23816,5785,9691,318796,297709,44803,43239,77475,71095,17782,51,29
2021-08-22T23:59:59+02:00,2495,2207,22643,21660,32305,29666,32871,32799,38543,38959,42276,42528,27854,31091,19775,24837,6022,10163,19908,19051,29903,27093,30925,30539,36489,36603,40233,40491,26783,29863,19091,23813,5785,9689,318627,297422,44796,43236,77474,71086,17749,51,29
2021-08-21T23:59:59+02:00,2476,2194,22588,21611,32266,29629,32847,32775,38529,38937,42259,42518,27847,31083,19773,24834,6022,10162,19806,18954,29832,27037,30891,30496,36455,36561,40209,40470,26772,29854,19086,23809,5783,9689,318384,296920,44783,43221,77472,71080,17663,51,29
2021-08-20T23:59:59+02:00,2438,2154,22500,21508,32191,29547,32785,32729,38481,38897,42216,42490,27840,31069,19769,24819,6021,10158,19635,18829,29706,26933,30815,30437,36396,36517,40163,40433,26757,29835,19077,23800,5782,9685,317809,296109,44759,43199,77469,71062,17527,51,29
2021-08-19T23:59:59+02:00,2350,2086,22339,21373,32059,29426,32696,32646,38380,38819,42145,42436,27814,31036,19762,24807,6016,10149,19376,18623,29501,26784,30699,30328,36277,36422,40061,40347,26730,29805,19066,23784,5778,9680,316878,294842,44739,43169,77469,71036,17205,51,29
2021-08-18T23:59:59+02:00,2341,2077,22313,21351,32037,29405,32675,32624,38352,38801,42132,42420,27799,31026,19756,24802,6016,10147,19322,18564,29462,26750,30675,30297,36249,36401,40037,40315,26713,29794,19062,23772,5773,9676,316620,294411,44739,43169,77469,71034,17198,51,29
2021-08-17T23:59:59+02:00,2324,2061,22286,21323,32019,29376,32650,32600,38340,38789,42108,42401,27794,31014,19751,24797,6016,10147,19279,18511,29429,26709,30631,30270,36221,36366,40009,40291,26691,29779,19055,23755,5769,9672,316379,294006,44739,43166,77469,71030,17161,51,29
2021-08-16T23:59:59+02:00,2288,2044,22220,21279,31979,29330,32626,32578,38316,38769,42076,42384,27785,31007,19749,24787,6016,10146,19072,18367,29287,26594,30553,30182,36174,36313,39971,40249,26671,29763,19048,23736,5763,9670,316032,293009,44739,43160,77467,71029,17093,51,29
2021-08-15T23:59:59+02:00,2261,2021,22165,21222,31935,29290,32602,32545,38288,38750,42057,42371,27778,31002,19743,24780,6015,10146,18955,18250,29130,26464,30472,30099,36106,36262,39914,40193,26652,29739,19038,23727,5760,9669,315701,292081,44731,43143,77466,71021,17025,51,29
2021-08-14T23:59:59+02:00,2255,2018,22139,21206,31923,29273,32598,32539,38280,38745,42051,42368,27777,31001,19742,24779,6015,10145,18842,18157,29069,26399,30437,30052,36082,36231,39893,40178,26644,29733,19035,23726,5759,9666,315611,291543,44728,43124,77466,71017,17001,51,29
2021-08-13T23:59:59+02:00,2238,2007,22094,21170,31886,29249,32562,32511,38264,38731,42041,42358,27775,30997,19739,24776,6014,10145,18587,17897,28889,26241,30321,29958,36029,36162,39848,40142,26628,29721,19030,23717,5756,9662,315380,290174,44723,43108,77464,71007,16942,51,29
2021-08-12T23:59:59+02:00,2200,1970,22008,21077,31815,29174,32509,32461,38216,38689,42004,42324,27758,30978,19732,24766,6012,10145,18281,17582,28633,26016,30177,29831,35934,36069,39772,40074,26592,29675,19010,23695,5754,9659,314813,288425,44711,43054,77461,70960,16805,51,29
2021-08-11T23:59:59+02:00,2198,1965,21988,21060,31798,29152,32494,32445,38208,38680,41993,42308,27750,30975,19729,24762,6011,10141,18226,17525,28596,25970,30128,29794,35913,36032,39735,40041,26580,29649,19003,23685,5754,9657,314634,287946,44711,43051,77461,70957,16803,51,29
2021-08-10T23:59:59+02:00,2189,1944,21960,21023,31763,29130,32479,32425,38181,38653,41975,42301,27744,30967,19728,24759,6010,10137,17704,17072,28423,25813,30032,29703,35744,35909,39685,39999,26556,29626,18996,23669,5750,9656,314387,286240,44706,43022,77459,70707,16768,51,29
2021-08-09T23:59:59+02:00,2165,1930,21908,20973,31707,29085,32446,32396,38156,38632,41962,42277,27733,30958,19727,24750,6009,10135,17231,16612,28286,25708,29977,29649,35698,35863,39651,39964,26547,29612,18991,23663,5750,9654,314017,284752,44701,43003,77458,70694,16725,51,29
2021-08-08T23:59:59+02:00,2150,1913,21854,20929,31662,29050,32412,32371,38132,38624,41942,42257,27726,30954,19721,24746,6009,10132,16887,16266,28173,25626,29920,29576,35650,35825,39630,39938,26535,29599,18982,23654,5748,9649,313708,283509,44700,42982,77457,70687,16671,51,29
2021-08-07T23:59:59+02:00,2106,1870,21721,20847,31579,28983,32338,32310,38076,38572,41909,42229,27717,30927,19716,24737,6007,10130,16377,15812,27872,25343,29690,29391,35472,35668,39490,39828,26478,29535,18963,23625,5745,9645,313083,280871,44668,42860,77451,70598,16524,51,29
2021-08-06T23:59:59+02:00,2096,1860,21671,20810,31538,28950,32303,32291,38050,38552,41897,42213,27712,30918,19712,24737,6007,10130,15349,14831,26724,24449,29398,29159,35223,35470,39175,39587,26435,29489,18953,23615,5744,9642,312852,275873,44664,42838,77451,69794,16432,51,28
2021-08-05T23:59:59+02:00,2057,1831,21563,20724,31480,28873,32244,32235,37992,38501,41852,42176,27695,30899,19703,24724,6005,10127,14459,14084,25703,23671,28685,28645,34693,35036,38858,39341,26368,29409,18921,23581,5741,9632,312301,270996,44641,42786,77450,68293,16241,51,28
2021-08-04T23:59:59+02:00,2036,1812,21490,20671,31433,28802,32212,32193,37956,38477,41817,42148,27683,30883,19698,24711,6003,10123,14087,13743,25298,23364,28472,28422,34550,34910,38761,39248,26329,29364,18899,23558,5736,9627,311843,268552,44635,42758,77450,68251,16172,51,28
2021-08-03T23:59:59+02:00,2027,1796,21463,20645,31416,28787,32199,32183,37946,38463,41801,42136,27673,30877,19694,24704,6002,10121,14003,13652,25220,23288,28404,28365,34502,34863,38710,39208,26303,29337,18887,23546,5733,9621,311637,267823,44631,42757,77449,68225,16168,51,28
2021-08-02T23:59:59+02:00,2017,1775,21418,20609,31373,28766,32171,32152,37920,38448,41788,42121,27664,30865,19694,24696,6001,10117,13799,13443,24512,22738,28123,28144,34352,34751,38630,39145,26276,29305,18879,23542,5733,9619,311353,265403,44628,42743,77449,67999,16117,51,28
2021-08-01T23:59:59+02:00,1997,1759,21367,20561,31321,28726,32145,32132,37901,38429,41766,42104,27658,30858,19691,24688,6001,10117,13628,13284,24211,22484,27883,27926,34260,34642,38560,39073,26260,29286,18873,23536,5733,9617,311051,263701,44622,42731,77448,67976,16052,51,28
2021-07-31T23:59:59+02:00,1972,1729,21286,20484,31254,28690,32090,32094,37864,38401,41743,42083,27654,30850,19686,24684,6001,10117,12682,12257,23690,22041,27537,27572,33950,34346,38128,38730,26189,29201,18847,23492,5728,9611,310638,258663,44610,42696,77446,67403,15939,51,28
2021-07-30T23:59:59+02:00,1947,1710,21265,20462,31223,28671,32075,32076,37858,38394,41735,42075,27649,30847,19685,24684,6000,10117,12595,12181,23359,21752,27254,27359,33731,34183,37967,38596,26165,29183,18845,23484,5728,9609,310457,257230,44609,42688,77446,66846,15912,51,28
2021-07-29T23:59:59+02:00,1878,1641,21032,20225,31084,28525,31973,31966,37765,38305,41642,42015,27621,30822,19672,24665,5993,10109,11965,11647,22227,20910,26213,26522,32747,33491,37583,38306,26083,29082,18816,23437,5722,9600,309253,251614,44582,42597,77438,65088,15611,51,28
2021-07-28T23:59:59+02:00,1858,1626,20992,20176,31064,28496,31958,31944,37744,38286,41619,41994,27610,30810,19667,24655,5993,10107,11687,11345,21816,20526,25777,26092,32583,33337,37472,38215,26046,29031,18797,23414,5721,9595,308939,248687,44581,42597,77426,65028,15605,50,28
2021-07-27T23:59:59+02:00,1848,1620,20951,20134,31040,28463,31924,31928,37723,38252,41595,41980,27603,30803,19666,24650,5993,10104,11438,11131,21615,20336,25636,25971,32471,33231,37383,38131,26015,28992,18787,23402,5718,9591,308700,247211,44581,42562,77425,64953,15523,50,27
2021-07-26T23:59:59+02:00,1822,1585,20825,20010,30934,28364,31865,31864,37668,38184,41553,41948,27578,30785,19655,24636,5987,10101,11144,10804,21108,19893,25389,25762,32309,33079,37251,38043,25980,28958,18774,23379,5717,9583,307943,244914,44550,42448,77421,64748,15402,50,27
2021-07-25T23:59:59+02:00,1815,1576,20803,19998,30923,28354,31854,31849,37661,38176,41543,41938,27574,30783,19654,24634,5987,10100,11039,10697,20957,19785,25155,25569,32071,32869,37108,37910,25962,28944,18768,23371,5716,9580,307827,243654,44540,42433,77413,64335,15394,50,27
2021-07-24T23:59:59+02:00,1795,1561,20722,19924,30880,28316,31819,31813,37635,38148,41520,41926,27567,30777,19651,24632,5987,10100,10976,10642,20880,19723,25083,25508,32018,32838,37079,37889,25956,28939,18766,23369,5716,9580,307483,243284,44529,42410,77409,64268,15304,50,27
2021-07-23T23:59:59+02:00,1740,1526,20530,19780,30716,28202,31732,31741,37567,38096,41480,41883,27556,30760,19646,24626,5986,10095,10719,10438,20516,19416,24277,24862,31534,32506,36512,37432,25913,28897,18750,23352,5715,9578,306652,240407,44520,42364,77391,62877,15050,50,27
2021-07-22T23:59:59+02:00,1675,1469,20219,19507,30474,28017,31601,31626,37436,37989,41382,41800,27530,30736,19635,24602,5982,10094,10258,10061,19769,18905,23318,24193,30825,31919,35478,36670,25802,28798,18717,23319,5713,9574,305168,236799,44484,41696,77385,60353,14688,50,27
2021-07-21T23:59:59+02:00,1660,1461,20181,19457,30444,27987,31577,31603,37416,37964,41361,41776,27521,30728,19630,24596,5977,10090,9947,9726,19308,18452,22444,23427,30489,31584,35244,36472,25719,28701,18686,23266,5705,9564,304840,234046,44476,40005,77383,60181,14681,50,26
2021-07-20T23:59:59+02:00,1654,1455,20147,19430,30416,27962,31552,31583,37399,37947,41349,41762,27506,30713,19630,24589,5977,10087,9677,9446,18977,18183,22174,23143,30313,31428,35079,36328,25673,28655,18670,23231,5704,9560,304584,231652,44474,39996,77382,60080,14669,50,26
2021-07-19T23:59:59+02:00,1643,1447,20035,19342,30334,27890,31494,31530,37380,37928,41334,41743,27501,30702,19624,24582,5976,10084,9477,9249,18662,17907,21709,22724,30059,31196,34959,36226,25639,28616,18652,23215,5704,9557,304010,230019,44468,39052,77381,59964,14661,50,26
2021-07-18T23:59:59+02:00,1632,1441,19967,19275,30207,27791,31428,31465,37318,37876,41292,41691,27480,30671,19615,24567,5972,10081,9367,9134,18494,17754,21519,22534,29891,30998,34845,36125,25607,28593,18641,23197,5704,9551,303221,228758,44468,38752,77379,59923,14652,50,26
2021-07-17T23:59:59+02:00,1631,1437,19960,19273,30207,27788,31428,31461,37313,37874,41288,41689,27479,30670,19614,24567,5972,10081,9346,9119,18461,17732,21500,22521,29881,30991,34826,36121,25604,28591,18641,23196,5704,9551,303188,228603,44468,38749,77379,59912,14648,50,26
2021-07-16T23:59:59+02:00,1578,1392,19685,19025,30082,27691,31344,31388,37256,37811,41247,41657,27460,30653,19607,24557,5970,10075,9228,9004,18084,17429,21195,22247,29490,30635,34691,36015,25580,28567,18634,23183,5702,9549,302187,227334,44446,38026,77377,59579,14419,50,25
2021-07-15T23:59:59+02:00,1520,1349,19423,18776,29900,27545,31236,31289,37172,37728,41177,41590,27417,30623,19591,24543,5966,10072,8865,8700,17167,16596,19647,21020,28572,29711,34070,35434,25412,28386,18579,23134,5696,9537,300906,221217,44404,36570,77369,58654,14189,50,25
2021-07-14T23:59:59+02:00,1506,1336,19394,18740,29877,27519,31211,31257,37160,37715,41157,41583,27408,30616,19582,24536,5965,10068,8578,8402,16614,15996,19152,20500,28005,29212,33679,35056,25299,28257,18539,23068,5691,9526,300628,217042,44401,36212,77366,58225,14186,50,25
2021-07-13T23:59:59+02:00,1494,1326,19357,18715,29860,27495,31188,31242,37145,37688,41133,41555,27399,30602,19580,24531,5964,10062,8271,8141,16215,15641,18878,20222,27742,28963,33407,34799,25200,28137,18506,23027,5689,9521,300344,214339,44400,36177,77365,57732,14178,50,25
2021-07-12T23:59:59+02:00,1478,1316,19309,18698,29826,27466,31171,31221,37133,37671,41116,41541,27396,30598,19578,24525,5963,10062,8011,7924,15935,15363,18176,19674,27429,28643,32992,34437,25032,27940,18447,22952,5683,9516,300086,213056,44399,34236,77365,56754,14169,50,25
2021-07-11T23:59:59+02:00,1468,1308,19277,18667,29796,27435,31155,31190,37125,37650,41102,41529,27387,30589,19576,24525,5962,10061,7967,7877,15870,15292,18088,19619,27345,28581,32880,34375,24978,27895,18427,22930,5683,9513,299833,212481,44396,34225,77363,56511,14161,50,25
2021-07-10T23:59:59+02:00,1339,1191,18772,18249,29353,27141,30868,30956,36878,37491,40901,41379,27313,30529,19550,24493,5959,10058,7837,7807,15587,15156,17868,19467,27103,28441,32714,34259,24912,27849,18411,22917,5682,9513,297632,212060,44257,34103,77335,56270,13147,50,25
2021-07-09T23:59:59+02:00,1328,1185,18744,18218,29332,27124,30856,30943,36867,37479,40890,41371,27309,30525,19548,24489,5959,10057,7795,7759,15517,15090,17803,19373,26882,28211,32465,34046,24848,27786,18389,22891,5682,9510,297487,211778,44238,34100,77334,55105,13116,50,25
2021-07-08T23:59:59+02:00,1250,1104,18476,18002,29185,26973,30718,30825,36765,37377,40791,41293,27275,30490,19529,24470,5954,10051,7627,7622,15219,14843,17372,19013,26188,27609,32194,33779,24679,27629,18330,22829,5679,9502,296217,210642,44184,32677,77326,54086,12752,50,25
2021-07-07T23:59:59+02:00,1151,1012,18166,17677,28984,26790,30586,30701,36653,37257,40685,41207,27241,30442,19515,24454,5951,10048,7430,7411,14779,14475,16907,18571,25433,27000,31786,33398,24413,27305,18235,22735,5670,9493,294642,207726,44133,31839,77315,53127,12381,50,25
2021-07-06T23:59:59+02:00,1128,996,18089,17611,28939,26740,30536,30654,36617,37222,40649,41175,27224,30416,19504,24440,5949,10045,7214,7179,14435,14117,16556,18221,24682,26352,31487,33134,24223,27090,18187,22664,5663,9486,294065,205666,44130,30433,77312,52232,12378,50,25
2021-07-05T23:59:59+02:00,1085,968,18015,17547,28896,26684,30497,30620,36591,37177,40621,41149,27218,30402,19498,24434,5949,10040,6985,6989,14132,13845,16204,17855,24127,25841,30918,32567,23943,26792,18079,22525,5655,9476,293579,204171,44128,28330,77308,51101,12327,50,25
2021-07-04T23:59:59+02:00,1063,952,17944,17498,28857,26663,30475,30591,36581,37167,40606,41137,27212,30391,19493,24431,5949,10039,6959,6972,14078,13798,16129,17797,24043,25785,30765,32476,23850,26703,18047,22484,5653,9472,293262,203780,44127,28320,77297,50593,12314,50,25
2021-07-03T23:59:59+02:00,647,579,16210,15779,27683,25738,29675,29873,35938,36557,40106,40708,27054,30223,19425,24343,5940,10022,6574,6732,13562,13495,15727,17494,23681,25508,30460,32281,23753,26607,18013,22444,5649,9468,285739,203488,44088,28244,77213,50301,9411,50,25
2021-07-02T23:59:59+02:00,608,540,16079,15633,27523,25591,29595,29813,35907,36529,40087,40695,27048,30214,19422,24340,5940,10022,6526,6661,13488,13394,15639,17363,23538,25325,30306,32116,23560,26395,17924,22366,5647,9465,284833,202805,44088,28085,77211,49414,9405,50,25
2021-07-01T23:59:59+02:00,550,492,15901,15478,27306,25438,29517,29735,35852,36478,40022,40649,27027,30195,19411,24328,5938,10018,6386,6532,13146,13122,15110,16921,22272,24335,29544,31432,23280,26107,17805,22232,5640,9449,283642,199269,44083,26410,77198,48268,9363,50,23
2021-06-30T23:59:59+02:00,520,472,15797,15371,27195,25353,29449,29663,35796,36426,39979,40613,27012,30164,19400,24311,5934,10018,6191,6353,12715,12738,14541,16373,21649,23739,28951,30901,22861,25643,17674,22049,5633,9437,282816,195016,44080,26386,77192,46704,9336,50,23
2021-06-29T23:59:59+02:00,463,422,15034,14702,26932,25130,29354,29563,35717,36345,39911,40566,26993,30139,19392,24298,5934,10016,6079,6226,12454,12475,14146,15976,20858,23117,28366,30347,22413,25119,17521,21875,5625,9427,280308,191861,44079,25875,77183,44988,9292,50,23
2021-06-28T23:59:59+02:00,427,391,14404,14059,26774,25024,29279,29497,35658,36280,39868,40532,26975,30119,19384,24287,5934,10012,6012,6131,12275,12336,13958,15799,20237,22565,27966,29973,22077,24762,17392,21712,5620,9422,278365,190177,44075,25214,77177,43599,9238,50,23
2021-06-27T23:59:59+02:00,350,324,14057,13681,26709,24965,29239,29461,35636,36258,39849,40518,26964,30112,19381,24283,5933,10011,5976,6088,12161,12221,13812,15670,19684,22087,27356,29473,21800,24424,17271,21589,5616,9421,277241,189343,44071,23687,77165,42405,9205,50,23
2021-06-26T23:59:59+02:00,349,323,14046,13670,26693,24954,29233,29455,35630,36257,39846,40517,26963,30111,19381,24283,5933,10011,5971,6085,12150,12218,13806,15667,19671,22076,27311,29438,21655,24294,17231,21533,5615,9419,277168,189318,44069,23683,77165,41926,9204,50,23
2021-06-25T23:59:59+02:00,225,210,12780,12450,25228,23809,28932,29221,35524,36174,39779,40455,26939,30084,19370,24271,5930,10009,5928,6038,12054,12138,13663,15545,19361,21837,26926,29079,21332,23900,17056,21336,5612,9410,270933,188093,44065,23400,77144,40514,9199,50,23
2021-06-24T23:59:59+02:00,160,156,11808,11619,24115,22927,28567,28869,35374,36007,39661,40349,26900,30034,19359,24247,5928,10005,5711,5806,11595,11722,13082,14954,17825,20439,25277,27481,20562,23041,16739,20929,5602,9400,265687,183106,44045,19778,77139,38106,9165,50,23
2021-06-23T23:59:59+02:00,124,130,11446,11294,23613,22555,28320,28627,35195,35879,39571,40260,26870,30007,19350,24210,5926,9993,5637,5693,11382,11507,12783,14603,17435,20028,24528,26712,19766,22291,16545,20676,5594,9384,263063,180754,44038,19161,77134,35553,9086,50,23
2021-06-22T23:59:59+02:00,103,117,11263,11082,23453,22414,28240,28555,35119,35817,39525,40215,26855,29982,19342,24201,5926,9992,5528,5572,11115,11246,12416,14232,16833,19430,23795,25945,19386,21866,16382,20497,5587,9368,261916,177721,44035,18292,77132,34103,9069,50,23
2021-06-21T23:59:59+02:00,90,105,11011,10896,22619,21741,27986,28327,35053,35753,39461,40172,26838,29963,19336,24191,5926,9991,5409,5468,10900,11026,12109,13910,16441,19084,23346,25477,19095,21552,16277,20377,5581,9366,259316,176259,44025,17274,77124,32926,8945,50,23
2021-06-20T23:59:59+02:00,84,104,10947,10803,22368,21525,27727,28126,34973,35675,39416,40128,26827,29947,19334,24186,5924,9988,5368,5414,10812,10925,12013,13807,16244,18900,23075,25236,18994,21445,16224,20319,5575,9362,258025,175950,44023,16206,77118,32676,8866,50,23
2021-06-19T23:59:59+02:00,83,100,10923,10778,22335,21502,27709,28113,34961,35671,39406,40124,26826,29946,19334,24184,5924,9988,5337,5382,10731,10835,11921,13686,16096,18748,22767,24874,18907,21358,16212,20306,5574,9362,257872,175846,44001,14706,77118,32663,8866,50,23
2021-06-18T23:59:59+02:00,80,98,10875,10728,22015,21180,27445,27898,34907,35634,39375,40102,26817,29937,19333,24181,5924,9986,5322,5373,10700,10804,11881,13637,16034,18685,22682,24778,18741,21177,16167,20240,5573,9357,256483,175447,43999,14705,77117,32118,8866,50,23
2021-06-17T23:59:59+02:00,71,90,10295,10296,20740,20220,26582,27163,34537,35310,39116,39911,26753,29855,19312,24144,5917,9981,5124,5233,10325,10550,11436,13235,15353,18074,21314,23461,18284,20690,16003,20068,5569,9343,250698,170146,43979,14132,77105,31308,8461,50,23
2021-06-16T23:59:59+02:00,63,78,9957,9983,20058,19586,25944,26560,34288,35108,38955,39759,26707,29802,19288,24119,5916,9977,4980,5088,9936,10215,10977,12783,14649,17383,20464,22527,17881,20243,15833,19855,5559,9331,246850,166361,43963,12862,77091,30272,8194,50,23
2021-06-15T23:59:59+02:00,48,72,9712,9741,19761,19337,25721,26363,34157,35002,38858,39678,26675,29765,19281,24104,5911,9973,4874,4976,9696,9998,10743,12523,14226,16955,19865,21949,17558,19853,15611,19625,5550,9320,245075,164278,43951,11769,77085,29263,7998,50,22
2021-06-14T23:59:59+02:00,44,67,9579,9616,19461,19076,25545,26220,34037,34923,38796,39639,26657,29745,19275,24093,5911,9970,4793,4913,9505,9859,10569,12387,13963,16738,19550,21654,17392,19696,15509,19492,5549,9316,243877,162817,43949,11767,77081,28590,7697,50,22
2021-06-13T23:59:59+02:00,43,63,9419,9487,19171,18890,25193,25966,33838,34756,38690,39572,26641,29733,19265,24085,5911,9967,4709,4845,9294,9684,10402,12211,13637,16392,19202,21323,17265,19547,15462,19427,5547,9314,242235,161957,43949,11767,77077,27143,7379,50,22
2021-06-12T23:59:59+02:00,43,63,9410,9473,19158,18876,25193,25961,33838,34751,38687,39571,26641,29733,19265,24085,5911,9967,4706,4831,9284,9623,10370,12109,13588,16239,19147,21187,17156,19422,15345,19325,5545,9312,242189,161929,43949,11765,77070,26112,7368,50,22
2021-06-11T23:59:59+02:00,38,59,9251,9290,18924,18663,24394,25285,33658,34596,38552,39458,26608,29699,19254,24061,5911,9962,4626,4716,9063,9367,10109,11810,13067,15688,18172,20293,16970,19225,15305,19281,5542,9309,239262,157901,43947,11764,77066,25525,7338,50,22
2021-06-10T23:59:59+02:00,36,55,8856,8956,18272,18169,23541,24606,33337,34315,38348,39293,26549,29644,19230,24033,5908,9955,4451,4539,8480,8872,9300,11089,11919,14582,16181,18378,16081,18261,15020,18914,5533,9287,235628,148215,43286,11731,77040,23826,7101,48,21
2021-06-09T23:59:59+02:00,19,37,8407,8450,17436,17441,22392,23562,32847,33846,38061,39073,26438,29539,19182,23975,5898,9942,4315,4422,8191,8606,9056,10834,11587,14214,15696,17829,15709,17831,14779,18629,5526,9277,231623,146386,41392,11690,76999,21910,6501,30,21
2021-06-08T23:59:59+02:00,11,25,8088,8133,16965,17023,21972,23196,32602,33653,37898,38942,26393,29499,19172,23952,5895,9937,4195,4339,7937,8351,8751,10488,11227,13868,15054,17123,15250,17307,14517,18351,5521,9259,228893,144677,41359,10563,76987,20197,6087,30,21
2021-06-07T23:59:59+02:00,8,21,7890,7901,16607,16698,21429,22739,32321,33382,37780,38825,26364,29451,19152,23923,5890,9936,4119,4259,7756,8207,8591,10344,11056,13696,14740,16795,15051,17051,14343,18158,5517,9254,227268,143593,40385,10470,76966,19191,5669,29,21
2021-06-06T23:59:59+02:00,6,18,7783,7792,16472,16551,21233,22530,32094,33158,37644,38719,26337,29426,19139,23906,5890,9930,4090,4224,7708,8089,8537,10213,10948,13549,14543,16576,14866,16872,14254,18037,5510,9248,226031,143104,40085,10459,76948,18152,5535,29,21
2021-06-05T23:59:59+02:00,6,18,7761,7778,16443,16524,21225,22527,32084,33152,37641,38718,26336,29426,19138,23905,5890,9930,4081,4185,7693,8024,8523,10080,10934,13378,14524,16471,14830,16817,14245,18027,5510,9247,225921,143024,40085,10459,76947,17552,5520,29,21
2021-06-04T23:59:59+02:00,6,16,7647,7675,16165,16286,20948,22279,31660,32778,37526,38597,26303,29386,19126,23892,5888,9928,4074,4176,7667,8001,8497,10049,10867,13305,14419,16340,14748,16724,14208,17983,5510,9245,224320,142688,39309,10130,76928,17461,5520,29,21
2021-06-03T23:59:59+02:00,4,16,7392,7447,15288,15499,19315,20885,30747,31849,37023,38135,26170,29249,19082,23841,5882,9909,4013,4137,7578,7930,8374,9952,10697,13123,13848,15769,14483,16408,14122,17875,5507,9233,217689,140466,37727,10011,76917,17187,5371,29,21
2021-06-02T23:59:59+02:00,4,16,7257,7303,14902,15070,18883,20482,30278,31394,36797,37870,26106,29185,19062,23812,5879,9907,3983,4106,7513,7842,8286,9858,10556,12992,13400,15336,14359,16225,14094,17837,5504,9228,214599,138666,37296,9917,76916,17155,5367,29,21
2021-06-01T23:59:59+02:00,4,13,6982,7058,14503,14759,18539,20164,29950,31083,36573,37636,26050,29105,19038,23783,5877,9896,3881,4021,7271,7665,8053,9665,10291,12716,12994,14912,13926,15772,13978,17683,5497,9220,211849,136534,37252,9663,76895,16346,4988,29,21
2021-05-31T23:59:59+02:00,4,13,6818,6868,14284,14525,17837,19562,29609,30741,36277,37371,25958,29007,19011,23729,5867,9884,3802,3909,7062,7416,7830,9380,9947,12333,12554,14392,13397,15158,13778,17453,5489,9205,210415,133346,35204,9340,76878,15566,4839,29,21
2021-05-30T23:59:59+02:00,4,13,6795,6853,14238,14486,17760,19503,29559,30703,36245,37345,25946,28995,19008,23723,5866,9882,3759,3835,6905,7202,7682,9144,9740,12012,12297,14038,13276,14988,13710,17371,5486,9198,210119,132609,35192,9239,76820,14017,4764,29,21
2021-05-29T23:59:59+02:00,4,13,6793,6852,14229,14480,17755,19497,29554,30699,36242,37344,25944,28992,19008,23722,5866,9882,3750,3822,6876,7169,7649,9093,9704,11965,12223,13940,13235,14919,13680,17347,5485,9193,210087,132469,35192,9238,76805,13566,4763,29,21
2021-05-28T23:59:59+02:00,4,13,6783,6840,14213,14463,17738,19476,29541,30686,36231,37325,25941,28987,19005,23718,5866,9882,3736,3799,6855,7129,7615,9038,9651,11861,11981,13670,13045,14728,13650,17306,5482,9190,209928,131175,35191,9237,76802,13547,4762,29,21
2021-05-27T23:59:59+02:00,4,13,6692,6758,13945,14245,17252,19128,28861,30143,36071,37191,25891,28950,18990,23702,5865,9876,3611,3639,6568,6877,7239,8731,9153,11303,11272,12775,12493,14159,13520,17113,5474,9178,208834,127656,33749,8909,76760,12320,4205,29,21
2021-05-26T23:59:59+02:00,4,13,6621,6651,13730,14043,16999,18819,28314,29630,35894,37014,25850,28900,18973,23673,5864,9869,3520,3495,6343,6588,6950,8305,8812,10825,10619,11976,11931,13543,13373,16897,5469,9156,207218,124036,32995,8726,76745,11151,3874,29,21
2021-05-25T23:59:59+02:00,4,13,6540,6556,13525,13822,16736,18607,27589,28983,35801,36917,25826,28869,18961,23657,5859,9868,3471,3404,6198,6420,6804,8115,8586,10534,10272,11610,11585,13066,13268,16736,5466,9148,206502,122192,31540,8589,76261,10085,3802,28,21
2021-05-24T23:59:59+02:00,4,13,6470,6459,13348,13621,16514,18324,27176,28554,35455,36515,25769,28801,18942,23633,5858,9866,3457,3382,6140,6338,6758,8031,8527,10439,10199,11513,11410,12833,13220,16643,5458,9128,205969,121564,29308,8542,76254,9592,3763,28,21
2021-05-23T23:59:59+02:00,4,13,6468,6458,13343,13612,16511,18314,27157,28544,35425,36481,25766,28794,18942,23627,5858,9866,3452,3378,6134,6328,6748,8024,8499,10408,10159,11456,11327,12732,13200,16612,5458,9127,205854,121552,29291,8130,76253,9585,3757,28,21
2021-05-22T23:59:59+02:00,4,13,6461,6454,13336,13601,16504,18310,27154,28543,35422,36475,25766,28794,18942,23627,5858,9866,3451,3378,6131,6325,6747,8020,8495,10406,10154,11453,11316,12718,13195,16608,5457,9127,205804,121512,29291,8130,76250,9564,3757,28,21
2021-05-21T23:59:59+02:00,4,13,6399,6394,13183,13495,16329,18161,26883,28365,34992,36207,25740,28756,18934,23621,5857,9862,3442,3368,6098,6304,6717,7986,8456,10357,10100,11404,10798,12005,13054,16448,5454,9122,205114,119754,29166,8127,75202,9529,3685,28,21
2021-05-20T23:59:59+02:00,3,12,6107,6193,12572,13078,15134,17238,24969,26864,34038,35437,25635,28612,18880,23539,5851,9847,3382,3323,6004,6187,6604,7830,8310,10196,9861,11096,10458,11549,12941,16265,5444,9109,200344,117752,27422,8046,72660,9187,3556,27,21
2021-05-19T23:59:59+02:00,3,12,5900,5953,12060,12620,14426,16531,24023,26049,33411,34834,25522,28521,18845,23479,5843,9835,3305,3249,5842,6017,6412,7589,8035,9915,9557,10715,10146,11133,12862,16120,5442,9101,194643,115837,27383,7850,72645,8566,3169,27,21
2021-05-18T23:59:59+02:00,3,11,5730,5843,11660,12297,13802,16031,22866,25100,32743,34226,25406,28385,18797,23425,5838,9826,3262,3217,5729,5906,6247,7429,7829,9697,9359,10474,9976,10882,12716,15898,5433,9092,189680,114681,26875,7782,72600,7858,2807,27,21
2021-05-17T23:59:59+02:00,3,10,5677,5798,11497,12190,13528,15809,22051,24464,32432,33910,25326,28325,18775,23395,5829,9817,3145,3141,5538,5721,6072,7213,7620,9469,9134,10229,9884,10758,12658,15835,5430,9087,187910,113922,26173,7774,72206,6700,2520,27,21
2021-05-16T23:59:59+02:00,3,10,5649,5778,11436,12132,13443,15729,21441,23915,31818,33381,25285,28281,18765,23380,5828,9817,3140,3118,5524,5651,6044,7153,7592,9369,9103,10145,9868,10739,12655,15832,5430,9087,187142,113810,24628,7768,71786,6347,2508,27,20
2021-05-15T23:59:59+02:00,3,10,5640,5769,11403,12123,13414,15719,21366,23844,31277,33006,25274,28276,18764,23377,5827,9816,3126,3103,5505,5609,6030,7077,7552,9254,8865,9890,9835,10708,12621,15781,5430,9086,187092,113805,24615,7630,71137,5983,2037,27,20
2021-05-14T23:59:59+02:00,3,10,5600,5744,11341,12086,13342,15655,20955,23533,30846,32659,25238,28230,18753,23360,5827,9814,3094,3063,5469,5520,6009,6942,7512,9052,8805,9695,9762,10598,12535,15653,5430,9083,186370,113636,24296,7296,70267,5237,2036,27,20
2021-05-13T23:59:59+02:00,3,10,5445,5585,10959,11790,12628,15067,18770,21785,29303,31190,25011,27987,18685,23288,5825,9811,3082,3029,5444,5481,5992,6884,7488,8981,8761,9635,9546,10354,12335,15349,5425,9072,182417,113278,20497,6475,68180,5067,2021,27,20
2021-05-12T23:59:59+02:00,2,10,5416,5558,10888,11732,12527,14979,18648,21661,28940,30826,24918,27893,18668,23258,5824,9806,3082,3025,5438,5475,5982,6871,7463,8966,8722,9581,9358,10122,12103,15026,5422,9065,181469,112995,19860,5607,68177,5062,2021,27,19
2021-05-11T23:59:59+02:00,2,10,5280,5454,10640,11483,12161,14609,18036,21025,28008,29855,24726,27703,18608,23182,5819,9792,3040,2984,5349,5319,5882,6686,7333,8723,8560,9359,9177,9925,11954,14837,5413,9047,177394,111949,18966,5498,68045,4164,1961,27,19
2021-05-10T23:59:59+02:00,2,9,5157,5376,10427,11288,11902,14353,17710,20691,27588,29447,24617,27595,18569,23135,5811,9788,2972,2931,5233,5203,5767,6583,7209,8582,8431,9252,9073,9801,11864,14709,5410,9039,175391,111419,18273,5486,67820,3184,1954,27,19
2021-05-09T23:59:59+02:00,2,9,5083,5328,10326,11174,11802,14234,17370,20407,27197,29070,24531,27508,18540,23099,5808,9785,2903,2899,5086,5159,5591,6540,7042,8553,8303,9216,9061,9791,11846,14689,5410,9039,174996,111343,16987,5476,67324,2354,1939,27,19
2021-05-08T23:59:59+02:00,2,9,5082,5327,10323,11170,11802,14234,17366,20405,27194,29067,24531,27508,18540,23099,5808,9785,2903,2898,5084,5159,5591,6540,7042,8553,8300,9216,9060,9790,11846,14689,5410,9039,174979,111340,16987,5476,67321,2350,1938,27,19
2021-05-07T23:59:59+02:00,2,9,5048,5301,10253,11117,11672,14110,16967,20130,26557,28509,24482,27457,18523,23065,5801,9756,2893,2891,5068,5150,5580,6524,7030,8542,8292,9205,9054,9782,11835,14667,5402,9012,174142,111325,16984,5470,65797,2307,1809,27,19
2021-05-06T23:59:59+02:00,1,9,4778,5140,9792,10773,11110,13593,15878,19108,24154,26216,23985,26931,18417,22963,5796,9742,2851,2846,5002,5074,5540,6433,6947,8424,8162,9055,8954,9669,11811,14616,5399,9009,169115,110786,14537,5414,62911,1778,1798,25,19
2021-05-05T23:59:59+02:00,1,9,4700,5062,9498,10543,10769,13267,15298,18503,23310,25250,23725,26606,18349,22858,5786,9724,2831,2809,4952,4990,5481,6313,6863,8259,8038,8839,8847,9537,11733,14530,5398,9001,165453,109844,13224,5408,62761,1357,1795,25,19
2021-05-04T23:59:59+02:00,1,9,4615,4971,9325,10337,10557,13025,14910,18103,22764,24685,23514,26331,18277,22776,5778,9710,2822,2775,4924,4913,5448,6193,6809,8118,7945,8684,8743,9425,11658,14471,5396,8998,163194,109344,12097,5397,62597,789,1775,25,19
2021-05-03T23:59:59+02:00,1,9,4542,4897,9132,10200,10380,12849,14627,17856,22356,24270,23375,26182,18250,22728,5778,9704,2745,2705,4836,4838,5372,6107,6712,8012,7763,8518,8656,9338,11619,14422,5393,8993,161690,109120,12096,5394,62505,679,820,25,18
2021-05-02T23:59:59+02:00,1,9,4529,4883,9055,10142,10254,12737,14302,17549,22054,23983,23325,26122,18231,22703,5777,9703,2739,2698,4776,4804,5281,6023,6576,7883,7645,8417,8610,9297,11595,14388,5391,8988,160803,109004,12093,5392,62401,662,37,25,18
2021-05-01T23:59:59+02:00,1,9,4529,4881,9053,10141,10253,12737,14298,17546,22052,23983,23324,26121,18231,22703,5777,9703,2739,2698,4776,4804,5281,6023,6575,7883,7645,8417,8610,9297,11595,14388,5391,8988,160786,109004,12093,5391,62401,662,37,25,18
2021-04-30T23:59:59+02:00,0,9,4455,4790,8812,9927,9992,12497,13816,17121,21212,23215,23198,25985,18215,22673,5774,9700,2735,2696,4765,4796,5272,5989,6563,7852,7612,8380,8606,9294,11594,14385,5389,8987,157197,108977,12092,5389,62074,530,3,25,18
2021-04-29T23:59:59+02:00,0,9,4306,4646,8327,9517,9290,11893,12813,16220,19370,21535,22493,25226,18077,22462,5768,9683,2712,2675,4725,4725,5230,5915,6502,7746,7531,8264,8497,9178,11528,14309,5383,8978,148007,108481,12077,5127,61524,271,3,24,18
2021-04-28T23:59:59+02:00,0,9,4273,4627,8256,9443,9216,11806,12694,16100,19153,21321,22404,25134,18049,22421,5766,9678,2709,2664,4699,4665,5202,5871,6472,7672,7483,8182,8480,9154,11512,14287,5381,8972,147624,108287,11987,5056,60713,45,2,24,17
2021-04-27T23:59:59+02:00,0,9,4233,4581,8118,9303,9103,11655,12548,15931,18702,20824,22173,24876,17983,22343,5763,9669,2706,2660,4697,4661,5192,5863,6459,7653,7449,8145,8422,9076,11431,14205,5377,8968,146896,108029,10902,4884,59990,37,2,24,14
2021-04-26T23:59:59+02:00,0,9,4191,4553,8012,9208,8956,11550,12375,15757,18290,20460,22039,24729,17947,22311,5762,9667,2706,2658,4693,4656,5187,5855,6446,7633,7415,8117,8374,9028,11375,14126,5373,8951,146119,107922,10767,4626,58905,32,1,24,14
2021-04-25T23:59:59+02:00,0,9,4177,4537,7976,9178,8892,11487,12240,15627,17946,20129,21840,24493,17907,22256,5758,9662,2706,2658,4692,4655,5185,5851,6441,7630,7413,8113,8318,8969,11351,14098,5373,8949,144738,107900,10756,4458,58595,31,1,24,14
2021-04-24T23:59:59+02:00,0,9,4171,4529,7960,9174,8877,11477,12192,15597,17887,20091,21824,24480,17905,22251,5758,9662,2705,2658,4692,4655,5185,5851,6441,7630,7413,8113,8318,8968,11351,14098,5373,8949,144642,107900,10755,4458,58422,30,1,24,13
2021-04-23T23:59:59+02:00,0,9,4151,4497,7903,9111,8793,11375,11853,15271,17453,19693,21610,24247,17841,22174,5756,9654,2702,2656,4689,4652,5179,5843,6427,7621,7390,8082,8297,8941,11343,14090,5371,8946,143378,107888,10407,4300,57581,29,1,24,13
2021-04-22T23:59:59+02:00,0,9,4102,4432,7772,8920,8608,11116,11526,14852,16539,18711,21040,23539,17705,21995,5746,9636,2693,2650,4683,4630,5157,5817,6384,7587,7322,8036,8169,8784,11202,13940,5366,8937,139656,107270,10276,4054,56293,21,1,22,13
2021-04-21T23:59:59+02:00,0,9,4060,4388,7669,8799,8452,10956,11230,14572,15803,17952,20662,23093,17633,21890,5741,9623,2685,2639,4665,4610,5141,5796,6372,7569,7294,8014,8120,8723,11164,13900,5364,8935,136734,106988,10146,3973,55631,19,1,20,12
2021-04-20T23:59:59+02:00,0,9,4035,4362,7634,8747,8376,10876,11067,14397,15369,17477,20198,22577,17532,21739,5733,9612,2677,2630,4655,4597,5116,5776,6344,7545,7254,7974,8026,8591,11088,13813,5360,8931,134588,106415,9881,3933,55250,18,1,20,12
2021-04-19T23:59:59+02:00,0,9,4004,4311,7572,8642,8284,10736,10909,14214,15116,17183,19720,22012,17367,21524,5722,9600,2672,2629,4649,4593,5103,5761,6325,7528,7228,7930,7973,8537,11062,13767,5357,8926,132521,106081,9527,3930,54856,18,1,20,12
2021-04-18T23:59:59+02:00,0,6,3984,4282,7513,8591,8178,10609,10650,13971,14624,16646,19290,21500,17245,21339,5718,9594,2671,2629,4649,4593,5103,5761,6323,7525,7225,7929,7969,8534,11060,13763,5356,8923,130102,106057,9456,3928,54161,17,1,20,12
2021-04-17T23:59:59+02:00,0,6,3981,4274,7493,8585,8168,10591,10609,13925,14512,16559,19170,21378,17223,21311,5717,9592,2671,2629,4648,4591,5097,5756,6309,7520,7200,7906,7923,8488,11041,13740,5354,8923,129667,106046,9447,3722,53959,17,1,20,12
2021-04-16T23:59:59+02:00,0,6,3970,4231,7421,8462,8065,10434,10415,13663,13844,15797,18603,20736,17098,21137,5706,9575,2668,2626,4643,4585,5092,5743,6292,7509,7162,7871,7613,8097,10949,13601,5346,8907,126829,105246,9387,3431,52927,17,0,20,12
2021-04-15T23:59:59+02:00,0,5,3926,4178,7309,8331,7893,10200,10080,13274,13119,14941,17798,19876,16855,20816,5692,9556,2667,2618,4631,4568,5079,5711,6261,7473,7091,7798,7054,7438,10824,13441,5342,8897,123202,103580,9228,3288,51399,15,0,20,12
2021-04-14T23:59:59+02:00,0,4,3899,4147,7243,8225,7786,10049,9905,13075,12701,14495,17270,19264,16704,20607,5687,9543,2633,2599,4613,4536,5051,5664,6226,7440,7033,7738,6416,6677,10561,13147,5338,8889,121811,101251,8993,3287,49780,13,0,20,12
2021-04-13T23:59:59+02:00,0,4,3896,4141,7205,8209,7729,10015,9797,13021,12328,14202,16580,18413,16468,20305,5683,9537,2609,2572,4593,4510,5026,5630,6167,7372,6945,7635,6205,6425,9977,12479,5330,8870,121108,99044,8775,3279,47630,13,0,20,11
2021-04-12T23:59:59+02:00,0,4,3882,4123,7152,8163,7672,9946,9689,12919,12081,13989,16137,17896,16280,20091,5678,9534,2580,2561,4526,4468,4919,5560,6052,7296,6828,7536,5461,5603,9529,11943,5290,8828,120775,95687,8739,3271,45703,13,0,19,11
2021-04-11T23:59:59+02:00,0,4,3867,4115,7110,8112,7612,9902,9597,12842,11844,13781,15569,17208,16004,19750,5673,9524,2504,2479,4397,4346,4765,5427,5889,7144,6677,7430,5158,5242,9398,11783,5290,8824,120184,93511,8311,3221,44000,12,0,19,11
2021-04-10T23:59:59+02:00,0,4,3849,4095,7071,8065,7568,9845,9536,12783,11753,13697,15352,17016,15955,19682,5672,9517,1943,1910,3580,3626,3890,4661,4884,6223,5821,6644,4886,4937,9270,11631,5284,8815,119719,84763,8311,3221,43411,12,0,19,11
2021-04-09T23:59:59+02:00,0,4,3829,4075,7031,8036,7504,9788,9384,12654,11426,13413,14166,15483,15512,19152,5659,9506,1083,1081,2220,2433,2382,3289,3097,4579,4199,5178,4200,4203,9022,11275,5260,8786,117813,69048,8309,3218,40481,12,0,19,11
2021-04-08T23:59:59+02:00,0,4,3803,4059,6971,7983,7403,9695,9196,12537,11024,13063,13033,14219,15091,18610,5630,9460,581,592,1301,1725,1476,2358,1996,3491,2819,3790,2955,2805,8217,10292,5115,8563,116514,54842,8229,3215,37019,10,0,19,11
2021-04-07T23:59:59+02:00,0,4,3755,4033,6893,7929,7310,9625,9068,12408,10715,12755,12307,13451,14873,18346,5624,9440,350,375,950,1379,1069,1972,1485,3028,1875,2785,1775,1520,7313,9150,4960,8304,115552,45059,8077,3215,34889,7,0,18,11
2021-04-06T23:59:59+02:00,0,4,3739,4022,6871,7891,7256,9558,8976,12329,10504,12538,11922,12956,14652,18054,5613,9426,343,361,940,1369,1054,1951,1458,3000,1816,2726,1696,1453,6900,8593,4809,8065,114284,43305,7978,3214,34033,6,0,16,11
2021-04-05T23:59:59+02:00,0,4,3734,4021,6860,7878,7243,9547,8957,12301,10440,12479,11811,12809,14554,17962,5611,9423,341,355,929,1365,1048,1943,1448,2979,1795,2692,1643,1400,6673,8288,4686,7881,113945,42238,7957,3213,33716,6,0,16,11
2021-04-04T23:59:59+02:00,0,4,3734,4021,6858,7872,7242,9546,8954,12301,10430,12474,11808,12805,14551,17961,5611,9423,341,354,927,1365,1047,1941,1447,2978,1793,2689,1640,1395,6666,8275,4681,7878,113940,42190,7956,3212,33683,6,0,16,11
2021-04-03T23:59:59+02:00,0,4,3734,4021,6858,7871,7241,9546,8954,12301,10429,12474,11808,12804,14549,17959,5611,9423,341,353,925,1361,1045,1940,1446,2973,1791,2689,1635,1383,6623,8194,4646,7843,113936,41961,7956,3212,33679,6,0,16,11
2021-04-02T23:59:59+02:00,0,4,3732,4019,6856,7868,7235,9540,8942,12294,10414,12458,11681,12690,14506,17898,5607,9414,339,351,923,1355,1039,1929,1431,2948,1751,2651,1541,1297,5864,7299,4213,7282,113809,39305,7951,2893,33382,6,0,16,11
2021-04-01T23:59:59+02:00,0,3,3692,4007,6822,7846,7194,9510,8890,12255,10342,12387,11335,12280,14120,17369,5594,9386,334,348,907,1340,1027,1908,1399,2903,1692,2586,1419,1204,4929,6193,3665,6458,113372,35409,6539,2888,33105,6,0,16,11
2021-03-31T23:59:59+02:00,0,3,3686,4003,6807,7826,7176,9491,8856,12223,10255,12315,11003,11874,13769,16871,5586,9358,331,345,899,1331,1017,1893,1379,2875,1643,2550,1354,1152,4348,5518,3313,5989,112781,33107,5535,2815,32770,6,0,16,11
2021-03-30T23:59:59+02:00,0,3,3668,3979,6771,7788,7118,9424,8767,12120,10093,12161,10746,11598,13549,16607,5579,9344,327,338,893,1320,1010,1887,1356,2868,1615,2524,1327,1126,4231,5397,3254,5897,111969,32737,5285,2618,32045,6,0,16,11
2021-03-29T23:59:59+02:00,0,3,3659,3957,6745,7766,7078,9371,8672,12024,9910,11953,10312,11131,13179,16140,5562,9310,322,334,889,1309,1004,1879,1348,2858,1601,2515,1305,1112,4098,5253,3157,5766,110295,32124,4977,2612,31484,5,0,16,11
2021-03-28T23:59:59+02:00,0,3,3617,3901,6630,7607,6961,9228,8545,11830,9756,11763,10104,10871,13003,15958,5558,9301,322,334,889,1307,1002,1878,1347,2858,1600,2513,1296,1109,4065,5211,3131,5740,109926,32079,4713,2510,29981,4,0,16,11
2021-03-27T23:59:59+01:00,0,3,3616,3890,6618,7543,6931,9116,8495,11661,9704,11609,9990,10748,12908,15870,5557,9301,322,333,889,1307,1002,1875,1347,2856,1596,2512,1294,1107,4039,5176,3118,5725,109917,31976,4713,2509,28914,4,0,16,11
2021-03-26T23:59:59+01:00,0,3,3610,3882,6590,7506,6903,9041,8448,11548,9613,11481,9941,10684,12862,15815,5548,9280,317,331,888,1304,998,1863,1344,2835,1575,2498,1269,1091,3857,4949,3012,5572,109857,31222,4492,2468,28390,4,0,16,11
2021-03-25T23:59:59+01:00,0,3,3587,3851,6499,7380,6811,8876,8259,11317,9304,11164,9559,10302,12560,15501,5543,9270,317,330,886,1296,995,1853,1331,2822,1552,2479,1244,1072,3624,4707,2761,5237,109484,30026,4285,2468,26001,3,0,16,11
2021-03-24T23:59:59+01:00,0,3,3530,3799,6410,7194,6689,8650,8093,11081,9077,10839,9147,9813,12142,15043,5532,9260,317,329,885,1293,990,1851,1324,2818,1536,2463,1235,1062,3557,4634,2579,5014,108970,29410,4148,2468,23168,0,0,16,11
2021-03-23T23:59:59+01:00,0,3,3512,3766,6361,7140,6611,8590,7975,10953,8829,10606,8729,9346,11692,14525,5523,9245,317,329,884,1283,985,1842,1319,2809,1532,2456,1211,1037,3465,4557,2386,4697,108154,28632,4056,2468,21180,0,0,16,11
2021-03-22T23:59:59+01:00,0,3,3504,3746,6318,7111,6577,8543,7909,10878,8681,10470,8449,8995,11390,14201,5488,9206,315,324,878,1273,977,1835,1312,2798,1522,2446,1199,1027,3436,4521,2367,4664,107486,28418,4053,2467,19914,0,0,16,11
2021-03-21T23:59:59+01:00,0,3,3502,3744,6314,7100,6560,8527,7890,10859,8625,10412,8329,8879,11321,14099,5486,9203,313,323,869,1270,970,1828,1303,2796,1518,2442,1195,1024,3427,4506,2353,4655,107401,28316,4052,2467,19384,0,0,16,11
2021-03-20T23:59:59+01:00,0,3,3494,3706,6306,7028,6545,8390,7865,10675,8581,10277,8252,8793,11283,14060,5486,9203,313,323,869,1270,970,1827,1302,2796,1518,2440,1195,1024,3427,4505,2353,4654,107368,28311,3841,2466,18722,0,0,16,11
2021-03-19T23:59:59+01:00,0,3,3481,3676,6280,6944,6521,8297,7819,10558,8468,10117,7711,8186,11097,13818,5476,9184,310,322,864,1263,953,1818,1280,2765,1469,2396,1114,956,2763,3716,1942,4085,105749,25541,3541,2466,18330,0,0,16,11
2021-03-18T23:59:59+01:00,0,3,3470,3658,6239,6903,6488,8235,7756,10471,8353,9989,6755,7089,10818,13517,5466,9159,309,322,860,1258,947,1808,1265,2757,1445,2378,1076,938,2558,3477,1787,3864,102731,24574,3383,2466,18239,0,0,16,11
2021-03-17T23:59:59+01:00,0,3,3433,3620,6168,6818,6433,8129,7665,10340,8222,9832,6070,6245,10527,13203,5448,9127,308,322,853,1252,942,1796,1251,2735,1426,2351,1039,913,2439,3352,1708,3754,99924,23966,3382,2466,17961,0,0,16,11
2021-03-16T23:59:59+01:00,0,3,3415,3591,6129,6765,6388,8056,7612,10275,8132,9730,5895,6070,9820,12403,5408,9063,301,311,838,1236,929,1787,1245,2715,1414,2343,1025,894,2225,3110,1575,3558,97672,23033,3372,2464,17695,0,0,16,11
2021-03-15T23:59:59+01:00,0,3,3378,3559,6031,6686,6258,7963,7470,10156,8003,9605,5143,5237,9376,11855,5365,8993,300,310,834,1232,927,1780,1243,2702,1405,2334,1013,882,2083,2937,1489,3464,94159,22463,3365,2463,17541,0,0,16,11
2021-03-14T23:59:59+01:00,0,3,3253,3412,5750,6341,5982,7602,7155,9741,7718,9287,4811,4846,9219,11659,5361,8983,300,309,834,1232,926,1780,1241,2701,1403,2331,1011,880,2080,2934,1486,3463,91765,22442,3310,2460,16032,0,0,16,11
2021-03-13T23:59:59+01:00,0,3,2598,2751,4809,5472,4965,6673,5961,8622,6703,8342,4498,4463,8835,11137,5271,8875,300,309,833,1230,926,1775,1238,2699,1402,2331,1011,879,2056,2898,1456,3428,81073,22302,3310,2460,15579,0,0,16,11
2021-03-12T23:59:59+01:00,0,2,1772,1930,3473,4322,3457,5338,4214,6983,5065,6832,3830,3758,7589,9593,4768,8196,296,306,831,1226,920,1768,1231,2679,1377,2314,966,854,1706,2435,1188,3077,62250,20705,3307,2460,15549,0,0,16,11
2021-03-11T23:59:59+01:00,0,2,1271,1452,2569,3581,2553,4398,3121,5893,3703,5447,2657,2485,5925,7529,4022,7056,291,297,815,1217,907,1745,1213,2650,1352,2269,930,834,1548,2205,1064,2889,45098,19758,3305,2460,15245,0,0,16,10
2021-03-10T23:59:59+01:00,0,2,1047,1234,2200,3221,2179,4009,2669,5451,2798,4482,1527,1285,4579,5817,3466,6293,281,287,797,1198,885,1709,1179,2577,1313,2203,905,815,1368,2015,968,2716,34094,18856,3305,2352,14845,0,0,15,10
2021-03-09T23:59:59+01:00,0,2,1031,1206,2134,3081,2114,3894,2585,5318,2714,4357,1493,1254,4504,5742,3428,6237,277,280,783,1177,868,1683,1154,2537,1295,2175,890,803,1291,1891,897,2605,33688,18290,3302,2308,14089,0,0,15,10
2021-03-08T23:59:59+01:00,0,2,1009,1175,2077,2981,2074,3813,2526,5206,2659,4284,1455,1233,4356,5580,3326,6093,277,276,778,1169,866,1674,1146,2529,1287,2159,865,782,1125,1666,774,2440,32989,17501,3302,2304,13543,0,0,15,10
2021-03-07T23:59:59+01:00,0,2,1004,1156,2037,2935,2032,3772,2487,5141,2619,4247,1450,1230,4349,5572,3324,6093,277,276,778,1169,866,1674,1146,2529,1286,2159,862,782,1116,1656,766,2429,32955,17501,3296,2262,13184,0,0,15,10
2021-03-06T23:59:59+01:00,0,2,1004,1152,2026,2921,2020,3753,2471,5114,2601,4226,1437,1220,4315,5527,3310,6081,277,276,778,1169,866,1673,1146,2529,1286,2159,862,782,1116,1656,766,2428,32810,17500,3295,2261,13060,0,0,15,10
2021-03-05T23:59:59+01:00,0,2,1000,1148,2011,2901,1991,3730,2428,5063,2549,4188,1401,1193,4049,5202,3161,5861,276,273,771,1162,860,1665,1143,2520,1283,2149,848,778,1108,1647,765,2426,32074,17405,2963,2261,12826,0,0,15,10
2021-03-04T23:59:59+01:00,0,2,906,1001,1923,2774,1924,3593,2352,4908,2459,4030,1371,1172,3809,4942,2897,5513,276,271,769,1157,857,1657,1142,2506,1279,2140,815,763,1095,1636,758,2414,30828,17289,2959,2238,11774,0,0,15,10
2021-03-03T23:59:59+01:00,0,2,860,894,1858,2678,1853,3488,2283,4793,2385,3946,1358,1159,3699,4836,2675,5241,275,269,768,1147,854,1639,1136,2464,1269,2114,798,759,1087,1618,751,2407,30153,17263,2842,2084,10998,0,0,15,10
2021-03-02T23:59:59+01:00,0,2,815,819,1762,2554,1768,3364,2193,4669,2325,3868,1323,1137,3568,4701,2472,4895,275,268,767,1141,850,1636,1131,2459,1265,2104,796,757,1073,1597,740,2388,29426,17156,2653,2083,10141,0,0,15,10
2021-03-01T23:59:59+01:00,0,2,792,781,1662,2412,1697,3220,2093,4497,2245,3747,1305,1125,3517,4637,2428,4834,275,266,763,1137,848,1624,1127,2447,1260,2094,789,754,1068,1586,733,2381,29173,17061,2569,2083,9237,0,0,15,10
2021-02-28T23:59:59+01:00,0,2,786,758,1643,2346,1669,3148,2070,4397,2231,3680,1299,1119,3507,4622,2414,4824,274,265,763,1136,848,1619,1127,2445,1260,2089,785,752,1060,1573,729,2371,29066,17038,2567,2050,8867,0,0,15,10
2021-02-27T23:59:59+01:00,0,2,771,741,1621,2286,1652,3036,2051,4271,2210,3585,1296,1116,3507,4620,2413,4823,274,265,763,1136,848,1618,1127,2445,1260,2088,785,752,1050,1567,712,2357,29061,17036,2566,2003,8359,0,0,15,10
2021-02-26T23:59:59+01:00,0,2,646,662,1517,2172,1601,2878,1988,4034,2109,3349,1206,1046,2857,3827,1987,4240,274,265,762,1134,847,1617,1127,2443,1258,2085,784,748,1032,1554,702,2341,26270,16964,2566,2001,7270,0,0,15,10
2021-02-25T23:59:59+01:00,0,2,496,583,1398,2069,1534,2751,1928,3906,2009,3237,1156,1014,2627,3557,1823,3996,257,250,737,1110,804,1547,1079,2343,1185,1993,728,727,1000,1517,691,2313,25205,16871,2536,1402,6330,0,0,15,10
2021-02-24T23:59:59+01:00,0,2,466,552,1329,1958,1464,2609,1858,3755,1933,3087,1119,985,2494,3428,1746,3883,228,237,710,1065,777,1484,1049,2282,1130,1942,701,704,953,1488,680,2283,24586,16683,2524,1022,5543,0,0,15,10
2021-02-23T23:59:59+01:00,0,2,410,511,1247,1819,1388,2464,1781,3544,1864,2965,1094,951,2290,3200,1621,3694,223,231,695,1041,765,1445,1027,2235,1104,1901,692,693,944,1474,677,2279,23662,16592,2514,826,4654,0,0,15,10
2021-02-22T23:59:59+01:00,0,2,397,478,1147,1709,1285,2367,1673,3437,1783,2894,1073,938,2149,3027,1536,3598,212,222,673,990,734,1382,1001,2141,1062,1819,649,661,875,1396,641,2221,23086,16404,2510,267,3882,0,0,15,10
2021-02-21T23:59:59+01:00,0,2,378,461,1045,1676,1134,2343,1518,3415,1679,2876,1065,936,2148,3026,1536,3598,185,216,642,982,723,1374,987,2136,1056,1817,646,658,872,1391,633,2213,23057,16270,2510,253,3254,0,0,15,10
2021-02-20T23:59:59+01:00,0,2,378,459,1044,1676,1133,2343,1516,3413,1679,2874,1065,935,2147,3026,1535,3597,184,214,639,982,720,1373,981,2133,1054,1817,646,658,872,1391,633,2213,23050,16249,2509,253,3248,0,0,15,10
2021-02-19T23:59:59+01:00,0,2,373,450,1032,1672,1123,2333,1504,3394,1646,2859,1016,907,1776,2520,1238,3215,163,204,613,978,702,1365,964,2131,1048,1815,643,657,871,1391,632,2212,21312,16128,2509,253,3224,0,0,15,10
2021-02-18T23:59:59+01:00,0,2,353,430,992,1590,1086,2247,1451,3277,1605,2769,987,884,1602,2279,1108,3008,143,193,574,967,682,1352,930,2114,1023,1796,632,638,850,1363,618,2191,20330,15805,2509,253,2816,0,0,15,10
2021-02-17T23:59:59+01:00,0,2,330,378,907,1447,978,2048,1316,3023,1494,2548,950,855,1413,2068,1007,2831,137,186,562,936,656,1301,898,2036,977,1720,597,606,843,1337,613,2172,19255,15316,2509,253,1816,0,0,15,10
2021-02-16T23:59:59+01:00,0,2,324,339,863,1309,927,1864,1255,2802,1428,2388,938,838,1350,1974,940,2735,131,173,548,893,641,1247,870,1972,947,1678,587,596,821,1306,600,2112,18887,14997,2508,117,866,0,0,15,10
2021-02-15T23:59:59+01:00,0,2,308,299,835,1278,910,1808,1216,2719,1391,2332,909,805,1176,1745,812,2563,123,165,526,866,624,1185,844,1899,924,1601,566,559,803,1269,591,2070,17987,14530,2507,77,601,0,0,13,10
2021-02-14T23:59:59+01:00,0,2,308,299,834,1278,909,1808,1215,2719,1391,2332,909,805,1176,1745,812,2562,123,165,525,858,620,1180,838,1893,920,1598,565,558,801,1268,590,2066,17985,14484,2507,76,599,0,0,13,10
2021-02-13T23:59:59+01:00,0,2,308,299,834,1278,909,1805,1215,2717,1391,2330,909,805,1176,1744,810,2562,123,165,525,858,620,1180,836,1890,918,1594,562,558,786,1248,578,2050,17978,14482,2504,1,599,0,0,13,10
2021-02-12T23:59:59+01:00,0,2,304,298,824,1273,905,1775,1209,2690,1363,2301,907,803,1175,1742,810,2562,123,165,523,856,619,1173,830,1878,912,1581,559,556,772,1237,572,2037,17971,14384,2504,1,455,0,0,13,10
2021-02-11T23:59:59+01:00,0,2,285,289,809,1238,899,1740,1193,2625,1341,2246,872,789,1164,1731,809,2552,121,151,505,815,597,1108,796,1778,889,1521,547,542,748,1203,558,2005,17858,13876,2503,0,210,0,0,13,10
2021-02-10T23:59:59+01:00,0,2,282,283,790,1201,886,1712,1181,2579,1326,2204,867,787,1149,1715,804,2535,117,142,438,728,551,1015,718,1652,830,1435,532,526,733,1182,548,1978,17835,13127,2398,0,58,0,0,12,0
2021-02-09T23:59:59+01:00,0,2,282,280,785,1187,874,1694,1166,2560,1312,2180,852,781,1135,1696,793,2516,100,123,382,640,498,886,639,1449,741,1243,482,447,615,1021,480,1736,17728,11484,2352,0,3,0,0,12,0
2021-02-08T23:59:59+01:00,0,2,281,279,783,1182,872,1687,1164,2556,1305,2172,846,778,1119,1674,777,2490,90,101,336,545,445,786,549,1239,633,1079,406,374,531,830,387,1427,17605,9760,2349,0,1,0,0,12,0
2021-02-07T23:59:59+01:00,0,2,280,278,781,1181,871,1687,1164,2555,1305,2169,840,776,1116,1671,776,2488,88,100,334,540,443,782,547,1230,629,1073,401,369,511,808,381,1413,17579,9651,2349,0,0,0,0,12,0
2021-02-06T23:59:59+01:00,0,2,280,277,780,1180,871,1686,1164,2555,1305,2168,839,776,1114,1665,774,2486,88,99,334,537,442,781,546,1226,627,1072,398,364,463,739,353,1368,17563,9439,2347,0,0,0,0,12,0
2021-02-05T23:59:59+01:00,0,2,280,277,780,1179,870,1685,1163,2554,1304,2163,832,770,1091,1654,767,2470,82,96,326,531,426,762,521,1192,598,1029,375,337,442,712,336,1322,17482,9088,2347,0,0,0,0,12,0
2021-02-04T23:59:59+01:00,0,2,277,269,777,1157,858,1662,1150,2526,1288,2140,809,756,1063,1625,760,2452,68,78,255,409,331,594,404,965,487,826,304,274,338,576,276,1113,17235,7298,2324,0,0,0,0,12,0
2021-02-03T23:59:59+01:00,0,2,276,264,773,1135,855,1634,1143,2475,1275,2108,789,742,1047,1603,750,2436,54,55,169,280,257,443,284,715,363,587,208,194,239,422,193,837,17131,5300,2164,0,0,0,0,12,0
2021-02-02T23:59:59+01:00,0,2,275,258,769,1126,848,1613,1135,2449,1263,2090,783,735,1039,1591,747,2428,35,35,92,139,148,254,171,447,235,369,134,124,162,254,136,538,16975,3273,2164,0,0,0,0,12,0
2021-02-01T23:59:59+01:00,0,2,273,255,764,1107,840,1593,1128,2418,1259,2055,774,721,1032,1580,744,2412,11,12,15,27,26,64,46,88,72,101,49,45,56,74,39,178,16782,903,2164,0,0,0,0,11,0
2021-01-31T23:59:59+01:00,0,2,267,253,748,1105,832,1582,1118,2407,1248,2047,768,715,1022,1562,737,2398,10,12,14,26,24,61,40,83,65,93,46,45,53,67,36,165,16745,840,2055,0,0,0,0,11,0
2021-01-30T23:59:59+01:00,0,2,267,253,748,1104,832,1582,1118,2407,1248,2047,767,715,1012,1555,720,2384,10,10,14,26,24,61,40,83,64,91,45,44,52,67,36,164,16742,831,2008,0,0,0,0,11,0
2021-01-29T23:59:59+01:00,0,2,267,253,748,1103,832,1582,1118,2407,1248,2046,766,714,1011,1553,720,2382,9,5,12,24,24,60,38,82,63,91,44,43,52,67,36,164,16735,814,2006,0,0,0,0,11,0
2021-01-28T23:59:59+01:00,0,2,263,248,737,1078,797,1527,1081,2346,1172,1989,725,700,983,1534,705,2363,4,0,3,6,9,24,19,37,20,44,21,22,23,45,15,97,16562,389,1677,0,0,0,0,11,0
2021-01-27T23:59:59+01:00,0,2,257,241,714,1046,750,1472,1022,2265,1099,1909,690,673,968,1513,702,2355,3,0,3,4,6,20,15,23,13,31,6,9,10,10,4,27,16113,184,1554,0,0,0,0,11,0
2021-01-26T23:59:59+01:00,0,2,233,232,697,1021,742,1423,1002,2191,1072,1844,678,659,945,1497,692,2336,3,0,1,4,5,10,13,12,6,10,3,5,6,7,1,16,16061,102,1194,0,0,0,0,11,0
2021-01-25T23:59:59+01:00,0,2,201,217,644,949,690,1300,959,2046,1014,1709,631,604,867,1402,649,2263,3,0,1,4,5,10,13,12,6,10,3,5,6,7,1,16,15833,102,303,0,0,0,0,11,0
2021-01-24T23:59:59+01:00,0,2,184,211,618,937,671,1286,941,2030,999,1699,623,598,857,1382,640,2250,3,0,1,4,5,10,12,12,5,10,3,5,6,7,1,16,15659,100,258,0,0,0,0,11,0
2021-01-23T23:59:59+01:00,0,2,184,211,618,937,671,1286,941,2030,999,1699,623,598,857,1382,640,2250,3,0,1,4,5,10,10,12,5,10,3,5,6,7,1,16,15659,98,258,0,0,0,0,11,0
2021-01-22T23:59:59+01:00,0,2,137,193,560,927,653,1271,907,2020,987,1688,618,597,856,1382,640,2250,3,0,0,4,5,10,10,12,5,10,3,5,6,7,1,16,15419,97,258,0,0,0,0,11,0
2021-01-21T23:59:59+01:00,0,2,133,185,545,904,633,1230,874,1966,965,1640,606,576,844,1351,633,2231,3,0,0,4,4,10,9,12,5,10,3,5,6,7,1,15,15049,94,258,0,0,0,0,11,0
2021-01-20T23:59:59+01:00,0,2,128,169,498,839,610,1152,811,1856,928,1569,585,559,827,1328,623,2203,3,0,0,4,4,10,9,12,5,10,3,5,6,7,1,15,14420,94,256,0,0,0,0,11,0
2021-01-19T23:59:59+01:00,0,2,117,151,427,753,547,1025,727,1669,828,1411,542,510,730,1180,552,1968,3,0,0,4,4,8,9,12,5,10,3,5,6,7,1,15,12939,92,189,0,0,0,0,11,0
2021-01-18T23:59:59+01:00,0,2,99,119,358,601,457,856,597,1408,702,1204,474,444,647,1023,485,1704,1,0,0,1,0,0,0,0,0,0,0,0,0,1,0,0,11090,3,79,0,0,0,0,11,0
2021-01-17T23:59:59+01:00,0,2,95,117,354,595,456,851,595,1389,694,1194,469,434,621,994,469,1663,1,0,0,1,0,0,0,0,0,0,0,0,0,1,0,0,10903,3,78,0,0,0,0,11,0
2021-01-16T23:59:59+01:00,0,2,95,114,352,587,453,846,584,1376,683,1182,454,421,526,869,411,1566,0,0,0,1,0,0,0,0,0,0,0,0,0,0,0,0,10507,1,3,0,0,0,0,11,0
2021-01-15T23:59:59+01:00,0,2,94,112,347,585,447,841,578,1369,666,1166,438,403,518,858,403,1543,0,0,0,0,0,0,0,0,0,0,0,0,0,0,0,0,10358,0,1,0,0,0,0,11,0
2021-01-14T23:59:59+01:00,0,0,77,90,291,484,371,677,461,1116,548,985,359,323,407,701,330,1308,0,0,0,0,0,0,0,0,0,0,0,0,0,0,0,0,8517,0,0,0,0,0,0,11,0
2021-01-13T23:59:59+01:00,0,0,63,67,207,366,295,505,348,835,422,705,251,227,298,525,249,1006,0,0,0,0,0,0,0,0,0,0,0,0,0,0,0,0,6359,0,0,0,0,0,0,10,0
2021-01-12T23:59:59+01:00,0,0,41,45,125,216,181,313,207,531,282,438,158,145,192,343,172,678,0,0,0,0,0,0,0,0,0,0,0,0,0,0,0,0,4067,0,0,0,0,0,0,0,0
2021-01-11T23:59:59+01:00,0,0,11,14,42,58,42,93,59,119,94,128,64,58,83,103,49,221,0,0,0,0,0,0,0,0,0,0,0,0,0,0,0,0,1238,0,0,0,0,0,0,0,0
2021-01-10T23:59:59+01:00,0,0,11,14,29,47,35,75,50,110,81,118,57,54,77,93,46,208,0,0,0,0,0,0,0,0,0,0,0,0,0,0,0,0,1105,0,0,0,0,0,0,0,0
2021-01-09T23:59:59+01:00,0,0,11,13,26,46,35,75,49,109,79,115,56,53,76,92,45,207,0,0,0,0,0,0,0,0,0,0,0,0,0,0,0,0,1087,0,0,0,0,0,0,0,0
2021-01-08T23:59:59+01:00,0,0,7,6,26,40,33,72,46,107,78,114,53,49,70,87,41,207,0,0,0,0,0,0,0,0,0,0,0,0,0,0,0,0,1036,0,0,0,0,0,0,0,0
2021-01-07T23:59:59+01:00,0,0,5,1,9,20,15,38,27,77,33,76,32,27,46,74,28,161,0,0,0,0,0,0,0,0,0,0,0,0,0,0,0,0,669,0,0,0,0,0,0,0,0
2021-01-06T23:59:59+01:00,0,0,5,0,4,8,10,30,24,43,19,47,26,24,33,51,19,119,0,0,0,0,0,0,0,0,0,0,0,0,0,0,0,0,462,0,0,0,0,0,0,0,0
2021-01-05T23:59:59+01:00,0,0,5,0,4,8,10,30,24,43,19,47,26,24,33,50,19,119,0,0,0,0,0,0,0,0,0,0,0,0,0,0,0,0,461,0,0,0,0,0,0,0,0
2021-01-04T23:59:59+01:00,0,0,4,0,1,3,4,11,13,12,5,11,3,5,6,8,1,17,0,0,0,0,0,0,0,0,0,0,0,0,0,0,0,0,104,0,0,0,0,0,0,0,0
2021-01-03T23:59:59+01:00,0,0,3,0,1,3,4,10,12,12,5,11,3,5,6,8,1,16,0,0,0,0,0,0,0,0,0,0,0,0,0,0,0,0,100,0,0,0,0,0,0,0,0
2021-01-02T23:59:59+01:00,0,0,3,0,1,3,4,10,10,12,5,11,3,5,6,8,1,16,0,0,0,0,0,0,0,0,0,0,0,0,0,0,0,0,98,0,0,0,0,0,0,0,0
2021-01-01T23:59:59+01:00,0,0,3,0,0,3,4,10,10,12,5,11,3,5,6,7,1,16,0,0,0,0,0,0,0,0,0,0,0,0,0,0,0,0,96,0,0,0,0,0,0,0,0
2020-12-31T23:59:59+01:00,0,0,3,0,0,3,4,10,9,12,5,11,3,5,6,7,1,16,0,0,0,0,0,0,0,0,0,0,0,0,0,0,0,0,95,0,0,0,0,0,0,0,0
2020-12-30T23:59:59+01:00,0,0,3,0,0,3,4,10,9,12,5,11,3,5,6,7,1,16,0,0,0,0,0,0,0,0,0,0,0,0,0,0,0,0,95,0,0,0,0,0,0,0,0
2020-12-29T23:59:59+01:00,0,0,3,0,0,3,4,8,9,12,5,11,3,5,6,7,1,16,0,0,0,0,0,0,0,0,0,0,0,0,0,0,0,0,93,0,0,0,0,0,0,0,0
2020-12-28T23:59:59+01:00,0,0,3,0,0,3,4,8,9,12,5,11,3,5,6,7,1,16,0,0,0,0,0,0,0,0,0,0,0,0,0,0,0,0,93,0,0,0,0,0,0,0,0
2020-12-27T23:59:59+01:00,0,0,1,0,0,0,0,0,0,0,0,0,0,0,1,3,0,7,0,0,0,0,0,0,0,0,0,0,0,0,0,0,0,0,12,0,0,0,0,0,0,0,0
