Datum,<24_1_m,<24_1_w,25-34_1_m,25-34_1_w,35-44_1_m,35-44_1_w,45-54_1_m,45-54_1_w,55-64_1_m,55-64_1_w,65-74_1_m,65-74_1_w,75-84_1_m,75-84_1_w,>84_1_m,>84_1_w,<24_2_m,<24_2_w,25-34_2_m,25-34_2_w,35-44_2_m,35-44_2_w,45-54_2_m,45-54_2_w,55-64_2_m,55-64_2_w,65-74_2_m,65-74_2_w,75-84_2_m,75-84_2_w,>84_2_m,>84_2_w,bp_1,bp_2,mo_1,mo_2,az_1,az_2,ja
2021-07-02T23:59:59+02:00,16406,15924,27086,25284,29341,29564,35641,36302,39846,40437,26905,30048,19325,24248,5938,10053,6342,6556,13209,13106,15339,17024,22598,24471,29607,31420,23211,25952,17635,22051,5621,9438,282469,200001,43695,26013,76881,48263,9303
2021-07-01T23:59:59+02:00,16263,15797,27006,25213,29293,29515,35597,36262,39793,40401,26887,30036,19317,24238,5936,10049,6229,6452,12922,12897,14896,16666,21985,23975,29169,31019,22976,25717,17544,21949,5617,9427,281778,196819,43693,25952,76869,47406,9263
2021-06-30T23:59:59+02:00,16137,15675,26899,25135,29229,29448,35546,36215,39751,40365,26874,30006,19307,24221,5932,10049,6090,6283,12518,12535,14350,16142,21403,23417,28608,30521,22558,25256,17415,21768,5610,9415,280995,192773,43690,25928,76862,45946,9242
2021-06-29T23:59:59+02:00,15324,14966,26640,24917,29135,29349,35466,36135,39684,40319,26853,29983,19300,24208,5932,10047,5981,6161,12269,12276,13962,15749,20620,22804,28037,29988,22121,24739,17266,21596,5602,9406,278518,189707,43688,25427,76854,44245,9198
2021-06-28T23:59:59+02:00,14667,14301,26485,24814,29061,29283,35410,36071,39641,40286,26835,29965,19292,24197,5932,10043,5916,6067,12091,12138,13776,15573,20015,22262,27638,29619,21788,24382,17138,21434,5597,9402,276605,188036,43684,24791,76850,42865,9144
2021-06-27T23:59:59+02:00,14250,13862,26424,24756,29021,29248,35388,36050,39624,40273,26824,29958,19290,24194,5931,10042,5880,6023,11980,12029,13635,15449,19468,21800,27037,29122,21504,24039,17015,21305,5594,9401,275503,187218,43682,23292,76839,41660,9111
2021-06-26T23:59:59+02:00,14239,13851,26409,24746,29014,29243,35382,36049,39621,40272,26823,29957,19290,24194,5931,10042,5875,6020,11969,12026,13629,15446,19455,21790,26992,29087,21359,23911,16975,21250,5593,9399,275433,187194,43681,23288,76839,41184,9110
2021-06-25T23:59:59+02:00,12861,12526,24960,23607,28716,29010,35278,35967,39556,40212,26799,29930,19281,24183,5929,10040,5831,5972,11874,11948,13490,15325,19150,21560,26613,28736,21069,23564,16830,21089,5591,9391,269245,185979,43677,23012,76826,39935,9107
2021-06-24T23:59:59+02:00,11845,11648,23863,22739,28357,28663,35131,35807,39444,40109,26765,29880,19270,24161,5927,10036,5617,5742,11423,11537,12918,14738,17634,20175,24988,27153,20309,22718,16517,20684,5581,9381,264087,181053,43661,19430,76822,37557,9075
2021-06-23T23:59:59+02:00,11456,11310,23377,22379,28116,28426,34953,35682,39358,40024,26735,29854,19262,24124,5925,10025,5544,5630,11212,11323,12621,14389,17248,19770,24243,26390,19530,21984,16326,20440,5573,9365,261538,178712,43655,18825,76816,35054,8997
2021-06-22T23:59:59+02:00,11255,11089,23225,22238,28037,28357,34878,35621,39313,39980,26720,29830,19254,24116,5925,10024,5435,5508,10952,11070,12256,14021,16650,19179,23520,25632,19151,21562,16164,20262,5566,9349,260412,175712,43654,17975,76814,33608,8982
2021-06-21T23:59:59+02:00,10993,10894,22401,21574,27789,28137,34814,35560,39249,39938,26705,29812,19248,24107,5925,10023,5317,5403,10740,10849,11952,13707,16265,18837,23077,25172,18863,21255,16061,20143,5560,9347,257853,174280,43649,16971,76808,32438,8859
2021-06-20T23:59:59+02:00,10925,10805,22160,21360,27536,27940,34736,35485,39204,39894,26696,29799,19246,24103,5923,10020,5277,5349,10658,10749,11858,13607,16074,18653,22807,24936,18762,21150,16008,20085,5554,9343,256594,173979,43647,15918,76807,32189,8784
2021-06-19T23:59:59+02:00,10900,10779,22132,21337,27520,27926,34724,35481,39195,39890,26695,29798,19246,24101,5923,10020,5246,5317,10578,10660,11767,13486,15926,18501,22502,24579,18677,21063,15996,20073,5553,9343,256452,173875,43624,14432,76807,32176,8784
2021-06-18T23:59:59+02:00,10852,10728,21825,21021,27257,27716,34672,35445,39165,39867,26687,29789,19245,24098,5923,10018,5231,5307,10550,10632,11727,13439,15865,18442,22417,24484,18511,20882,15951,20007,5552,9338,255096,173487,43622,14432,76806,31632,8784
2021-06-17T23:59:59+02:00,10265,10295,20561,20068,26401,26989,34303,35123,38914,39680,26623,29710,19225,24062,5916,10014,5035,5171,10178,10384,11295,13044,15194,17835,21064,23180,18059,20399,15789,19836,5548,9323,249366,168240,43604,13862,76794,30847,8385
2021-06-16T23:59:59+02:00,9927,9978,19885,19441,25764,26390,34059,34924,38755,39532,26582,29660,19202,24039,5915,10010,4897,5027,9799,10056,10844,12598,14499,17155,20219,22260,17659,19957,15624,19627,5538,9311,245566,164508,43593,12612,76781,29827,8123
2021-06-15T23:59:59+02:00,9672,9733,19595,19199,25545,26197,33930,34820,38658,39454,26554,29625,19195,24024,5910,10006,4794,4919,9561,9849,10616,12346,14083,16732,19628,21688,17346,19576,15406,19400,5529,9300,243827,162469,43585,11546,76775,28828,7930
2021-06-14T23:59:59+02:00,9538,9609,19301,18944,25373,26055,33812,34741,38597,39416,26538,29605,19189,24013,5910,10003,4724,4858,9386,9713,10448,12213,13829,16523,19315,21399,17184,19426,15305,19272,5528,9296,242658,161047,43583,11545,76771,28195,7632
2021-06-13T23:59:59+02:00,9377,9476,19017,18761,25025,25802,33612,34574,38493,39349,26523,29593,19179,24006,5910,9999,4644,4792,9178,9548,10284,12044,13507,16189,18973,21072,17060,19279,15258,19207,5526,9294,241029,160207,43583,11545,76767,26786,7317
2021-06-12T23:59:59+02:00,9368,9463,19004,18748,25025,25797,33612,34571,38490,39348,26523,29593,19179,24006,5910,9999,4641,4782,9168,9493,10252,11946,13459,16041,18919,20940,16964,19171,15152,19114,5524,9292,240984,160181,43583,11543,76763,25828,7306
2021-06-11T23:59:59+02:00,9207,9283,18774,18541,24234,25133,33436,34418,38358,39236,26491,29559,19169,23983,5910,9994,4564,4667,8954,9239,9996,11655,12946,15499,17956,20051,16779,18978,15112,19070,5521,9289,238107,156206,43582,11542,76760,25251,7277
2021-06-10T23:59:59+02:00,8814,8948,18133,18064,23389,24465,33123,34140,38162,39079,26434,29506,19146,23954,5907,9988,4389,4489,8384,8753,9199,10943,11805,14414,15993,18161,15897,18024,14828,18706,5512,9267,234547,146642,42926,11510,76735,23568,7044
2021-06-09T23:59:59+02:00,8357,8431,17321,17346,22257,23436,32644,33684,37888,38867,26328,29404,19101,23899,5897,9975,4254,4376,8099,8488,8956,10694,11478,14053,15514,17623,15526,17595,14587,18422,5505,9257,230640,144836,41045,11469,76699,21671,6451
2021-06-08T23:59:59+02:00,8031,8110,16861,16931,21843,23073,32403,33493,37725,38738,26284,29363,19091,23876,5894,9970,4136,4294,7847,8237,8654,10351,11127,13708,14877,16931,15075,17074,14325,18147,5500,9239,227945,143160,41013,10364,76691,19961,6037
2021-06-07T23:59:59+02:00,7836,7876,16505,16607,21303,22627,32129,33227,37609,38624,26258,29315,19074,23849,5889,9969,4062,4216,7667,8097,8495,10210,10960,13537,14570,16612,14880,16823,14152,17956,5496,9235,226343,142097,40053,10273,76680,18977,5621
2021-06-06T23:59:59+02:00,7731,7764,16373,16461,21111,22421,31907,33004,37477,38520,26230,29292,19061,23833,5889,9963,4036,4181,7621,7980,8445,10083,10857,13394,14376,16398,14698,16645,14063,17836,5489,9229,225129,141622,39753,10263,76663,17954,5492
2021-06-05T23:59:59+02:00,7709,7750,16344,16433,21104,22418,31897,32998,37475,38519,26229,29292,19060,23832,5889,9963,4026,4142,7606,7915,8432,9950,10843,13223,14358,16293,14661,16590,14054,17826,5489,9228,225019,141541,39753,10263,76662,17354,5478
2021-06-04T23:59:59+02:00,7597,7647,16066,16199,20832,22174,31477,32627,37362,38398,26196,29254,19049,23819,5887,9961,4019,4133,7580,7892,8406,9921,10777,13150,14254,16163,14580,16497,14018,17782,5489,9226,223439,141211,38985,9935,76643,17263,5478
2021-06-03T23:59:59+02:00,7350,7421,15195,15423,19207,20790,30570,31708,36864,37941,26066,29121,19005,23768,5881,9943,3960,4095,7493,7821,8285,9823,10612,12968,13690,15600,14325,16190,13934,17681,5486,9213,216870,139023,37418,9833,76634,16989,5331
2021-06-02T23:59:59+02:00,7215,7280,14814,14999,18780,20394,30115,31272,36644,37688,26002,29058,18986,23741,5878,9942,3930,4065,7429,7736,8198,9735,10474,12838,13245,15171,14203,16008,13907,17644,5483,9208,213856,137248,36990,9740,76634,16958,5328
2021-06-01T23:59:59+02:00,6941,7038,14422,14690,18445,20077,29792,30963,36423,37455,25947,28979,18962,23712,5876,9931,3829,3980,7187,7560,7967,9542,10212,12564,12846,14750,13773,15562,13791,17492,5477,9200,211147,135146,36945,9487,76613,16151,4948
2021-05-31T23:59:59+02:00,6781,6848,14205,14460,17744,19478,29453,30628,36126,37194,25859,28884,18936,23658,5866,9918,3751,3871,6984,7317,7744,9258,9872,12185,12410,14235,13246,14950,13593,17263,5468,9185,209737,131993,34902,9165,76597,15372,4802
2021-05-30T23:59:59+02:00,6759,6834,14160,14423,17667,19421,29403,30589,36095,37171,25847,28872,18933,23651,5865,9916,3708,3800,6838,7113,7597,9032,9670,11877,12155,13894,13126,14782,13525,17180,5465,9178,209444,131280,34891,9064,76543,13868,4728
2021-05-29T23:59:59+02:00,6757,6833,14152,14419,17662,19416,29398,30586,36092,37170,25845,28869,18933,23650,5865,9916,3699,3787,6810,7080,7564,8981,9634,11831,12083,13796,13085,14714,13495,17156,5464,9173,209417,131142,34891,9064,76528,13419,4727
2021-05-28T23:59:59+02:00,6747,6820,14137,14402,17645,19395,29387,30574,36081,37152,25844,28865,18931,23646,5865,9916,3685,3763,6788,7039,7530,8929,9582,11727,11843,13526,12896,14523,13465,17116,5461,9170,209266,129854,34890,9063,76525,13400,4726
2021-05-27T23:59:59+02:00,6657,6740,13869,14185,17162,19049,28712,30036,35922,37021,25798,28831,18916,23632,5864,9910,3562,3603,6501,6789,7156,8627,9088,11172,11139,12636,12348,13965,13336,16925,5454,9158,208194,126368,33458,8735,76483,12187,4169
2021-05-26T23:59:59+02:00,6587,6631,13656,13982,16912,18745,28173,29527,35746,36846,25761,28786,18901,23609,5863,9905,3472,3463,6277,6501,6871,8202,8753,10697,10501,11850,11807,13372,13195,16713,5450,9136,206610,122850,32711,8553,76470,11018,3839
2021-05-25T23:59:59+02:00,6506,6538,13453,13764,16650,18536,27453,28883,35656,36750,25737,28757,18889,23593,5858,9904,3423,3372,6133,6334,6727,8013,8529,10408,10158,11487,11464,12899,13090,16550,5447,9128,205906,121021,31269,8416,75985,9958,3767
2021-05-24T23:59:59+02:00,6437,6442,13280,13565,16430,18256,27050,28461,35318,36355,25685,28691,18870,23570,5857,9902,3410,3350,6075,6252,6682,7932,8470,10313,10086,11391,11291,12671,13044,16460,5439,9107,205398,120408,29065,8370,75977,9466,3729
2021-05-23T23:59:59+02:00,6435,6441,13275,13556,16427,18246,27031,28451,35288,36321,25682,28685,18870,23564,5857,9902,3407,3346,6069,6242,6672,7925,8443,10283,10046,11334,11208,12570,13024,16429,5439,9106,205283,120404,29049,7957,75976,9459,3723
2021-05-22T23:59:59+02:00,6427,6437,13268,13545,16421,18242,27028,28450,35285,36315,25682,28685,18870,23564,5857,9902,3406,3346,6066,6240,6671,7921,8439,10281,10041,11331,11197,12556,13019,16425,5438,9106,205232,120364,29049,7957,75974,9439,3723
2021-05-21T23:59:59+02:00,6368,6377,13117,13439,16249,18092,26760,28274,34858,36048,25656,28649,18862,23558,5856,9898,3397,3337,6033,6219,6642,7888,8400,10232,9987,11282,10686,11846,12880,16266,5435,9101,204547,118618,28924,7954,74938,9407,3652
2021-05-20T23:59:59+02:00,6077,6176,12511,13027,15058,17171,24857,26780,33914,35285,25551,28503,18807,23477,5850,9883,3338,3292,5942,6104,6531,7735,8253,10074,9753,10980,10355,11404,12773,16088,5426,9087,199797,116665,27193,7881,72412,9064,3525
2021-05-19T23:59:59+02:00,5873,5935,11997,12570,14355,16468,23909,25970,33290,34691,25441,28413,18771,23421,5843,9871,3262,3219,5781,5935,6341,7497,7978,9796,9451,10601,10043,10991,12695,15943,5424,9079,194125,114768,27155,7686,72399,8443,3139
2021-05-18T23:59:59+02:00,5705,5824,11600,12247,13731,15970,22754,25023,32625,34087,25325,28278,18725,23371,5838,9861,3220,3191,5670,5830,6180,7339,7772,9586,9257,10367,9877,10743,12551,15725,5414,9070,189179,113647,26652,7617,72357,7752,2776
2021-05-17T23:59:59+02:00,5652,5778,11436,12141,13461,15749,21947,24390,32317,33775,25246,28219,18702,23341,5829,9852,3126,3121,5492,5653,6016,7133,7566,9369,9042,10131,9794,10628,12496,15666,5411,9065,187418,112960,25962,7611,71965,6648,2490
2021-05-16T23:59:59+02:00,5625,5758,11375,12086,13376,15669,21340,23845,31703,33247,25205,28176,18692,23326,5828,9852,3122,3099,5478,5585,5989,7075,7539,9268,9010,10048,9778,10610,12493,15663,5411,9065,186653,112852,24423,7605,71547,6296,2480
2021-05-15T23:59:59+02:00,5616,5749,11342,12077,13346,15659,21268,23774,31174,32874,25194,28171,18691,23323,5827,9851,3108,3085,5459,5543,5975,7000,7500,9153,8782,9796,9745,10579,12459,15612,5411,9064,186604,112848,24411,7467,70900,5935,2021
2021-05-14T23:59:59+02:00,5578,5723,11280,12039,13276,15594,20861,23466,30747,32530,25159,28126,18679,23306,5827,9849,3076,3045,5423,5455,5954,6866,7461,8952,8723,9602,9675,10471,12373,15488,5411,9060,185885,112684,24094,7140,70041,5191,2020
2021-05-13T23:59:59+02:00,5424,5567,10905,11745,12563,15007,18684,21726,29207,31073,24928,27882,18612,23234,5825,9846,3065,3012,5399,5416,5937,6810,7437,8882,8680,9543,9463,10232,12180,15193,5406,9051,181951,112335,20311,6341,67961,5025,2005
2021-05-12T23:59:59+02:00,5395,5540,10833,11687,12462,14919,18557,21599,28838,30705,24838,27786,18595,23205,5824,9841,3065,3008,5393,5410,5927,6796,7413,8867,8643,9489,9280,10005,11955,14875,5403,9044,180984,112059,19677,5490,67958,5019,2005
2021-05-11T23:59:59+02:00,5259,5438,10589,11445,12100,14548,17961,20967,27919,29746,24646,27598,18537,23131,5819,9826,3024,2967,5303,5257,5828,6613,7283,8627,8484,9268,9103,9814,11809,14690,5394,9026,176964,111038,18793,5383,67829,4126,1943
2021-05-10T23:59:59+02:00,5134,5358,10378,11251,11842,14294,17637,20636,27500,29339,24537,27491,18499,23084,5811,9822,2955,2914,5186,5141,5715,6511,7160,8486,8358,9161,8999,9691,11719,14563,5391,9018,174965,110511,18109,5372,67604,3150,1935
2021-05-09T23:59:59+02:00,5063,5310,10280,11138,11743,14177,17299,20354,27110,28967,24451,27405,18470,23048,5808,9819,2889,2883,5041,5098,5540,6468,6995,8457,8233,9126,8987,9681,11701,14543,5391,9018,174570,110435,16836,5362,67115,2333,1921
2021-05-08T23:59:59+02:00,5062,5309,10278,11135,11743,14177,17296,20352,27107,28964,24451,27405,18470,23048,5808,9819,2889,2882,5040,5098,5540,6468,6995,8457,8231,9126,8986,9680,11701,14543,5391,9018,174555,110432,16836,5362,67112,2330,1921
2021-05-07T23:59:59+02:00,5027,5283,10210,11080,11616,14055,16902,20079,26471,28409,24403,27354,18453,23014,5801,9789,2880,2875,5025,5092,5531,6455,6984,8446,8223,9115,8980,9672,11690,14521,5383,8990,173723,110418,16834,5361,65598,2292,1791
2021-05-06T23:59:59+02:00,4757,5122,9749,10738,11062,13542,15827,19063,24076,26133,23906,26833,18347,22912,5796,9775,2838,2831,4958,5019,5488,6365,6898,8324,8090,8968,8880,9562,11666,14471,5380,8987,168713,109870,14394,5306,62751,1769,1780
2021-05-05T23:59:59+02:00,4680,5046,9457,10511,10724,13217,15248,18458,23239,25174,23644,26508,18277,22806,5786,9757,2818,2795,4908,4931,5430,6245,6814,8159,7968,8754,8775,9431,11590,14386,5379,8979,165059,108941,13095,5300,62601,1344,1777
2021-05-04T23:59:59+02:00,4596,4955,9283,10307,10518,12977,14863,18061,22700,24612,23430,26235,18205,22727,5778,9744,2809,2761,4881,4856,5398,6131,6765,8021,7886,8603,8674,9325,11519,14329,5377,8976,162809,108479,11978,5290,62447,785,1757
2021-05-03T23:59:59+02:00,4524,4881,9092,10170,10343,12804,14579,17815,22292,24199,23292,26087,18178,22680,5778,9738,2733,2691,4795,4782,5324,6047,6670,7916,7706,8440,8590,9239,11480,14280,5374,8971,161308,108264,11977,5287,62355,675,812
2021-05-02T23:59:59+02:00,4511,4868,9015,10112,10219,12691,14254,17508,21990,23915,23243,26029,18159,22655,5777,9737,2726,2684,4735,4749,5235,5963,6533,7788,7589,8342,8544,9200,11456,14246,5372,8966,160423,108151,11974,5285,62252,658,34
2021-05-01T23:59:59+02:00,4511,4866,9013,10111,10218,12691,14251,17505,21988,23915,23242,26028,18159,22655,5777,9737,2726,2684,4735,4749,5235,5963,6533,7788,7589,8342,8544,9200,11456,14246,5372,8966,160407,108151,11974,5285,62252,658,34
2021-04-30T23:59:59+02:00,4438,4774,8772,9898,9956,12449,13769,17081,21148,23147,23116,25892,18143,22626,5774,9734,2723,2682,4726,4742,5226,5928,6521,7759,7556,8305,8541,9198,11455,14244,5370,8965,156819,108128,11973,5283,61924,529,1
2021-04-29T23:59:59+02:00,4290,4630,8293,9492,9262,11849,12769,16188,19313,21477,22416,25138,18006,22417,5768,9717,2699,2661,4685,4670,5184,5854,6463,7653,7481,8191,8432,9085,11390,14170,5363,8957,147691,107652,11959,5013,61374,272,1
2021-04-28T23:59:59+02:00,4256,4611,8222,9418,9184,11764,12651,16069,19100,21264,22328,25047,17978,22376,5766,9712,2696,2650,4659,4611,5157,5811,6433,7580,7432,8109,8415,9061,11375,14148,5362,8951,147313,107461,11869,4941,60563,47,1
2021-04-27T23:59:59+02:00,4217,4565,8084,9280,9071,11613,12508,15900,18654,20771,22104,24790,17917,22302,5763,9704,2693,2646,4657,4607,5147,5803,6420,7562,7401,8073,8358,8983,11294,14068,5358,8948,146590,107208,10796,4770,59856,39,1
2021-04-26T23:59:59+02:00,4175,4538,7978,9185,8925,11510,12336,15728,18248,20409,21969,24644,17882,22274,5763,9703,2693,2644,4653,4604,5142,5793,6405,7545,7371,8042,8315,8938,11239,13992,5355,8931,145825,107114,10661,4514,58781,34,0
2021-04-25T23:59:59+02:00,4161,4523,7942,9155,8861,11448,12202,15598,17904,20083,21770,24409,17843,22219,5759,9698,2693,2644,4652,4603,5140,5789,6400,7542,7369,8038,8259,8879,11217,13964,5355,8930,144453,107093,10650,4348,58472,33,0
2021-04-24T23:59:59+02:00,4154,4515,7927,9151,8846,11438,12154,15568,17846,20045,21754,24396,17841,22214,5759,9698,2692,2644,4652,4603,5140,5789,6400,7542,7369,8038,8259,8879,11217,13964,5355,8930,144356,107093,10650,4348,58300,32,0
2021-04-23T23:59:59+02:00,4134,4482,7871,9088,8763,11336,11813,15243,17417,19649,21540,24166,17779,22137,5757,9690,2689,2642,4649,4600,5133,5782,6386,7533,7346,8007,8238,8852,11209,13955,5353,8927,143100,107081,10303,4189,57462,31,0
2021-04-22T23:59:59+02:00,4084,4417,7741,8896,8578,11077,11488,14824,16505,18669,20972,23460,17646,21958,5748,9671,2680,2636,4644,4580,5111,5756,6348,7498,7280,7962,8106,8698,11067,13805,5349,8918,139369,106463,10182,3951,56183,24,0
2021-04-21T23:59:59+02:00,4042,4374,7639,8778,8423,10922,11196,14544,15774,17914,20597,23013,17574,21853,5743,9658,2672,2625,4626,4561,5095,5736,6336,7483,7255,7941,8057,8637,11030,13766,5347,8917,136465,106187,10053,3875,55526,22,0
2021-04-20T23:59:59+02:00,4017,4348,7603,8724,8346,10843,11035,14371,15342,17440,20136,22500,17474,21701,5736,9647,2666,2616,4617,4548,5070,5717,6308,7461,7215,7902,7963,8507,10956,13679,5343,8913,134327,105624,9788,3836,55148,21,0
2021-04-19T23:59:59+02:00,3987,4298,7543,8621,8253,10704,10879,14190,15090,17145,19658,21936,17309,21487,5725,9635,2661,2615,4611,4544,5057,5702,6290,7444,7190,7860,7910,8453,10930,13633,5340,8908,132270,105294,9432,3833,54758,21,0
2021-04-18T23:59:59+02:00,3970,4270,7483,8570,8147,10577,10620,13948,14600,16607,19230,21428,17187,21301,5721,9629,2661,2615,4611,4544,5057,5702,6289,7441,7188,7859,7907,8450,10928,13629,5339,8905,129862,105273,9362,3831,54064,21,0
2021-04-17T23:59:59+02:00,3966,4262,7463,8564,8137,10559,10581,13902,14491,16519,19109,21304,17165,21273,5719,9627,2661,2615,4610,4542,5052,5697,6275,7436,7163,7836,7861,8404,10909,13606,5338,8905,129424,105264,9354,3625,53863,21,0
2021-04-16T23:59:59+02:00,3955,4219,7391,8443,8035,10403,10388,13642,13824,15764,18545,20666,17040,21096,5708,9609,2658,2612,4605,4537,5048,5686,6259,7425,7125,7801,7557,8019,10821,13468,5330,8889,126582,104482,9293,3337,52853,21,0
2021-04-15T23:59:59+02:00,3911,4165,7279,8312,7870,10166,10056,13253,13096,14909,17735,19804,16798,20774,5695,9588,2657,2604,4594,4521,5035,5656,6230,7390,7056,7733,7010,7395,10708,13317,5326,8878,122940,102887,9136,3204,51335,19,0
2021-04-14T23:59:59+02:00,3884,4136,7214,8206,7765,10018,9884,13055,12679,14462,17211,19196,16648,20565,5690,9574,2624,2585,4576,4490,5007,5610,6195,7357,7001,7672,6389,6647,10448,13033,5322,8870,121557,100608,8902,3204,49728,14,0
2021-04-13T23:59:59+02:00,3881,4130,7177,8190,7708,9985,9777,13003,12306,14174,16521,18352,16413,20265,5686,9568,2600,2558,4557,4465,4983,5577,6136,7288,6912,7571,6180,6398,9909,12392,5314,8851,120870,98480,8685,3197,47581,14,0
2021-04-12T23:59:59+02:00,3867,4112,7124,8143,7652,9918,9672,12902,12062,13961,16079,17838,16226,20052,5681,9565,2572,2547,4491,4423,4877,5509,6023,7213,6794,7472,5437,5579,9460,11857,5274,8809,120538,95134,8650,3189,45666,14,0
2021-04-11T23:59:59+02:00,3855,4105,7083,8091,7594,9874,9580,12823,11828,13753,15516,17154,15950,19713,5676,9555,2497,2464,4362,4301,4722,5377,5860,7061,6644,7366,5135,5220,9328,11698,5274,8805,119960,92960,8222,3141,43968,13,0
2021-04-10T23:59:59+02:00,3837,4086,7044,8044,7550,9818,9520,12764,11736,13667,15299,16963,15901,19646,5675,9548,1940,1897,3546,3583,3847,4613,4855,6140,5789,6582,4862,4914,9200,11545,5268,8796,119496,84223,8222,3141,43380,13,0
2021-04-09T23:59:59+02:00,3817,4066,7005,8015,7486,9763,9367,12636,11409,13381,14119,15435,15459,19116,5663,9538,1082,1071,2195,2392,2341,3247,3074,4501,4174,5126,4183,4183,8955,11193,5243,8767,117604,68575,8220,3139,40451,13,0
2021-04-08T23:59:59+02:00,3792,4050,6944,7963,7387,9669,9181,12517,11003,13027,12993,14185,15051,18596,5644,9507,581,583,1282,1687,1437,2320,1976,3420,2795,3740,2943,2791,8160,10222,5104,8548,116374,54441,8140,3136,36995,12,0
2021-04-07T23:59:59+02:00,3746,4025,6866,7909,7294,9600,9054,12388,10692,12720,12269,13421,14834,18331,5638,9488,350,365,931,1343,1032,1935,1466,2961,1850,2735,1762,1506,7257,9086,4952,8289,115414,44675,7989,3136,34872,9,0
2021-04-06T23:59:59+02:00,3730,4013,6844,7871,7239,9533,8961,12309,10481,12503,11884,12928,14613,18036,5627,9474,343,351,923,1333,1017,1914,1439,2933,1791,2676,1683,1439,6850,8537,4801,8053,114137,42940,7890,3135,34019,8,0
2021-04-05T23:59:59+02:00,3726,4012,6833,7860,7227,9523,8943,12282,10416,12444,11773,12782,14515,17944,5625,9471,341,345,912,1329,1011,1906,1429,2913,1770,2642,1630,1386,6627,8240,4680,7870,113803,41889,7869,3134,33704,8,0
2021-04-04T23:59:59+02:00,3726,4012,6830,7854,7226,9522,8942,12282,10406,12439,11770,12779,14512,17943,5625,9471,341,344,912,1329,1010,1904,1428,2912,1769,2639,1627,1381,6620,8227,4675,7867,113798,41843,7869,3134,33672,8,0
2021-04-03T23:59:59+02:00,3726,4012,6830,7853,7225,9522,8942,12282,10405,12439,11770,12778,14510,17941,5625,9471,341,343,910,1325,1008,1903,1427,2907,1767,2639,1622,1369,6577,8146,4640,7832,113794,41614,7869,3134,33668,8,0
2021-04-02T23:59:59+02:00,3724,4010,6828,7850,7219,9516,8931,12275,10390,12423,11643,12664,14467,17885,5621,9463,339,341,908,1318,1002,1892,1413,2882,1727,2600,1527,1283,5813,7249,4206,7268,113673,38948,7865,2812,33371,8,0
2021-04-01T23:59:59+02:00,3685,3997,6794,7828,7178,9486,8881,12237,10321,12354,11304,12257,14095,17379,5616,9450,334,338,893,1303,990,1873,1381,2837,1668,2538,1404,1191,4888,6148,3657,6447,113289,35075,6469,2807,33104,8,0
2021-03-31T23:59:59+02:00,3679,3993,6779,7809,7162,9469,8846,12206,10237,12283,10974,11853,13754,16886,5610,9429,331,335,885,1296,980,1860,1361,2809,1618,2503,1338,1138,4318,5484,3309,5989,112719,32812,5476,2734,32774,8,0
2021-03-30T23:59:59+02:00,3661,3969,6743,7771,7105,9404,8758,12102,10075,12128,10717,11577,13530,16619,5603,9415,327,329,879,1286,973,1854,1338,2803,1592,2478,1312,1112,4199,5362,3249,5895,111900,32441,5226,2539,32051,8,0
2021-03-29T23:59:59+02:00,3652,3947,6717,7749,7065,9351,8662,12007,9894,11921,10284,11109,13157,16154,5586,9382,322,325,875,1276,967,1846,1329,2792,1576,2469,1288,1098,4066,5219,3151,5765,110230,31824,4918,2533,31489,7,0
2021-03-28T23:59:59+02:00,3612,3892,6602,7593,6948,9211,8536,11816,9742,11733,10073,10849,12982,15968,5581,9372,322,325,875,1276,965,1845,1328,2792,1575,2467,1281,1096,4035,5179,3125,5741,109860,31789,4655,2432,29995,6,0
2021-03-27T23:59:59+01:00,3611,3881,6590,7528,6919,9097,8487,11645,9690,11579,9959,10726,12888,15880,5580,9372,322,324,875,1276,965,1843,1328,2790,1571,2466,1279,1094,4009,5144,3112,5726,109851,31687,4655,2431,28926,6,0
2021-03-26T23:59:59+01:00,3605,3873,6562,7491,6890,9024,8439,11533,9599,11451,9911,10663,12842,15825,5573,9352,317,322,874,1273,961,1831,1325,2769,1551,2454,1254,1078,3830,4923,3006,5573,109795,30945,4434,2390,28404,6,0
2021-03-25T23:59:59+01:00,3582,3842,6471,7365,6798,8860,8249,11302,9290,11135,9534,10281,12540,15511,5568,9343,317,321,872,1264,958,1820,1312,2756,1527,2435,1228,1059,3598,4682,2756,5239,109423,29749,4227,2390,26021,5,0
2021-03-24T23:59:59+01:00,3528,3791,6384,7181,6678,8634,8083,11068,9066,10811,9119,9794,12123,15052,5557,9332,317,320,871,1261,953,1818,1305,2752,1511,2419,1221,1049,3533,4610,2576,5020,108911,29143,4093,2390,23197,3,0
2021-03-23T23:59:59+01:00,3510,3758,6336,7125,6603,8576,7965,10939,8818,10578,8698,9326,11670,14532,5548,9318,317,320,870,1251,948,1809,1300,2743,1507,2412,1198,1024,3441,4534,2384,4706,108101,28371,4000,2390,21199,3,0
2021-03-22T23:59:59+01:00,3502,3738,6293,7096,6570,8529,7900,10863,8669,10442,8419,8973,11367,14207,5512,9279,315,315,864,1241,940,1802,1293,2732,1498,2402,1187,1015,3413,4499,2365,4673,107432,28162,3997,2389,19930,3,0
2021-03-21T23:59:59+01:00,3500,3736,6289,7085,6553,8513,7882,10844,8613,10385,8300,8856,11297,14105,5510,9276,313,314,855,1238,933,1796,1284,2730,1494,2398,1183,1012,3404,4484,2351,4664,107347,28061,3996,2389,19401,3,0
2021-03-20T23:59:59+01:00,3493,3699,6281,7014,6538,8376,7857,10660,8569,10249,8222,8770,11259,14066,5510,9276,313,314,855,1238,933,1796,1283,2730,1494,2396,1183,1012,3404,4483,2351,4663,107316,28057,3784,2388,18739,3,0
2021-03-19T23:59:59+01:00,3480,3670,6255,6932,6514,8285,7812,10543,8457,10090,7686,8167,11077,13825,5500,9258,310,313,850,1231,916,1786,1260,2699,1444,2351,1098,945,2741,3697,1938,4095,105710,25283,3485,2388,18356,3,0
2021-03-18T23:59:59+01:00,3469,3652,6214,6891,6481,8225,7749,10459,8343,9962,6735,7083,10801,13526,5489,9233,309,313,847,1227,911,1778,1241,2691,1421,2332,1061,928,2534,3459,1781,3874,102718,24316,3328,2388,18266,3,0
2021-03-17T23:59:59+01:00,3432,3613,6143,6807,6428,8122,7659,10333,8213,9804,6061,6244,10516,13222,5472,9207,308,313,840,1223,907,1766,1227,2669,1403,2308,1026,906,2415,3335,1702,3764,99960,23721,3327,2388,17989,3,0
2021-03-16T23:59:59+01:00,3414,3584,6104,6754,6383,8049,7606,10268,8123,9704,5885,6067,9841,12448,5433,9144,301,304,826,1207,895,1757,1221,2651,1390,2300,1012,887,2203,3096,1569,3570,97765,22800,3317,2386,17725,3,0
2021-03-15T23:59:59+01:00,3378,3552,6008,6675,6254,7957,7465,10149,7994,9579,5133,5234,9397,11901,5390,9074,300,303,823,1203,894,1750,1219,2638,1381,2291,999,875,2061,2926,1483,3476,94259,22235,3310,2385,17571,2,0
2021-03-14T23:59:59+01:00,3253,3406,5732,6330,5977,7598,7152,9735,7709,9265,4800,4844,9239,11704,5386,9063,300,303,823,1203,893,1750,1217,2637,1379,2288,998,873,2058,2923,1480,3475,91867,22216,3256,2382,16070,2,0
2021-03-13T23:59:59+01:00,2599,2743,4796,5461,4959,6669,5957,8616,6694,8323,4488,4461,8855,11185,5297,8955,300,303,822,1201,893,1745,1214,2635,1378,2288,998,872,2034,2887,1450,3440,81183,22076,3256,2382,15619,2,0
2021-03-12T23:59:59+01:00,1773,1923,3460,4310,3454,5339,4212,6977,5061,6819,3823,3758,7606,9639,4795,8274,296,300,820,1197,887,1738,1205,2616,1352,2271,953,847,1686,2424,1181,3086,62379,20475,3254,2382,15590,2,0
2021-03-11T23:59:59+01:00,1272,1447,2560,3572,2550,4402,3120,5889,3700,5436,2647,2482,5914,7530,4032,7098,291,292,804,1188,874,1715,1187,2588,1327,2225,917,827,1531,2194,1058,2898,45113,19532,3252,2382,15286,2,0
2021-03-10T23:59:59+01:00,1048,1229,2194,3212,2175,4012,2669,5451,2796,4470,1518,1283,4567,5816,3473,6329,282,282,786,1169,852,1679,1154,2515,1289,2160,892,807,1351,2004,962,2724,34106,18631,3252,2275,14884,2,0
2021-03-09T23:59:59+01:00,1032,1202,2128,3071,2110,3897,2584,5317,2713,4344,1484,1253,4491,5743,3434,6271,278,275,772,1148,835,1652,1129,2474,1271,2132,878,795,1274,1879,891,2614,33700,18064,3249,2231,14125,2,0
2021-03-08T23:59:59+01:00,1011,1171,2071,2972,2070,3815,2524,5204,2657,4272,1447,1233,4345,5585,3332,6130,278,271,767,1140,833,1643,1121,2466,1264,2116,855,774,1107,1654,766,2448,33010,17274,3249,2228,13580,1,0
2021-03-07T23:59:59+01:00,1006,1152,2032,2929,2028,3774,2484,5139,2617,4235,1442,1230,4338,5577,3329,6130,278,271,767,1140,833,1643,1121,2466,1263,2116,852,774,1098,1644,758,2437,32980,17274,3244,2187,13218,0,0
2021-03-06T23:59:59+01:00,1006,1148,2021,2915,2017,3755,2468,5112,2599,4214,1429,1220,4304,5533,3315,6118,278,271,767,1140,833,1643,1121,2466,1263,2116,852,774,1098,1644,758,2436,32837,17274,3243,2186,13094,0,0
2021-03-05T23:59:59+01:00,1002,1144,2006,2895,1987,3732,2425,5060,2546,4177,1393,1192,4038,5208,3165,5897,276,269,760,1133,828,1636,1118,2458,1260,2106,838,770,1091,1635,757,2434,32098,17183,2912,2186,12857,0,0
2021-03-04T23:59:59+01:00,908,997,1919,2766,1919,3595,2349,4905,2456,4019,1362,1171,3798,4949,2900,5547,276,267,758,1128,826,1629,1117,2451,1257,2100,813,760,1081,1624,750,2422,30847,17096,2908,2163,11805,0,0
2021-03-03T23:59:59+01:00,862,892,1855,2670,1849,3490,2280,4789,2382,3935,1351,1159,3688,4844,2678,5276,275,265,757,1119,823,1611,1111,2410,1247,2074,796,756,1073,1606,743,2415,30178,17071,2792,2010,11030,0,0
2021-03-02T23:59:59+01:00,817,817,1758,2546,1764,3366,2188,4665,2321,3858,1316,1138,3559,4709,2474,4930,275,264,756,1113,820,1608,1107,2405,1243,2064,794,754,1059,1585,732,2396,29454,16966,2603,2009,10169,0,0
2021-03-01T23:59:59+01:00,794,778,1658,2403,1693,3222,2088,4493,2241,3737,1298,1126,3508,4646,2430,4868,275,263,752,1109,819,1596,1103,2393,1238,2054,788,752,1055,1577,730,2394,29201,16889,2519,2009,9263,0,0
2021-02-28T23:59:59+01:00,788,755,1639,2337,1666,3150,2065,4393,2227,3670,1292,1120,3498,4632,2416,4858,275,263,752,1109,819,1594,1103,2393,1238,2052,785,750,1047,1564,726,2384,29095,16878,2517,1976,8894,0,0
2021-02-27T23:59:59+01:00,773,738,1617,2277,1649,3039,2045,4267,2206,3574,1289,1117,3498,4630,2415,4857,275,263,752,1109,819,1593,1103,2393,1238,2051,785,750,1047,1564,726,2384,29090,16876,2516,1976,8385,0,0
2021-02-26T23:59:59+01:00,645,657,1512,2164,1597,2880,1983,4030,2105,3338,1198,1046,2848,3837,1986,4275,275,263,751,1107,818,1592,1103,2391,1236,2048,783,745,1029,1551,716,2368,26297,16802,2516,1974,7288,0,0
2021-02-25T23:59:59+01:00,494,577,1393,2062,1531,2752,1922,3901,2004,3225,1149,1014,2618,3568,1821,4032,258,248,726,1083,776,1524,1057,2293,1164,1959,727,724,998,1514,704,2340,25230,16710,2488,1385,6345,0,0
2021-02-24T23:59:59+01:00,464,546,1323,1949,1458,2608,1852,3748,1927,3076,1112,984,2479,3431,1742,3913,229,235,700,1038,753,1462,1030,2233,1111,1910,700,701,952,1485,692,2310,24580,16524,2477,1017,5555,0,0
2021-02-23T23:59:59+01:00,409,506,1241,1809,1384,2462,1775,3537,1856,2954,1087,950,2275,3203,1617,3727,224,229,685,1015,742,1423,1008,2190,1086,1869,691,689,943,1471,689,2306,23658,16439,2467,821,4667,0,0
2021-02-22T23:59:59+01:00,396,473,1142,1699,1282,2365,1667,3431,1775,2883,1066,937,2133,3033,1532,3631,213,220,662,964,711,1360,983,2096,1042,1788,649,658,874,1395,652,2249,23086,16251,2463,265,3896,0,0
2021-02-21T23:59:59+01:00,377,457,1041,1668,1130,2341,1512,3408,1674,2865,1058,935,2132,3032,1532,3631,186,214,631,956,700,1352,969,2091,1037,1786,646,655,871,1391,644,2242,23057,16120,2463,251,3273,0,0
2021-02-20T23:59:59+01:00,377,456,1040,1668,1129,2341,1510,3406,1674,2863,1058,934,2131,3032,1531,3630,185,212,628,956,697,1351,963,2088,1035,1786,646,655,871,1391,644,2242,23050,16099,2462,251,3268,0,0
2021-02-19T23:59:59+01:00,372,447,1028,1664,1119,2331,1497,3388,1642,2848,1008,906,1760,2524,1233,3245,164,202,602,952,680,1343,946,2086,1029,1784,643,654,869,1391,643,2241,21306,15978,2462,251,3244,0,0
2021-02-18T23:59:59+01:00,354,428,988,1584,1081,2244,1444,3270,1601,2758,979,883,1586,2281,1104,3039,144,191,563,942,660,1332,912,2070,1005,1764,632,635,848,1363,629,2220,20325,15659,2462,251,2837,0,0
2021-02-17T23:59:59+01:00,332,375,904,1442,974,2044,1309,3015,1489,2538,943,853,1396,2068,1003,2861,138,184,551,911,634,1281,879,1992,955,1688,598,603,841,1337,624,2201,19251,15166,2462,251,1833,0,0
2021-02-16T23:59:59+01:00,326,337,860,1304,922,1855,1248,2790,1423,2377,932,836,1333,1970,936,2765,132,171,537,869,619,1227,853,1930,924,1646,588,593,819,1305,611,2140,18879,14850,2461,114,874,0,0
2021-02-15T23:59:59+01:00,310,297,832,1273,905,1799,1208,2706,1385,2321,904,804,1156,1738,805,2587,123,163,516,841,601,1165,829,1857,901,1569,567,556,801,1268,602,2098,17964,14383,2460,74,606,0,0
2021-02-14T23:59:59+01:00,310,297,831,1273,904,1799,1206,2706,1385,2321,904,804,1156,1738,805,2587,123,163,515,834,597,1160,823,1851,897,1566,566,556,799,1267,601,2095,17963,14339,2460,74,603,0,0
2021-02-13T23:59:59+01:00,310,297,831,1272,904,1796,1206,2704,1385,2319,904,804,1156,1738,805,2587,123,163,515,834,597,1160,821,1848,895,1562,564,556,784,1247,589,2079,17955,14337,2460,0,603,0,0
2021-02-12T23:59:59+01:00,305,296,822,1266,900,1766,1200,2676,1357,2290,902,802,1155,1735,805,2587,123,163,513,831,596,1153,815,1836,889,1549,561,554,770,1236,583,2066,17947,14238,2460,0,457,0,0
2021-02-11T23:59:59+01:00,286,287,807,1231,894,1732,1184,2609,1335,2235,868,789,1145,1723,804,2577,121,149,495,790,574,1089,781,1736,866,1489,548,540,746,1201,568,2035,17835,13728,2459,0,212,0,0
2021-02-10T23:59:59+01:00,283,281,788,1193,881,1702,1172,2563,1320,2193,863,787,1130,1707,799,2561,117,141,430,710,539,1000,710,1625,823,1414,534,524,733,1184,558,2013,17811,13055,2354,0,58,0,0
2021-02-09T23:59:59+01:00,283,278,784,1178,870,1686,1158,2543,1306,2169,849,782,1116,1690,788,2545,100,122,377,625,490,873,634,1430,735,1228,482,446,614,1022,488,1767,17713,11433,2309,0,3,0,0
2021-02-08T23:59:59+01:00,282,278,782,1173,870,1679,1156,2539,1300,2160,843,779,1101,1669,775,2528,90,101,333,537,439,774,546,1226,631,1066,408,374,535,838,395,1457,17607,9750,2306,0,1,0,0
2021-02-07T23:59:59+01:00,281,277,780,1172,869,1679,1156,2538,1300,2157,837,777,1099,1666,774,2526,88,100,331,532,437,770,544,1217,627,1061,403,371,515,815,389,1443,17582,9643,2306,0,0,0,0
2021-02-06T23:59:59+01:00,281,276,780,1172,869,1678,1156,2538,1300,2156,836,776,1097,1660,773,2524,88,99,331,529,436,769,543,1213,625,1060,399,366,467,746,359,1398,17567,9428,2305,0,0,0,0
2021-02-05T23:59:59+01:00,281,276,780,1171,868,1677,1155,2537,1299,2153,829,770,1074,1650,766,2508,81,96,323,523,420,751,517,1181,597,1019,376,340,448,724,345,1359,17489,9100,2305,0,0,0,0
2021-02-04T23:59:59+01:00,278,269,777,1150,857,1655,1142,2509,1285,2129,807,757,1046,1620,759,2492,67,77,253,404,328,587,400,956,484,818,303,276,338,578,280,1134,17250,7283,2282,0,0,0,0
2021-02-03T23:59:59+01:00,277,264,774,1129,855,1629,1135,2459,1272,2099,788,743,1029,1597,750,2478,54,54,167,275,254,438,280,710,359,580,207,196,239,425,196,852,17155,5286,2123,0,0,0,0
2021-02-02T23:59:59+01:00,276,259,770,1121,850,1607,1125,2435,1260,2082,784,736,1020,1586,748,2470,35,34,91,136,147,250,171,445,230,362,134,126,161,255,138,552,17006,3267,2123,0,0,0,0
2021-02-01T23:59:59+01:00,275,257,765,1103,842,1589,1120,2407,1256,2051,776,723,1014,1576,744,2457,11,12,14,24,25,61,43,88,68,98,48,45,56,72,41,184,16832,890,2123,0,0,0,0
2021-01-31T23:59:59+01:00,269,255,749,1101,834,1578,1110,2396,1245,2042,770,717,1004,1559,737,2444,10,12,13,23,23,58,38,83,61,90,45,45,52,66,38,171,16797,828,2013,0,0,0,0
2021-01-30T23:59:59+01:00,269,255,749,1101,833,1578,1110,2396,1245,2042,769,717,1004,1558,737,2444,10,10,13,23,23,58,38,83,60,88,44,44,51,66,38,170,16794,819,2013,0,0,0,0
2021-01-29T23:59:59+01:00,269,255,749,1100,833,1578,1110,2396,1245,2041,768,716,1003,1556,737,2442,9,5,12,23,23,57,36,81,59,88,43,43,51,66,38,170,16787,804,2011,0,0,0,0
2021-01-28T23:59:59+01:00,265,250,737,1076,798,1523,1074,2336,1170,1985,728,702,974,1536,721,2420,4,0,3,5,9,22,18,36,20,45,21,22,23,44,16,101,16610,389,1685,0,0,0,0
2021-01-27T23:59:59+01:00,259,243,714,1044,750,1467,1017,2255,1097,1904,693,675,961,1515,718,2413,3,0,3,3,6,18,14,22,13,32,6,9,10,9,5,27,16161,180,1564,0,0,0,0
2021-01-26T23:59:59+01:00,235,234,697,1020,742,1417,997,2181,1070,1839,681,661,938,1499,708,2394,3,0,1,3,5,8,12,12,6,11,3,5,6,7,2,16,16110,100,1203,0,0,0,0
2021-01-25T23:59:59+01:00,203,219,644,946,690,1294,955,2035,1012,1704,633,606,861,1404,664,2320,3,0,1,3,5,8,12,12,6,11,3,5,6,7,2,16,15884,100,306,0,0,0,0
2021-01-24T23:59:59+01:00,186,213,618,934,672,1280,937,2019,997,1694,625,600,851,1384,655,2307,3,0,1,3,5,8,11,12,5,11,3,5,6,7,2,16,15711,98,261,0,0,0,0
2021-01-23T23:59:59+01:00,186,213,618,934,672,1280,937,2019,997,1694,625,600,851,1384,655,2307,3,0,1,3,5,8,9,12,5,11,3,5,6,7,2,16,15711,96,261,0,0,0,0
2021-01-22T23:59:59+01:00,139,195,560,924,654,1267,903,2009,986,1683,620,599,850,1384,655,2307,3,0,0,3,5,8,9,12,5,11,3,5,6,7,2,16,15474,95,261,0,0,0,0
2021-01-21T23:59:59+01:00,134,187,544,901,633,1227,870,1955,964,1636,610,578,838,1353,648,2288,3,0,0,3,4,8,9,12,5,11,3,5,6,7,2,15,15105,93,261,0,0,0,0
2021-01-20T23:59:59+01:00,129,171,497,836,610,1150,807,1845,928,1563,589,562,821,1330,638,2260,3,0,0,3,4,8,9,12,5,11,3,5,6,7,2,15,14477,93,259,0,0,0,0
2021-01-19T23:59:59+01:00,116,150,423,750,545,1019,722,1646,822,1398,541,507,719,1168,563,2005,3,0,0,3,4,8,9,12,5,11,3,5,6,7,2,15,12903,93,191,0,0,0,0
2021-01-18T23:59:59+01:00,98,119,354,597,454,847,592,1385,696,1192,474,441,635,1010,496,1734,1,0,0,0,0,0,0,0,0,0,0,0,0,1,0,0,11043,2,81,0,0,0,0
2021-01-17T23:59:59+01:00,94,117,350,592,453,842,590,1366,688,1183,469,433,609,981,480,1691,1,0,0,0,0,0,0,0,0,0,0,0,0,1,0,0,10857,2,81,0,0,0,0
2021-01-16T23:59:59+01:00,94,114,348,584,450,837,579,1353,677,1171,454,419,514,855,416,1594,0,0,0,0,0,0,0,0,0,0,0,0,0,0,0,0,10457,0,2,0,0,0,0
2021-01-15T23:59:59+01:00,93,112,343,582,444,832,573,1346,660,1155,438,401,506,843,408,1571,0,0,0,0,0,0,0,0,0,0,0,0,0,0,0,0,10307,0,0,0,0,0,0
2021-01-14T23:59:59+01:00,75,88,286,479,366,670,456,1096,541,973,361,323,400,693,337,1340,0,0,0,0,0,0,0,0,0,0,0,0,0,0,0,0,8484,0,0,0,0,0,0
2021-01-13T23:59:59+01:00,61,65,202,362,290,498,343,817,414,692,251,226,290,517,253,1028,0,0,0,0,0,0,0,0,0,0,0,0,0,0,0,0,6309,0,0,0,0,0,0
2021-01-12T23:59:59+01:00,40,42,121,214,177,308,204,524,274,426,157,143,184,336,174,696,0,0,0,0,0,0,0,0,0,0,0,0,0,0,0,0,4020,0,0,0,0,0,0
2021-01-11T23:59:59+01:00,11,14,41,57,41,89,58,119,90,125,64,58,82,103,51,230,0,0,0,0,0,0,0,0,0,0,0,0,0,0,0,0,1233,0,0,0,0,0,0
2021-01-10T23:59:59+01:00,11,14,29,47,34,71,50,110,77,115,56,54,76,94,48,216,0,0,0,0,0,0,0,0,0,0,0,0,0,0,0,0,1102,0,0,0,0,0,0
2021-01-09T23:59:59+01:00,11,13,26,46,34,71,49,109,75,112,55,53,75,93,46,215,0,0,0,0,0,0,0,0,0,0,0,0,0,0,0,0,1083,0,0,0,0,0,0
2021-01-08T23:59:59+01:00,7,6,26,42,32,68,46,107,74,111,52,49,70,88,42,215,0,0,0,0,0,0,0,0,0,0,0,0,0,0,0,0,1035,0,0,0,0,0,0
2021-01-07T23:59:59+01:00,5,1,9,20,15,35,28,77,33,77,32,27,47,75,29,168,0,0,0,0,0,0,0,0,0,0,0,0,0,0,0,0,678,0,0,0,0,0,0
2021-01-06T23:59:59+01:00,5,0,4,8,10,27,25,43,19,47,26,24,34,52,20,123,0,0,0,0,0,0,0,0,0,0,0,0,0,0,0,0,467,0,0,0,0,0,0
2021-01-05T23:59:59+01:00,5,0,4,8,10,27,25,43,19,47,26,24,34,51,20,123,0,0,0,0,0,0,0,0,0,0,0,0,0,0,0,0,466,0,0,0,0,0,0
2021-01-04T23:59:59+01:00,4,0,1,3,4,8,13,12,5,11,3,5,6,8,2,17,0,0,0,0,0,0,0,0,0,0,0,0,0,0,0,0,102,0,0,0,0,0,0
2021-01-03T23:59:59+01:00,3,0,1,3,4,8,12,12,5,11,3,5,6,8,2,16,0,0,0,0,0,0,0,0,0,0,0,0,0,0,0,0,99,0,0,0,0,0,0
2021-01-02T23:59:59+01:00,3,0,1,3,4,8,10,12,5,11,3,5,6,8,2,16,0,0,0,0,0,0,0,0,0,0,0,0,0,0,0,0,97,0,0,0,0,0,0
2021-01-01T23:59:59+01:00,3,0,0,3,4,8,10,12,5,11,3,5,6,7,2,16,0,0,0,0,0,0,0,0,0,0,0,0,0,0,0,0,95,0,0,0,0,0,0
2020-12-31T23:59:59+01:00,3,0,0,3,4,8,9,12,5,11,3,5,6,7,2,16,0,0,0,0,0,0,0,0,0,0,0,0,0,0,0,0,94,0,0,0,0,0,0
2020-12-30T23:59:59+01:00,3,0,0,3,4,8,9,12,5,11,3,5,6,7,2,16,0,0,0,0,0,0,0,0,0,0,0,0,0,0,0,0,94,0,0,0,0,0,0
2020-12-29T23:59:59+01:00,3,0,0,3,4,8,9,12,5,11,3,5,6,7,2,16,0,0,0,0,0,0,0,0,0,0,0,0,0,0,0,0,94,0,0,0,0,0,0
2020-12-28T23:59:59+01:00,3,0,0,3,4,8,9,12,5,11,3,5,6,7,2,16,0,0,0,0,0,0,0,0,0,0,0,0,0,0,0,0,94,0,0,0,0,0,0
2020-12-27T23:59:59+01:00,1,0,0,0,0,0,0,0,0,0,0,0,1,3,0,7,0,0,0,0,0,0,0,0,0,0,0,0,0,0,0,0,12,0,0,0,0,0,0
