Datum,<15_m,<15_w,15-24_1_m,15-24_1_w,25-34_1_m,25-34_1_w,35-44_1_m,35-44_1_w,45-54_1_m,45-54_1_w,55-64_1_m,55-64_1_w,65-74_1_m,65-74_1_w,75-84_1_m,75-84_1_w,>84_1_m,>84_1_w,<24_2_m,<24_2_w,25-34_2_m,25-34_2_w,35-44_2_m,35-44_2_w,45-54_2_m,45-54_2_w,55-64_2_m,55-64_2_w,65-74_2_m,65-74_2_w,75-84_2_m,75-84_2_w,>84_2_m,>84_2_w,bp_1,bp_2,mo_1,mo_2,az_1,az_2,ja,unb_1,unb_2
2021-09-06T23:59:59+02:00,2811,2523,23430,22413,32851,30287,33271,33216,38915,39290,42540,42735,27948,31179,19834,24911,6032,10192,20885,19926,30600,27709,31385,30999,36875,36921,40520,40704,26890,29956,19106,23851,5788,9691,323252,302719,44929,43289,77555,71053,18584,58,27
2021-09-05T23:59:59+02:00,2800,2520,23422,22407,32849,30282,33270,33212,38912,39287,42536,42729,27946,31175,19832,24910,6031,10191,20872,19918,30592,27704,31383,30996,36872,36920,40516,40702,26885,29954,19104,23847,5787,9691,323188,302653,44928,43289,77555,71052,18582,58,27
2021-09-04T23:59:59+02:00,2800,2520,23419,22407,32848,30282,33269,33210,38911,39286,42535,42728,27946,31175,19832,24910,6031,10191,20870,19918,30592,27703,31381,30994,36871,36920,40515,40702,26885,29954,19104,23847,5787,9691,323183,302645,44928,43289,77555,71052,18576,58,27
2021-09-03T23:59:59+02:00,2777,2485,23345,22333,32780,30214,33230,33168,38867,39258,42505,42716,27938,31162,19831,24908,6029,10190,20821,19863,30545,27664,31349,30959,36843,36895,40488,40691,26878,29946,19102,23845,5786,9691,322703,302311,44900,43281,77551,71044,18524,58,27
2021-09-02T23:59:59+02:00,2747,2453,23239,22238,32724,30127,33176,33114,38830,39225,42467,42684,27919,31151,19827,24894,6027,10187,20746,19805,30492,27604,31314,30931,36805,36858,40458,40662,26868,29934,19099,23834,5786,9691,322118,301901,44869,43265,77549,71039,18435,58,27
2021-09-01T23:59:59+02:00,2726,2439,23217,22202,32696,30096,33156,33086,38805,39204,42454,42669,27910,31143,19822,24892,6027,10187,20705,19764,30464,27578,31295,30909,36786,36842,40441,40646,26859,29925,19098,23828,5786,9691,321869,301642,44858,43261,77548,71039,18398,58,27
2021-08-31T23:59:59+02:00,2681,2396,23099,22097,32617,29997,33102,33027,38759,39163,42428,42644,27899,31137,19816,24888,6026,10184,20618,19671,30392,27521,31248,30866,36747,36810,40413,40622,26850,29915,19092,23823,5786,9689,321297,301232,44827,43246,77547,71033,18231,58,27
2021-08-30T23:59:59+02:00,2659,2372,23047,22054,32577,29957,33079,32990,38730,39145,42409,42626,27894,31131,19809,24880,6025,10180,20494,19573,30298,27429,31191,30816,36714,36782,40393,40588,26835,29903,19091,23814,5786,9687,320966,300540,44812,43238,77547,71029,18181,58,27
2021-08-29T23:59:59+02:00,2628,2342,22965,21991,32518,29902,33035,32961,38684,39109,42379,42605,27885,31124,19806,24875,6025,10179,20390,19506,30233,27381,31155,30783,36673,36752,40368,40569,26822,29892,19090,23809,5786,9687,320521,300112,44796,43216,77545,71019,18093,58,27
2021-08-28T23:59:59+02:00,2622,2340,22965,21991,32516,29902,33033,32961,38681,39108,42378,42605,27884,31124,19806,24875,6025,10179,20389,19505,30229,27380,31155,30780,36670,36750,40368,40569,26822,29892,19090,23809,5786,9687,320508,300100,44795,43215,77545,71019,18089,58,27
2021-08-27T23:59:59+02:00,2622,2340,22960,21987,32512,29902,33032,32959,38679,39106,42374,42605,27883,31124,19806,24875,6024,10179,20384,19503,30217,27378,31154,30778,36668,36749,40366,40569,26822,29892,19090,23808,5786,9687,320494,300083,44795,43215,77545,71016,18077,58,27
2021-08-26T23:59:59+02:00,2540,2256,22778,21783,32386,29764,32918,32857,38593,39018,42310,42537,27858,31091,19793,24857,6023,10173,20113,19238,30076,27214,31018,30656,36560,36655,40286,40496,26780,29853,19071,23785,5780,9686,319300,298591,44775,43192,77544,71000,17858,58,27
2021-08-25T23:59:59+02:00,2534,2248,22758,21758,32376,29745,32905,32842,38582,39004,42300,42532,27853,31089,19786,24851,6020,10171,20066,19196,30037,27184,30997,30620,36534,36623,40268,40480,26767,29840,19068,23777,5779,9685,319121,298230,44775,43191,77544,70999,17856,58,27
2021-08-24T23:59:59+02:00,2516,2237,22720,21716,32350,29704,32886,32809,38574,38985,42282,42518,27847,31078,19781,24843,6019,10170,20028,19154,30005,27144,30976,30584,36520,36602,40248,40463,26762,29830,19064,23774,5779,9681,318841,297944,44765,43185,77544,70994,17827,58,27
2021-08-23T23:59:59+02:00,2496,2205,22650,21646,32286,29648,32851,32779,38535,38954,42252,42506,27831,31069,19778,24833,6019,10168,19907,19033,29890,27067,30912,30536,36471,36559,40207,40434,26750,29817,19058,23765,5779,9675,318412,297223,44754,43160,77542,70989,17740,58,27
2021-08-22T23:59:59+02:00,2487,2196,22616,21614,32267,29630,32834,32771,38519,38938,42247,42498,27827,31064,19773,24833,6019,10167,19868,18996,29855,27034,30881,30500,36451,36543,40189,40412,26742,29813,19055,23762,5779,9673,318247,296938,44747,43157,77541,70980,17707,58,27
2021-08-21T23:59:59+02:00,2468,2184,22562,21565,32228,29593,32810,32747,38505,38916,42230,42488,27820,31056,19771,24830,6019,10166,19766,18899,29785,26978,30847,30458,36417,36501,40164,40391,26731,29804,19050,23758,5777,9673,318006,296437,44734,43142,77539,70974,17621,58,27
2021-08-20T23:59:59+02:00,2432,2144,22474,21462,32154,29513,32748,32700,38458,38877,42189,42460,27813,31043,19767,24816,6018,10162,19596,18774,29659,26875,30772,30400,36358,36457,40118,40354,26716,29786,19041,23750,5776,9669,317440,295632,44711,43120,77536,70956,17485,58,27
2021-08-19T23:59:59+02:00,2345,2078,22317,21333,32025,29395,32659,32617,38358,38802,42121,42407,27788,31011,19760,24804,6013,10154,19338,18569,29457,26726,30656,30292,36239,36362,40018,40269,26689,29756,19030,23734,5772,9664,316540,294371,44691,43091,77536,70932,17163,57,27
2021-08-18T23:59:59+02:00,2336,2070,22292,21311,32004,29375,32638,32595,38330,38784,42108,42392,27774,31001,19754,24799,6013,10152,19284,18510,29418,26692,30631,30261,36213,36341,39994,40238,26672,29745,19026,23722,5767,9660,316288,293942,44691,43091,77536,70930,17156,57,27
2021-08-17T23:59:59+02:00,2319,2054,22265,21284,31987,29349,32613,32571,38318,38772,42086,42374,27769,30989,19749,24794,6013,10152,19241,18457,29385,26651,30589,30234,36188,36309,39969,40217,26655,29733,19023,23708,5765,9656,316055,293569,44691,43088,77536,70926,17119,57,27
2021-08-16T23:59:59+02:00,2286,2037,22199,21243,31948,29304,32589,32549,38294,38752,42055,42357,27760,30982,19747,24784,6013,10151,19035,18318,29245,26540,30511,30147,36141,36256,39931,40176,26636,29718,19015,23690,5759,9654,315714,292586,44691,43082,77534,70925,17054,57,27
2021-08-15T23:59:59+02:00,2259,2015,22145,21186,31904,29266,32566,32517,38266,38733,42038,42344,27753,30977,19742,24777,6012,10151,18920,18202,29090,26411,30430,30064,36073,36205,39874,40121,26619,29694,19006,23681,5756,9653,315391,291667,44683,43066,77534,70917,16986,57,27
2021-08-14T23:59:59+02:00,2253,2012,22119,21170,31892,29249,32562,32511,38258,38728,42032,42341,27752,30976,19741,24776,6012,10150,18807,18109,29029,26346,30395,30017,36049,36174,39853,40108,26611,29688,19003,23680,5755,9650,315301,291130,44680,43048,77534,70913,16962,57,27
2021-08-13T23:59:59+02:00,2236,2001,22074,21134,31855,29225,32527,32484,38242,38714,42022,42332,27750,30972,19738,24773,6011,10150,18552,17851,28850,26191,30280,29924,35996,36104,39808,40073,26595,29676,18998,23671,5752,9646,315074,289768,44675,43034,77532,70904,16902,57,27
2021-08-12T23:59:59+02:00,2199,1964,21988,21043,31784,29151,32474,32434,38195,38672,41985,42299,27733,30953,19731,24763,6010,10150,18247,17537,28595,25968,30135,29797,35901,36012,39733,40007,26561,29631,18978,23649,5750,9643,314512,288029,44664,42981,77529,70858,16766,57,27
2021-08-11T23:59:59+02:00,2197,1959,21969,21026,31767,29129,32459,32418,38187,38663,41974,42283,27725,30950,19727,24758,6009,10146,18191,17480,28558,25922,30086,29760,35880,35975,39698,39975,26550,29605,18971,23639,5750,9641,314332,287552,44664,42979,77529,70855,16764,57,27
2021-08-10T23:59:59+02:00,2189,1938,21942,20990,31736,29109,32445,32399,38163,38637,41956,42277,27720,30942,19726,24755,6008,10142,17670,17029,28386,25765,29991,29673,35711,35852,39649,39935,26529,29582,18966,23625,5746,9640,314100,285855,44661,42960,77527,70605,16729,57,27
2021-08-09T23:59:59+02:00,2165,1924,21890,20940,31679,29065,32412,32370,38138,38616,41943,42253,27709,30933,19725,24746,6007,10140,17199,16572,28253,25660,29936,29619,35666,35806,39617,39900,26520,29568,18961,23619,5746,9638,313730,284378,44656,42941,77526,70593,16686,57,27
2021-08-08T23:59:59+02:00,2150,1907,21838,20900,31638,29032,32383,32348,38116,38609,41923,42233,27702,30929,19720,24742,6007,10137,16856,16230,28142,25578,29880,29548,35620,35768,39596,39874,26509,29555,18952,23610,5744,9633,313442,283147,44655,42920,77526,70586,16634,57,27
2021-08-07T23:59:59+02:00,2105,1864,21706,20817,31556,28965,32309,32287,38060,38558,41890,42205,27694,30903,19715,24733,6005,10135,16349,15776,27841,25297,29652,29365,35442,35613,39457,39764,26454,29494,18933,23581,5741,9629,312817,280523,44623,42798,77520,70497,16490,57,27
2021-08-06T23:59:59+02:00,2095,1854,21657,20781,31515,28933,32276,32268,38034,38538,41881,42189,27688,30894,19711,24733,6005,10135,15323,14799,26695,24404,29360,29133,35193,35415,39143,39524,26410,29449,18923,23571,5740,9626,312593,275533,44620,42777,77520,69696,16397,57,26
2021-08-05T23:59:59+02:00,2056,1825,21550,20695,31457,28857,32220,32212,37977,38488,41836,42152,27671,30875,19702,24720,6003,10132,14434,14053,25675,23627,28646,28619,34665,34983,38828,39278,26343,29370,18891,23537,5737,9616,312049,270663,44597,42724,77519,68199,16206,57,26
2021-08-04T23:59:59+02:00,2035,1806,21478,20642,31411,28786,32189,32170,37944,38465,41802,42126,27659,30860,19697,24707,6001,10129,14065,13714,25271,23322,28433,28398,34526,34858,38734,39185,26305,29326,18870,23514,5733,9611,311602,268240,44591,42696,77519,68157,16138,57,26
2021-08-03T23:59:59+02:00,2026,1790,21452,20616,31394,28772,32176,32161,37935,38452,41787,42114,27650,30854,19693,24700,6000,10127,13981,13625,25192,23246,28366,28342,34480,34812,38688,39152,26290,29304,18861,23506,5731,9605,311402,267553,44588,42695,77518,68131,16134,57,26
2021-08-02T23:59:59+02:00,2016,1769,21407,20580,31351,28751,32149,32130,37909,38437,41774,42099,27641,30842,19693,24693,5999,10123,13777,13416,24485,22697,28087,28121,34330,34700,38608,39090,26263,29272,18853,23502,5731,9603,311120,265137,44585,42681,77518,67906,16083,57,26
2021-08-01T23:59:59+02:00,1997,1753,21356,20533,31299,28714,32124,32111,37890,38418,41752,42082,27635,30835,19690,24684,5999,10122,13608,13257,24183,22442,27846,27903,34238,34591,38539,39018,26247,29253,18847,23496,5731,9601,310824,263436,44579,42669,77517,67883,16017,57,26
2021-07-31T23:59:59+02:00,1972,1723,21274,20456,31233,28678,32069,32073,37854,38390,41729,42061,27631,30827,19685,24680,5999,10122,12665,12231,23663,21999,27501,27549,33929,34294,38107,38675,26177,29168,18821,23452,5726,9595,310412,258404,44567,42634,77515,67311,15905,57,26
2021-07-30T23:59:59+02:00,1947,1704,21253,20434,31201,28659,32054,32055,37848,38383,41721,42053,27626,30824,19684,24680,5998,10122,12578,12155,23332,21711,27218,27337,33712,34131,37946,38542,26153,29151,18819,23444,5726,9593,310230,256974,44566,42626,77515,66757,15878,57,26
2021-07-29T23:59:59+02:00,1878,1635,21020,20200,31062,28513,31953,31946,37756,38294,41630,41993,27598,30800,19671,24661,5991,10114,11951,11623,22202,20871,26180,26499,32732,33440,37562,38253,26071,29050,18790,23397,5720,9584,309032,251365,44539,42539,77507,65001,15580,57,26
2021-07-28T23:59:59+02:00,1858,1620,20980,20151,31042,28484,31938,31925,37736,38275,41608,41972,27587,30788,19666,24651,5991,10112,11673,11322,21791,20489,25745,26069,32568,33288,37451,38162,26034,28999,18772,23374,5719,9579,308721,248445,44538,42539,77495,64941,15574,56,26
2021-07-27T23:59:59+02:00,1848,1614,20939,20109,31018,28451,31905,31910,37715,38242,41584,41958,27580,30781,19665,24646,5991,10109,11424,11108,21593,20300,25605,25948,32459,33185,37368,38080,26009,28962,18764,23365,5716,9575,308485,246970,44538,42535,77494,64866,15492,56,26
2021-07-26T23:59:59+02:00,1822,1579,20813,19988,30913,28352,31847,31847,37661,38174,41541,41927,27556,30763,19654,24632,5985,10106,11130,10783,21087,19858,25359,25741,32297,33035,37236,37993,25974,28928,18751,23342,5715,9567,307734,244679,44507,42422,77489,64661,15374,56,26
2021-07-25T23:59:59+02:00,1815,1570,20791,19977,30903,28343,31836,31832,37655,38168,41531,41918,27552,30761,19653,24630,5985,10105,11025,10677,20936,19750,25125,25548,32059,32828,37093,37860,25956,28914,18745,23335,5714,9564,307623,243420,44497,42407,77481,64250,15368,56,26
2021-07-24T23:59:59+02:00,1795,1555,20711,19903,30861,28305,31801,31796,37629,38140,41508,41906,27545,30756,19650,24628,5985,10105,10962,10622,20859,19688,25053,25487,32006,32797,37064,37840,25950,28910,18743,23333,5714,9564,307281,243050,44486,42384,77477,64184,15279,56,26
2021-07-23T23:59:59+02:00,1740,1520,20520,19760,30697,28192,31713,31724,37562,38088,41468,41863,27534,30740,19645,24622,5984,10100,10706,10419,20496,19381,24247,24841,31522,32467,36498,37383,25907,28868,18727,23316,5713,9562,306453,240178,44477,42338,77460,62794,15026,56,25
2021-07-22T23:59:59+02:00,1676,1463,20208,19489,30457,28011,31582,31611,37432,37982,41370,41781,27508,30716,19634,24598,5980,10099,10246,10044,19751,18871,23290,24173,30813,31880,35465,36623,25796,28771,18694,23284,5711,9558,304978,236577,44442,41672,77456,60275,14665,56,25
2021-07-21T23:59:59+02:00,1661,1455,20170,19440,30429,27982,31559,31588,37412,37957,41349,41757,27499,30708,19629,24592,5975,10095,9935,9709,19290,18419,22418,23408,30477,31546,35232,36425,25713,28674,18663,23231,5703,9548,304653,233828,44436,39985,77454,60103,14658,56,22
2021-07-20T23:59:59+02:00,1655,1450,20136,19413,30402,27959,31535,31569,37395,37940,41337,41745,27484,30693,19629,24585,5975,10092,9667,9430,18959,18150,22149,23123,30302,31392,35068,36280,25667,28629,18647,23197,5702,9544,304405,231441,44434,39976,77453,60003,14646,56,22
2021-07-19T23:59:59+02:00,1644,1442,20024,19325,30320,27887,31477,31516,37376,37921,41322,41727,27479,30682,19623,24578,5974,10089,9467,9233,18644,17874,21685,22705,30048,31160,34948,36179,25633,28591,18629,23181,5702,9541,303832,229809,44428,39033,77452,59889,14638,56,22
2021-07-18T23:59:59+02:00,1633,1437,19957,19259,30194,27787,31412,31451,37314,37869,41280,41675,27458,30651,19614,24563,5970,10086,9358,9118,18477,17722,21495,22515,29880,30962,34835,36078,25603,28568,18618,23164,5702,9535,303047,228555,44428,38733,77450,59848,14629,56,22
2021-07-17T23:59:59+02:00,1632,1433,19950,19257,30194,27784,31412,31447,37309,37867,41276,41673,27457,30650,19613,24563,5970,10086,9337,9103,18444,17700,21476,22502,29870,30955,34816,36074,25600,28566,18618,23163,5702,9535,303014,228400,44428,38730,77450,59837,14625,56,22
2021-07-16T23:59:59+02:00,1579,1388,19675,19009,30069,27688,31328,31374,37252,37804,41235,41641,27438,30633,19606,24553,5968,10080,9220,8988,18069,17397,21171,22228,29480,30598,34681,35968,25577,28543,18611,23150,5700,9533,302014,227134,44406,38008,77448,59504,14396,56,21
2021-07-15T23:59:59+02:00,1521,1345,19414,18760,29887,27542,31220,31275,37169,37722,41168,41573,27395,30603,19590,24539,5964,10077,8857,8684,17153,16566,19624,21002,28563,29675,34061,35389,25411,28363,18556,23101,5694,9521,300738,221031,44364,36552,77440,58579,14166,56,21
2021-07-14T23:59:59+02:00,1507,1332,19385,18724,29864,27516,31196,31244,37158,37709,41148,41566,27387,30596,19581,24532,5963,10074,8570,8386,16600,15966,19131,20483,27998,29177,33670,35014,25299,28234,18517,23035,5689,9510,300463,216863,44362,36195,77437,58152,14164,56,21
2021-07-13T23:59:59+02:00,1495,1322,19349,18699,29847,27492,31174,31229,37143,37682,41124,41538,27378,30582,19579,24527,5962,10068,8266,8125,16202,15611,18857,20205,27735,28928,33399,34758,25201,28114,18484,22994,5687,9505,300181,214166,44361,36160,77436,57660,14156,56,21
2021-07-12T23:59:59+02:00,1479,1312,19303,18682,29813,27463,31157,31208,37131,37665,41107,41523,27375,30578,19577,24521,5961,10068,8006,7908,15922,15334,18155,19657,27422,28608,32984,34396,25033,27919,18425,22919,5681,9500,299924,212884,44360,34221,77436,56682,14147,56,21
2021-07-11T23:59:59+02:00,1469,1304,19271,18652,29783,27432,31141,31178,37123,37643,41093,41511,27366,30569,19575,24521,5960,10067,7962,7861,15857,15263,18067,19603,27338,28546,32872,34334,24979,27874,18405,22897,5681,9497,299672,212310,44357,34210,77434,56439,14139,56,21
2021-07-10T23:59:59+02:00,1340,1187,18766,18234,29340,27139,30857,30947,36879,37484,40893,41361,27293,30509,19549,24489,5957,10064,7832,7791,15574,15129,17847,19453,27098,28406,32707,34217,24913,27828,18389,22884,5680,9497,297475,211890,44223,34089,77405,56198,13129,56,21
2021-07-09T23:59:59+02:00,1329,1181,18738,18204,29320,27122,30845,30934,36869,37472,40882,41353,27289,30505,19547,24485,5957,10063,7790,7744,15504,15063,17784,19360,26878,28176,32458,34004,24849,27765,18367,22858,5680,9494,297333,211611,44204,34086,77404,55035,13098,56,21
2021-07-08T23:59:59+02:00,1251,1100,18471,17989,29172,26972,30708,30817,36767,37370,40784,41276,27255,30470,19528,24467,5952,10059,7622,7609,15207,14816,17354,19000,26185,27574,32188,33738,24681,27608,18309,22796,5677,9488,296068,210479,44150,32664,77396,54018,12738,56,21
2021-07-07T23:59:59+02:00,1152,1008,18161,17664,28972,26789,30580,30694,36654,37250,40678,41190,27221,30422,19514,24450,5949,10056,7425,7398,14766,14448,16888,18558,25431,26965,31780,33358,24415,27284,18214,22702,5668,9479,294497,207561,44099,31828,77385,53059,12367,56,21
2021-07-06T23:59:59+02:00,1129,992,18084,17598,28927,26739,30529,30647,36618,37215,40642,41157,27204,30397,19503,24437,5947,10053,7209,7166,14423,14092,16537,18209,24681,26317,31481,33094,24225,27070,18166,22631,5661,9472,293918,205505,44096,30422,77384,52166,12364,56,21
2021-07-05T23:59:59+02:00,1086,964,18011,17534,28884,26683,30490,30613,36594,37170,40614,41131,27198,30383,19497,24431,5947,10048,6980,6976,14120,13821,16185,17843,24129,25809,30912,32528,23945,26771,18058,22491,5653,9462,293434,204011,44094,28325,77380,51033,12314,56,21
2021-07-04T23:59:59+02:00,1064,948,17940,17485,28845,26662,30469,30584,36584,37160,40599,41119,27192,30372,19492,24428,5947,10047,6954,6959,14066,13775,16110,17785,24045,25753,30759,32437,23853,26682,18026,22450,5651,9458,293118,203620,44093,28316,77369,50526,12301,56,21
2021-07-03T23:59:59+02:00,648,576,16211,15765,27673,25737,29670,29866,35943,36550,40101,40689,27035,30204,19424,24341,5938,10030,6568,6719,13551,13472,15708,17482,23684,25476,30454,32242,23756,26587,17992,22411,5647,9454,285605,203328,44054,28239,77286,50236,9400,56,21
2021-07-02T23:59:59+02:00,609,538,16079,15619,27512,25591,29590,29806,35912,36523,40082,40676,27029,30195,19421,24338,5938,10030,6520,6648,13477,13371,15620,17351,23541,25293,30300,32077,23563,26375,17903,22333,5645,9451,284699,202645,44054,28080,77285,49349,9394,56,21
2021-07-01T23:59:59+02:00,551,490,15901,15465,27295,25437,29513,29728,35857,36472,40016,40631,27009,30178,19410,24326,5936,10026,6380,6519,13137,13100,15092,16909,22276,24305,29538,31395,23285,26088,17785,22199,5638,9435,283511,199116,44049,26408,77273,48204,9352,56,21
2021-06-30T23:59:59+02:00,521,470,15797,15358,27184,25351,29446,29657,35801,36421,39973,40595,26994,30147,19399,24309,5932,10026,6186,6341,12706,12716,14524,16361,21653,23709,28946,30865,22866,25624,17655,22015,5631,9423,282687,194867,44046,26384,77267,46641,9325,56,21
2021-06-29T23:59:59+02:00,464,420,15034,14690,26922,25127,29352,29558,35722,36340,39905,40548,26975,30124,19391,24296,5932,10024,6074,6214,12446,12453,14129,15965,20861,23089,28362,30313,22419,25100,17503,21841,5623,9413,280183,191715,44045,25875,77259,44928,9281,56,21
2021-06-28T23:59:59+02:00,428,389,14405,14051,26765,25023,29277,29492,35664,36275,39861,40514,26957,30104,19383,24285,5932,10020,6007,6119,12267,12314,13941,15788,20241,22539,27962,29942,22083,24743,17374,21678,5618,9409,278246,190032,44041,25219,77255,43540,9227,56,21
2021-06-27T23:59:59+02:00,351,322,14059,13673,26701,24964,29237,29456,35642,36253,39844,40501,26946,30097,19380,24281,5931,10019,5970,6076,12153,12199,13796,15659,19690,22061,27354,29443,21806,24407,17254,21555,5614,9408,277124,189197,44039,23698,77244,42349,9194,56,21
2021-06-26T23:59:59+02:00,350,322,14048,13662,26685,24953,29231,29450,35636,36252,39841,40500,26945,30096,19380,24281,5931,10019,5965,6073,12142,12196,13790,15655,19677,22050,27309,29408,21661,24277,17214,21499,5613,9406,277052,189171,44037,23694,77244,41870,9193,56,21
2021-06-25T23:59:59+02:00,226,209,12784,12443,25221,23806,28930,29216,35530,36170,39775,40438,26921,30069,19370,24270,5928,10017,5922,6026,12046,12116,13648,15533,19367,21812,26925,29049,21338,23884,17040,21302,5610,9397,270818,187947,44033,23411,77226,40460,9190,56,21
2021-06-24T23:59:59+02:00,161,155,11811,11613,24108,22925,28564,28866,35383,36004,39663,40334,26886,30019,19359,24246,5926,10013,5705,5795,11587,11700,13069,14942,17832,20414,25279,27454,20567,23027,16724,20895,5600,9387,265585,182967,44016,19789,77222,38056,9157,56,21
2021-06-23T23:59:59+02:00,125,129,11449,11289,23608,22553,28316,28624,35205,35877,39573,40246,26856,29992,19351,24209,5924,10002,5631,5682,11374,11485,12770,14591,17442,20004,24531,26688,19773,22277,16532,20643,5592,9371,262967,180618,44010,19174,77217,35508,9078,56,21
2021-06-22T23:59:59+02:00,104,116,11266,11077,23449,22411,28236,28552,35129,35815,39527,40201,26841,29968,19343,24201,5924,10001,5522,5561,11107,11224,12403,14221,16840,19408,23799,25922,19393,21853,16369,20464,5585,9355,261822,177589,44007,18307,77215,34058,9061,56,21
2021-06-21T23:59:59+02:00,91,104,11014,10892,22615,21739,27983,28326,35063,35753,39463,40160,26825,29950,19337,24192,5924,10000,5403,5457,10892,11004,12096,13899,16448,19062,23352,25455,19103,21539,16265,20345,5579,9353,259227,176131,44001,17289,77210,32883,8937,56,21
2021-06-20T23:59:59+02:00,85,103,10950,10801,22365,21523,27725,28125,34983,35675,39418,40116,26816,29936,19335,24188,5922,9997,5362,5402,10805,10903,12000,13796,16251,18878,23081,25214,19002,21432,16212,20287,5573,9349,257942,175821,43999,16221,77207,32633,8859,56,21
2021-06-19T23:59:59+02:00,84,99,10926,10777,22332,21499,27707,28112,34971,35671,39408,40112,26815,29935,19335,24186,5922,9997,5331,5370,10724,10813,11908,13675,16103,18726,22774,24853,18916,21345,16200,20274,5572,9349,257788,175717,43978,14724,77207,32620,8859,56,21
2021-06-18T23:59:59+02:00,81,97,10878,10726,22013,21177,27443,27896,34918,35634,39377,40090,26807,29926,19334,24183,5922,9995,5316,5361,10693,10783,11868,13627,16041,18663,22689,24757,18750,21164,16155,20208,5571,9344,256400,175320,43976,14723,77206,32075,8859,56,21
2021-06-17T23:59:59+02:00,72,89,10298,10294,20739,20218,26583,27165,34550,35310,39124,39902,26743,29844,19314,24147,5915,9990,5118,5222,10318,10529,11424,13225,15361,18051,21322,23443,18296,20677,15992,20037,5567,9329,250634,170024,43957,14150,77195,31269,8455,56,21
2021-06-16T23:59:59+02:00,64,77,9960,9981,20059,19587,25945,26562,34302,35110,38964,39754,26701,29791,19291,24124,5914,9986,4975,5077,9931,10195,10965,12773,14657,17360,20473,22510,17893,20231,15822,19824,5557,9317,246801,166243,43943,12880,77182,30234,8190,56,21
2021-06-15T23:59:59+02:00,49,71,9715,9740,19763,19337,25722,26365,34172,35004,38868,39674,26672,29755,19284,24109,5909,9982,4869,4966,9691,9977,10733,12514,14235,16933,19875,21934,17572,19841,15601,19595,5548,9306,245034,164166,43931,11790,77176,29228,7994,56,20
2021-06-14T23:59:59+02:00,45,66,9582,9615,19463,19076,25547,26222,34051,34925,38807,39635,26655,29735,19278,24098,5909,9979,4788,4903,9500,9838,10560,12378,13973,16717,19559,21640,17406,19684,15500,19462,5547,9302,243837,162709,43929,11788,77172,28554,7694,56,20
2021-06-13T23:59:59+02:00,43,62,9423,9485,19173,18890,25195,25968,33850,34758,38701,39568,26639,29723,19268,24090,5909,9976,4705,4837,9290,9670,10395,12207,13648,16379,19211,21309,17279,19536,15453,19397,5545,9300,242193,161860,43929,11788,77168,27125,7375,56,20
2021-06-12T23:59:59+02:00,43,62,9414,9471,19160,18877,25195,25963,33850,34755,38698,39567,26639,29723,19268,24090,5909,9976,4702,4823,9280,9609,10363,12105,13599,16224,19156,21173,17170,19411,15336,19295,5543,9298,242147,161832,43929,11786,77164,26092,7364,56,20
2021-06-11T23:59:59+02:00,38,58,9256,9289,18927,18664,24395,25288,33670,34601,38564,39454,26606,29690,19257,24067,5909,9971,4624,4708,9061,9354,10103,11811,13078,15676,18182,20282,16984,19214,15296,19251,5540,9295,239225,157821,43928,11785,77161,25506,7334,56,20
2021-06-10T23:59:59+02:00,36,54,8862,8955,18275,18172,23543,24610,33350,34321,38362,39289,26550,29636,19234,24039,5906,9964,4449,4531,8480,8860,9296,11090,11930,14573,16190,18370,16094,18254,15010,18884,5531,9273,235604,148146,43267,11752,77135,23808,7097,55,19
2021-06-09T23:59:59+02:00,19,36,8413,8450,17439,17445,22391,23566,32860,33854,38076,39071,26441,29532,19188,23983,5896,9951,4313,4414,8191,8594,9053,10836,11599,14206,15706,17823,15723,17824,14769,18599,5524,9263,231612,146322,41374,11710,77100,21896,6497,28,19
2021-06-08T23:59:59+02:00,11,24,8095,8133,16968,17028,21972,23201,32615,33661,37914,38941,26397,29492,19178,23960,5893,9946,4193,4332,7937,8339,8748,10491,11240,13859,15063,17120,15266,17301,14507,18321,5519,9245,228885,144618,41342,10584,77091,20184,6083,28,19
2021-06-07T23:59:59+02:00,8,20,7897,7901,16610,16704,21428,22746,32334,33390,37797,38824,26371,29444,19161,23934,5888,9945,4117,4252,7756,8198,8588,10348,11069,13686,14750,16794,15069,17046,14334,18130,5515,9240,227263,143538,40367,10491,77080,19186,5665,27,19
2021-06-06T23:59:59+02:00,6,17,7789,7792,16475,16557,21233,22538,32107,33166,37662,38718,26344,29419,19148,23918,5888,9939,4088,4217,7710,8080,8536,10220,10964,13540,14554,16577,14885,16867,14245,18010,5508,9234,226028,143056,40068,10481,77062,18155,5531,27,19
2021-06-05T23:59:59+02:00,6,17,7767,7778,16446,16530,21225,22535,32097,33160,37659,38717,26343,29419,19147,23917,5888,9939,4079,4178,7695,8015,8522,10087,10950,13369,14535,16472,14848,16812,14236,18000,5508,9233,225918,142975,40068,10481,77061,17555,5516,27,19
2021-06-04T23:59:59+02:00,6,15,7653,7675,16168,16292,20948,22288,31673,32786,37544,38596,26310,29380,19135,23904,5886,9937,4072,4169,7669,7992,8496,10056,10883,13296,14430,16342,14767,16719,14199,17956,5508,9231,224319,142641,39292,10152,77042,17464,5516,27,19
2021-06-03T23:59:59+02:00,4,15,7397,7447,15291,15507,19313,20896,30762,31856,37041,38137,26179,29247,19091,23853,5880,9919,4011,4131,7580,7921,8373,9958,10713,13115,13860,15772,14502,16403,14114,17848,5505,9218,217697,140419,37712,10036,77032,17190,5367,27,19
2021-06-02T23:59:59+02:00,4,15,7262,7303,14905,15078,18881,20494,30292,31401,36815,37873,26115,29183,19071,23824,5877,9917,3981,4101,7515,7834,8285,9865,10572,12984,13412,15340,14378,16220,14086,17810,5502,9213,214608,138623,37281,9942,77031,17158,5363,27,19
2021-06-01T23:59:59+02:00,4,12,6986,7058,14508,14766,18538,20176,29965,31090,36592,37639,26059,29104,19047,23795,5875,9906,3879,4015,7272,7657,8053,9672,10308,12710,13009,14917,13945,15768,13970,17657,5495,9205,211864,136499,37236,9688,77010,16350,4983,27,19
2021-05-31T23:59:59+02:00,4,12,6822,6868,14289,14533,17834,19574,29624,30749,36295,37376,25969,29007,19021,23741,5865,9893,3800,3903,7063,7410,7830,9386,9964,12327,12568,14398,13416,15155,13771,17428,5487,9190,210435,133315,35186,9364,76993,15570,4835,27,19
2021-05-30T23:59:59+02:00,4,12,6799,6853,14243,14495,17757,19515,29574,30711,36264,37353,25957,28995,19018,23735,5864,9891,3757,3829,6906,7196,7682,9151,9757,12008,12311,14045,13295,14985,13702,17346,5484,9183,210140,132580,35174,9263,76939,14022,4760,27,19
2021-05-29T23:59:59+02:00,4,12,6797,6852,14234,14489,17752,19509,29569,30707,36261,37352,25955,28992,19018,23734,5864,9891,3748,3816,6877,7163,7649,9100,9721,11961,12238,13947,13254,14917,13672,17322,5483,9178,210108,132441,35174,9262,76924,13572,4759,27,19
2021-05-28T23:59:59+02:00,4,12,6787,6840,14219,14472,17735,19488,29558,30694,36250,37334,25954,28988,19016,23730,5864,9891,3734,3793,6855,7123,7615,9046,9668,11857,11998,13677,13064,14726,13642,17281,5480,9175,209957,131149,35173,9261,76921,13553,4758,27,19
2021-05-27T23:59:59+02:00,4,12,6696,6759,13951,14255,17250,19141,28879,30151,36091,37203,25908,28954,19001,23716,5863,9885,3609,3633,6568,6871,7239,8738,9170,11298,11288,12782,12512,14157,13512,17089,5472,9163,208880,127632,33732,8930,76879,12325,4201,27,19
2021-05-26T23:59:59+02:00,4,12,6625,6651,13737,14052,16997,18834,28335,29639,35916,37028,25871,28909,18986,23692,5862,9880,3518,3489,6342,6582,6951,8311,8829,10820,10635,11983,11950,13541,13366,16873,5467,9141,207289,124015,32978,8747,76866,11153,3870,27,19
2021-05-25T23:59:59+02:00,4,12,6544,6556,13532,13831,16734,18623,27610,28992,35823,36931,25848,28880,18974,23677,5857,9879,3469,3398,6197,6413,6805,8121,8603,10529,10289,11617,11604,13065,13261,16712,5464,9133,206578,122174,31524,8608,76381,10087,3798,26,19
2021-05-24T23:59:59+02:00,4,12,6474,6459,13355,13631,16512,18340,27197,28564,35477,36532,25791,28812,18955,23653,5856,9877,3455,3376,6139,6331,6760,8037,8544,10434,10216,11520,11431,12832,13213,16620,5456,9113,206044,121548,29298,8562,76374,9595,3759,26,19
2021-05-23T23:59:59+02:00,4,12,6472,6458,13350,13622,16509,18330,27178,28554,35447,36498,25788,28806,18955,23647,5856,9877,3450,3372,6133,6321,6750,8030,8516,10403,10176,11463,11348,12731,13193,16589,5456,9112,205929,121536,29282,8150,76373,9588,3753,26,19
2021-05-22T23:59:59+02:00,4,12,6465,6454,13343,13611,16503,18326,27175,28553,35444,36492,25788,28806,18955,23647,5856,9877,3449,3372,6130,6318,6749,8026,8512,10401,10171,11460,11337,12717,13188,16585,5455,9112,205879,121496,29282,8150,76371,9567,3753,26,19
2021-05-21T23:59:59+02:00,4,12,6403,6394,13190,13505,16330,18175,26904,28375,35014,36224,25762,28768,18947,23641,5855,9873,3440,3362,6097,6297,6718,7992,8473,10352,10118,11410,10819,12004,13047,16425,5452,9107,205189,119736,29157,8147,75322,9532,3682,26,19
2021-05-20T23:59:59+02:00,3,11,6110,6193,12580,13088,15136,17253,24990,26878,34061,35454,25657,28623,18893,23560,5849,9858,3380,3317,6004,6180,6605,7836,8326,10191,9881,11102,10482,11547,12934,16243,5442,9094,200429,117739,27411,8066,72779,9190,3553,25,19
2021-05-19T23:59:59+02:00,3,11,5904,5952,12066,12629,14427,16548,24043,26064,33434,34855,25547,28533,18858,23504,5841,9846,3303,3244,5842,6010,6415,7595,8051,9910,9578,10722,10170,11132,12855,16098,5440,9086,194737,115830,27373,7870,72764,8569,3166,25,19
2021-05-18T23:59:59+02:00,3,10,5734,5843,11666,12306,13804,16049,22887,25115,32768,34249,25431,28398,18812,23454,5836,9837,3260,3212,5729,5899,6250,7436,7846,9692,9380,10482,10001,10882,12710,15877,5431,9077,189786,114680,26867,7802,72720,7862,2804,25,19
2021-05-17T23:59:59+02:00,3,9,5681,5798,11503,12199,13533,15827,22071,24480,32459,33935,25351,28339,18790,23424,5827,9828,3143,3136,5538,5715,6076,7220,7636,9464,9155,10239,9912,10758,12652,15814,5428,9072,188020,113924,26167,7796,72327,6704,2518,25,19
2021-05-16T23:59:59+02:00,3,9,5653,5778,11442,12142,13448,15747,21461,23931,31845,33405,25310,28296,18780,23409,5826,9828,3138,3113,5524,5645,6048,7160,7608,9364,9123,10155,9896,10739,12649,15811,5428,9072,187252,113812,24622,7789,71908,6351,2506,25,18
2021-05-15T23:59:59+02:00,3,9,5644,5768,11409,12133,13419,15737,21387,23860,31305,33029,25299,28291,18779,23406,5825,9827,3124,3098,5505,5603,6034,7084,7568,9249,8886,9901,9863,10708,12615,15760,5428,9071,187202,113807,24610,7651,71256,5987,2037,25,18
2021-05-14T23:59:59+02:00,3,9,5604,5743,11347,12095,13347,15672,20976,23548,30874,32683,25263,28245,18768,23389,5825,9825,3092,3058,5469,5514,6013,6948,7528,9047,8826,9706,9792,10598,12528,15633,5428,9068,186479,113638,24291,7319,70385,5240,2036,25,18
2021-05-13T23:59:59+02:00,3,9,5446,5585,10965,11799,12633,15083,18790,21799,29328,31215,25033,28002,18701,23318,5823,9822,3080,3023,5444,5475,5996,6890,7504,8976,8782,9646,9575,10354,12331,15330,5423,9058,182524,113281,20489,6500,68295,5070,2021,25,18
2021-05-12T23:59:59+02:00,2,9,5417,5558,10893,11741,12532,14995,18668,21675,28965,30851,24941,27907,18684,23289,5822,9817,3080,3019,5438,5469,5986,6876,7479,8961,8743,9592,9389,10124,12099,15007,5420,9051,181576,112998,19852,5635,68292,5064,2021,25,18
2021-05-11T23:59:59+02:00,2,9,5280,5454,10645,11493,12166,14623,18057,21039,28032,29881,24748,27718,18625,23214,5817,9802,3038,2978,5349,5314,5886,6692,7349,8719,8582,9370,9208,9929,11952,14819,5411,9033,177500,111960,18960,5526,68159,4167,1961,25,18
2021-05-10T23:59:59+02:00,2,8,5157,5376,10432,11298,11907,14368,17731,20704,27612,29474,24639,27611,18587,23167,5809,9798,2970,2925,5232,5197,5772,6589,7225,8578,8455,9263,9104,9805,11862,14691,5408,9025,175499,111431,18268,5514,67934,3187,1954,25,18
2021-05-09T23:59:59+02:00,2,8,5083,5328,10332,11184,11807,14249,17391,20421,27221,29097,24553,27524,18558,23131,5806,9795,2901,2894,5085,5153,5596,6546,7057,8549,8327,9227,9092,9795,11844,14671,5408,9025,175104,111355,16983,5504,67439,2357,1939,25,18
2021-05-08T23:59:59+02:00,2,8,5082,5327,10330,11180,11807,14249,17387,20419,27218,29094,24553,27524,18558,23131,5806,9795,2901,2893,5084,5153,5596,6546,7057,8549,8324,9227,9091,9794,11844,14671,5408,9025,175087,111352,16983,5504,67436,2353,1939,25,18
2021-05-07T23:59:59+02:00,2,8,5048,5301,10260,11127,11678,14125,16986,20144,26581,28536,24505,27473,18541,23097,5799,9766,2891,2886,5068,5144,5585,6530,7045,8538,8316,9216,9085,9786,11833,14649,5400,8998,174252,111337,16980,5498,65910,2310,1810,25,18
2021-05-06T23:59:59+02:00,1,8,4778,5140,9797,10782,11116,13608,15898,19122,24173,26245,24006,26948,18435,22994,5794,9752,2849,2841,5001,5069,5545,6437,6962,8419,8185,9065,8985,9675,11809,14598,5397,8995,169224,110794,14527,5442,63024,1782,1799,23,18
2021-05-05T23:59:59+02:00,1,8,4700,5063,9504,10552,10774,13282,15317,18517,23329,25280,23745,26624,18366,22888,5784,9734,2829,2805,4951,4984,5486,6316,6878,8254,8061,8850,8878,9544,11731,14513,5396,8987,165560,109854,13215,5437,62874,1360,1796,23,18
2021-05-04T23:59:59+02:00,1,8,4615,4972,9330,10345,10566,13040,14929,18118,22785,24716,23531,26351,18294,22809,5776,9721,2820,2771,4923,4908,5453,6196,6824,8113,7968,8695,8774,9433,11656,14454,5394,8984,163304,109355,12091,5426,62713,793,1776,23,18
2021-05-03T23:59:59+02:00,1,8,4542,4898,9137,10208,10389,12864,14646,17871,22376,24301,23392,26201,18267,22762,5776,9715,2743,2701,4835,4834,5377,6110,6727,8007,7787,8529,8688,9346,11617,14405,5391,8979,161799,109133,12090,5423,62621,683,821,23,18
2021-05-02T23:59:59+02:00,1,8,4529,4884,9060,10150,10263,12752,14319,17564,22073,24014,23342,26142,18248,22737,5775,9714,2737,2694,4775,4800,5286,6026,6589,7878,7670,8428,8642,9304,11593,14371,5389,8974,160912,109017,12087,5421,62517,666,36,23,18
2021-05-01T23:59:59+02:00,1,8,4529,4882,9058,10149,10262,12752,14315,17561,22071,24014,23341,26141,18248,22737,5775,9714,2737,2694,4775,4800,5286,6026,6588,7878,7670,8428,8642,9304,11593,14371,5389,8974,160895,109017,12087,5420,62517,666,36,23,18
2021-04-30T23:59:59+02:00,0,8,4455,4791,8816,9935,10000,12510,13833,17136,21230,23246,23215,26005,18232,22708,5772,9711,2733,2692,4764,4792,5277,5992,6576,7848,7636,8391,8638,9301,11592,14368,5387,8973,157304,108990,12086,5418,62188,534,2,23,18
2021-04-29T23:59:59+02:00,0,8,4306,4647,8332,9524,9297,11906,12831,16236,19386,21565,22509,25245,18094,22498,5766,9694,2710,2671,4722,4720,5233,5916,6513,7742,7556,8273,8527,9185,11526,14292,5381,8964,148111,108495,12072,5144,61637,274,2,22,18
2021-04-28T23:59:59+02:00,0,8,4273,4628,8261,9450,9221,11819,12712,16117,19168,21351,22421,25153,18066,22457,5764,9689,2707,2660,4696,4660,5205,5872,6482,7668,7508,8191,8510,9161,11510,14270,5380,8958,147729,108302,11982,5072,60824,48,1,22,17
2021-04-27T23:59:59+02:00,0,8,4233,4582,8123,9310,9108,11668,12567,15948,18719,20853,22192,24895,18001,22379,5761,9681,2704,2656,4694,4656,5195,5864,6469,7649,7475,8154,8452,9082,11429,14188,5376,8954,147003,108045,10899,4899,60103,40,1,22,14
2021-04-26T23:59:59+02:00,0,8,4191,4554,8017,9215,8961,11563,12393,15775,18307,20489,22058,24749,17966,22351,5761,9680,2704,2654,4690,4652,5190,5855,6455,7629,7440,8126,8404,9034,11373,14109,5372,8937,146235,107936,10764,4641,59017,35,0,22,14
2021-04-25T23:59:59+02:00,0,8,4177,4538,7981,9185,8897,11500,12258,15645,17962,20159,21858,24511,17926,22296,5757,9675,2704,2654,4689,4651,5188,5851,6450,7626,7438,8122,8348,8975,11349,14081,5372,8936,144851,107914,10753,4474,58707,34,0,22,14
2021-04-24T23:59:59+02:00,0,8,4171,4530,7966,9181,8882,11490,12210,15615,17904,20121,21842,24498,17924,22291,5757,9675,2703,2654,4689,4651,5188,5851,6450,7626,7438,8122,8348,8974,11349,14081,5372,8936,144755,107914,10753,4474,58535,33,0,22,13
2021-04-23T23:59:59+02:00,0,8,4151,4497,7909,9118,8799,11388,11870,15289,17471,19724,21628,24265,17861,22214,5755,9667,2700,2652,4686,4648,5181,5844,6436,7617,7415,8091,8327,8947,11341,14073,5370,8933,143493,107902,10405,4316,57694,32,0,22,13
2021-04-22T23:59:59+02:00,0,8,4102,4432,7777,8927,8614,11128,11543,14869,16557,18738,21053,23554,17726,22033,5746,9648,2691,2646,4680,4627,5158,5818,6392,7581,7342,8043,8194,8789,11199,13922,5365,8924,139755,107284,10275,4051,56405,25,0,20,13
2021-04-21T23:59:59+02:00,0,8,4060,4389,7674,8807,8458,10968,11248,14590,15821,17979,20674,23106,17654,21927,5741,9635,2683,2635,4662,4607,5142,5797,6380,7563,7314,8022,8144,8728,11162,13883,5363,8922,136835,107003,10145,3971,55742,23,0,17,12
2021-04-20T23:59:59+02:00,0,8,4035,4363,7639,8755,8382,10888,11085,14415,15386,17502,20210,22590,17555,21775,5733,9624,2675,2626,4652,4594,5117,5777,6352,7539,7274,7982,8050,8596,11087,13796,5359,8918,134687,106431,9881,3931,55360,22,0,17,12
2021-04-19T23:59:59+02:00,0,8,4004,4312,7577,8651,8290,10749,10927,14232,15133,17208,19731,22026,17389,21561,5722,9612,2670,2625,4646,4590,5104,5762,6333,7522,7248,7938,7997,8542,11061,13750,5356,8913,132622,106097,9527,3928,54966,22,0,17,12
2021-04-18T23:59:59+02:00,0,5,3984,4283,7517,8600,8184,10622,10668,13989,14641,16669,19301,21515,17267,21375,5718,9606,2669,2625,4646,4590,5104,5762,6331,7519,7245,7937,7993,8539,11059,13746,5355,8910,130201,106073,9456,3926,54270,21,0,17,12
2021-04-17T23:59:59+02:00,0,5,3981,4275,7497,8594,8174,10604,10626,13943,14531,16581,19180,21391,17245,21347,5717,9604,2669,2625,4645,4588,5098,5757,6317,7514,7220,7914,7947,8493,11040,13723,5354,8910,129764,106063,9447,3720,54067,21,0,17,12
2021-04-16T23:59:59+02:00,0,5,3970,4232,7424,8472,8071,10446,10432,13681,13862,15818,18612,20745,17120,21172,5706,9587,2666,2622,4640,4583,5093,5744,6299,7503,7182,7879,7638,8104,10949,13584,5346,8894,126917,105266,9387,3429,53034,21,0,17,12
2021-04-15T23:59:59+02:00,0,4,3926,4178,7311,8341,7900,10208,10097,13291,13132,14959,17803,19879,16878,20847,5693,9566,2665,2614,4628,4565,5080,5712,6268,7467,7111,7806,7076,7446,10825,13424,5342,8883,123262,103598,9228,3285,51506,19,0,17,12
2021-04-14T23:59:59+02:00,0,3,3899,4149,7245,8235,7794,10058,9922,13092,12714,14513,17277,19267,16727,20637,5688,9553,2632,2595,4610,4533,5051,5665,6233,7434,7054,7745,6442,6684,10563,13132,5338,8875,121875,101277,8994,3285,49887,14,0,17,12
2021-04-13T23:59:59+02:00,0,3,3896,4143,7207,8219,7737,10024,9814,13039,12340,14220,16588,18419,16491,20336,5684,9547,2608,2568,4590,4507,5026,5631,6174,7366,6965,7644,6229,6432,9979,12469,5330,8856,121180,99074,8776,3277,47734,14,0,17,11
2021-04-12T23:59:59+02:00,0,3,3882,4125,7154,8173,7680,9955,9706,12937,12093,14008,16145,17903,16303,20122,5679,9544,2579,2557,4523,4465,4919,5562,6059,7290,6847,7545,5484,5609,9531,11933,5290,8814,120847,95715,8740,3269,45808,14,0,17,11
2021-04-11T23:59:59+02:00,0,3,3867,4117,7112,8121,7621,9911,9613,12859,11855,13800,15580,17214,16027,19781,5674,9534,2503,2474,4394,4343,4764,5429,5896,7138,6695,7439,5181,5248,9400,11773,5290,8810,120258,93536,8312,3219,44102,13,0,17,11
2021-04-10T23:59:59+02:00,0,3,3849,4098,7073,8074,7577,9855,9553,12800,11764,13715,15363,17022,15978,19713,5673,9527,1944,1906,3575,3622,3889,4664,4890,6218,5840,6652,4907,4942,9272,11621,5284,8801,119795,84786,8312,3219,43513,13,0,17,11
2021-04-09T23:59:59+02:00,0,3,3829,4078,7035,8045,7513,9799,9400,12672,11437,13430,14179,15490,15535,19182,5661,9517,1084,1078,2217,2429,2381,3291,3104,4576,4220,5187,4222,4208,9025,11267,5260,8772,117896,69083,8310,3216,40582,13,0,17,11
2021-04-08T23:59:59+02:00,0,3,3803,4062,6974,7992,7410,9704,9213,12553,11033,13076,13046,14230,15126,18661,5642,9487,582,589,1299,1721,1474,2359,2004,3487,2836,3800,2976,2810,8221,10288,5118,8551,116650,54882,8229,3213,37119,11,0,17,11
2021-04-07T23:59:59+02:00,0,3,3756,4037,6896,7938,7317,9634,9085,12424,10724,12768,12318,13460,14909,18396,5636,9468,351,372,948,1376,1067,1973,1493,3024,1891,2792,1794,1522,7316,9147,4963,8292,115688,45091,8078,3213,34987,8,0,16,11
2021-04-06T23:59:59+02:00,0,3,3740,4025,6874,7900,7262,9567,8992,12344,10511,12550,11933,12965,14687,18100,5625,9454,344,358,938,1366,1052,1952,1466,2996,1832,2733,1715,1455,6904,8590,4812,8054,114409,43339,7979,3212,34130,7,0,14,11
2021-04-05T23:59:59+02:00,0,3,3735,4024,6863,7888,7249,9557,8973,12316,10447,12491,11823,12819,14589,18008,5623,9451,342,352,927,1362,1046,1944,1456,2976,1811,2699,1661,1402,6675,8285,4690,7870,114074,42271,7958,3211,33813,7,0,14,11
2021-04-04T23:59:59+02:00,0,3,3735,4024,6861,7882,7248,9556,8970,12316,10437,12486,11820,12815,14586,18007,5623,9451,342,351,925,1362,1045,1942,1455,2975,1809,2696,1658,1397,6668,8272,4685,7867,114069,42223,7957,3210,33780,7,0,14,11
2021-04-03T23:59:59+02:00,0,3,3735,4024,6861,7881,7247,9556,8970,12316,10436,12486,11820,12814,14584,18005,5623,9451,342,350,923,1358,1043,1941,1454,2970,1807,2696,1653,1385,6625,8191,4650,7832,114065,41994,7957,3210,33776,7,0,14,11
2021-04-02T23:59:59+02:00,0,3,3733,4022,6859,7878,7241,9550,8958,12309,10420,12470,11693,12700,14541,17948,5619,9443,340,348,921,1351,1037,1930,1439,2945,1767,2657,1558,1299,5862,7291,4217,7270,113942,39328,7952,2888,33479,7,0,14,11
2021-04-01T23:59:59+02:00,0,2,3693,4010,6825,7856,7199,9519,8906,12270,10349,12399,11351,12292,14165,17435,5615,9430,335,345,905,1336,1025,1909,1407,2899,1708,2591,1435,1206,4929,6186,3667,6448,113559,35432,6541,2883,33202,7,0,14,11
2021-03-31T23:59:59+02:00,0,2,3687,4006,6810,7837,7182,9501,8871,12238,10261,12327,11020,11886,13819,16942,5609,9409,332,342,897,1328,1015,1894,1387,2871,1658,2555,1370,1154,4349,5512,3315,5980,112986,33133,5540,2810,32867,7,0,14,11
2021-03-30T23:59:59+02:00,0,2,3669,3982,6774,7798,7125,9434,8782,12134,10098,12172,10762,11609,13596,16676,5603,9395,328,335,891,1317,1008,1888,1364,2864,1630,2529,1343,1128,4231,5390,3255,5888,112165,32760,5290,2613,32142,7,0,14,11
2021-03-29T23:59:59+02:00,0,2,3660,3960,6748,7776,7085,9381,8686,12039,9915,11965,10329,11141,13223,16207,5586,9362,323,331,887,1307,1002,1880,1356,2853,1614,2520,1318,1114,4098,5246,3158,5757,110489,32142,4982,2607,31580,6,0,14,11
2021-03-28T23:59:59+02:00,0,2,3618,3904,6633,7617,6968,9240,8559,11845,9763,11774,10118,10881,13047,16021,5581,9352,323,331,887,1307,1000,1879,1355,2853,1613,2518,1309,1111,4065,5204,3132,5731,110116,32099,4718,2505,30075,5,0,14,11
2021-03-27T23:59:59+01:00,0,2,3617,3893,6621,7552,6938,9126,8509,11674,9711,11620,10004,10758,12952,15933,5580,9352,323,330,887,1307,1000,1876,1355,2851,1609,2517,1307,1109,4039,5169,3119,5716,110107,31996,4718,2504,29003,5,0,14,11
2021-03-26T23:59:59+01:00,0,2,3611,3885,6593,7515,6909,9053,8461,11561,9620,11492,9955,10695,12906,15878,5572,9332,318,328,886,1304,996,1864,1352,2830,1588,2503,1282,1093,3858,4944,3013,5563,110051,31245,4496,2463,28479,5,0,14,11
2021-03-25T23:59:59+01:00,0,2,3588,3854,6502,7388,6817,8888,8270,11329,9311,11175,9576,10313,12603,15563,5567,9323,318,327,884,1296,993,1853,1339,2817,1564,2484,1256,1074,3625,4702,2762,5228,109678,30046,4289,2463,26088,4,0,14,11
2021-03-24T23:59:59+01:00,0,2,3533,3803,6413,7202,6697,8662,8103,11093,9085,10850,9161,9825,12185,15104,5556,9313,318,326,883,1293,988,1851,1331,2813,1548,2468,1247,1064,3558,4629,2581,5006,109167,29431,4153,2463,23253,1,0,14,11
2021-03-23T23:59:59+01:00,0,2,3515,3770,6364,7146,6621,8603,7985,10964,8836,10617,8740,9355,11734,14585,5547,9298,318,326,882,1283,983,1842,1326,2804,1544,2460,1223,1039,3466,4553,2388,4688,108352,28652,4060,2463,21256,1,0,14,11
2021-03-22T23:59:59+01:00,0,2,3507,3750,6321,7117,6587,8556,7919,10888,8687,10481,8459,9002,11431,14259,5511,9259,316,321,876,1273,975,1835,1319,2793,1534,2450,1211,1029,3437,4518,2369,4655,107681,28439,4057,2462,19984,1,0,14,11
2021-03-21T23:59:59+01:00,0,2,3505,3748,6317,7106,6570,8540,7900,10869,8631,10423,8339,8886,11360,14157,5509,9256,314,320,867,1270,968,1828,1310,2791,1530,2446,1207,1026,3428,4503,2355,4646,107596,28337,4056,2462,19452,1,0,14,11
2021-03-20T23:59:59+01:00,0,2,3497,3710,6309,7034,6555,8403,7875,10685,8587,10287,8261,8800,11322,14118,5509,9256,314,320,867,1270,968,1827,1309,2791,1530,2444,1207,1026,3428,4502,2355,4645,107563,28332,3844,2461,18789,1,0,14,11
2021-03-19T23:59:59+01:00,0,2,3484,3680,6283,6950,6531,8310,7829,10568,8473,10126,7722,8193,11138,13877,5499,9238,311,319,862,1263,951,1817,1286,2760,1480,2399,1123,958,2764,3713,1943,4076,105947,25554,3544,2461,18398,1,0,14,11
2021-03-18T23:59:59+01:00,0,2,3473,3662,6242,6909,6498,8248,7766,10481,8358,9997,6764,7096,10859,13576,5489,9213,310,319,859,1258,945,1808,1267,2752,1455,2380,1086,941,2557,3474,1787,3855,102926,24582,3386,2461,18307,1,0,14,11
2021-03-17T23:59:59+01:00,0,2,3436,3624,6171,6825,6445,8145,7675,10353,8228,9839,6081,6253,10573,13270,5472,9187,309,319,852,1252,940,1796,1253,2730,1436,2354,1049,917,2438,3349,1708,3745,100151,23976,3385,2461,18029,1,0,14,11
2021-03-16T23:59:59+01:00,0,2,3418,3595,6132,6772,6400,8072,7622,10288,8138,9738,5905,6077,9867,12475,5433,9124,302,309,838,1236,928,1787,1247,2710,1423,2346,1035,898,2224,3108,1575,3550,97906,23047,3375,2459,17763,1,0,14,11
2021-03-15T23:59:59+01:00,0,2,3381,3563,6035,6693,6270,7980,7480,10169,8009,9613,5153,5243,9424,11927,5390,9054,301,308,834,1232,926,1780,1245,2697,1414,2337,1022,886,2082,2935,1489,3456,94395,22476,3368,2458,17609,1,0,14,11
2021-03-14T23:59:59+01:00,0,2,3256,3416,5754,6347,5994,7619,7165,9754,7724,9292,4819,4852,9267,11730,5386,9044,301,307,834,1232,925,1780,1243,2696,1412,2334,1020,884,2079,2932,1486,3455,91999,22455,3313,2455,16095,1,0,14,11
2021-03-13T23:59:59+01:00,0,2,2601,2754,4813,5479,4976,6690,5970,8635,6709,8347,4505,4469,8884,11210,5296,8936,301,307,833,1230,925,1775,1240,2694,1411,2334,1020,883,2055,2896,1456,3420,81308,22315,3313,2455,15641,1,0,14,11
2021-03-12T23:59:59+01:00,0,2,1775,1933,3475,4329,3469,5355,4223,6996,5073,6838,3835,3764,7635,9662,4795,8257,297,304,831,1226,919,1768,1232,2674,1385,2317,974,858,1707,2433,1188,3069,62480,20717,3310,2455,15612,1,0,14,11
2021-03-11T23:59:59+01:00,0,2,1274,1456,2571,3588,2564,4415,3130,5906,3711,5452,2659,2487,5938,7551,4030,7082,292,295,815,1217,906,1745,1214,2645,1360,2271,937,838,1550,2204,1065,2881,45186,19771,3308,2455,15308,1,0,14,10
2021-03-10T23:59:59+01:00,0,2,1050,1238,2202,3227,2189,4024,2678,5465,2807,4485,1531,1287,4588,5833,3474,6313,282,285,797,1198,884,1709,1180,2572,1321,2205,912,818,1371,2014,969,2708,34166,18868,3308,2348,14906,1,0,13,10
2021-03-09T23:59:59+01:00,0,2,1034,1210,2136,3086,2124,3909,2593,5331,2723,4359,1497,1257,4513,5760,3435,6256,278,278,783,1177,867,1683,1155,2532,1303,2177,897,806,1293,1890,898,2598,33761,18302,3305,2304,14146,1,0,13,10
2021-03-08T23:59:59+01:00,0,2,1012,1179,2079,2987,2084,3827,2534,5218,2667,4287,1459,1237,4367,5602,3334,6115,278,274,778,1169,865,1674,1147,2524,1295,2161,872,785,1127,1665,775,2434,33072,17514,3305,2300,13600,1,0,13,10
2021-03-07T23:59:59+01:00,0,2,1007,1160,2039,2944,2042,3786,2494,5153,2626,4250,1454,1234,4360,5594,3332,6115,278,274,778,1169,865,1674,1147,2524,1294,2161,869,785,1118,1655,767,2423,33041,17514,3299,2259,13239,0,0,13,10
2021-03-06T23:59:59+01:00,0,2,1007,1156,2028,2930,2030,3767,2478,5126,2608,4229,1441,1224,4326,5549,3318,6103,278,274,778,1169,865,1673,1147,2524,1294,2161,869,785,1118,1655,767,2422,32896,17513,3298,2258,13115,0,0,13,10
2021-03-05T23:59:59+01:00,0,2,1003,1152,2013,2910,2000,3744,2435,5074,2555,4192,1405,1196,4060,5223,3168,5882,277,271,771,1162,859,1665,1144,2515,1291,2151,855,781,1110,1646,766,2420,32156,17418,2967,2258,12878,0,0,13,10
2021-03-04T23:59:59+01:00,0,2,909,1005,1925,2782,1932,3607,2359,4920,2465,4034,1375,1175,3820,4964,2904,5533,277,269,769,1157,856,1657,1143,2501,1287,2142,822,766,1098,1635,759,2408,30910,17303,2963,2235,11825,0,0,13,10
2021-03-03T23:59:59+01:00,0,2,863,897,1860,2686,1861,3502,2290,4804,2391,3950,1362,1162,3710,4859,2682,5261,276,267,768,1147,853,1639,1137,2459,1277,2116,805,762,1090,1617,752,2401,30236,17277,2846,2081,11047,0,0,13,10
2021-03-02T23:59:59+01:00,0,2,818,822,1763,2562,1776,3378,2200,4680,2331,3872,1327,1140,3580,4724,2479,4914,276,266,767,1141,849,1636,1132,2454,1273,2106,803,760,1076,1596,741,2382,29509,17170,2657,2080,10189,0,0,13,10
2021-03-01T23:59:59+01:00,0,2,795,783,1663,2418,1705,3234,2100,4508,2251,3751,1309,1128,3529,4661,2435,4852,276,264,763,1137,848,1624,1128,2442,1268,2096,797,758,1071,1585,734,2375,29256,17078,2573,2080,9282,0,0,13,10
2021-02-28T23:59:59+01:00,0,2,789,760,1644,2352,1677,3162,2077,4408,2237,3684,1303,1122,3519,4646,2421,4842,275,263,763,1136,848,1619,1128,2440,1268,2091,793,756,1063,1572,730,2365,29149,17055,2571,2047,8912,0,0,13,10
2021-02-27T23:59:59+01:00,0,2,774,743,1622,2292,1660,3050,2058,4282,2216,3588,1300,1119,3519,4644,2420,4841,275,263,763,1136,848,1618,1128,2440,1268,2090,793,756,1053,1566,713,2351,29144,17053,2570,2000,8403,0,0,13,10
2021-02-26T23:59:59+01:00,0,2,646,662,1517,2179,1608,2891,1995,4045,2115,3352,1210,1048,2868,3851,1994,4259,275,263,762,1134,847,1617,1128,2438,1266,2087,791,751,1035,1553,703,2335,26354,16979,2570,1998,7305,0,0,13,10
2021-02-25T23:59:59+01:00,0,2,496,582,1398,2077,1541,2763,1935,3917,2015,3240,1161,1016,2638,3581,1830,4016,258,248,737,1110,805,1547,1080,2340,1192,1994,734,730,1003,1516,692,2307,25290,16886,2543,1399,6362,0,0,13,10
2021-02-24T23:59:59+01:00,0,2,466,551,1329,1964,1468,2619,1865,3764,1938,3090,1122,986,2499,3444,1751,3897,229,235,710,1065,778,1484,1050,2280,1137,1943,707,707,956,1487,681,2277,24637,16699,2532,1019,5573,0,0,13,10
2021-02-23T23:59:59+01:00,0,2,410,511,1246,1824,1393,2472,1788,3553,1867,2968,1097,952,2296,3214,1626,3711,224,229,695,1042,766,1445,1028,2235,1112,1902,698,695,947,1473,678,2273,23714,16611,2522,823,4681,0,0,13,10
2021-02-22T23:59:59+01:00,0,2,397,478,1146,1713,1290,2375,1679,3447,1786,2897,1076,939,2154,3042,1541,3615,213,220,673,991,735,1382,1002,2141,1068,1820,655,663,878,1396,642,2217,23138,16422,2518,266,3908,0,0,13,10
2021-02-21T23:59:59+01:00,0,2,378,462,1044,1680,1137,2351,1523,3424,1682,2879,1068,937,2153,3041,1541,3615,186,214,642,983,724,1374,988,2136,1063,1818,652,660,875,1392,634,2210,23109,16291,2518,252,3277,0,0,13,10
2021-02-20T23:59:59+01:00,0,2,378,460,1043,1680,1136,2351,1521,3422,1682,2877,1068,936,2152,3041,1540,3614,185,212,639,983,721,1373,982,2133,1061,1818,652,660,875,1392,634,2210,23102,16270,2517,252,3271,0,0,13,10
2021-02-19T23:59:59+01:00,0,2,373,451,1031,1676,1126,2341,1508,3403,1649,2862,1018,908,1781,2534,1243,3232,164,202,613,978,703,1365,965,2131,1055,1816,649,659,873,1392,633,2209,21361,16147,2517,252,3247,0,0,13,10
2021-02-18T23:59:59+01:00,0,2,353,431,991,1594,1088,2254,1455,3285,1608,2772,988,885,1608,2291,1114,3028,144,191,574,967,683,1352,931,2114,1030,1796,638,640,852,1364,619,2188,20381,15823,2517,252,2836,0,0,13,10
2021-02-17T23:59:59+01:00,0,2,330,378,907,1451,981,2054,1320,3031,1496,2552,951,855,1419,2079,1013,2851,138,184,562,936,657,1301,898,2036,980,1720,603,608,845,1338,614,2169,19308,15329,2517,252,1832,0,0,13,10
2021-02-16T23:59:59+01:00,0,2,324,339,863,1313,929,1867,1259,2806,1430,2391,939,838,1356,1983,946,2755,132,171,548,893,642,1247,870,1972,950,1678,593,598,823,1307,601,2109,18938,15010,2516,116,873,0,0,13,10
2021-02-15T23:59:59+01:00,0,2,308,299,835,1282,912,1811,1219,2722,1392,2335,911,806,1179,1751,817,2579,123,163,526,866,624,1185,844,1899,927,1601,572,561,805,1270,592,2067,18027,14541,2515,76,605,0,0,13,10
2021-02-14T23:59:59+01:00,0,2,308,299,834,1282,911,1811,1217,2722,1392,2335,911,806,1179,1751,817,2579,123,163,525,859,620,1180,838,1893,923,1598,571,560,803,1269,591,2064,18026,14497,2515,75,602,0,0,13,10
2021-02-13T23:59:59+01:00,0,2,308,299,834,1282,911,1808,1217,2720,1392,2333,911,806,1179,1751,817,2579,123,163,525,859,620,1180,836,1890,921,1594,569,560,788,1249,579,2048,18019,14495,2515,1,602,0,0,13,10
2021-02-12T23:59:59+01:00,0,2,304,298,824,1277,907,1778,1211,2692,1364,2304,909,804,1178,1748,817,2579,123,163,523,856,619,1173,830,1878,915,1581,566,558,774,1238,573,2035,18010,14396,2515,1,458,0,0,13,10
2021-02-11T23:59:59+01:00,0,2,285,289,809,1242,901,1743,1195,2626,1342,2249,874,790,1167,1736,816,2569,121,149,505,815,597,1108,796,1778,892,1521,552,544,750,1203,559,2003,17896,13885,2514,0,212,0,0,13,10
2021-02-10T23:59:59+01:00,0,2,282,283,790,1204,888,1713,1183,2580,1327,2207,869,788,1152,1720,811,2552,117,140,438,728,551,1015,718,1651,833,1437,537,528,735,1183,549,1976,17872,13138,2409,0,58,0,0,12,0
2021-02-09T23:59:59+01:00,0,2,282,280,786,1190,876,1696,1168,2561,1313,2183,854,783,1138,1703,800,2536,100,121,383,641,498,886,639,1449,744,1248,485,450,616,1021,481,1738,17773,11502,2363,0,3,0,0,12,0
2021-02-08T23:59:59+01:00,0,2,282,279,784,1185,876,1689,1166,2557,1307,2175,848,780,1122,1681,783,2515,90,99,337,545,445,786,550,1241,636,1083,409,376,532,831,388,1428,17658,9778,2360,0,1,0,0,12,0
2021-02-07T23:59:59+01:00,0,2,281,278,782,1184,875,1689,1166,2556,1307,2172,842,778,1120,1678,782,2513,88,98,335,540,443,782,548,1232,632,1077,404,371,511,808,382,1414,17633,9667,2360,0,0,0,0,12,0
2021-02-06T23:59:59+01:00,0,2,281,277,781,1183,875,1688,1166,2556,1307,2171,841,777,1118,1672,781,2511,88,97,335,537,442,781,547,1228,630,1076,400,366,463,739,354,1369,17616,9454,2359,0,0,0,0,12,0
2021-02-05T23:59:59+01:00,0,2,281,277,781,1182,874,1686,1165,2555,1306,2168,834,771,1095,1662,774,2495,82,95,327,531,426,763,522,1193,601,1033,377,339,441,713,337,1324,17537,9105,2359,0,0,0,0,12,0
2021-02-04T23:59:59+01:00,0,2,278,269,778,1161,862,1664,1151,2527,1292,2145,812,758,1067,1632,767,2479,68,77,256,409,331,596,405,965,488,830,304,275,336,577,277,1114,17296,7308,2336,0,0,0,0,12,0
2021-02-03T23:59:59+01:00,0,2,277,264,774,1139,860,1638,1144,2477,1279,2115,793,744,1050,1609,758,2465,54,54,170,280,257,445,285,715,363,590,208,195,238,424,194,837,17200,5309,2176,0,0,0,0,12,0
2021-02-02T23:59:59+01:00,0,2,276,259,770,1131,853,1616,1136,2451,1267,2098,789,737,1041,1598,756,2457,35,35,92,139,148,256,173,448,235,370,134,125,161,255,136,538,17049,3280,2176,0,0,0,0,12,0
2021-02-01T23:59:59+01:00,0,2,274,256,765,1112,845,1596,1130,2422,1263,2065,780,724,1034,1588,752,2444,11,12,15,27,26,66,46,88,71,102,49,45,57,75,39,178,16865,907,2176,0,0,0,0,11,0
2021-01-31T23:59:59+01:00,0,2,268,254,749,1110,837,1585,1120,2411,1252,2056,774,718,1024,1571,745,2431,10,12,14,26,24,63,40,83,64,94,46,45,53,68,36,165,16830,843,2066,0,0,0,0,11,0
2021-01-30T23:59:59+01:00,0,2,268,254,749,1109,836,1585,1120,2411,1252,2056,773,718,1014,1564,728,2417,10,10,14,26,24,63,40,83,63,92,45,44,52,68,36,164,16826,834,2019,0,0,0,0,11,0
2021-01-29T23:59:59+01:00,0,2,268,254,749,1108,836,1585,1120,2411,1252,2055,772,717,1013,1562,728,2415,9,5,12,24,24,62,38,81,62,92,44,43,52,68,36,164,16819,816,2017,0,0,0,0,11,0
2021-01-28T23:59:59+01:00,0,2,264,249,737,1083,801,1530,1083,2350,1175,1997,731,703,984,1542,712,2393,4,0,3,6,9,26,19,36,20,45,21,22,23,45,15,97,16639,391,1686,0,0,0,0,11,0
2021-01-27T23:59:59+01:00,0,2,258,242,714,1051,753,1475,1025,2269,1102,1916,696,676,970,1521,709,2386,3,0,3,4,6,22,15,22,13,32,6,9,10,10,4,27,16191,186,1563,0,0,0,0,11,0
2021-01-26T23:59:59+01:00,0,2,234,233,697,1026,745,1425,1005,2195,1075,1851,684,662,947,1505,699,2367,3,0,1,4,5,12,13,12,6,11,3,5,6,7,1,16,16139,105,1202,0,0,0,0,11,0
2021-01-25T23:59:59+01:00,0,2,202,218,644,953,693,1302,962,2049,1017,1715,636,607,869,1410,656,2294,3,0,1,4,5,12,13,12,6,11,3,5,6,7,1,16,15911,105,307,0,0,0,0,11,0
2021-01-24T23:59:59+01:00,0,2,185,212,618,941,674,1288,944,2033,1002,1705,629,601,859,1390,647,2281,3,0,1,4,5,11,12,12,5,11,3,5,6,7,1,16,15738,102,262,0,0,0,0,11,0
2021-01-23T23:59:59+01:00,0,2,185,212,618,941,674,1288,944,2033,1002,1705,629,601,859,1390,647,2281,3,0,1,4,5,11,10,12,5,11,3,5,6,7,1,16,15738,100,262,0,0,0,0,11,0
2021-01-22T23:59:59+01:00,0,2,138,194,560,931,656,1273,910,2023,990,1694,624,600,858,1390,647,2281,3,0,0,4,5,11,10,12,5,11,3,5,6,7,1,16,15498,99,262,0,0,0,0,11,0
2021-01-21T23:59:59+01:00,0,2,133,186,545,908,635,1232,877,1969,968,1646,613,579,846,1359,640,2262,3,0,0,4,4,11,9,12,5,11,3,5,6,7,1,15,15127,96,262,0,0,0,0,11,0
2021-01-20T23:59:59+01:00,0,2,128,170,498,842,612,1156,814,1859,931,1575,592,562,829,1336,630,2234,3,0,0,4,4,11,9,12,5,11,3,5,6,7,1,15,14499,96,260,0,0,0,0,11,0
2021-01-19T23:59:59+01:00,0,2,117,152,427,756,550,1029,730,1671,831,1417,548,512,732,1184,558,1988,3,0,0,4,4,9,9,12,5,11,3,5,6,7,1,15,13000,94,193,0,0,0,0,11,0
2021-01-18T23:59:59+01:00,0,2,99,120,358,603,459,857,600,1410,705,1211,480,446,648,1026,491,1719,1,0,0,1,0,1,0,0,0,0,0,0,0,1,0,0,11140,4,83,0,0,0,0,11,0
2021-01-17T23:59:59+01:00,0,2,95,118,354,597,458,852,598,1391,697,1201,475,436,621,997,475,1678,1,0,0,1,0,1,0,0,0,0,0,0,0,1,0,0,10952,4,82,0,0,0,0,11,0
2021-01-16T23:59:59+01:00,0,2,95,115,352,589,455,847,587,1378,686,1189,460,422,526,871,414,1581,0,0,0,1,0,1,0,0,0,0,0,0,0,0,0,0,10555,2,3,0,0,0,0,11,0
2021-01-15T23:59:59+01:00,0,2,94,113,347,587,449,843,581,1371,669,1173,444,404,518,859,406,1558,0,0,0,0,0,0,0,0,0,0,0,0,0,0,0,0,10406,0,1,0,0,0,0,11,0
2021-01-14T23:59:59+01:00,0,0,77,91,290,485,371,679,464,1117,549,991,365,324,406,702,333,1323,0,0,0,0,0,0,0,0,0,0,0,0,0,0,0,0,8556,0,0,0,0,0,0,11,0
2021-01-13T23:59:59+01:00,0,0,63,68,206,367,295,506,350,835,423,710,255,228,298,527,251,1017,0,0,0,0,0,0,0,0,0,0,0,0,0,0,0,0,6389,0,0,0,0,0,0,10,0
2021-01-12T23:59:59+01:00,0,0,41,45,125,216,181,313,209,532,282,441,160,145,192,344,172,683,0,0,0,0,0,0,0,0,0,0,0,0,0,0,0,0,4081,0,0,0,0,0,0,0,0
2021-01-11T23:59:59+01:00,0,0,11,14,42,58,42,93,60,119,93,129,65,58,83,103,49,223,0,0,0,0,0,0,0,0,0,0,0,0,0,0,0,0,1242,0,0,0,0,0,0,0,0
2021-01-10T23:59:59+01:00,0,0,11,14,29,47,35,75,51,110,80,119,57,54,77,93,46,209,0,0,0,0,0,0,0,0,0,0,0,0,0,0,0,0,1107,0,0,0,0,0,0,0,0
2021-01-09T23:59:59+01:00,0,0,11,13,26,46,35,75,50,109,78,116,56,53,76,92,45,208,0,0,0,0,0,0,0,0,0,0,0,0,0,0,0,0,1089,0,0,0,0,0,0,0,0
2021-01-08T23:59:59+01:00,0,0,7,6,26,41,33,72,47,107,77,115,53,49,71,87,41,208,0,0,0,0,0,0,0,0,0,0,0,0,0,0,0,0,1040,0,0,0,0,0,0,0,0
2021-01-07T23:59:59+01:00,0,0,5,1,9,20,15,38,28,77,33,77,32,27,47,74,28,162,0,0,0,0,0,0,0,0,0,0,0,0,0,0,0,0,673,0,0,0,0,0,0,0,0
2021-01-06T23:59:59+01:00,0,0,5,0,4,8,10,30,25,43,19,47,26,24,34,51,19,120,0,0,0,0,0,0,0,0,0,0,0,0,0,0,0,0,465,0,0,0,0,0,0,0,0
2021-01-05T23:59:59+01:00,0,0,5,0,4,8,10,30,25,43,19,47,26,24,34,50,19,120,0,0,0,0,0,0,0,0,0,0,0,0,0,0,0,0,464,0,0,0,0,0,0,0,0
2021-01-04T23:59:59+01:00,0,0,4,0,1,3,4,11,13,12,5,11,3,5,6,8,1,17,0,0,0,0,0,0,0,0,0,0,0,0,0,0,0,0,104,0,0,0,0,0,0,0,0
2021-01-03T23:59:59+01:00,0,0,3,0,1,3,4,10,12,12,5,11,3,5,6,8,1,16,0,0,0,0,0,0,0,0,0,0,0,0,0,0,0,0,100,0,0,0,0,0,0,0,0
2021-01-02T23:59:59+01:00,0,0,3,0,1,3,4,10,10,12,5,11,3,5,6,8,1,16,0,0,0,0,0,0,0,0,0,0,0,0,0,0,0,0,98,0,0,0,0,0,0,0,0
2021-01-01T23:59:59+01:00,0,0,3,0,0,3,4,10,10,12,5,11,3,5,6,7,1,16,0,0,0,0,0,0,0,0,0,0,0,0,0,0,0,0,96,0,0,0,0,0,0,0,0
2020-12-31T23:59:59+01:00,0,0,3,0,0,3,4,10,9,12,5,11,3,5,6,7,1,16,0,0,0,0,0,0,0,0,0,0,0,0,0,0,0,0,95,0,0,0,0,0,0,0,0
2020-12-30T23:59:59+01:00,0,0,3,0,0,3,4,10,9,12,5,11,3,5,6,7,1,16,0,0,0,0,0,0,0,0,0,0,0,0,0,0,0,0,95,0,0,0,0,0,0,0,0
2020-12-29T23:59:59+01:00,0,0,3,0,0,3,4,8,9,12,5,11,3,5,6,7,1,16,0,0,0,0,0,0,0,0,0,0,0,0,0,0,0,0,93,0,0,0,0,0,0,0,0
2020-12-28T23:59:59+01:00,0,0,3,0,0,3,4,8,9,12,5,11,3,5,6,7,1,16,0,0,0,0,0,0,0,0,0,0,0,0,0,0,0,0,93,0,0,0,0,0,0,0,0
2020-12-27T23:59:59+01:00,0,0,1,0,0,0,0,0,0,0,0,0,0,0,1,3,0,7,0,0,0,0,0,0,0,0,0,0,0,0,0,0,0,0,12,0,0,0,0,0,0,0,0
