Datum,<15_m,<15_w,15-24_1_m,15-24_1_w,25-34_1_m,25-34_1_w,35-44_1_m,35-44_1_w,45-54_1_m,45-54_1_w,55-64_1_m,55-64_1_w,65-74_1_m,65-74_1_w,75-84_1_m,75-84_1_w,>84_1_m,>84_1_w,<24_2_m,<24_2_w,25-34_2_m,25-34_2_w,35-44_2_m,35-44_2_w,45-54_2_m,45-54_2_w,55-64_2_m,55-64_2_w,65-74_2_m,65-74_2_w,75-84_2_m,75-84_2_w,>84_2_m,>84_2_w,bp_1,bp_2,mo_1,mo_2,az_1,az_2,ja,unb_1,unb_2
2021-09-28T23:59:59+02:00,3712,3362,24991,24006,34160,31589,34187,34213,39691,40032,43121,43280,28194,31421,19945,25041,6070,10256,22205,21228,31725,28801,32233,31794,37540,37555,41026,41187,27126,30212,19241,24040,5821,9750,333709,310881,45347,43586,77505,71197,20654,61,33
2021-09-27T23:59:59+02:00,3689,3339,24957,23981,34125,31552,34166,34184,39672,40000,43102,43260,28189,31412,19938,25036,6067,10249,22169,21198,31696,28765,32205,31774,37519,37537,41008,41174,27117,30208,19238,24036,5820,9747,333403,310628,45337,43570,77504,71197,20618,61,33
2021-09-26T23:59:59+02:00,3536,3234,24899,23946,34114,31544,34158,34181,39666,39994,43096,43254,28188,31410,19936,25035,6066,10248,22152,21181,31692,28758,32200,31770,37511,37530,41003,41169,27114,30204,19235,24034,5819,9746,332995,310525,45337,43568,77504,71196,20613,61,33
2021-09-25T23:59:59+02:00,3535,3234,24898,23946,34113,31544,34158,34181,39665,39993,43095,43254,28188,31409,19934,25029,6065,10246,22150,21178,31692,28758,32199,31769,37508,37528,41003,41169,27114,30203,19235,24034,5819,9746,332977,310511,45337,43568,77504,71196,20613,61,33
2021-09-24T23:59:59+02:00,3511,3202,24819,23869,34008,31467,34095,34121,39609,39946,43060,43229,28174,31398,19922,25014,6063,10241,22066,21093,31600,28701,32156,31734,37453,37489,40983,41147,27101,30192,19232,24031,5818,9746,332447,310072,45305,43555,77503,71195,20437,61,33
2021-09-23T23:59:59+02:00,3345,3051,24683,23722,33919,31376,34019,34064,39550,39894,43003,43185,28157,31384,19914,25003,6061,10239,21954,20992,31535,28624,32107,31678,37417,37455,40948,41113,27087,30174,19225,24015,5817,9743,331419,309464,45276,43535,77503,71193,20315,61,33
2021-09-22T23:59:59+02:00,3322,3027,24647,23669,33889,31343,33996,34025,39522,39879,42981,43161,28148,31375,19909,24991,6061,10234,21925,20963,31501,28585,32088,31651,37395,37440,40925,41102,27077,30168,19222,24011,5817,9742,331074,309204,45267,43531,77501,71192,20281,61,33
2021-09-21T23:59:59+02:00,3198,2894,24458,23519,33760,31246,33933,33942,39455,39832,42959,43119,28129,31354,19900,24981,6052,10221,21791,20825,31397,28481,32011,31574,37341,37391,40892,41068,27066,30156,19214,23996,5814,9737,330041,308435,45228,43504,77501,71191,20126,61,33
2021-09-20T23:59:59+02:00,3173,2873,24412,23473,33715,31205,33904,33909,39425,39801,42935,43094,28124,31345,19896,24975,6052,10217,21756,20788,31354,28435,31991,31539,37311,37373,40878,41059,27056,30149,19205,23990,5812,9730,329682,308144,45211,43497,77501,71191,20078,61,32
2021-09-19T23:59:59+02:00,3168,2871,24402,23467,33707,31198,33897,33901,39420,39786,42925,43093,28123,31344,19896,24973,6052,10217,21749,20783,31350,28427,31988,31538,37303,37365,40870,41058,27056,30149,19204,23989,5812,9730,329603,308090,45211,43496,77500,71191,20070,61,32
2021-09-18T23:59:59+02:00,3168,2871,24402,23467,33707,31198,33897,33901,39420,39786,42925,43093,28123,31344,19896,24973,6052,10217,21749,20783,31350,28425,31985,31538,37303,37365,40870,41058,27056,30149,19204,23988,5812,9730,329603,308085,45211,43495,77500,71191,20070,61,32
2021-09-17T23:59:59+02:00,3142,2833,24299,23358,33607,31100,33823,33834,39351,39733,42890,43066,28109,31336,19894,24967,6050,10215,21671,20710,31285,28363,31925,31493,37264,37332,40851,41044,27048,30134,19202,23981,5812,9729,328962,307644,45170,43475,77499,71191,19920,60,32
2021-09-16T23:59:59+02:00,3091,2785,24189,23228,33513,30997,33759,33733,39305,39673,42839,43017,28084,31316,19878,24956,6047,10208,21570,20614,31208,28295,31860,31432,37241,37278,40821,41007,27037,30114,19195,23973,5810,9728,328159,307065,45132,43467,77499,71185,19772,60,32
2021-09-15T23:59:59+02:00,3067,2772,24148,23179,33482,30953,33745,33702,39275,39645,42821,42999,28074,31305,19872,24950,6046,10206,21533,20571,31176,28249,31836,31409,37209,37244,40797,40981,27023,30105,19188,23965,5809,9724,327828,306707,45118,43466,77498,71183,19741,60,32
2021-09-14T23:59:59+02:00,3029,2740,24047,23038,33345,30814,33664,33618,39218,39595,42770,42949,28056,31288,19863,24942,6042,10201,21448,20488,31086,28162,31772,31349,37161,37201,40753,40955,27013,30085,19179,23957,5807,9721,327039,306190,45084,43458,77497,71179,19543,60,32
2021-09-13T23:59:59+02:00,3011,2720,23996,22987,33302,30757,33633,33567,39192,39565,42739,42925,28050,31275,19858,24941,6041,10198,21397,20444,31046,28113,31744,31317,37137,37181,40739,40933,27007,30079,19175,23953,5806,9720,326665,305898,45067,43445,77497,71178,19472,60,32
2021-09-12T23:59:59+02:00,3007,2713,23991,22979,33298,30754,33623,33561,39187,39562,42736,42923,28048,31273,19857,24940,6041,10197,21381,20436,31037,28096,31725,31309,37131,37174,40733,40927,27002,30078,19173,23950,5806,9718,326600,305779,45067,43445,77496,71177,19471,60,32
2021-09-11T23:59:59+02:00,3005,2712,23989,22977,33296,30752,33621,33560,39187,39560,42735,42923,28045,31271,19857,24940,6041,10197,21376,20435,31036,28093,31725,31309,37131,37173,40732,40926,27000,30078,19173,23950,5806,9718,326579,305762,45067,43445,77496,71177,19470,60,32
2021-09-10T23:59:59+02:00,2963,2668,23856,22850,33174,30639,33520,33484,39113,39477,42688,42883,28029,31254,19852,24932,6040,10195,21260,20335,30929,28003,31635,31254,37067,37132,40686,40893,26992,30068,19167,23940,5804,9717,325846,305228,45048,43427,77496,71176,19171,60,32
2021-09-09T23:59:59+02:00,2915,2629,23682,22701,33071,30513,33426,33384,39043,39409,42648,42836,28002,31236,19843,24926,6038,10193,21141,20203,30833,27907,31558,31160,37003,37078,40637,40845,26968,30052,19158,23931,5800,9714,324988,304480,45024,43407,77493,71173,18941,53,31
2021-09-08T23:59:59+02:00,2894,2599,23644,22652,33040,30473,33410,33357,39023,39389,42633,42821,27996,31227,19840,24921,6037,10193,21108,20171,30802,27889,31542,31136,36986,37055,40627,40832,26961,30045,19152,23926,5799,9713,324679,304249,45018,43403,77493,71172,18910,53,31
2021-09-07T23:59:59+02:00,2841,2545,23493,22510,32923,30367,33334,33271,38968,39327,42590,42787,27979,31210,19837,24916,6036,10190,20972,20036,30687,27805,31464,31071,36938,37004,40588,40803,26944,30019,19146,23915,5798,9711,323937,303597,44995,43382,77492,71166,18650,53,31
2021-09-06T23:59:59+02:00,2818,2531,23462,22466,32892,30334,33313,33251,38948,39314,42574,42772,27976,31206,19835,24914,6035,10187,20931,19993,30657,27778,31443,31045,36919,36986,40574,40791,26936,30011,19144,23906,5795,9709,323674,303297,44979,43374,77491,71165,18634,53,31
2021-09-05T23:59:59+02:00,2806,2528,23454,22460,32891,30329,33311,33246,38945,39311,42570,42766,27974,31202,19833,24913,6034,10186,20918,19985,30648,27772,31440,31041,36916,36984,40569,40788,26931,30009,19142,23902,5794,9709,323607,303222,44978,43374,77491,71164,18633,53,31
2021-09-04T23:59:59+02:00,2806,2528,23451,22459,32890,30329,33311,33244,38944,39310,42569,42765,27974,31202,19833,24913,6034,10186,20916,19985,30648,27771,31439,31039,36915,36984,40568,40788,26931,30009,19142,23902,5794,9709,323601,303214,44978,43374,77491,71164,18628,53,31
2021-09-03T23:59:59+02:00,2783,2494,23377,22385,32822,30260,33272,33201,38900,39282,42539,42753,27966,31189,19832,24911,6032,10185,20867,19927,30601,27732,31406,31004,36887,36959,40539,40776,26923,30001,19140,23900,5793,9709,323120,302872,44950,43366,77487,71156,18576,53,31
2021-09-02T23:59:59+02:00,2754,2462,23271,22289,32766,30172,33217,33146,38862,39248,42501,42720,27946,31178,19828,24897,6030,10182,20792,19867,30547,27672,31369,30975,36848,36922,40509,40747,26913,29989,19137,23889,5793,9709,322530,302456,44919,43350,77485,71151,18485,53,31
2021-09-01T23:59:59+02:00,2733,2448,23249,22253,32738,30141,33197,33118,38836,39227,42488,42705,27937,31170,19823,24895,6030,10182,20751,19826,30519,27646,31348,30953,36829,36906,40492,40731,26904,29980,19136,23883,5793,9709,322280,302196,44908,43346,77484,71150,18448,53,31
2021-08-31T23:59:59+02:00,2688,2406,23130,22148,32659,30042,33144,33059,38790,39186,42462,42680,27926,31164,19817,24891,6029,10178,20664,19733,30447,27588,31301,30909,36789,36874,40464,40707,26895,29969,19130,23878,5793,9707,321708,301782,44877,43331,77483,71144,18281,53,31
2021-08-30T23:59:59+02:00,2666,2382,23078,22104,32618,30001,33121,33022,38761,39168,42442,42662,27921,31158,19810,24883,6028,10174,20539,19633,30353,27495,31243,30859,36756,36846,40444,40673,26880,29955,19129,23869,5793,9705,321373,301082,44862,43323,77483,71139,18231,53,31
2021-08-29T23:59:59+02:00,2635,2352,22995,22041,32558,29946,33077,32993,38715,39132,42412,42641,27912,31151,19807,24878,6028,10173,20434,19566,30286,27447,31206,30826,36715,36816,40419,40655,26867,29944,19128,23864,5793,9705,320928,300653,44846,43300,77481,71129,18141,53,31
2021-08-28T23:59:59+02:00,2629,2350,22995,22041,32556,29946,33075,32993,38712,39131,42411,42641,27911,31151,19807,24878,6028,10173,20433,19565,30282,27446,31206,30823,36712,36814,40419,40655,26867,29944,19128,23864,5793,9705,320915,300641,44845,43299,77481,71129,18137,53,31
2021-08-27T23:59:59+02:00,2629,2350,22990,22037,32552,29946,33074,32991,38710,39129,42407,42641,27910,31151,19807,24878,6027,10173,20428,19563,30270,27444,31205,30821,36710,36813,40417,40655,26867,29944,19128,23863,5793,9705,320901,300624,44845,43299,77481,71126,18125,53,31
2021-08-26T23:59:59+02:00,2547,2267,22808,21832,32427,29807,32958,32887,38623,39040,42342,42573,27885,31118,19794,24860,6026,10167,20156,19295,30128,27278,31065,30698,36602,36718,40335,40581,26825,29903,19109,23839,5787,9704,319703,299114,44825,43276,77480,71110,17903,53,31
2021-08-25T23:59:59+02:00,2541,2259,22788,21806,32416,29787,32944,32872,38611,39026,42332,42567,27880,31116,19787,24854,6023,10165,20108,19254,30089,27248,31044,30662,36576,36686,40316,40565,26812,29890,19106,23831,5786,9703,319518,298751,44825,43275,77480,71109,17901,53,31
2021-08-24T23:59:59+02:00,2523,2248,22750,21764,32389,29743,32925,32839,38602,39006,42313,42553,27874,31105,19782,24846,6022,10164,20070,19212,30056,27207,31023,30626,36562,36665,40296,40548,26806,29880,19102,23828,5786,9699,319232,298463,44815,43269,77480,71104,17871,53,31
2021-08-23T23:59:59+02:00,2503,2216,22679,21693,32325,29686,32889,32808,38561,38975,42282,42540,27858,31096,19779,24835,6022,10162,19948,19089,29939,27129,30959,30578,36513,36622,40255,40519,26794,29867,19096,23818,5786,9693,318795,297734,44804,43244,77477,71099,17783,53,31
2021-08-22T23:59:59+02:00,2494,2207,22643,21660,32306,29668,32872,32800,38545,38959,42277,42531,27854,31091,19774,24835,6022,10161,19909,19052,29904,27096,30928,30542,36492,36606,40236,40497,26786,29863,19093,23815,5786,9691,318626,297447,44797,43241,77476,71090,17750,53,31
2021-08-21T23:59:59+02:00,2475,2194,22588,21611,32267,29631,32848,32776,38531,38937,42260,42521,27847,31083,19772,24832,6022,10160,19807,18955,29833,27040,30894,30499,36458,36564,40212,40476,26775,29854,19088,23811,5784,9691,318383,296945,44784,43226,77474,71084,17664,53,31
2021-08-20T23:59:59+02:00,2437,2154,22500,21508,32192,29549,32786,32730,38483,38897,42217,42493,27840,31069,19768,24817,6021,10156,19636,18830,29707,26936,30818,30440,36399,36520,40166,40439,26760,29835,19079,23802,5783,9687,317808,296134,44760,43204,77471,71066,17528,53,31
2021-08-19T23:59:59+02:00,2349,2086,22339,21373,32060,29428,32697,32647,38382,38819,42146,42439,27814,31036,19761,24805,6016,10147,19377,18624,29502,26787,30702,30331,36280,36425,40064,40353,26733,29805,19068,23786,5779,9682,316877,294867,44740,43174,77471,71040,17206,53,31
2021-08-18T23:59:59+02:00,2340,2077,22313,21351,32038,29407,32676,32625,38354,38801,42133,42423,27799,31026,19755,24800,6016,10145,19323,18565,29463,26753,30678,30300,36252,36404,40040,40321,26716,29794,19064,23774,5774,9678,316619,294436,44740,43174,77471,71038,17199,53,31
2021-08-17T23:59:59+02:00,2323,2061,22286,21323,32020,29378,32651,32601,38342,38789,42109,42404,27794,31014,19750,24795,6016,10145,19280,18512,29430,26712,30634,30273,36224,36369,40012,40297,26694,29779,19057,23757,5770,9674,316378,294031,44740,43171,77471,71034,17162,53,31
2021-08-16T23:59:59+02:00,2287,2044,22220,21279,31980,29332,32627,32579,38318,38769,42077,42387,27785,31007,19748,24785,6016,10144,19073,18368,29288,26597,30556,30185,36177,36316,39974,40255,26674,29763,19050,23738,5764,9672,316031,293034,44740,43165,77469,71033,17094,53,31
2021-08-15T23:59:59+02:00,2260,2021,22165,21222,31936,29292,32603,32546,38290,38750,42058,42373,27778,31002,19742,24778,6015,10144,18956,18251,29131,26467,30475,30102,36109,36265,39917,40198,26655,29739,19040,23729,5761,9671,315700,292106,44732,43148,77468,71025,17025,53,31
2021-08-14T23:59:59+02:00,2254,2018,22139,21206,31924,29275,32599,32540,38282,38745,42052,42370,27777,31001,19741,24777,6015,10143,18843,18158,29070,26402,30440,30055,36085,36234,39896,40183,26647,29733,19037,23728,5760,9668,315610,291568,44729,43129,77468,71021,17001,53,31
2021-08-13T23:59:59+02:00,2237,2007,22093,21170,31887,29251,32563,32512,38266,38731,42042,42360,27775,30997,19738,24774,6014,10143,18588,17898,28890,26244,30324,29961,36032,36165,39851,40147,26631,29721,19032,23719,5757,9664,315378,290199,44724,43113,77466,71011,16942,53,31
2021-08-12T23:59:59+02:00,2201,1970,22007,21077,31816,29176,32510,32462,38218,38689,42005,42326,27758,30978,19731,24764,6012,10143,18282,17583,28634,26019,30180,29834,35937,36072,39775,40079,26595,29675,19012,23697,5755,9661,314813,288450,44712,43059,77463,70964,16805,53,31
2021-08-11T23:59:59+02:00,2199,1965,21987,21060,31799,29154,32495,32446,38210,38680,41994,42310,27750,30975,19728,24760,6011,10139,18227,17526,28597,25973,30131,29797,35916,36035,39738,40046,26583,29649,19005,23687,5755,9659,314634,287971,44712,43056,77463,70961,16803,53,31
2021-08-10T23:59:59+02:00,2190,1944,21959,21023,31764,29132,32480,32426,38183,38653,41976,42303,27744,30967,19727,24757,6010,10135,17705,17073,28424,25816,30035,29706,35747,35912,39688,40004,26559,29626,18998,23671,5751,9658,314387,286265,44707,43027,77461,70711,16768,53,31
2021-08-09T23:59:59+02:00,2166,1930,21907,20973,31708,29087,32447,32397,38158,38632,41963,42279,27733,30958,19726,24748,6009,10133,17231,16613,28287,25711,29980,29652,35701,35866,39654,39969,26550,29612,18993,23665,5751,9656,314017,284776,44702,43008,77460,70698,16725,53,31
2021-08-08T23:59:59+02:00,2150,1913,21853,20929,31663,29052,32413,32372,38134,38624,41943,42259,27726,30954,19720,24744,6009,10130,16887,16267,28174,25629,29923,29579,35653,35828,39633,39943,26538,29599,18984,23656,5749,9651,313707,283533,44701,42987,77459,70691,16671,53,31
2021-08-07T23:59:59+02:00,2106,1870,21720,20847,31580,28985,32339,32311,38078,38572,41910,42231,27717,30927,19715,24735,6007,10128,16377,15813,27873,25346,29693,29394,35475,35671,39493,39832,26481,29535,18965,23627,5746,9647,313082,280894,44669,42865,77453,70602,16524,53,31
2021-08-06T23:59:59+02:00,2096,1860,21670,20810,31539,28952,32304,32292,38052,38552,41898,42215,27712,30918,19711,24735,6007,10128,15349,14832,26725,24452,29401,29162,35226,35473,39178,39591,26438,29489,18955,23617,5745,9644,312851,275896,44665,42843,77453,69798,16432,53,30
2021-08-05T23:59:59+02:00,2057,1831,21562,20724,31481,28875,32245,32236,37994,38501,41853,42178,27695,30899,19702,24722,6005,10125,14459,14085,25704,23674,28688,28648,34696,35039,38861,39345,26371,29409,18923,23583,5742,9634,312300,271019,44642,42791,77452,68297,16241,53,30
2021-08-04T23:59:59+02:00,2036,1812,21489,20671,31434,28804,32213,32194,37958,38477,41818,42150,27683,30883,19697,24709,6003,10121,14087,13744,25299,23367,28475,28425,34553,34913,38764,39252,26332,29364,18901,23560,5737,9629,311842,268575,44636,42763,77452,68255,16172,53,30
2021-08-03T23:59:59+02:00,2027,1796,21462,20645,31417,28789,32200,32184,37948,38463,41802,42138,27673,30877,19693,24702,6002,10119,14003,13653,25221,23291,28407,28368,34505,34866,38713,39212,26306,29337,18889,23548,5734,9623,311636,267846,44632,42762,77451,68229,16168,53,30
2021-08-02T23:59:59+02:00,2017,1775,21417,20609,31374,28768,32172,32153,37922,38448,41789,42123,27664,30865,19693,24694,6001,10115,13799,13444,24513,22741,28126,28147,34355,34754,38633,39149,26279,29305,18881,23544,5734,9621,311352,265426,44629,42748,77451,68003,16117,53,30
2021-08-01T23:59:59+02:00,1997,1759,21366,20561,31322,28728,32146,32133,37903,38429,41767,42106,27658,30858,19690,24686,6001,10115,13628,13285,24212,22487,27886,27929,34263,34645,38563,39077,26263,29286,18875,23538,5734,9619,311050,263724,44623,42736,77450,67980,16052,53,30
2021-07-31T23:59:59+02:00,1972,1729,21285,20484,31255,28692,32091,32095,37866,38401,41744,42085,27654,30850,19685,24682,6001,10115,12681,12258,23691,22044,27540,27575,33953,34349,38131,38734,26192,29201,18849,23493,5729,9613,310637,258684,44611,42701,77448,67407,15939,53,30
2021-07-30T23:59:59+02:00,1947,1710,21264,20462,31224,28673,32076,32077,37860,38394,41736,42077,27649,30847,19684,24682,6000,10115,12594,12182,23360,21755,27257,27362,33734,34186,37970,38600,26168,29183,18847,23485,5729,9611,310456,257251,44610,42693,77448,66850,15912,53,30
2021-07-29T23:59:59+02:00,1878,1641,21031,20225,31085,28527,31974,31967,37767,38305,41643,42017,27621,30822,19671,24663,5993,10107,11964,11648,22228,20913,26216,26525,32750,33494,37586,38310,26086,29082,18818,23438,5723,9602,309252,251635,44583,42602,77440,65092,15611,53,30
2021-07-28T23:59:59+02:00,1858,1626,20991,20176,31065,28498,31959,31945,37746,38286,41620,41996,27610,30810,19666,24653,5993,10105,11686,11346,21817,20529,25780,26095,32586,33340,37475,38219,26049,29031,18799,23415,5722,9597,308938,248708,44582,42602,77428,65032,15605,52,30
2021-07-27T23:59:59+02:00,1848,1620,20950,20134,31041,28465,31925,31929,37725,38252,41596,41982,27603,30803,19665,24648,5993,10102,11438,11132,21616,20339,25639,25974,32474,33234,37385,38135,26018,28992,18789,23403,5719,9593,308699,247232,44582,42567,77427,64957,15523,52,29
2021-07-26T23:59:59+02:00,1822,1585,20824,20010,30935,28366,31866,31865,37670,38184,41554,41950,27578,30785,19654,24634,5987,10099,11144,10805,21109,19896,25392,25765,32312,33082,37253,38047,25983,28958,18776,23380,5718,9585,307942,244935,44551,42453,77423,64752,15402,52,29
2021-07-25T23:59:59+02:00,1815,1576,20802,19998,30924,28356,31855,31850,37663,38176,41544,41940,27574,30783,19653,24632,5987,10098,11039,10698,20958,19788,25158,25572,32074,32872,37110,37914,25965,28944,18770,23372,5717,9582,307826,243675,44541,42438,77415,64339,15394,52,29
2021-07-24T23:59:59+02:00,1795,1561,20721,19924,30881,28318,31820,31814,37637,38148,41521,41928,27567,30777,19650,24630,5987,10098,10976,10643,20881,19726,25086,25511,32021,32841,37081,37893,25959,28939,18768,23370,5717,9582,307482,243305,44530,42415,77411,64272,15304,52,29
2021-07-23T23:59:59+02:00,1740,1526,20529,19780,30717,28204,31733,31742,37569,38097,41481,41885,27556,30760,19645,24624,5986,10093,10719,10439,20516,19419,24280,24865,31537,32509,36513,37436,25916,28897,18752,23353,5716,9580,306652,240427,44521,42369,77393,62880,15050,52,29
2021-07-22T23:59:59+02:00,1675,1469,20218,19507,30475,28019,31602,31628,37438,37990,41383,41802,27530,30736,19634,24600,5982,10092,10258,10062,19769,18908,23321,24195,30828,31922,35479,36674,25805,28798,18719,23320,5714,9576,305169,236818,44485,41701,77387,60356,14688,52,29
2021-07-21T23:59:59+02:00,1660,1461,20180,19457,30445,27989,31578,31605,37418,37965,41362,41778,27521,30728,19629,24594,5977,10088,9947,9727,19308,18455,22447,23429,30492,31587,35245,36476,25722,28701,18688,23267,5706,9566,304841,234065,44477,40010,77385,60184,14681,52,28
2021-07-20T23:59:59+02:00,1654,1455,20146,19430,30417,27964,31553,31585,37401,37948,41350,41764,27506,30713,19629,24587,5977,10085,9677,9447,18977,18186,22177,23145,30316,31431,35080,36332,25676,28655,18672,23232,5705,9562,304585,231671,44475,40001,77384,60083,14669,52,28
2021-07-19T23:59:59+02:00,1643,1447,20034,19342,30335,27892,31495,31532,37382,37929,41335,41745,27501,30702,19623,24580,5976,10082,9477,9250,18662,17910,21712,22726,30062,31199,34960,36230,25642,28616,18654,23216,5705,9559,304011,230038,44469,39057,77383,59967,14661,52,28
2021-07-18T23:59:59+02:00,1632,1441,19966,19275,30208,27793,31429,31467,37320,37877,41293,41693,27480,30671,19614,24565,5972,10079,9367,9135,18494,17757,21522,22536,29894,31001,34846,36129,25610,28593,18643,23198,5705,9553,303222,228777,44469,38757,77381,59926,14652,52,28
2021-07-17T23:59:59+02:00,1631,1437,19959,19273,30208,27790,31429,31463,37315,37875,41289,41691,27479,30670,19613,24565,5972,10079,9346,9120,18461,17735,21503,22523,29884,30994,34827,36125,25607,28591,18643,23197,5705,9553,303189,228622,44469,38754,77381,59915,14648,52,28
2021-07-16T23:59:59+02:00,1578,1392,19684,19025,30083,27693,31345,31390,37258,37812,41248,41659,27460,30653,19606,24555,5970,10073,9228,9005,18084,17432,21198,22248,29493,30638,34692,36019,25583,28567,18636,23184,5703,9551,302188,227353,44447,38030,77379,59582,14419,52,27
2021-07-15T23:59:59+02:00,1520,1349,19422,18776,29901,27547,31237,31291,37174,37729,41178,41592,27417,30623,19590,24541,5966,10070,8865,8701,17167,16598,19650,21021,28575,29714,34071,35438,25415,28386,18581,23135,5697,9539,300907,221235,44405,36574,77371,58657,14189,52,27
2021-07-14T23:59:59+02:00,1506,1336,19393,18740,29878,27521,31212,31259,37162,37716,41158,41585,27408,30616,19581,24534,5965,10066,8578,8403,16614,15998,19155,20501,28008,29215,33680,35060,25302,28257,18541,23069,5692,9528,300629,217060,44402,36216,77368,58228,14186,52,27
2021-07-13T23:59:59+02:00,1494,1326,19356,18715,29861,27497,31189,31244,37147,37689,41134,41557,27399,30602,19579,24529,5964,10060,8271,8142,16215,15643,18881,20223,27745,28966,33408,34803,25203,28137,18508,23028,5690,9523,300345,214357,44401,36181,77367,57735,14178,52,27
2021-07-12T23:59:59+02:00,1478,1316,19308,18698,29827,27468,31172,31223,37135,37672,41117,41543,27396,30598,19577,24523,5963,10060,8011,7925,15935,15365,18179,19675,27432,28646,32993,34441,25035,27940,18449,22953,5684,9518,300087,213074,44400,34240,77367,56757,14169,52,27
2021-07-11T23:59:59+02:00,1468,1308,19276,18667,29797,27437,31156,31192,37127,37651,41103,41531,27387,30589,19575,24523,5962,10059,7967,7878,15870,15294,18091,19620,27348,28584,32881,34379,24981,27895,18429,22931,5684,9515,299834,212499,44397,34229,77365,56514,14161,52,27
2021-07-10T23:59:59+02:00,1339,1191,18771,18249,29354,27143,30869,30958,36880,37492,40902,41381,27313,30529,19549,24491,5959,10056,7837,7808,15587,15158,17871,19468,27106,28444,32715,34263,24915,27849,18413,22918,5683,9515,297633,212078,44258,34107,77337,56273,13147,52,27
2021-07-09T23:59:59+02:00,1328,1185,18743,18218,29333,27126,30857,30945,36869,37480,40891,41372,27309,30525,19547,24487,5959,10055,7795,7760,15517,15092,17806,19374,26885,28214,32466,34050,24851,27786,18391,22892,5683,9512,297487,211796,44239,34104,77336,55108,13116,52,27
2021-07-08T23:59:59+02:00,1250,1104,18475,18002,29186,26975,30719,30827,36767,37378,40792,41294,27275,30490,19528,24468,5954,10049,7627,7623,15219,14845,17375,19014,26191,27612,32195,33783,24682,27629,18332,22830,5680,9504,296217,210660,44185,32681,77328,54089,12752,52,27
2021-07-07T23:59:59+02:00,1151,1012,18165,17677,28985,26792,30587,30703,36655,37258,40686,41208,27241,30442,19514,24452,5951,10046,7430,7412,14779,14477,16910,18572,25436,27003,31787,33402,24416,27305,18237,22736,5671,9495,294642,207744,44134,31843,77317,53130,12381,52,27
2021-07-06T23:59:59+02:00,1128,996,18088,17611,28940,26742,30537,30656,36619,37223,40650,41176,27224,30416,19503,24438,5949,10043,7214,7180,14435,14119,16559,18222,24685,26355,31488,33138,24226,27090,18189,22665,5664,9488,294065,205684,44131,30437,77314,52235,12378,52,27
2021-07-05T23:59:59+02:00,1085,968,18014,17547,28897,26686,30498,30622,36593,37178,40622,41150,27218,30402,19497,24432,5949,10038,6985,6990,14132,13847,16207,17856,24130,25844,30919,32571,23946,26792,18081,22526,5656,9478,293579,204189,44129,28334,77310,51104,12327,52,27
2021-07-04T23:59:59+02:00,1063,952,17943,17498,28858,26665,30476,30593,36583,37168,40607,41138,27212,30391,19492,24429,5949,10037,6959,6973,14078,13800,16132,17798,24046,25788,30766,32480,23853,26703,18049,22485,5654,9474,293262,203798,44128,28324,77299,50596,12314,52,27
2021-07-03T23:59:59+02:00,647,579,16209,15779,27684,25740,29676,29875,35940,36558,40107,40709,27054,30223,19424,24341,5940,10020,6574,6733,13562,13497,15730,17495,23684,25511,30461,32285,23756,26607,18015,22445,5650,9470,285739,203506,44089,28248,77215,50304,9411,52,27
2021-07-02T23:59:59+02:00,608,540,16078,15633,27524,25593,29596,29815,35909,36530,40088,40696,27048,30214,19421,24338,5940,10020,6526,6662,13488,13396,15642,17364,23541,25328,30307,32120,23563,26395,17926,22367,5648,9467,284833,202823,44089,28089,77213,49417,9405,52,27
2021-07-01T23:59:59+02:00,550,492,15900,15478,27307,25440,29518,29737,35854,36479,40023,40650,27027,30195,19410,24326,5938,10016,6386,6533,13146,13124,15113,16922,22275,24338,29545,31436,23283,26107,17807,22233,5641,9451,283642,199287,44084,26414,77200,48271,9363,52,25
2021-06-30T23:59:59+02:00,520,472,15796,15371,27196,25355,29450,29665,35798,36427,39980,40614,27012,30164,19399,24309,5934,10016,6191,6354,12715,12740,14544,16374,21652,23741,28952,30905,22864,25643,17676,22050,5634,9439,282816,195033,44081,26390,77194,46707,9336,52,25
2021-06-29T23:59:59+02:00,463,422,15033,14702,26933,25132,29355,29565,35719,36346,39912,40567,26993,30139,19391,24296,5934,10014,6079,6227,12454,12477,14149,15977,20861,23119,28367,30351,22416,25119,17523,21876,5626,9429,280308,191878,44080,25879,77185,44991,9292,52,25
2021-06-28T23:59:59+02:00,427,391,14403,14059,26775,25026,29280,29499,35660,36281,39869,40533,26975,30119,19383,24285,5934,10010,6012,6132,12275,12338,13961,15800,20240,22567,27967,29977,22080,24762,17394,21713,5621,9424,278365,190194,44076,25218,77179,43602,9238,52,25
2021-06-27T23:59:59+02:00,350,324,14056,13681,26710,24967,29240,29463,35638,36259,39850,40519,26964,30112,19380,24281,5933,10009,5976,6089,12161,12223,13815,15671,19686,22089,27357,29477,21803,24424,17273,21590,5617,9423,277241,189360,44072,23690,77167,42408,9205,52,25
2021-06-26T23:59:59+02:00,349,323,14045,13670,26694,24956,29234,29457,35632,36258,39847,40518,26963,30111,19380,24281,5933,10009,5971,6086,12150,12220,13809,15668,19673,22078,27312,29442,21658,24294,17233,21534,5616,9421,277168,189335,44070,23686,77167,41929,9204,52,25
2021-06-25T23:59:59+02:00,225,210,12779,12450,25229,23811,28933,29223,35526,36175,39780,40456,26939,30084,19369,24269,5930,10007,5928,6039,12054,12140,13666,15546,19363,21839,26927,29083,21335,23900,17058,21337,5613,9412,270933,188110,44066,23403,77146,40517,9199,52,25
2021-06-24T23:59:59+02:00,160,156,11807,11619,24116,22929,28568,28871,35376,36008,39662,40350,26900,30034,19358,24245,5928,10003,5711,5807,11595,11724,13085,14955,17827,20441,25278,27485,20565,23042,16741,20930,5603,9402,265687,183123,44046,19781,77141,38110,9165,52,25
2021-06-23T23:59:59+02:00,124,130,11445,11294,23614,22557,28321,28629,35197,35879,39572,40261,26870,30007,19349,24208,5926,9991,5637,5694,11382,11509,12786,14604,17437,20030,24529,26716,19769,22291,16547,20677,5595,9386,263062,180771,44039,19164,77136,35556,9086,52,25
2021-06-22T23:59:59+02:00,103,117,11262,11082,23454,22416,28241,28557,35121,35817,39526,40216,26855,29982,19341,24199,5926,9990,5528,5573,11115,11248,12419,14233,16834,19432,23796,25949,19389,21866,16384,20498,5588,9370,261915,177738,44036,18294,77134,34106,9069,52,25
2021-06-21T23:59:59+02:00,90,105,11010,10896,22620,21743,27987,28329,35055,35753,39462,40173,26838,29963,19335,24189,5926,9989,5409,5469,10900,11028,12112,13911,16442,19086,23347,25481,19098,21552,16279,20378,5582,9368,259315,176276,44026,17276,77126,32929,8945,52,25
2021-06-20T23:59:59+02:00,84,104,10946,10803,22369,21527,27728,28128,34975,35675,39417,40129,26827,29947,19333,24184,5924,9986,5368,5415,10812,10927,12016,13808,16245,18902,23076,25240,18997,21445,16226,20320,5576,9364,258024,175967,44024,16208,77120,32679,8866,52,25
2021-06-19T23:59:59+02:00,83,100,10922,10778,22336,21504,27710,28115,34963,35671,39407,40125,26826,29946,19333,24182,5924,9986,5337,5383,10731,10837,11924,13687,16097,18750,22768,24878,18910,21358,16214,20307,5575,9364,257871,175863,44002,14708,77120,32666,8866,52,25
2021-06-18T23:59:59+02:00,80,98,10874,10728,22016,21182,27446,27899,34909,35634,39376,40103,26817,29937,19332,24179,5924,9984,5322,5374,10700,10806,11884,13638,16035,18687,22683,24782,18744,21177,16169,20241,5574,9359,256481,175464,44000,14707,77119,32121,8866,52,25
2021-06-17T23:59:59+02:00,71,90,10294,10296,20741,20222,26583,27164,34539,35310,39117,39912,26753,29855,19311,24142,5917,9979,5124,5234,10325,10552,11439,13236,15354,18076,21315,23465,18287,20690,16005,20069,5570,9345,250696,170163,43980,14134,77107,31311,8461,52,25
2021-06-16T23:59:59+02:00,63,78,9956,9983,20059,19588,25945,26561,34290,35108,38956,39760,26707,29802,19287,24117,5916,9975,4980,5089,9936,10217,10980,12784,14650,17385,20465,22531,17884,20243,15835,19856,5560,9333,246848,166378,43964,12864,77093,30275,8194,52,25
2021-06-15T23:59:59+02:00,48,72,9711,9741,19762,19339,25722,26364,34159,35002,38859,39679,26675,29765,19280,24102,5911,9971,4874,4977,9696,10000,10746,12524,14227,16957,19866,21953,17561,19853,15613,19626,5551,9322,245073,164295,43952,11771,77087,29266,7998,52,24
2021-06-14T23:59:59+02:00,44,67,9578,9616,19462,19078,25546,26221,34039,34923,38797,39640,26657,29745,19274,24091,5911,9968,4793,4914,9505,9861,10572,12388,13964,16740,19551,21658,17395,19696,15511,19493,5550,9318,243875,162834,43950,11769,77083,28593,7697,52,24
2021-06-13T23:59:59+02:00,43,63,9418,9487,19172,18892,25194,25967,33840,34756,38691,39573,26641,29733,19264,24083,5911,9965,4709,4846,9294,9686,10405,12212,13638,16394,19203,21327,17268,19547,15464,19428,5548,9316,242233,161974,43950,11769,77079,27146,7379,52,24
2021-06-12T23:59:59+02:00,43,63,9409,9473,19159,18878,25194,25962,33840,34751,38688,39572,26641,29733,19264,24083,5911,9965,4706,4832,9284,9625,10373,12110,13589,16241,19148,21191,17159,19422,15347,19326,5546,9314,242187,161946,43950,11767,77072,26115,7368,52,24
2021-06-11T23:59:59+02:00,38,59,9250,9290,18924,18665,24395,25286,33660,34596,38553,39459,26608,29699,19253,24059,5911,9960,4626,4717,9063,9369,10112,11811,13068,15690,18173,20297,16973,19225,15307,19282,5543,9311,239259,157918,43948,11766,77068,25528,7338,52,24
2021-06-10T23:59:59+02:00,36,55,8856,8956,18272,18171,23542,24607,33339,34315,38348,39294,26549,29644,19229,24031,5908,9953,4451,4540,8480,8873,9303,11090,11920,14584,16182,18382,16084,18261,15022,18915,5534,9289,235625,148231,43287,11733,77042,23829,7101,50,23
2021-06-09T23:59:59+02:00,19,37,8407,8450,17436,17443,22393,23563,32849,33846,38061,39074,26438,29539,19181,23973,5898,9940,4315,4423,8191,8607,9059,10835,11588,14216,15697,17833,15712,17831,14781,18630,5527,9279,231620,146402,41393,11692,77001,21913,6501,32,23
2021-06-08T23:59:59+02:00,11,25,8088,8133,16965,17025,21973,23197,32604,33653,37898,38943,26393,29499,19171,23950,5895,9935,4195,4340,7937,8352,8754,10489,11228,13870,15055,17128,15253,17307,14519,18352,5522,9261,228890,144693,41360,10566,76989,20200,6087,32,23
2021-06-07T23:59:59+02:00,8,21,7890,7901,16607,16700,21430,22740,32323,33382,37780,38826,26364,29451,19151,23921,5890,9934,4119,4260,7756,8208,8594,10345,11057,13698,14741,16800,15054,17051,14345,18159,5518,9256,227265,143609,40386,10473,76968,19194,5669,31,23
2021-06-06T23:59:59+02:00,6,18,7783,7792,16472,16553,21234,22531,32096,33158,37644,38720,26337,29426,19138,23904,5890,9928,4090,4225,7708,8090,8540,10214,10949,13551,14544,16581,14869,16872,14256,18038,5511,9250,226028,143120,40086,10462,76950,18155,5535,31,23
2021-06-05T23:59:59+02:00,6,18,7761,7778,16443,16526,21226,22528,32086,33152,37641,38719,26336,29426,19137,23903,5890,9928,4081,4186,7693,8025,8526,10081,10935,13380,14525,16476,14833,16817,14247,18028,5511,9249,225918,143040,40086,10462,76949,17555,5520,31,23
2021-06-04T23:59:59+02:00,6,16,7647,7675,16165,16288,20949,22279,31662,32778,37526,38598,26303,29386,19125,23890,5888,9926,4074,4177,7667,8002,8500,10050,10868,13307,14420,16344,14751,16724,14210,17984,5511,9247,224317,142704,39309,10133,76930,17463,5520,31,23
2021-06-03T23:59:59+02:00,4,16,7392,7447,15288,15500,19316,20885,30749,31849,37023,38136,26170,29249,19081,23839,5882,9907,4013,4138,7578,7931,8377,9953,10698,13125,13849,15773,14486,16408,14124,17876,5508,9235,217685,140482,37727,10014,76919,17189,5371,31,23
2021-06-02T23:59:59+02:00,4,16,7257,7303,14902,15071,18884,20482,30280,31394,36797,37871,26106,29185,19061,23810,5879,9905,3983,4107,7513,7843,8289,9859,10557,12994,13401,15340,14362,16225,14096,17838,5505,9230,214595,138682,37296,9920,76918,17157,5367,31,23
2021-06-01T23:59:59+02:00,4,13,6982,7058,14503,14760,18540,20164,29952,31083,36573,37637,26050,29105,19037,23781,5877,9894,3881,4022,7271,7666,8056,9666,10292,12718,12995,14916,13929,15772,13980,17684,5498,9222,211845,136550,37252,9666,76897,16348,4988,31,23
2021-05-31T23:59:59+02:00,4,13,6818,6868,14284,14526,17838,19562,29611,30741,36277,37372,25958,29007,19010,23727,5867,9882,3802,3910,7062,7417,7833,9381,9948,12335,12555,14396,13400,15158,13780,17454,5490,9207,210411,133362,35204,9343,76880,15568,4839,31,23
2021-05-30T23:59:59+02:00,4,13,6795,6853,14238,14487,17761,19503,29561,30703,36245,37346,25946,28995,19007,23721,5866,9880,3759,3836,6905,7203,7685,9145,9741,12014,12298,14042,13279,14988,13712,17372,5487,9200,210115,132625,35192,9242,76822,14019,4764,31,23
2021-05-29T23:59:59+02:00,4,13,6793,6852,14229,14481,17756,19497,29556,30699,36242,37345,25944,28992,19007,23720,5866,9880,3750,3823,6876,7170,7652,9094,9705,11967,12224,13944,13238,14919,13682,17348,5486,9195,210083,132485,35192,9241,76807,13568,4763,31,23
2021-05-28T23:59:59+02:00,4,13,6783,6840,14213,14464,17739,19476,29543,30686,36231,37326,25941,28987,19004,23716,5866,9880,3736,3800,6855,7130,7618,9039,9652,11863,11982,13674,13048,14728,13652,17307,5483,9192,209924,131191,35191,9240,76804,13549,4762,31,23
2021-05-27T23:59:59+02:00,4,13,6692,6758,13945,14246,17253,19128,28863,30143,36071,37193,25892,28950,18989,23700,5865,9874,3611,3640,6568,6878,7242,8732,9154,11305,11273,12778,12495,14159,13522,17114,5475,9180,208832,127670,33749,8912,76762,12322,4205,31,23
2021-05-26T23:59:59+02:00,4,13,6621,6651,13730,14044,17000,18819,28316,29630,35894,37016,25851,28900,18972,23671,5864,9867,3520,3496,6343,6589,6953,8306,8813,10827,10620,11978,11932,13543,13375,16898,5470,9158,207216,124050,32995,8729,76747,11153,3874,31,21
2021-05-25T23:59:59+02:00,4,13,6540,6556,13525,13823,16737,18607,27591,28983,35801,36919,25827,28869,18960,23655,5859,9866,3471,3405,6198,6421,6807,8116,8587,10536,10273,11612,11586,13066,13270,16737,5467,9150,206500,122206,31540,8592,76263,10087,3802,30,21
2021-05-24T23:59:59+02:00,4,13,6470,6459,13348,13622,16515,18324,27178,28554,35455,36517,25770,28801,18941,23631,5858,9864,3457,3383,6140,6339,6761,8032,8528,10441,10200,11515,11411,12833,13222,16644,5459,9130,205967,121578,29308,8545,76256,9594,3763,30,21
2021-05-23T23:59:59+02:00,4,13,6468,6458,13343,13613,16512,18314,27159,28544,35425,36483,25767,28794,18941,23625,5858,9864,3452,3379,6134,6329,6751,8025,8500,10410,10160,11458,11328,12732,13202,16613,5459,9129,205852,121566,29291,8133,76255,9587,3757,30,21
2021-05-22T23:59:59+02:00,4,13,6461,6454,13336,13602,16505,18310,27156,28543,35422,36477,25767,28794,18941,23625,5858,9864,3451,3379,6131,6326,6750,8021,8496,10408,10155,11455,11317,12718,13197,16609,5458,9129,205802,121526,29291,8133,76252,9566,3757,30,21
2021-05-21T23:59:59+02:00,4,13,6399,6394,13183,13496,16330,18161,26885,28365,34992,36209,25741,28756,18933,23619,5857,9860,3442,3369,6098,6305,6720,7987,8457,10359,10101,11406,10799,12005,13056,16449,5455,9124,205112,119768,29166,8130,75204,9531,3685,30,21
2021-05-20T23:59:59+02:00,3,12,6107,6193,12572,13079,15135,17238,24972,26864,34038,35439,25636,28612,18879,23537,5851,9845,3382,3324,6004,6188,6606,7830,8310,10198,9862,11098,10459,11549,12943,16266,5445,9111,200343,117763,27422,8049,72662,9189,3556,29,21
2021-05-19T23:59:59+02:00,3,12,5900,5953,12060,12621,14427,16531,24026,26049,33411,34836,25523,28521,18844,23477,5843,9833,3305,3250,5842,6018,6414,7589,8035,9917,9558,10717,10147,11133,12864,16121,5443,9103,194642,115848,27383,7853,72647,8568,3169,29,21
2021-05-18T23:59:59+02:00,3,11,5730,5843,11660,12298,13803,16031,22869,25100,32743,34228,25407,28385,18796,23423,5838,9824,3262,3218,5729,5907,6249,7429,7829,9699,9360,10476,9977,10882,12718,15899,5434,9094,189679,114692,26875,7785,72602,7860,2807,29,21
2021-05-17T23:59:59+02:00,3,10,5677,5798,11497,12191,13529,15809,22054,24464,32432,33912,25327,28325,18774,23393,5829,9815,3145,3142,5538,5722,6074,7213,7620,9471,9135,10231,9885,10758,12660,15836,5431,9089,187909,113933,26173,7777,72208,6702,2520,29,21
2021-05-16T23:59:59+02:00,3,10,5649,5778,11436,12133,13444,15729,21443,23915,31818,33383,25286,28281,18764,23378,5828,9815,3140,3119,5524,5652,6046,7153,7592,9371,9104,10147,9869,10739,12657,15833,5431,9089,187141,113821,24627,7771,71788,6349,2508,29,20
2021-05-15T23:59:59+02:00,3,10,5640,5769,11403,12124,13415,15719,21368,23844,31277,33008,25275,28276,18763,23375,5827,9814,3126,3104,5505,5610,6032,7077,7552,9256,8866,9892,9836,10708,12623,15782,5431,9088,187091,113816,24614,7633,71139,5985,2037,29,20
2021-05-14T23:59:59+02:00,3,10,5600,5744,11341,12087,13343,15655,20957,23533,30846,32661,25239,28230,18752,23358,5827,9812,3094,3064,5469,5521,6011,6942,7512,9054,8806,9697,9763,10598,12537,15654,5431,9085,186369,113647,24295,7299,70269,5239,2036,29,20
2021-05-13T23:59:59+02:00,3,10,5445,5585,10959,11791,12629,15067,18772,21785,29303,31192,25012,27987,18684,23286,5825,9809,3082,3030,5444,5482,5994,6884,7488,8983,8762,9637,9547,10354,12336,15350,5426,9074,182416,113289,20496,6477,68182,5069,2021,29,20
2021-05-12T23:59:59+02:00,2,10,5416,5558,10888,11733,12528,14979,18650,21661,28940,30828,24919,27893,18667,23256,5824,9804,3082,3026,5438,5476,5984,6871,7463,8968,8723,9583,9359,10122,12104,15027,5423,9067,181468,113006,19859,5609,68179,5064,2021,29,19
2021-05-11T23:59:59+02:00,2,10,5280,5454,10640,11484,12162,14609,18037,21025,28008,29857,24727,27703,18607,23180,5819,9790,3040,2985,5349,5320,5884,6686,7333,8725,8561,9361,9178,9925,11955,14838,5414,9049,177393,111960,18964,5500,68047,4166,1961,29,19
2021-05-10T23:59:59+02:00,2,9,5157,5376,10427,11289,11903,14353,17711,20691,27588,29449,24618,27595,18568,23133,5811,9786,2972,2932,5233,5204,5769,6583,7209,8584,8432,9254,9074,9801,11865,14710,5411,9041,175390,111430,18271,5488,67822,3186,1954,29,19
2021-05-09T23:59:59+02:00,2,9,5083,5328,10326,11175,11803,14234,17371,20407,27197,29072,24532,27508,18539,23097,5808,9783,2903,2900,5086,5160,5592,6540,7042,8555,8304,9218,9062,9791,11847,14690,5411,9041,174995,111354,16985,5478,67326,2355,1939,29,19
2021-05-08T23:59:59+02:00,2,9,5082,5327,10323,11171,11803,14234,17367,20405,27194,29069,24532,27508,18539,23097,5808,9783,2903,2899,5084,5160,5592,6540,7042,8555,8301,9218,9061,9790,11847,14690,5411,9041,174978,111351,16985,5478,67323,2351,1938,29,19
2021-05-07T23:59:59+02:00,2,9,5048,5301,10253,11118,11673,14110,16968,20130,26557,28511,24483,27457,18522,23063,5801,9754,2893,2892,5068,5151,5581,6524,7030,8544,8293,9207,9055,9782,11836,14668,5403,9014,174141,111336,16982,5472,65799,2308,1809,29,19
2021-05-06T23:59:59+02:00,1,9,4778,5140,9792,10774,11111,13593,15879,19108,24154,26218,23986,26931,18416,22961,5796,9740,2851,2846,5002,5075,5541,6433,6947,8426,8163,9057,8955,9669,11812,14617,5400,9011,169114,110797,14535,5416,62913,1778,1798,27,19
2021-05-05T23:59:59+02:00,1,9,4700,5062,9498,10544,10770,13267,15299,18503,23310,25252,23726,26606,18348,22856,5786,9722,2831,2809,4952,4991,5482,6313,6863,8261,8039,8841,8848,9537,11734,14531,5399,9003,165452,109855,13222,5410,62763,1357,1795,27,19
2021-05-04T23:59:59+02:00,1,9,4615,4971,9325,10338,10558,13025,14911,18103,22764,24687,23515,26331,18276,22774,5778,9708,2822,2775,4924,4914,5449,6193,6809,8120,7946,8686,8744,9425,11659,14472,5397,9000,163193,109355,12095,5399,62599,789,1775,27,19
2021-05-03T23:59:59+02:00,1,9,4542,4897,9132,10201,10381,12849,14628,17856,22356,24272,23376,26182,18249,22726,5778,9702,2745,2705,4836,4839,5373,6107,6712,8014,7764,8520,8657,9338,11620,14423,5394,8995,161689,109131,12094,5396,62507,679,820,27,18
2021-05-02T23:59:59+02:00,1,9,4529,4883,9055,10143,10255,12737,14303,17549,22054,23985,23326,26122,18230,22701,5777,9701,2739,2698,4776,4805,5282,6023,6576,7885,7646,8419,8611,9297,11596,14389,5392,8990,160802,109015,12091,5394,62403,662,37,27,18
2021-05-01T23:59:59+02:00,1,9,4529,4881,9053,10142,10254,12737,14299,17546,22052,23985,23325,26121,18230,22701,5777,9701,2739,2698,4776,4805,5282,6023,6575,7885,7646,8419,8611,9297,11596,14389,5392,8990,160785,109015,12091,5393,62403,662,37,27,18
2021-04-30T23:59:59+02:00,0,9,4455,4790,8812,9928,9993,12497,13817,17121,21212,23217,23199,25985,18214,22671,5774,9698,2735,2696,4765,4797,5273,5989,6563,7854,7613,8382,8607,9294,11595,14386,5390,8989,157196,108988,12090,5391,62076,530,3,27,18
2021-04-29T23:59:59+02:00,0,9,4306,4646,8327,9517,9291,11893,12814,16220,19370,21537,22494,25226,18076,22460,5768,9681,2712,2675,4725,4726,5231,5915,6502,7748,7532,8266,8498,9178,11529,14310,5384,8980,148005,108492,12075,5129,61526,271,3,26,18
2021-04-28T23:59:59+02:00,0,9,4273,4627,8256,9443,9217,11806,12695,16100,19153,21323,22405,25134,18048,22419,5766,9676,2709,2664,4699,4666,5203,5871,6472,7674,7484,8184,8481,9154,11513,14288,5382,8974,147622,108298,11985,5058,60715,45,2,26,17
2021-04-27T23:59:59+02:00,0,9,4233,4581,8118,9303,9104,11655,12549,15931,18703,20827,22174,24876,17982,22341,5763,9667,2706,2660,4697,4662,5193,5863,6459,7655,7449,8147,8423,9076,11432,14206,5378,8970,146894,108040,10902,4885,59992,37,2,26,14
2021-04-26T23:59:59+02:00,0,9,4191,4553,8012,9208,8957,11550,12376,15757,18291,20463,22040,24729,17946,22309,5762,9665,2706,2658,4693,4657,5188,5855,6446,7635,7415,8119,8375,9028,11376,14127,5374,8953,146117,107933,10767,4627,58907,32,1,26,14
2021-04-25T23:59:59+02:00,0,9,4177,4537,7976,9178,8894,11487,12241,15627,17947,20132,21841,24493,17906,22254,5758,9660,2706,2658,4692,4656,5185,5851,6441,7632,7413,8115,8319,8969,11352,14099,5374,8951,144737,107910,10756,4459,58597,31,1,26,14
2021-04-24T23:59:59+02:00,0,9,4171,4529,7960,9174,8879,11477,12193,15597,17888,20094,21825,24480,17904,22249,5758,9660,2705,2658,4692,4656,5185,5851,6441,7632,7413,8115,8319,8968,11352,14099,5374,8951,144641,107910,10755,4459,58424,30,1,26,13
2021-04-23T23:59:59+02:00,0,9,4151,4497,7903,9111,8795,11375,11854,15271,17454,19696,21611,24247,17840,22172,5756,9652,2702,2656,4689,4653,5179,5843,6427,7623,7390,8084,8298,8941,11344,14091,5372,8948,143377,107898,10407,4301,57583,29,1,26,13
2021-04-22T23:59:59+02:00,0,9,4102,4432,7772,8920,8610,11116,11527,14852,16540,18713,21040,23539,17704,21993,5746,9634,2693,2650,4683,4631,5157,5817,6384,7589,7322,8038,8169,8784,11203,13941,5367,8939,139653,107280,10276,4054,56295,21,1,24,13
2021-04-21T23:59:59+02:00,0,9,4060,4388,7669,8799,8454,10956,11231,14572,15804,17954,20662,23093,17632,21888,5741,9621,2685,2639,4665,4611,5141,5796,6372,7571,7294,8016,8120,8723,11165,13901,5365,8937,136731,106998,10146,3973,55633,19,1,22,12
2021-04-20T23:59:59+02:00,0,9,4035,4362,7634,8747,8378,10876,11068,14397,15370,17479,20198,22577,17531,21737,5733,9610,2677,2630,4655,4598,5116,5776,6344,7547,7254,7976,8026,8591,11089,13814,5361,8933,134585,106425,9881,3933,55252,18,1,22,12
2021-04-19T23:59:59+02:00,0,9,4004,4311,7572,8642,8286,10736,10910,14214,15117,17184,19719,22012,17366,21522,5722,9598,2672,2629,4649,4594,5103,5761,6325,7530,7228,7932,7973,8537,11063,13768,5358,8928,132518,106091,9527,3930,54858,18,1,20,12
2021-04-18T23:59:59+02:00,0,6,3984,4282,7513,8591,8180,10609,10651,13971,14625,16647,19289,21500,17244,21337,5718,9592,2671,2629,4649,4594,5103,5761,6323,7527,7225,7931,7969,8534,11061,13764,5357,8925,130099,106067,9456,3928,54163,17,1,20,12
2021-04-17T23:59:59+02:00,0,6,3981,4274,7493,8585,8170,10591,10610,13925,14513,16560,19169,21378,17222,21309,5717,9590,2671,2629,4648,4592,5097,5756,6309,7522,7200,7908,7923,8488,11042,13741,5355,8925,129664,106056,9447,3722,53961,17,1,20,12
2021-04-16T23:59:59+02:00,0,6,3970,4231,7421,8462,8067,10434,10416,13663,13845,15798,18602,20736,17097,21135,5706,9573,2668,2626,4643,4586,5092,5743,6292,7511,7162,7873,7613,8097,10950,13602,5347,8909,126826,105256,9387,3431,52929,17,0,20,12
2021-04-15T23:59:59+02:00,0,5,3926,4178,7309,8331,7894,10200,10081,13274,13120,14942,17797,19876,16854,20814,5692,9554,2667,2618,4631,4569,5079,5711,6261,7475,7091,7800,7054,7438,10825,13442,5343,8899,123198,103590,9228,3288,51401,15,0,20,12
2021-04-14T23:59:59+02:00,0,4,3899,4147,7243,8225,7787,10049,9906,13075,12702,14496,17269,19264,16703,20605,5687,9541,2633,2599,4613,4537,5051,5664,6226,7442,7033,7740,6416,6677,10562,13148,5339,8891,121807,101261,8993,3287,49782,13,0,20,12
2021-04-13T23:59:59+02:00,0,4,3896,4141,7205,8209,7730,10015,9798,13021,12329,14203,16579,18413,16467,20303,5683,9535,2609,2572,4593,4511,5026,5630,6167,7374,6945,7637,6205,6425,9978,12480,5331,8872,121104,99054,8775,3279,47632,13,0,20,11
2021-04-12T23:59:59+02:00,0,4,3882,4123,7152,8163,7673,9946,9690,12919,12082,13990,16136,17896,16279,20089,5678,9532,2580,2561,4526,4469,4919,5560,6052,7298,6828,7538,5461,5603,9530,11944,5291,8830,120771,95697,8739,3271,45705,13,0,19,11
2021-04-11T23:59:59+02:00,0,4,3867,4115,7110,8112,7613,9902,9598,12842,11845,13782,15568,17208,16003,19748,5673,9522,2504,2479,4397,4347,4765,5427,5889,7146,6677,7432,5158,5242,9399,11784,5291,8826,120180,93521,8311,3221,44002,12,0,19,11
2021-04-10T23:59:59+02:00,0,4,3849,4095,7071,8065,7569,9845,9537,12783,11754,13698,15351,17016,15954,19680,5672,9515,1943,1910,3580,3627,3890,4661,4884,6225,5821,6645,4886,4937,9271,11632,5285,8817,119715,84772,8311,3221,43413,12,0,19,11
2021-04-09T23:59:59+02:00,0,4,3829,4075,7031,8036,7505,9788,9384,12654,11427,13414,14165,15483,15511,19150,5659,9504,1083,1081,2220,2434,2382,3289,3097,4581,4199,5178,4200,4203,9023,11276,5261,8787,117808,69055,8309,3218,40483,12,0,19,11
2021-04-08T23:59:59+02:00,0,4,3803,4059,6971,7983,7404,9695,9196,12537,11025,13064,13032,14219,15090,18608,5630,9458,581,592,1301,1726,1476,2358,1996,3493,2819,3790,2955,2805,8218,10293,5116,8564,116509,54849,8229,3215,37021,10,0,19,11
2021-04-07T23:59:59+02:00,0,4,3755,4033,6893,7929,7311,9625,9068,12408,10716,12756,12306,13451,14872,18344,5624,9438,350,375,950,1380,1069,1972,1485,3030,1875,2785,1775,1520,7314,9151,4961,8305,115547,45066,8077,3215,34891,7,0,18,11
2021-04-06T23:59:59+02:00,0,4,3739,4022,6871,7891,7257,9558,8976,12329,10505,12539,11921,12956,14651,18052,5613,9424,343,361,940,1370,1054,1951,1458,3002,1816,2726,1696,1453,6901,8594,4810,8066,114279,43312,7978,3214,34035,6,0,16,11
2021-04-05T23:59:59+02:00,0,4,3734,4021,6860,7878,7244,9547,8957,12301,10441,12480,11810,12809,14553,17960,5611,9421,341,355,929,1366,1048,1943,1448,2981,1795,2692,1643,1400,6674,8289,4687,7882,113940,42245,7957,3213,33718,6,0,16,11
2021-04-04T23:59:59+02:00,0,4,3734,4021,6858,7872,7243,9546,8954,12301,10431,12475,11807,12805,14550,17959,5611,9421,341,354,927,1366,1047,1941,1447,2980,1793,2689,1640,1395,6667,8276,4682,7879,113935,42197,7956,3212,33685,6,0,16,11
2021-04-03T23:59:59+02:00,0,4,3734,4021,6858,7871,7242,9546,8954,12301,10430,12475,11807,12804,14548,17957,5611,9421,341,353,925,1362,1045,1940,1446,2975,1791,2689,1635,1383,6624,8195,4647,7844,113931,41968,7956,3212,33681,6,0,16,11
2021-04-02T23:59:59+02:00,0,4,3732,4019,6856,7868,7236,9540,8942,12294,10415,12459,11680,12690,14505,17896,5607,9412,339,351,923,1356,1039,1929,1431,2950,1751,2651,1541,1297,5865,7300,4214,7283,113804,39312,7951,2893,33384,6,0,16,11
2021-04-01T23:59:59+02:00,0,3,3692,4007,6822,7846,7194,9510,8890,12255,10343,12388,11334,12280,14119,17367,5594,9384,334,348,907,1341,1027,1908,1399,2905,1692,2586,1419,1204,4930,6194,3666,6459,113366,35416,6539,2888,33107,6,0,16,11
2021-03-31T23:59:59+02:00,0,3,3686,4003,6807,7826,7176,9491,8856,12223,10256,12316,11002,11874,13768,16869,5586,9356,331,345,899,1332,1017,1893,1379,2877,1643,2550,1354,1152,4349,5519,3314,5990,112775,33114,5535,2815,32772,6,0,16,11
2021-03-30T23:59:59+02:00,0,3,3668,3979,6771,7788,7118,9424,8767,12120,10094,12162,10745,11598,13548,16605,5579,9342,327,338,893,1321,1010,1887,1356,2870,1615,2524,1327,1126,4232,5398,3255,5898,111963,32744,5285,2618,32047,6,0,16,11
2021-03-29T23:59:59+02:00,0,3,3659,3957,6745,7766,7078,9371,8672,12024,9911,11954,10311,11131,13178,16138,5562,9308,322,334,889,1310,1004,1879,1348,2860,1601,2515,1305,1112,4099,5254,3158,5767,110289,32131,4977,2612,31486,5,0,16,11
2021-03-28T23:59:59+02:00,0,3,3617,3901,6630,7607,6961,9228,8545,11830,9757,11764,10103,10871,13002,15956,5558,9299,322,334,889,1308,1002,1878,1347,2860,1600,2513,1296,1109,4066,5212,3132,5741,109920,32086,4713,2510,29983,4,0,16,11
2021-03-27T23:59:59+01:00,0,3,3616,3890,6618,7543,6931,9116,8495,11661,9705,11610,9989,10748,12907,15868,5557,9299,322,333,889,1308,1002,1875,1347,2858,1596,2512,1294,1107,4040,5177,3119,5726,109911,31983,4713,2509,28916,4,0,16,11
2021-03-26T23:59:59+01:00,0,3,3610,3882,6590,7506,6903,9041,8448,11548,9614,11482,9940,10684,12861,15813,5548,9278,317,331,888,1305,998,1863,1344,2837,1575,2498,1269,1091,3858,4950,3013,5573,109851,31229,4492,2468,28392,4,0,16,11
2021-03-25T23:59:59+01:00,0,3,3587,3851,6499,7380,6811,8876,8259,11317,9305,11165,9558,10302,12559,15499,5543,9268,317,330,886,1297,995,1853,1331,2824,1552,2479,1244,1072,3625,4708,2762,5238,109478,30033,4285,2468,26003,3,0,16,11
2021-03-24T23:59:59+01:00,0,3,3530,3799,6410,7194,6689,8650,8093,11081,9078,10840,9146,9813,12141,15041,5532,9258,317,329,885,1294,990,1851,1324,2820,1536,2463,1235,1062,3558,4635,2580,5015,108964,29417,4148,2468,23170,0,0,16,11
2021-03-23T23:59:59+01:00,0,3,3512,3766,6361,7140,6611,8590,7975,10953,8830,10607,8728,9346,11691,14523,5523,9243,317,329,884,1284,985,1842,1319,2811,1532,2456,1211,1037,3466,4558,2387,4698,108148,28639,4056,2468,21182,0,0,16,11
2021-03-22T23:59:59+01:00,0,3,3504,3746,6318,7111,6577,8543,7909,10878,8682,10471,8448,8995,11389,14199,5488,9204,315,324,878,1274,977,1835,1312,2800,1522,2446,1199,1027,3437,4522,2368,4665,107480,28425,4053,2467,19916,0,0,16,11
2021-03-21T23:59:59+01:00,0,3,3502,3744,6314,7100,6560,8527,7890,10859,8626,10413,8328,8879,11320,14097,5486,9201,313,323,869,1271,970,1828,1303,2798,1518,2442,1195,1024,3428,4507,2354,4656,107395,28323,4052,2467,19386,0,0,16,11
2021-03-20T23:59:59+01:00,0,3,3494,3706,6306,7028,6545,8390,7865,10675,8582,10278,8251,8793,11282,14058,5486,9201,313,323,869,1271,970,1827,1302,2798,1518,2440,1195,1024,3428,4506,2354,4655,107362,28318,3841,2466,18724,0,0,16,11
2021-03-19T23:59:59+01:00,0,3,3481,3676,6280,6944,6521,8297,7819,10558,8469,10118,7710,8186,11096,13816,5476,9182,310,322,864,1264,953,1818,1280,2767,1469,2396,1114,956,2764,3717,1943,4086,105743,25548,3541,2466,18332,0,0,16,11
2021-03-18T23:59:59+01:00,0,3,3470,3658,6239,6903,6488,8235,7756,10471,8354,9990,6754,7089,10817,13515,5466,9157,309,322,860,1259,947,1808,1265,2759,1445,2378,1076,938,2559,3478,1788,3865,102725,24581,3383,2466,18241,0,0,16,11
2021-03-17T23:59:59+01:00,0,3,3433,3620,6168,6818,6433,8129,7665,10340,8223,9833,6069,6245,10526,13201,5448,9125,308,322,853,1253,942,1796,1251,2737,1426,2351,1039,913,2440,3353,1709,3755,99918,23973,3382,2466,17963,0,0,16,11
2021-03-16T23:59:59+01:00,0,3,3415,3591,6129,6765,6388,8056,7612,10275,8133,9731,5894,6070,9819,12401,5408,9061,301,311,838,1237,929,1787,1245,2717,1414,2343,1025,894,2226,3111,1576,3559,97666,23040,3372,2464,17697,0,0,16,11
2021-03-15T23:59:59+01:00,0,3,3378,3559,6031,6686,6258,7963,7470,10156,8004,9606,5142,5237,9375,11853,5365,8991,300,310,834,1233,927,1780,1243,2704,1405,2334,1013,882,2084,2937,1490,3466,94153,22470,3365,2463,17543,0,0,16,11
2021-03-14T23:59:59+01:00,0,3,3253,3412,5750,6341,5982,7602,7155,9741,7719,9288,4810,4846,9218,11657,5361,8980,300,309,834,1233,926,1780,1241,2703,1403,2331,1011,880,2081,2934,1487,3465,91758,22449,3310,2460,16034,0,0,16,11
2021-03-13T23:59:59+01:00,0,3,2598,2751,4809,5472,4965,6673,5961,8622,6704,8342,4497,4463,8834,11135,5271,8872,300,309,833,1231,926,1775,1238,2701,1402,2331,1011,879,2057,2898,1457,3430,81066,22309,3310,2460,15580,0,0,16,11
2021-03-12T23:59:59+01:00,0,2,1772,1930,3473,4322,3457,5338,4214,6983,5066,6832,3829,3758,7588,9591,4768,8193,296,306,831,1227,920,1768,1231,2681,1377,2314,966,854,1707,2435,1189,3079,62243,20712,3307,2460,15550,0,0,16,11
2021-03-11T23:59:59+01:00,0,2,1271,1452,2569,3581,2553,4398,3121,5893,3704,5447,2656,2485,5924,7527,4022,7053,291,297,815,1218,907,1745,1213,2652,1352,2269,930,834,1549,2205,1064,2891,45091,19764,3305,2460,15246,0,0,16,10
2021-03-10T23:59:59+01:00,0,2,1047,1234,2200,3221,2179,4009,2669,5451,2799,4482,1526,1285,4578,5815,3466,6292,281,287,797,1199,885,1709,1179,2579,1313,2203,905,815,1369,2015,968,2718,34089,18862,3305,2352,14846,0,0,15,10
2021-03-09T23:59:59+01:00,0,2,1031,1206,2134,3081,2114,3894,2585,5318,2715,4357,1492,1254,4503,5740,3428,6236,277,280,783,1178,868,1683,1154,2539,1295,2175,890,803,1292,1891,897,2607,33683,18296,3302,2308,14090,0,0,15,10
2021-03-08T23:59:59+01:00,0,2,1009,1175,2077,2981,2074,3813,2526,5206,2660,4284,1454,1233,4355,5578,3326,6092,277,276,778,1170,866,1674,1146,2531,1287,2159,865,782,1126,1666,774,2441,32984,17506,3302,2304,13544,0,0,15,10
2021-03-07T23:59:59+01:00,0,2,1004,1156,2037,2935,2032,3772,2487,5141,2619,4247,1449,1230,4348,5570,3324,6092,277,276,778,1170,866,1674,1146,2531,1286,2159,862,782,1117,1656,766,2430,32950,17506,3296,2262,13184,0,0,15,10
2021-03-06T23:59:59+01:00,0,2,1004,1152,2026,2921,2020,3753,2471,5114,2601,4226,1436,1220,4314,5525,3310,6080,277,276,778,1170,866,1673,1146,2531,1286,2159,862,782,1117,1656,766,2429,32805,17505,3295,2261,13060,0,0,15,10
2021-03-05T23:59:59+01:00,0,2,1000,1148,2011,2901,1991,3730,2428,5063,2549,4188,1400,1193,4048,5200,3161,5860,276,273,771,1163,860,1665,1143,2522,1283,2149,848,778,1109,1647,765,2427,32069,17410,2963,2261,12826,0,0,15,10
2021-03-04T23:59:59+01:00,0,2,906,1001,1923,2774,1924,3593,2352,4908,2459,4030,1370,1172,3808,4942,2897,5513,276,271,769,1158,857,1657,1142,2508,1279,2140,815,763,1096,1636,758,2415,30826,17294,2959,2238,11774,0,0,15,10
2021-03-03T23:59:59+01:00,0,2,860,894,1858,2678,1853,3488,2283,4793,2385,3946,1357,1159,3698,4836,2675,5241,275,269,768,1148,854,1639,1136,2466,1269,2114,798,759,1088,1618,751,2408,30151,17268,2842,2084,10998,0,0,15,10
2021-03-02T23:59:59+01:00,0,2,815,819,1762,2554,1768,3364,2193,4669,2325,3868,1322,1137,3567,4701,2472,4895,275,268,767,1142,850,1636,1131,2461,1265,2104,796,757,1074,1597,740,2389,29424,17161,2653,2083,10141,0,0,15,10
2021-03-01T23:59:59+01:00,0,2,792,781,1662,2412,1697,3220,2093,4497,2245,3747,1304,1125,3516,4637,2428,4834,275,266,763,1138,848,1624,1127,2449,1260,2094,789,754,1069,1586,733,2382,29171,17066,2569,2083,9237,0,0,15,10
2021-02-28T23:59:59+01:00,0,2,786,758,1643,2346,1669,3148,2070,4397,2231,3680,1298,1119,3506,4622,2414,4824,274,265,763,1137,848,1619,1127,2447,1260,2089,785,752,1061,1573,729,2372,29064,17043,2567,2050,8867,0,0,15,10
2021-02-27T23:59:59+01:00,0,2,771,741,1621,2286,1652,3036,2051,4271,2210,3585,1295,1116,3506,4620,2413,4823,274,265,763,1137,848,1618,1127,2447,1260,2088,785,752,1051,1567,712,2358,29059,17041,2566,2003,8359,0,0,15,10
2021-02-26T23:59:59+01:00,0,2,646,662,1517,2172,1601,2878,1988,4034,2109,3349,1205,1046,2856,3827,1987,4240,274,265,762,1135,847,1617,1127,2445,1258,2085,784,748,1033,1554,702,2342,26268,16969,2566,2001,7270,0,0,15,10
2021-02-25T23:59:59+01:00,0,2,496,583,1398,2069,1534,2751,1928,3906,2009,3237,1155,1014,2626,3557,1823,3996,257,250,737,1111,804,1547,1079,2345,1185,1993,728,727,1001,1517,691,2314,25203,16876,2536,1402,6330,0,0,15,10
2021-02-24T23:59:59+01:00,0,2,466,552,1329,1958,1464,2609,1858,3755,1933,3087,1118,985,2493,3428,1746,3883,228,237,710,1066,777,1484,1049,2284,1130,1942,701,704,954,1488,680,2284,24584,16688,2524,1022,5543,0,0,15,10
2021-02-23T23:59:59+01:00,0,2,410,511,1247,1819,1388,2464,1781,3544,1864,2965,1093,951,2289,3200,1621,3694,223,231,695,1042,765,1445,1027,2237,1104,1901,692,693,945,1474,677,2280,23660,16597,2514,826,4654,0,0,15,10
2021-02-22T23:59:59+01:00,0,2,397,478,1147,1709,1285,2367,1673,3437,1783,2894,1072,938,2148,3026,1535,3598,212,222,673,991,734,1382,1001,2143,1062,1819,649,661,876,1396,641,2222,23082,16409,2510,267,3882,0,0,15,10
2021-02-21T23:59:59+01:00,0,2,378,461,1045,1676,1134,2343,1518,3415,1679,2876,1064,936,2147,3025,1535,3598,185,216,642,983,723,1374,987,2138,1056,1817,646,658,873,1391,633,2214,23053,16275,2510,253,3254,0,0,15,10
2021-02-20T23:59:59+01:00,0,2,378,459,1044,1676,1133,2343,1516,3413,1679,2874,1064,935,2146,3025,1534,3597,184,214,639,983,720,1373,981,2135,1054,1817,646,658,873,1391,633,2214,23046,16254,2509,253,3248,0,0,15,10
2021-02-19T23:59:59+01:00,0,2,373,450,1032,1672,1123,2333,1504,3394,1646,2859,1015,907,1775,2519,1237,3215,163,204,613,979,702,1365,964,2133,1048,1815,643,657,872,1391,632,2213,21308,16133,2509,253,3224,0,0,15,10
2021-02-18T23:59:59+01:00,0,2,353,430,992,1590,1086,2247,1451,3277,1605,2769,986,884,1601,2278,1107,3008,143,193,574,968,682,1352,930,2116,1023,1796,632,638,851,1363,618,2192,20326,15810,2509,253,2816,0,0,15,10
2021-02-17T23:59:59+01:00,0,2,330,378,907,1447,978,2048,1316,3023,1494,2548,949,855,1412,2067,1006,2831,137,186,562,937,656,1301,898,2038,977,1720,597,606,844,1337,613,2173,19251,15321,2509,253,1816,0,0,15,10
2021-02-16T23:59:59+01:00,0,2,324,339,863,1309,927,1864,1255,2802,1428,2388,937,838,1349,1973,939,2735,131,173,548,894,641,1247,870,1974,947,1678,587,596,822,1306,600,2113,18883,15002,2508,117,866,0,0,15,10
2021-02-15T23:59:59+01:00,0,2,308,299,835,1278,910,1808,1216,2719,1391,2332,908,805,1175,1744,811,2562,123,165,526,867,624,1185,844,1901,924,1601,566,559,804,1269,591,2071,17982,14535,2507,77,601,0,0,13,10
2021-02-14T23:59:59+01:00,0,2,308,299,834,1278,909,1808,1215,2719,1391,2332,908,805,1175,1744,811,2561,123,165,525,859,620,1180,838,1895,920,1598,565,558,802,1268,590,2067,17980,14489,2507,76,599,0,0,13,10
2021-02-13T23:59:59+01:00,0,2,308,299,834,1278,909,1805,1215,2717,1391,2330,908,805,1175,1743,809,2561,123,165,525,859,620,1180,836,1892,918,1594,562,558,787,1248,578,2051,17973,14487,2504,1,599,0,0,13,10
2021-02-12T23:59:59+01:00,0,2,304,298,824,1273,905,1775,1209,2690,1363,2301,906,803,1174,1741,809,2561,123,165,523,857,619,1173,830,1880,912,1581,559,556,773,1237,572,2038,17966,14389,2504,1,455,0,0,13,10
2021-02-11T23:59:59+01:00,0,2,285,289,809,1238,899,1740,1193,2625,1341,2246,871,789,1163,1730,808,2551,121,151,505,816,597,1108,796,1780,889,1521,547,542,749,1203,558,2006,17853,13881,2503,0,210,0,0,13,10
2021-02-10T23:59:59+01:00,0,2,282,283,790,1201,886,1712,1181,2579,1326,2204,866,787,1148,1714,803,2534,117,142,438,728,551,1015,718,1654,830,1435,532,526,734,1182,548,1979,17830,13131,2398,0,58,0,0,12,0
2021-02-09T23:59:59+01:00,0,2,282,280,785,1187,874,1694,1166,2560,1312,2180,851,781,1134,1695,792,2515,100,123,382,640,498,886,639,1451,741,1243,482,447,616,1021,480,1737,17723,11488,2352,0,3,0,0,12,0
2021-02-08T23:59:59+01:00,0,2,281,279,783,1182,872,1687,1164,2556,1305,2172,845,778,1118,1673,776,2489,90,101,336,545,445,786,549,1241,633,1079,406,374,532,830,387,1428,17600,9764,2349,0,1,0,0,12,0
2021-02-07T23:59:59+01:00,0,2,280,278,781,1181,871,1687,1164,2555,1305,2169,839,776,1115,1670,775,2487,88,100,334,540,443,782,547,1232,629,1073,401,369,512,808,381,1414,17574,9655,2349,0,0,0,0,12,0
2021-02-06T23:59:59+01:00,0,2,280,277,780,1180,871,1686,1164,2555,1305,2168,838,776,1113,1664,773,2485,88,99,334,537,442,781,546,1228,627,1072,398,364,464,739,353,1369,17558,9443,2347,0,0,0,0,12,0
2021-02-05T23:59:59+01:00,0,2,280,277,780,1179,870,1685,1163,2554,1304,2163,831,770,1090,1653,766,2469,82,96,326,531,426,762,521,1193,598,1029,375,337,442,712,336,1323,17477,9090,2347,0,0,0,0,12,0
2021-02-04T23:59:59+01:00,0,2,277,269,777,1157,858,1662,1150,2526,1288,2140,808,756,1062,1624,759,2451,68,78,255,409,331,594,404,965,487,826,304,274,338,576,276,1114,17230,7299,2324,0,0,0,0,12,0
2021-02-03T23:59:59+01:00,0,2,276,264,773,1135,855,1634,1143,2475,1275,2108,788,742,1046,1602,749,2435,54,55,169,280,257,443,284,715,363,587,208,194,239,422,193,838,17126,5301,2164,0,0,0,0,12,0
2021-02-02T23:59:59+01:00,0,2,275,258,769,1126,848,1613,1135,2449,1263,2090,782,735,1038,1590,746,2427,35,35,92,139,148,254,171,447,235,369,134,124,162,254,136,539,16970,3274,2164,0,0,0,0,12,0
2021-02-01T23:59:59+01:00,0,2,273,255,764,1107,840,1593,1128,2418,1259,2055,773,721,1031,1579,743,2411,11,12,15,27,26,64,46,88,72,101,49,45,56,74,39,178,16777,903,2164,0,0,0,0,11,0
2021-01-31T23:59:59+01:00,0,2,267,253,748,1105,832,1582,1118,2407,1248,2047,767,715,1021,1561,736,2397,10,12,14,26,24,61,40,83,65,93,46,45,53,67,36,165,16740,840,2055,0,0,0,0,11,0
2021-01-30T23:59:59+01:00,0,2,267,253,748,1104,832,1582,1118,2407,1248,2047,766,715,1011,1554,719,2383,10,10,14,26,24,61,40,83,64,91,45,44,52,67,36,164,16737,831,2008,0,0,0,0,11,0
2021-01-29T23:59:59+01:00,0,2,267,253,748,1103,832,1582,1118,2407,1248,2046,765,714,1010,1552,719,2381,9,5,12,24,24,60,38,82,63,91,44,43,52,67,36,164,16730,814,2006,0,0,0,0,11,0
2021-01-28T23:59:59+01:00,0,2,263,248,737,1078,797,1527,1081,2346,1172,1989,724,700,982,1533,704,2362,4,0,3,6,9,24,19,37,20,44,21,22,23,45,15,97,16557,389,1677,0,0,0,0,11,0
2021-01-27T23:59:59+01:00,0,2,257,241,714,1046,750,1472,1022,2265,1099,1909,689,673,967,1512,701,2354,3,0,3,4,6,20,15,23,13,31,6,9,10,10,4,27,16108,184,1554,0,0,0,0,11,0
2021-01-26T23:59:59+01:00,0,2,233,232,697,1021,742,1423,1002,2191,1072,1844,677,659,944,1496,691,2335,3,0,1,4,5,10,13,12,6,10,3,5,6,7,1,16,16056,102,1194,0,0,0,0,11,0
2021-01-25T23:59:59+01:00,0,2,201,217,644,949,690,1300,959,2046,1014,1709,630,604,866,1401,648,2262,3,0,1,4,5,10,13,12,6,10,3,5,6,7,1,16,15828,102,303,0,0,0,0,11,0
2021-01-24T23:59:59+01:00,0,2,184,211,618,937,671,1286,941,2030,999,1699,622,598,856,1381,639,2249,3,0,1,4,5,10,12,12,5,10,3,5,6,7,1,16,15654,100,258,0,0,0,0,11,0
2021-01-23T23:59:59+01:00,0,2,184,211,618,937,671,1286,941,2030,999,1699,622,598,856,1381,639,2249,3,0,1,4,5,10,10,12,5,10,3,5,6,7,1,16,15654,98,258,0,0,0,0,11,0
2021-01-22T23:59:59+01:00,0,2,137,193,560,927,653,1271,907,2020,987,1688,617,597,855,1381,639,2249,3,0,0,4,5,10,10,12,5,10,3,5,6,7,1,16,15414,97,258,0,0,0,0,11,0
2021-01-21T23:59:59+01:00,0,2,133,185,545,904,633,1230,874,1966,965,1640,605,576,843,1350,632,2230,3,0,0,4,4,10,9,12,5,10,3,5,6,7,1,15,15044,94,258,0,0,0,0,11,0
2021-01-20T23:59:59+01:00,0,2,128,169,498,839,610,1152,811,1856,928,1569,584,559,826,1327,622,2202,3,0,0,4,4,10,9,12,5,10,3,5,6,7,1,15,14415,94,256,0,0,0,0,11,0
2021-01-19T23:59:59+01:00,0,2,117,151,427,753,547,1025,727,1669,828,1411,541,510,729,1179,551,1967,3,0,0,4,4,8,9,12,5,10,3,5,6,7,1,15,12934,92,189,0,0,0,0,11,0
2021-01-18T23:59:59+01:00,0,2,99,119,358,601,457,856,597,1408,702,1204,473,444,646,1022,484,1703,1,0,0,1,0,0,0,0,0,0,0,0,0,1,0,0,11085,3,79,0,0,0,0,11,0
2021-01-17T23:59:59+01:00,0,2,95,117,354,595,456,851,595,1389,694,1194,468,434,620,993,468,1662,1,0,0,1,0,0,0,0,0,0,0,0,0,1,0,0,10898,3,78,0,0,0,0,11,0
2021-01-16T23:59:59+01:00,0,2,95,114,352,587,453,846,584,1376,683,1182,453,421,525,868,410,1565,0,0,0,1,0,0,0,0,0,0,0,0,0,0,0,0,10502,1,3,0,0,0,0,11,0
2021-01-15T23:59:59+01:00,0,2,94,112,347,585,447,841,578,1369,666,1166,437,403,517,857,402,1542,0,0,0,0,0,0,0,0,0,0,0,0,0,0,0,0,10353,0,1,0,0,0,0,11,0
2021-01-14T23:59:59+01:00,0,0,77,90,291,484,371,677,461,1116,548,985,358,323,406,700,329,1307,0,0,0,0,0,0,0,0,0,0,0,0,0,0,0,0,8512,0,0,0,0,0,0,11,0
2021-01-13T23:59:59+01:00,0,0,63,67,207,366,295,505,348,835,422,705,250,227,297,524,248,1005,0,0,0,0,0,0,0,0,0,0,0,0,0,0,0,0,6354,0,0,0,0,0,0,10,0
2021-01-12T23:59:59+01:00,0,0,41,45,125,216,181,313,207,531,282,438,157,145,191,342,171,677,0,0,0,0,0,0,0,0,0,0,0,0,0,0,0,0,4062,0,0,0,0,0,0,0,0
2021-01-11T23:59:59+01:00,0,0,11,14,42,58,42,93,59,119,94,128,64,58,82,103,49,221,0,0,0,0,0,0,0,0,0,0,0,0,0,0,0,0,1237,0,0,0,0,0,0,0,0
2021-01-10T23:59:59+01:00,0,0,11,14,29,47,35,75,50,110,81,118,57,54,77,93,46,208,0,0,0,0,0,0,0,0,0,0,0,0,0,0,0,0,1105,0,0,0,0,0,0,0,0
2021-01-09T23:59:59+01:00,0,0,11,13,26,46,35,75,49,109,79,115,56,53,76,92,45,207,0,0,0,0,0,0,0,0,0,0,0,0,0,0,0,0,1087,0,0,0,0,0,0,0,0
2021-01-08T23:59:59+01:00,0,0,7,6,26,40,33,72,46,107,78,114,53,49,70,87,41,207,0,0,0,0,0,0,0,0,0,0,0,0,0,0,0,0,1036,0,0,0,0,0,0,0,0
2021-01-07T23:59:59+01:00,0,0,5,1,9,20,15,38,27,77,33,76,32,27,46,74,28,161,0,0,0,0,0,0,0,0,0,0,0,0,0,0,0,0,669,0,0,0,0,0,0,0,0
2021-01-06T23:59:59+01:00,0,0,5,0,4,8,10,30,24,43,19,47,26,24,33,51,19,119,0,0,0,0,0,0,0,0,0,0,0,0,0,0,0,0,462,0,0,0,0,0,0,0,0
2021-01-05T23:59:59+01:00,0,0,5,0,4,8,10,30,24,43,19,47,26,24,33,50,19,119,0,0,0,0,0,0,0,0,0,0,0,0,0,0,0,0,461,0,0,0,0,0,0,0,0
2021-01-04T23:59:59+01:00,0,0,4,0,1,3,4,11,13,12,5,11,3,5,6,8,1,17,0,0,0,0,0,0,0,0,0,0,0,0,0,0,0,0,104,0,0,0,0,0,0,0,0
2021-01-03T23:59:59+01:00,0,0,3,0,1,3,4,10,12,12,5,11,3,5,6,8,1,16,0,0,0,0,0,0,0,0,0,0,0,0,0,0,0,0,100,0,0,0,0,0,0,0,0
2021-01-02T23:59:59+01:00,0,0,3,0,1,3,4,10,10,12,5,11,3,5,6,8,1,16,0,0,0,0,0,0,0,0,0,0,0,0,0,0,0,0,98,0,0,0,0,0,0,0,0
2021-01-01T23:59:59+01:00,0,0,3,0,0,3,4,10,10,12,5,11,3,5,6,7,1,16,0,0,0,0,0,0,0,0,0,0,0,0,0,0,0,0,96,0,0,0,0,0,0,0,0
2020-12-31T23:59:59+01:00,0,0,3,0,0,3,4,10,9,12,5,11,3,5,6,7,1,16,0,0,0,0,0,0,0,0,0,0,0,0,0,0,0,0,95,0,0,0,0,0,0,0,0
2020-12-30T23:59:59+01:00,0,0,3,0,0,3,4,10,9,12,5,11,3,5,6,7,1,16,0,0,0,0,0,0,0,0,0,0,0,0,0,0,0,0,95,0,0,0,0,0,0,0,0
2020-12-29T23:59:59+01:00,0,0,3,0,0,3,4,8,9,12,5,11,3,5,6,7,1,16,0,0,0,0,0,0,0,0,0,0,0,0,0,0,0,0,93,0,0,0,0,0,0,0,0
2020-12-28T23:59:59+01:00,0,0,3,0,0,3,4,8,9,12,5,11,3,5,6,7,1,16,0,0,0,0,0,0,0,0,0,0,0,0,0,0,0,0,93,0,0,0,0,0,0,0,0
2020-12-27T23:59:59+01:00,0,0,1,0,0,0,0,0,0,0,0,0,0,0,1,3,0,7,0,0,0,0,0,0,0,0,0,0,0,0,0,0,0,0,12,0,0,0,0,0,0,0,0
