Datum,<24_1_m,<24_1_w,25-34_1_m,25-34_1_w,35-44_1_m,35-44_1_w,45-54_1_m,45-54_1_w,55-64_1_m,55-64_1_w,65-74_1_m,65-74_1_w,75-84_1_m,75-84_1_w,>84_1_m,>84_1_w,<24_2_m,<24_2_w,25-34_2_m,25-34_2_w,35-44_2_m,35-44_2_w,45-54_2_m,45-54_2_w,55-64_2_m,55-64_2_w,65-74_2_m,65-74_2_w,75-84_2_m,75-84_2_w,>84_2_m,>84_2_w,bp_1,bp_2,mo_1,mo_2,az_1,az_2,ja
2021-07-08T23:59:59+02:00,19417,18805,28814,26691,30460,30592,36511,37155,40571,41038,27151,30336,19453,24388,5951,10087,7489,7545,14905,14585,17092,18725,25536,27015,31842,33389,24452,27331,18132,22610,5656,9486,294037,208486,43804,31351,77084,53458,12495
2021-07-07T23:59:59+02:00,19103,18492,28686,26572,30373,30493,36430,37071,40492,40977,27124,30303,19441,24381,5949,10084,7320,7359,14552,14273,16713,18352,25168,26715,31482,33050,24200,27023,18043,22526,5649,9478,292842,205780,43784,31322,77075,52531,12270
2021-07-06T23:59:59+02:00,19006,18416,28643,26524,30324,30448,36393,37036,40458,40947,27107,30278,19430,24368,5947,10081,7110,7126,14230,13926,16381,18010,24432,26074,31190,32789,24011,26809,17994,22454,5642,9471,292285,203769,43781,29933,77074,51681,12266
2021-07-05T23:59:59+02:00,18892,18326,28603,26469,30287,30417,36369,36992,40432,40922,27102,30264,19424,24362,5947,10076,6876,6923,13933,13661,16034,17648,23895,25577,30637,32230,23735,26512,17886,22316,5634,9461,291818,202283,43779,27895,77070,50563,12217
2021-07-04T23:59:59+02:00,18801,18263,28568,26448,30267,30388,36360,36982,40417,40910,27096,30254,19419,24359,5947,10075,6850,6906,13884,13615,15962,17590,23811,25523,30484,32139,23643,26424,17854,22275,5632,9457,291510,201898,43778,27886,77059,50058,12207
2021-07-03T23:59:59+02:00,16680,16205,27414,25537,29480,29682,35725,36377,39926,40486,26940,30091,19353,24273,5939,10058,6472,6670,13374,13316,15568,17294,23456,25248,30185,31947,23547,26335,17822,22239,5628,9453,284121,201638,43736,27810,76977,49774,9332
2021-07-02T23:59:59+02:00,16513,16023,27255,25394,29401,29623,35695,36350,39909,40474,26934,30081,19350,24270,5939,10058,6426,6600,13301,13216,15480,17165,23313,25067,30031,31786,23354,26126,17733,22161,5626,9450,283233,200962,43735,27653,76975,48894,9326
2021-07-01T23:59:59+02:00,16283,15826,27039,25241,29328,29548,35643,36301,39845,40431,26914,30064,19339,24258,5937,10054,6289,6470,12968,12949,14957,16736,22070,24085,29279,31114,23077,25841,17617,22030,5619,9435,282074,197457,43730,26014,76963,47781,9284
2021-06-30T23:59:59+02:00,16153,15703,26932,25161,29263,29479,35592,36250,39803,40395,26899,30033,19329,24241,5933,10054,6100,6295,12544,12572,14391,16190,21454,23492,28688,30589,22658,25377,17487,21847,5612,9423,281278,193248,43727,25990,76956,46222,9259
2021-06-29T23:59:59+02:00,15339,14990,26673,24944,29169,29381,35512,36170,39736,40348,26878,30010,19322,24228,5933,10052,5990,6173,12293,12311,14000,15797,20669,22877,28107,30042,22213,24854,17335,21674,5604,9413,278797,190134,43725,25487,76948,44516,9215
2021-06-28T23:59:59+02:00,14681,14325,26517,24841,29095,29315,35456,36106,39693,40315,26860,29990,19314,24217,5933,10048,5924,6078,12115,12173,13812,15621,20062,22335,27708,29673,21879,24497,17207,21512,5599,9409,276880,188457,43721,24850,76944,43136,9161
2021-06-27T23:59:59+02:00,14262,13885,26454,24783,29055,29280,35434,36084,39676,40302,26849,29983,19312,24214,5932,10047,5887,6036,12001,12060,13669,15496,19515,21866,27104,29177,21603,24162,17087,21388,5596,9408,275773,187629,43719,23343,76933,41956,9127
2021-06-26T23:59:59+02:00,14251,13874,26439,24773,29048,29274,35428,36083,39673,40301,26848,29982,19312,24214,5932,10047,5882,6033,11990,12057,13663,15492,19502,21856,27059,29142,21458,24034,17047,21332,5595,9406,275703,187604,43717,23339,76933,41479,9126
2021-06-25T23:59:59+02:00,12873,12549,24990,23634,28750,29041,35324,36001,39608,40241,26824,29955,19303,24203,5930,10045,5838,5985,11895,11979,13523,15370,19194,21621,26675,28787,21137,23643,16875,21135,5592,9397,269515,186387,43713,23061,76920,40075,9123
2021-06-24T23:59:59+02:00,11857,11671,23892,22764,28391,28695,35177,35841,39496,40138,26790,29905,19292,24181,5928,10041,5624,5755,11441,11567,12949,14782,17673,20234,25048,27202,20374,22795,16560,20730,5582,9387,264355,181451,43697,19471,76916,37690,9091
2021-06-23T23:59:59+02:00,11468,11332,23404,22404,28150,28458,35000,35716,39410,40052,26760,29879,19284,24144,5926,10030,5551,5643,11230,11353,12652,14433,17286,19829,24303,26438,19590,22054,16368,20479,5574,9371,261802,179110,43691,18864,76911,35167,9013
2021-06-22T23:59:59+02:00,11267,11111,23252,22263,28071,28389,34925,35655,39365,40008,26745,29855,19276,24136,5926,10029,5442,5521,10970,11099,12286,14065,16686,19236,23578,25679,19211,21632,16206,20301,5567,9355,260676,176098,43690,18014,76909,33724,8998
2021-06-21T23:59:59+02:00,11005,10916,22427,21599,27824,28170,34860,35594,39301,39966,26730,29837,19270,24127,5926,10028,5324,5416,10758,10879,11981,13750,16296,18892,23133,25215,18922,21323,16102,20182,5561,9353,258118,174650,43685,17010,76903,32553,8874
2021-06-20T23:59:59+02:00,10936,10826,22184,21384,27569,27973,34781,35519,39256,39922,26721,29824,19268,24123,5924,10025,5284,5361,10676,10779,11887,13650,16104,18708,22863,24979,18821,21217,16049,20124,5555,9349,256851,174349,43683,15955,76902,32303,8799
2021-06-19T23:59:59+02:00,10911,10800,22156,21361,27553,27959,34769,35515,39247,39918,26720,29823,19268,24121,5924,10025,5253,5329,10595,10690,11796,13529,15956,18556,22557,24621,18736,21130,16037,20112,5554,9349,256709,174245,43660,14466,76902,32290,8799
2021-06-18T23:59:59+02:00,10863,10749,21848,21045,27290,27749,34717,35479,39217,39895,26712,29814,19267,24118,5924,10023,5238,5319,10567,10662,11756,13481,15895,18496,22472,24526,18570,20949,15992,20046,5553,9344,255352,173856,43658,14465,76901,31746,8799
2021-06-17T23:59:59+02:00,10276,10316,20585,20092,26433,27022,34349,35157,38965,39708,26648,29735,19247,24082,5917,10019,5042,5183,10195,10414,11321,13086,15222,17889,21115,23222,18118,20466,15829,19875,5549,9329,249622,168601,43640,13895,76889,30959,8400
2021-06-16T23:59:59+02:00,9936,9997,19908,19465,25796,26423,34105,34958,38806,39560,26607,29685,19224,24059,5916,10015,4901,5038,9815,10085,10868,12638,14527,17206,20269,22301,17718,20024,15664,19666,5539,9317,245818,164858,43629,12643,76876,29938,8137
2021-06-15T23:59:59+02:00,9679,9750,19617,19222,25576,26229,33976,34853,38709,39481,26579,29650,19217,24044,5911,10011,4798,4930,9576,9877,10640,12384,14109,16781,19675,21730,17405,19643,15446,19439,5530,9306,244070,162812,43621,11575,76870,28939,7943
2021-06-14T23:59:59+02:00,9545,9626,19323,18965,25402,26086,33857,34774,38648,39443,26562,29630,19211,24033,5911,10008,4728,4869,9400,9741,10472,12249,13855,16572,19361,21439,17243,19493,15345,19311,5529,9302,242895,161386,43619,11573,76866,28306,7644
2021-06-13T23:59:59+02:00,9385,9493,19039,18782,25054,25833,33657,34607,38544,39376,26547,29618,19201,24026,5911,10004,4647,4803,9192,9576,10308,12080,13532,16237,19016,21112,17119,19346,15298,19246,5527,9300,241267,160543,43619,11573,76862,26894,7329
2021-06-12T23:59:59+02:00,9376,9479,19026,18769,25054,25828,33657,34604,38541,39375,26547,29618,19201,24026,5911,10004,4644,4789,9182,9517,10276,11978,13484,16083,18961,20976,17010,19221,15182,19144,5525,9298,241221,160517,43619,11571,76858,25864,7318
2021-06-11T23:59:59+02:00,9215,9298,18796,18562,24262,25163,33481,34451,38409,39263,26515,29585,19191,24003,5911,9999,4567,4674,8967,9263,10020,11686,12969,15539,17996,20087,16825,19027,15142,19100,5522,9295,238342,156533,43618,11570,76855,25287,7289
2021-06-10T23:59:59+02:00,8822,8962,18153,18081,23416,24492,33164,34171,38211,39102,26458,29530,19168,23974,5908,9992,4392,4496,8394,8776,9221,10973,11826,14451,16030,18197,15943,18073,14858,18736,5513,9273,234758,146957,42962,11538,76829,23602,7055
2021-06-09T23:59:59+02:00,8362,8443,17336,17362,22280,23461,32685,33713,37936,38890,26352,29427,19123,23919,5898,9979,4257,4383,8108,8511,8979,10723,11499,14088,15550,17657,15573,17644,14617,18452,5506,9263,230831,145148,41080,11497,76793,21703,6462
2021-06-08T23:59:59+02:00,8037,8121,16873,16946,21863,23098,32443,33522,37774,38761,26308,29386,19113,23896,5895,9974,4138,4301,7856,8259,8676,10379,11147,13742,14911,16964,15122,17122,14356,18175,5501,9245,228130,143465,41048,10389,76784,19992,6048
2021-06-07T23:59:59+02:00,7842,7887,16517,16622,21323,22652,32166,33256,37658,38647,26282,29338,19096,23870,5890,9973,4064,4222,7676,8119,8516,10238,10980,13570,14603,16644,14927,16871,14183,17984,5497,9240,226526,142399,40088,10298,76773,19005,5632
2021-06-06T23:59:59+02:00,7736,7775,16385,16476,21130,22445,31944,33033,37526,38543,26254,29315,19083,23854,5890,9967,4037,4187,7630,8002,8465,10110,10876,13427,14409,16429,14745,16693,14094,17864,5490,9234,225312,141924,39788,10288,76756,17980,5500
2021-06-05T23:59:59+02:00,7714,7761,16356,16448,21123,22442,31934,33027,37524,38542,26253,29315,19082,23853,5890,9967,4027,4148,7615,7937,8451,9977,10862,13256,14391,16324,14708,16638,14085,17854,5490,9233,225202,141842,39788,10288,76755,17380,5486
2021-06-04T23:59:59+02:00,7602,7658,16078,16214,20851,22198,31514,32656,37411,38421,26220,29277,19071,23840,5888,9965,4020,4139,7589,7914,8425,9947,10796,13183,14287,16194,14627,16545,14049,17810,5490,9231,223622,141512,39020,9959,76736,17289,5486
2021-06-03T23:59:59+02:00,7354,7432,15207,15438,19227,20814,30607,31736,36910,37964,26090,29144,19027,23789,5882,9947,3961,4101,7502,7843,8304,9849,10631,13001,13722,15629,14371,16237,13965,17708,5487,9218,217050,139319,37452,9856,76727,17015,5339
2021-06-02T23:59:59+02:00,7219,7290,14826,15014,18800,20418,30152,31299,36690,37710,26026,29081,19008,23762,5879,9946,3931,4071,7438,7758,8217,9761,10492,12871,13277,15200,14249,16055,13938,17671,5484,9213,214033,137544,37024,9763,76727,16983,5336
2021-06-01T23:59:59+02:00,6944,7047,14433,14704,18462,20100,29828,30990,36467,37478,25971,29002,18984,23733,5877,9935,3830,3986,7196,7582,7986,9568,10230,12597,12878,14779,13818,15609,13822,17519,5478,9205,211314,135442,36979,9510,76706,16175,4956
2021-05-31T23:59:59+02:00,6784,6857,14215,14472,17760,19500,29489,30655,36170,37216,25882,28906,18958,23679,5867,9922,3752,3877,6990,7337,7763,9284,9889,12218,12441,14264,13291,14997,13624,17290,5469,9190,209897,132285,34936,9188,76690,15394,4809
2021-05-30T23:59:59+02:00,6762,6843,14169,14435,17683,19441,29439,30616,36139,37193,25870,28894,18955,23672,5866,9920,3709,3805,6844,7132,7615,9057,9687,11910,12185,13922,13171,14828,13556,17207,5466,9183,209603,131570,34924,9087,76636,13886,4734
2021-05-29T23:59:59+02:00,6760,6842,14161,14431,17678,19436,29434,30612,36136,37192,25868,28891,18955,23671,5866,9920,3700,3792,6816,7099,7582,9006,9651,11864,12113,13824,13130,14760,13526,17183,5465,9178,209575,131432,34924,9087,76621,13437,4733
2021-05-28T23:59:59+02:00,6750,6829,14146,14415,17661,19415,29423,30600,36125,37174,25867,28887,18953,23667,5866,9920,3686,3768,6794,7058,7548,8954,9598,11760,11873,13554,12941,14569,13496,17143,5462,9175,209425,130143,34923,9086,76618,13418,4732
2021-05-27T23:59:59+02:00,6659,6749,13878,14198,17178,19069,28748,30061,35966,37043,25821,28853,18938,23653,5865,9914,3563,3608,6507,6808,7172,8650,9103,11203,11167,12664,12392,14010,13367,16952,5455,9163,208352,126651,33490,8758,76576,12200,4175
2021-05-26T23:59:59+02:00,6589,6640,13665,13995,16927,18765,28208,29551,35790,36868,25784,28808,18923,23630,5864,9909,3473,3467,6283,6520,6887,8225,8768,10728,10527,11875,11839,13405,13223,16738,5451,9141,206766,123098,32742,8576,76563,11031,3845
2021-05-25T23:59:59+02:00,6508,6546,13462,13775,16665,18556,27487,28906,35700,36773,25760,28779,18911,23614,5859,9908,3424,3376,6139,6352,6742,8036,8543,10437,10184,11512,11495,12931,13118,16575,5448,9133,206061,121266,31295,8436,76080,9970,3773
2021-05-24T23:59:59+02:00,6439,6449,13288,13576,16445,18274,27081,28483,35355,36376,25704,28711,18892,23591,5858,9906,3411,3354,6081,6270,6697,7954,8484,10342,10112,11416,11322,12703,13072,16484,5440,9112,205533,120651,29088,8390,76072,9478,3735
2021-05-23T23:59:59+02:00,6437,6448,13283,13567,16442,18264,27062,28473,35325,36342,25701,28705,18892,23585,5858,9906,3408,3350,6075,6260,6687,7947,8456,10312,10072,11359,11239,12602,13052,16453,5440,9111,205418,120646,29072,7977,76071,9471,3729
2021-05-22T23:59:59+02:00,6429,6444,13276,13556,16436,18260,27059,28472,35322,36336,25701,28705,18892,23585,5858,9906,3407,3350,6072,6257,6686,7943,8452,10310,10067,11356,11228,12588,13047,16449,5439,9111,205367,120606,29072,7977,76069,9450,3729
2021-05-21T23:59:59+02:00,6370,6384,13124,13450,16264,18109,26791,28296,34895,36069,25676,28669,18884,23579,5857,9902,3398,3340,6039,6236,6656,7910,8413,10261,10013,11307,10715,11877,12908,16290,5436,9106,204681,118855,28947,7974,75033,9418,3658
2021-05-20T23:59:59+02:00,6079,6183,12517,13036,15072,17187,24887,26801,33951,35305,25571,28523,18829,23498,5851,9887,3339,3295,5947,6121,6544,7756,8266,10103,9779,11004,10382,11435,12801,16112,5427,9092,199927,116897,27215,7901,72505,9075,3530
2021-05-19T23:59:59+02:00,5876,5942,12003,12579,14368,16484,23940,25990,33327,34711,25461,28433,18793,23442,5844,9875,3263,3222,5786,5951,6354,7518,7991,9825,9477,10625,10070,11021,12723,15967,5425,9084,194255,114998,27177,7706,72492,8454,3144
2021-05-18T23:59:59+02:00,5706,5831,11605,12257,13744,15986,22785,25043,32662,34106,25345,28298,18747,23392,5839,9866,3221,3194,5675,5845,6193,7360,7785,9615,9283,10390,9904,10773,12579,15749,5415,9075,189309,113876,26674,7637,72448,7762,2781
2021-05-17T23:59:59+02:00,5653,5785,11441,12151,13473,15765,21977,24410,32355,33794,25266,28239,18724,23362,5830,9857,3127,3124,5497,5668,6029,7154,7579,9397,9067,10154,9817,10651,12521,15686,5412,9070,187549,113169,25983,7631,72055,6658,2495
2021-05-16T23:59:59+02:00,5626,5765,11380,12096,13388,15685,21370,23864,31741,33266,25225,28196,18714,23347,5829,9857,3123,3102,5483,5599,6002,7096,7552,9297,9035,10070,9801,10633,12518,15683,5412,9070,186784,113061,24443,7625,71637,6305,2485
2021-05-15T23:59:59+02:00,5617,5756,11347,12087,13358,15675,21298,23793,31210,32893,25214,28191,18713,23344,5828,9856,3109,3088,5464,5557,5988,7021,7513,9182,8805,9818,9768,10602,12484,15632,5412,9069,186735,113057,24431,7487,70990,5944,2024
2021-05-14T23:59:59+02:00,5579,5730,11285,12049,13288,15610,20890,23485,30782,32549,25179,28146,18701,23327,5828,9854,3077,3048,5428,5469,5967,6887,7474,8981,8745,9624,9698,10494,12398,15507,5412,9065,186015,112892,24113,7159,70131,5200,2023
2021-05-13T23:59:59+02:00,5425,5574,10909,11755,12575,15023,18713,21744,29241,31091,24948,27902,18634,23255,5826,9851,3066,3015,5404,5430,5950,6830,7450,8911,8702,9565,9486,10255,12205,15211,5407,9056,182080,112543,20328,6359,68050,5033,2008
2021-05-12T23:59:59+02:00,5395,5547,10837,11697,12474,14935,18586,21617,28871,30723,24858,27806,18617,23226,5825,9846,3066,3011,5398,5424,5940,6816,7426,8896,8665,9511,9303,10027,11978,14892,5404,9049,181112,112266,19693,5505,68047,5027,2008
2021-05-11T23:59:59+02:00,5259,5444,10593,11455,12110,14564,17989,20984,27951,29764,24666,27618,18559,23152,5820,9831,3025,2970,5308,5269,5841,6633,7296,8656,8506,9290,9126,9836,11832,14707,5395,9031,177088,111245,18808,5398,67917,4132,1946
2021-05-10T23:59:59+02:00,5134,5364,10382,11261,11852,14310,17666,20653,27532,29357,24557,27511,18521,23105,5812,9827,2956,2917,5191,5153,5728,6531,7173,8515,8380,9183,9022,9713,11742,14580,5392,9023,175089,110718,18125,5387,67692,3156,1938
2021-05-09T23:59:59+02:00,5063,5316,10284,11148,11753,14193,17327,20371,27142,28986,24471,27425,18492,23069,5809,9824,2890,2886,5045,5110,5553,6488,7008,8486,8255,9148,9010,9703,11724,14560,5392,9023,174694,110642,16852,5377,67203,2338,1924
2021-05-08T23:59:59+02:00,5062,5315,10282,11145,11753,14193,17323,20369,27139,28983,24471,27425,18492,23069,5809,9824,2890,2885,5044,5110,5553,6488,7008,8486,8253,9148,9009,9702,11724,14560,5392,9023,174678,110639,16852,5377,67200,2335,1924
2021-05-07T23:59:59+02:00,5027,5289,10214,11090,11625,14070,16927,20096,26503,28428,24423,27374,18475,23035,5802,9794,2881,2878,5029,5104,5543,6474,6997,8475,8245,9137,9003,9694,11713,14538,5384,8995,173845,110625,16849,5376,65684,2295,1794
2021-05-06T23:59:59+02:00,4757,5128,9753,10747,11069,13557,15850,19080,24106,26149,23926,26853,18369,22933,5797,9780,2839,2834,4962,5031,5500,6384,6912,8355,8113,8990,8903,9584,11689,14488,5381,8992,168828,110081,14408,5321,62835,1772,1783
2021-05-05T23:59:59+02:00,4680,5051,9461,10519,10731,13232,15271,18474,23268,25190,23664,26529,18300,22827,5787,9762,2819,2798,4912,4943,5442,6264,6828,8190,7990,8776,8798,9453,11613,14403,5380,8984,165174,109151,13107,5315,62685,1347,1780
2021-05-04T23:59:59+02:00,4596,4960,9287,10314,10524,12992,14886,18077,22727,24628,23450,26256,18228,22748,5779,9749,2810,2764,4885,4868,5410,6150,6779,8052,7907,8626,8697,9347,11542,14346,5378,8981,162923,108688,11988,5306,62530,788,1760
2021-05-03T23:59:59+02:00,4524,4886,9096,10177,10349,12817,14602,17831,22318,24215,23311,26108,18201,22701,5779,9743,2734,2694,4799,4794,5336,6065,6683,7946,7727,8462,8612,9261,11503,14297,5375,8976,161420,108470,11987,5303,62438,678,813
2021-05-02T23:59:59+02:00,4511,4872,9019,10119,10225,12704,14276,17523,22016,23930,23261,26050,18182,22676,5778,9742,2728,2687,4739,4761,5247,5981,6546,7817,7610,8363,8566,9221,11479,14263,5373,8971,160532,108356,11984,5301,62334,661,34
2021-05-01T23:59:59+02:00,4511,4870,9017,10118,10224,12704,14273,17520,22014,23930,23260,26049,18182,22676,5778,9742,2728,2687,4739,4761,5247,5981,6546,7817,7610,8363,8566,9221,11479,14263,5373,8971,160516,108356,11984,5301,62334,661,34
2021-04-30T23:59:59+02:00,4438,4778,8775,9905,9962,12462,13791,17095,21172,23162,23134,25913,18166,22647,5775,9739,2725,2685,4730,4754,5238,5946,6534,7787,7577,8326,8562,9219,11478,14261,5371,8970,156925,108332,11983,5299,62005,531,1
2021-04-29T23:59:59+02:00,4290,4634,8295,9499,9267,11862,12791,16200,19336,21491,22434,25158,18029,22438,5769,9722,2701,2664,4689,4682,5196,5872,6476,7681,7501,8211,8453,9106,11413,14186,5364,8962,147790,107856,11969,5028,61455,272,1
2021-04-28T23:59:59+02:00,4257,4615,8224,9425,9191,11777,12673,16081,19122,21278,22346,25066,18001,22397,5767,9717,2698,2653,4663,4623,5169,5829,6446,7608,7452,8129,8436,9082,11397,14164,5363,8956,147411,107664,11879,4956,60646,47,1
2021-04-27T23:59:59+02:00,4218,4569,8086,9287,9078,11626,12530,15912,18675,20785,22121,24809,17938,22321,5764,9709,2695,2649,4661,4619,5159,5821,6433,7590,7421,8093,8379,9004,11316,14084,5359,8953,146688,107411,10805,4785,59934,39,1
2021-04-26T23:59:59+02:00,4176,4542,7980,9192,8932,11523,12358,15739,18267,20423,21986,24663,17903,22293,5764,9708,2695,2647,4657,4616,5155,5811,6417,7571,7389,8062,8331,8956,11261,14006,5356,8936,145923,107303,10670,4529,58856,34,0
2021-04-25T23:59:59+02:00,4162,4527,7944,9162,8868,11461,12224,15609,17922,20096,21787,24427,17864,22238,5760,9703,2695,2647,4656,4615,5153,5807,6412,7568,7387,8058,8275,8897,11239,13978,5356,8935,144548,107282,10659,4363,58547,33,0
2021-04-24T23:59:59+02:00,4155,4519,7929,9158,8853,11451,12176,15579,17864,20058,21771,24414,17862,22233,5760,9703,2694,2647,4656,4615,5153,5807,6412,7568,7387,8058,8275,8897,11239,13978,5356,8935,144451,107282,10659,4363,58375,32,0
2021-04-23T23:59:59+02:00,4135,4486,7873,9095,8770,11349,11835,15254,17434,19662,21557,24184,17800,22156,5758,9695,2691,2645,4653,4612,5146,5800,6398,7559,7364,8027,8254,8870,11231,13969,5354,8932,143194,107270,10312,4204,57537,31,0
2021-04-22T23:59:59+02:00,4085,4421,7742,8903,8585,11090,11510,14835,16522,18681,20989,23479,17667,21976,5749,9676,2682,2639,4648,4592,5124,5773,6358,7523,7296,7981,8122,8716,11089,13819,5350,8923,139463,106652,10190,3959,56257,24,0
2021-04-21T23:59:59+02:00,4043,4378,7640,8785,8430,10933,11217,14555,15790,17926,20613,23031,17595,21871,5744,9663,2674,2628,4630,4573,5108,5752,6346,7508,7272,7960,8073,8655,11052,13780,5348,8922,136558,106376,10061,3883,55595,22,0
2021-04-20T23:59:59+02:00,4018,4352,7604,8731,8353,10854,11055,14381,15358,17451,20152,22519,17495,21719,5737,9652,2667,2619,4621,4560,5083,5732,6318,7485,7232,7921,7979,8524,10978,13693,5344,8918,134420,105809,9796,3844,55215,21,0
2021-04-19T23:59:59+02:00,3988,4302,7543,8627,8261,10715,10898,14200,15105,17157,19674,21955,17330,21504,5726,9640,2662,2618,4615,4556,5070,5717,6299,7468,7207,7878,7926,8470,10952,13647,5341,8913,132362,105477,9441,3841,54822,21,0
2021-04-18T23:59:59+02:00,3971,4273,7483,8576,8155,10588,10639,13958,14615,16619,19246,21447,17207,21318,5722,9634,2662,2618,4615,4556,5070,5717,6298,7465,7205,7877,7923,8467,10950,13643,5340,8910,129953,105456,9371,3839,54127,21,0
2021-04-17T23:59:59+02:00,3967,4265,7463,8570,8145,10570,10598,13912,14506,16531,19125,21323,17185,21290,5720,9632,2662,2618,4614,4554,5065,5712,6284,7460,7180,7854,7877,8421,10931,13620,5339,8910,129515,105447,9363,3633,53924,21,0
2021-04-16T23:59:59+02:00,3956,4222,7391,8448,8042,10413,10405,13651,13837,15774,18558,20682,17059,21113,5709,9614,2659,2615,4609,4549,5061,5701,6268,7449,7142,7819,7572,8036,10843,13482,5331,8894,126671,104664,9302,3345,52901,21,0
2021-04-15T23:59:59+02:00,3912,4168,7279,8317,7876,10176,10073,13262,13108,14919,17748,19820,16817,20791,5696,9593,2658,2607,4598,4533,5048,5671,6238,7414,7073,7750,7023,7408,10729,13330,5327,8883,123028,103060,9145,3211,51382,19,0
2021-04-14T23:59:59+02:00,3885,4139,7214,8211,7770,10026,9901,13063,12690,14473,17224,19211,16666,20582,5691,9578,2625,2588,4580,4502,5020,5624,6203,7381,7018,7689,6401,6660,10469,13044,5323,8875,121647,100777,8911,3211,49766,14,0
2021-04-13T23:59:59+02:00,3882,4133,7177,8195,7713,9993,9793,13011,12317,14182,16533,18366,16430,20282,5687,9572,2601,2561,4561,4477,4996,5591,6144,7312,6929,7588,6192,6411,9920,12400,5315,8856,120960,98636,8694,3204,47612,14,0
2021-04-12T23:59:59+02:00,3868,4115,7124,8148,7657,9926,9687,12910,12071,13969,16091,17851,16243,20069,5682,9569,2572,2550,4495,4435,4890,5523,6030,7237,6811,7489,5449,5592,9471,11865,5275,8814,120627,95288,8659,3196,45694,14,0
2021-04-11T23:59:59+02:00,3856,4108,7083,8096,7599,9882,9594,12831,11835,13761,15527,17166,15967,19729,5677,9559,2497,2467,4366,4313,4735,5390,5867,7085,6660,7383,5147,5232,9339,11706,5275,8810,120045,93112,8231,3147,43994,13,0
2021-04-10T23:59:59+02:00,3838,4089,7044,8049,7555,9826,9534,12772,11743,13675,15310,16975,15918,19661,5676,9552,1940,1900,3550,3595,3860,4626,4862,6164,5805,6599,4874,4926,9211,11553,5269,8801,119581,84375,8231,3147,43405,13,0
2021-04-09T23:59:59+02:00,3818,4069,7005,8020,7491,9771,9381,12644,11416,13390,14130,15444,15477,19131,5664,9542,1082,1074,2199,2403,2354,3260,3081,4525,4189,5141,4195,4195,8966,11201,5244,8772,117689,68723,8229,3145,40475,13,0
2021-04-08T23:59:59+02:00,3792,4053,6944,7968,7390,9677,9195,12525,11010,13036,13000,14193,15068,18611,5645,9511,581,586,1286,1698,1449,2333,1982,3442,2809,3755,2954,2800,8169,10228,5105,8552,116455,54575,8149,3142,37014,12,0
2021-04-07T23:59:59+02:00,3746,4028,6866,7914,7297,9608,9068,12396,10699,12729,12275,13429,14851,18346,5639,9492,350,368,935,1354,1044,1948,1472,2983,1864,2750,1772,1515,7265,9092,4953,8293,115495,44807,7998,3142,34890,9,0
2021-04-06T23:59:59+02:00,3730,4016,6844,7876,7242,9541,8974,12317,10488,12512,11890,12935,14630,18050,5628,9478,343,354,927,1344,1029,1927,1445,2955,1805,2691,1693,1448,6857,8542,4802,8056,114217,43069,7899,3141,34035,8,0
2021-04-05T23:59:59+02:00,3726,4015,6833,7865,7230,9531,8955,12289,10423,12453,11779,12789,14532,17958,5626,9475,341,348,916,1340,1023,1919,1435,2935,1784,2657,1640,1395,6633,8244,4681,7873,113881,42016,7878,3140,33720,8,0
2021-04-04T23:59:59+02:00,3726,4015,6830,7859,7229,9530,8954,12289,10413,12448,11776,12786,14529,17957,5626,9475,341,347,916,1340,1022,1917,1434,2934,1782,2654,1637,1390,6626,8231,4676,7870,113876,41970,7878,3139,33688,8,0
2021-04-03T23:59:59+02:00,3726,4015,6830,7858,7228,9530,8954,12289,10412,12448,11776,12785,14527,17955,5626,9475,341,346,914,1336,1020,1916,1433,2929,1780,2654,1632,1378,6583,8150,4641,7835,113872,41741,7878,3139,33684,8,0
2021-04-02T23:59:59+02:00,3724,4013,6828,7855,7222,9524,8943,12282,10397,12432,11649,12671,14484,17899,5622,9467,339,344,912,1329,1014,1905,1419,2904,1740,2615,1537,1292,5819,7253,4207,7271,113751,39075,7874,2817,33387,8,0
2021-04-01T23:59:59+02:00,3685,4000,6794,7833,7181,9494,8892,12244,10328,12363,11310,12264,14112,17390,5617,9454,334,341,897,1314,1002,1886,1387,2858,1681,2553,1414,1199,4894,6151,3657,6450,113366,35198,6476,2812,33119,8,0
2021-03-31T23:59:59+02:00,3679,3996,6779,7814,7165,9476,8857,12213,10243,12292,10980,11860,13770,16897,5611,9433,331,338,889,1306,992,1871,1367,2830,1631,2518,1348,1146,4322,5487,3309,5992,112795,32930,5482,2739,32788,8,0
2021-03-30T23:59:59+02:00,3661,3972,6743,7776,7108,9410,8768,12109,10081,12138,10723,11584,13546,16630,5604,9419,327,332,883,1296,985,1865,1344,2824,1605,2492,1322,1120,4203,5365,3249,5898,111976,32559,5232,2543,32064,8,0
2021-03-29T23:59:59+02:00,3652,3950,6717,7754,7068,9357,8672,12014,9900,11931,10290,11116,13173,16165,5587,9386,322,328,879,1286,979,1857,1335,2813,1589,2483,1297,1106,4070,5222,3151,5768,110306,31941,4924,2537,31502,7,0
2021-03-28T23:59:59+02:00,3612,3895,6602,7598,6951,9217,8545,11822,9748,11742,10079,10856,12998,15979,5582,9376,322,328,879,1286,977,1856,1334,2813,1588,2481,1290,1104,4039,5182,3125,5744,109934,31906,4661,2436,30007,6,0
2021-03-27T23:59:59+01:00,3611,3884,6590,7533,6922,9103,8496,11651,9696,11588,9965,10733,12904,15891,5581,9376,322,327,879,1286,977,1854,1334,2811,1584,2480,1288,1102,4013,5147,3112,5729,109925,31804,4661,2435,28938,6,0
2021-03-26T23:59:59+01:00,3605,3876,6562,7496,6893,9030,8448,11539,9605,11460,9917,10670,12858,15836,5574,9356,317,325,878,1283,973,1842,1331,2790,1564,2468,1263,1086,3834,4926,3006,5576,109869,31062,4440,2394,28416,6,0
2021-03-25T23:59:59+01:00,3582,3845,6471,7370,6801,8866,8257,11308,9296,11144,9540,10288,12555,15522,5569,9347,317,324,876,1274,970,1831,1318,2777,1540,2449,1237,1067,3602,4685,2756,5242,109496,29866,4233,2394,26032,5,0
2021-03-24T23:59:59+01:00,3528,3794,6384,7186,6681,8640,8091,11074,9071,10820,9125,9801,12138,15063,5558,9336,317,323,875,1271,965,1829,1311,2773,1524,2433,1229,1057,3537,4613,2576,5022,108985,29258,4098,2394,23207,3,0
2021-03-23T23:59:59+01:00,3510,3761,6336,7130,6606,8582,7973,10945,8823,10587,8704,9332,11685,14543,5549,9322,317,323,874,1261,960,1820,1306,2764,1520,2426,1206,1032,3445,4537,2384,4708,108175,28486,4005,2394,21208,3,0
2021-03-22T23:59:59+01:00,3502,3741,6293,7101,6572,8535,7907,10869,8674,10451,8425,8979,11382,14218,5513,9283,315,318,868,1251,952,1813,1299,2753,1511,2416,1195,1023,3417,4502,2365,4675,107505,28277,4002,2393,19938,3,0
2021-03-21T23:59:59+01:00,3500,3739,6289,7090,6555,8519,7888,10850,8618,10394,8306,8862,11312,14116,5511,9280,313,317,859,1248,945,1807,1290,2751,1507,2412,1191,1020,3408,4487,2351,4666,107420,28176,4001,2393,19408,3,0
2021-03-20T23:59:59+01:00,3493,3701,6281,7019,6540,8382,7863,10666,8574,10258,8228,8776,11274,14077,5511,9280,313,317,859,1248,945,1807,1289,2751,1507,2410,1191,1020,3408,4486,2351,4665,107389,28172,3789,2392,18745,3,0
2021-03-19T23:59:59+01:00,3480,3672,6255,6937,6516,8290,7818,10549,8461,10098,7692,8173,11092,13836,5501,9262,310,316,854,1241,928,1797,1266,2720,1457,2365,1106,953,2745,3700,1938,4096,105782,25397,3490,2392,18360,3,0
2021-03-18T23:59:59+01:00,3469,3654,6214,6896,6483,8230,7755,10465,8347,9970,6740,7088,10815,13536,5490,9237,309,316,851,1237,922,1789,1247,2712,1434,2346,1069,936,2537,3462,1781,3875,102786,24428,3333,2392,18270,3,0
2021-03-17T23:59:59+01:00,3432,3615,6143,6812,6430,8127,7665,10339,8217,9812,6065,6249,10531,13231,5473,9211,308,316,844,1233,918,1777,1233,2690,1416,2322,1034,914,2417,3338,1702,3765,100027,23832,3332,2392,17993,3,0
2021-03-16T23:59:59+01:00,3414,3586,6104,6759,6385,8054,7612,10274,8127,9712,5889,6072,9848,12454,5434,9148,301,307,830,1217,906,1768,1227,2671,1403,2314,1020,895,2205,3099,1569,3571,97821,22910,3322,2390,17729,3,0
2021-03-15T23:59:59+01:00,3377,3554,6008,6680,6256,7962,7470,10155,7998,9587,5137,5239,9404,11907,5391,9078,300,306,827,1213,905,1761,1225,2658,1394,2305,1007,883,2063,2928,1483,3477,94313,22344,3315,2389,17575,2,0
2021-03-14T23:59:59+01:00,3252,3408,5732,6335,5979,7602,7157,9741,7713,9273,4804,4848,9246,11710,5387,9067,300,306,827,1213,904,1761,1223,2657,1392,2302,1005,881,2060,2925,1480,3476,91920,22324,3260,2386,16074,2,0
2021-03-13T23:59:59+01:00,2598,2745,4796,5466,4960,6673,5962,8622,6698,8331,4492,4465,8862,11190,5298,8959,300,306,826,1211,904,1756,1220,2655,1391,2302,1005,880,2036,2889,1450,3441,81234,22184,3260,2386,15623,2,0
2021-03-12T23:59:59+01:00,1772,1925,3460,4315,3455,5343,4216,6983,5065,6826,3827,3762,7614,9644,4796,8278,296,303,824,1207,898,1749,1211,2636,1365,2285,959,855,1688,2426,1181,3087,62429,20582,3258,2386,15594,2,0
2021-03-11T23:59:59+01:00,1272,1449,2560,3577,2551,4406,3123,5894,3704,5443,2651,2485,5921,7534,4032,7101,291,295,808,1198,885,1726,1193,2607,1340,2239,923,835,1533,2196,1058,2899,45157,19638,3256,2386,15290,2,0
2021-03-10T23:59:59+01:00,1048,1231,2194,3216,2176,4015,2672,5455,2800,4477,1522,1286,4572,5819,3473,6333,282,285,790,1179,863,1690,1160,2534,1302,2174,898,815,1353,2006,962,2725,34146,18737,3256,2279,14887,2,0
2021-03-09T23:59:59+01:00,1032,1204,2128,3075,2111,3900,2587,5321,2717,4351,1488,1256,4496,5746,3434,6275,278,278,776,1158,846,1663,1135,2493,1284,2146,884,803,1276,1881,891,2615,33740,18170,3253,2235,14128,2,0
2021-03-08T23:59:59+01:00,1011,1173,2071,2976,2071,3818,2527,5208,2661,4279,1450,1236,4350,5588,3332,6134,278,274,771,1150,844,1654,1127,2485,1277,2130,861,782,1109,1656,766,2449,33049,17380,3253,2232,13583,1,0
2021-03-07T23:59:59+01:00,1006,1154,2032,2933,2029,3777,2487,5143,2620,4242,1445,1233,4343,5580,3329,6134,278,274,771,1150,844,1654,1127,2485,1276,2130,858,782,1100,1646,758,2438,33019,17380,3247,2191,13221,0,0
2021-03-06T23:59:59+01:00,1006,1150,2021,2919,2018,3758,2471,5116,2602,4221,1432,1223,4309,5536,3315,6122,278,274,771,1150,844,1654,1127,2485,1276,2130,858,782,1100,1646,758,2437,32876,17380,3246,2190,13097,0,0
2021-03-05T23:59:59+01:00,1002,1146,2006,2899,1988,3735,2428,5064,2549,4184,1396,1195,4043,5211,3165,5901,276,272,764,1143,839,1647,1124,2477,1273,2120,844,778,1093,1637,757,2435,32137,17289,2915,2190,12860,0,0
2021-03-04T23:59:59+01:00,908,999,1919,2770,1920,3598,2352,4909,2459,4026,1366,1174,3803,4952,2900,5551,276,270,762,1138,837,1640,1123,2470,1270,2114,816,764,1083,1626,750,2423,30887,17195,2911,2167,11808,0,0
2021-03-03T23:59:59+01:00,862,894,1855,2674,1850,3493,2283,4793,2385,3942,1354,1161,3693,4847,2678,5279,275,268,761,1129,834,1622,1117,2428,1260,2088,799,760,1075,1608,743,2416,30215,17169,2795,2014,11033,0,0
2021-03-02T23:59:59+01:00,817,819,1758,2550,1765,3369,2191,4669,2324,3864,1319,1140,3564,4712,2474,4933,275,267,760,1123,831,1619,1113,2423,1256,2078,797,758,1061,1587,732,2397,29491,17064,2605,2013,10172,0,0
2021-03-01T23:59:59+01:00,794,780,1658,2406,1694,3225,2091,4497,2244,3743,1301,1128,3513,4649,2430,4871,275,266,756,1119,830,1607,1109,2411,1251,2068,791,756,1057,1579,730,2395,29238,16987,2521,2013,9265,0,0
2021-02-28T23:59:59+01:00,788,757,1639,2340,1667,3153,2068,4397,2230,3676,1295,1122,3503,4635,2416,4861,274,265,756,1118,830,1602,1109,2409,1251,2063,788,754,1049,1566,726,2385,29132,16965,2519,1980,8896,0,0
2021-02-27T23:59:59+01:00,773,740,1617,2280,1650,3042,2048,4271,2209,3580,1292,1119,3503,4633,2415,4860,274,265,756,1118,830,1601,1109,2409,1251,2062,788,754,1049,1566,726,2384,29127,16963,2518,1979,8387,0,0
2021-02-26T23:59:59+01:00,645,659,1512,2167,1598,2883,1985,4034,2108,3344,1201,1048,2853,3840,1986,4277,274,265,755,1116,829,1600,1109,2407,1249,2059,786,749,1031,1553,716,2368,26333,16889,2518,1977,7289,0,0
2021-02-25T23:59:59+01:00,494,579,1393,2065,1532,2755,1924,3905,2007,3232,1152,1016,2622,3571,1821,4034,257,250,730,1092,787,1532,1063,2309,1176,1969,730,728,1000,1516,704,2340,25265,16797,2491,1386,6346,0,0
2021-02-24T23:59:59+01:00,464,548,1323,1952,1459,2611,1854,3752,1930,3083,1115,986,2482,3434,1742,3914,228,237,704,1047,763,1470,1035,2249,1123,1920,703,705,955,1487,692,2310,24613,16611,2480,1017,5556,0,0
2021-02-23T23:59:59+01:00,409,508,1241,1812,1385,2465,1777,3541,1859,2961,1090,952,2278,3206,1617,3728,223,231,689,1024,752,1431,1013,2206,1098,1879,694,693,946,1473,689,2306,23691,16526,2470,821,4668,0,0
2021-02-22T23:59:59+01:00,396,475,1142,1702,1283,2368,1668,3435,1778,2890,1069,939,2136,3035,1532,3632,212,222,666,973,721,1368,988,2112,1054,1798,652,662,877,1397,652,2249,23118,16338,2466,265,3896,0,0
2021-02-21T23:59:59+01:00,377,459,1041,1671,1131,2344,1513,3412,1677,2872,1061,937,2135,3034,1532,3632,185,216,635,965,710,1360,974,2107,1049,1796,649,659,874,1393,644,2242,23089,16207,2466,251,3273,0,0
2021-02-20T23:59:59+01:00,377,458,1040,1671,1130,2344,1511,3410,1677,2870,1061,936,2134,3034,1531,3631,184,214,632,965,707,1359,968,2104,1047,1796,649,659,874,1393,644,2242,23082,16186,2465,251,3268,0,0
2021-02-19T23:59:59+01:00,372,449,1028,1667,1120,2334,1498,3392,1645,2855,1011,908,1763,2526,1233,3246,163,204,606,961,690,1351,951,2102,1041,1794,646,658,872,1393,643,2241,21338,16065,2465,251,3244,0,0
2021-02-18T23:59:59+01:00,354,430,988,1587,1082,2247,1445,3274,1604,2765,982,885,1589,2283,1104,3040,143,193,567,950,670,1340,917,2086,1017,1774,635,639,851,1365,629,2220,20357,15745,2465,251,2837,0,0
2021-02-17T23:59:59+01:00,332,377,904,1445,975,2047,1310,3019,1492,2545,945,855,1399,2070,1003,2862,137,186,555,919,644,1289,884,2008,967,1698,601,607,844,1339,624,2201,19282,15252,2465,251,1833,0,0
2021-02-16T23:59:59+01:00,326,339,860,1307,923,1858,1249,2794,1426,2384,934,838,1336,1972,936,2766,131,173,541,877,629,1235,858,1946,936,1656,591,597,822,1307,611,2140,18910,14936,2464,114,874,0,0
2021-02-15T23:59:59+01:00,310,299,832,1276,906,1802,1209,2710,1388,2328,906,806,1159,1740,805,2588,122,165,520,849,611,1173,834,1873,913,1579,570,560,804,1270,602,2098,17995,14469,2463,74,606,0,0
2021-02-14T23:59:59+01:00,310,299,831,1276,905,1802,1207,2710,1388,2328,906,806,1159,1740,805,2588,122,165,519,842,607,1168,828,1867,909,1576,569,560,802,1269,601,2095,17994,14425,2463,74,603,0,0
2021-02-13T23:59:59+01:00,310,299,831,1275,905,1799,1207,2708,1388,2326,906,806,1159,1740,805,2588,122,165,519,842,607,1168,826,1864,907,1572,567,560,787,1249,589,2079,17986,14423,2463,0,603,0,0
2021-02-12T23:59:59+01:00,305,298,822,1269,901,1769,1201,2680,1360,2297,904,804,1158,1737,805,2588,122,165,517,839,606,1161,820,1852,901,1559,564,558,773,1238,583,2066,17978,14324,2463,0,457,0,0
2021-02-11T23:59:59+01:00,286,289,807,1234,895,1735,1185,2613,1338,2242,869,791,1148,1725,804,2578,120,151,499,798,584,1097,786,1752,878,1499,551,544,749,1203,568,2035,17865,13814,2462,0,212,0,0
2021-02-10T23:59:59+01:00,283,283,788,1196,882,1705,1173,2567,1323,2200,864,789,1133,1709,799,2562,116,142,433,716,544,1004,712,1634,826,1420,537,528,736,1186,558,2013,17841,13105,2357,0,58,0,0
2021-02-09T23:59:59+01:00,283,280,784,1181,871,1689,1159,2547,1309,2176,850,784,1119,1692,788,2546,99,123,379,630,493,876,635,1438,737,1233,485,450,616,1024,488,1767,17743,11473,2312,0,3,0,0
2021-02-08T23:59:59+01:00,282,280,782,1176,871,1682,1157,2543,1303,2167,844,781,1104,1671,775,2529,89,101,335,542,442,777,546,1234,633,1070,410,378,537,840,395,1457,17637,9786,2309,0,1,0,0
2021-02-07T23:59:59+01:00,281,279,780,1175,870,1682,1157,2542,1303,2164,838,779,1102,1668,774,2527,87,100,333,537,440,773,544,1225,629,1065,405,373,516,817,389,1443,17612,9676,2309,0,0,0,0
2021-02-06T23:59:59+01:00,281,278,780,1174,870,1681,1157,2542,1303,2163,837,778,1100,1662,773,2525,87,99,333,534,439,772,543,1221,627,1064,401,368,468,748,359,1398,17596,9461,2308,0,0,0,0
2021-02-05T23:59:59+01:00,281,278,780,1173,869,1680,1156,2541,1302,2160,830,772,1077,1652,766,2509,81,96,325,528,423,754,517,1189,599,1023,378,341,449,725,345,1358,17518,9131,2308,0,0,0,0
2021-02-04T23:59:59+01:00,278,271,777,1152,857,1658,1143,2513,1288,2136,808,759,1049,1622,759,2493,67,77,255,407,329,589,400,961,486,821,305,277,338,579,280,1134,17278,7305,2285,0,0,0,0
2021-02-03T23:59:59+01:00,277,266,774,1131,855,1632,1136,2463,1275,2106,789,745,1032,1599,750,2479,54,54,169,278,255,439,280,713,361,582,209,197,239,426,196,852,17183,5304,2126,0,0,0,0
2021-02-02T23:59:59+01:00,276,261,770,1123,850,1610,1126,2439,1263,2089,785,738,1023,1588,748,2471,35,34,91,137,147,250,171,445,232,364,135,127,161,256,138,552,17034,3275,2126,0,0,0,0
2021-02-01T23:59:59+01:00,274,258,765,1104,842,1589,1121,2409,1259,2056,777,725,1017,1578,744,2458,11,12,14,25,25,61,44,88,69,100,49,45,56,73,41,184,16850,897,2126,0,0,0,0
2021-01-31T23:59:59+01:00,268,256,749,1102,834,1578,1111,2398,1248,2047,771,719,1007,1561,737,2445,10,12,13,24,23,58,38,83,62,92,46,45,52,66,38,171,16815,833,2016,0,0,0,0
2021-01-30T23:59:59+01:00,268,256,749,1102,833,1578,1111,2398,1248,2047,770,719,1007,1560,737,2444,10,10,13,24,23,58,38,83,61,90,45,44,51,66,38,170,16812,824,2015,0,0,0,0
2021-01-29T23:59:59+01:00,268,256,749,1101,833,1578,1111,2398,1248,2046,769,718,1006,1558,737,2442,9,5,12,24,23,57,36,81,60,90,44,43,51,66,38,170,16805,809,2013,0,0,0,0
2021-01-28T23:59:59+01:00,264,251,737,1076,798,1523,1075,2338,1172,1989,729,704,977,1538,721,2420,4,0,3,6,9,22,18,36,20,45,21,22,23,44,16,101,16627,390,1685,0,0,0,0
2021-01-27T23:59:59+01:00,258,244,714,1044,750,1467,1018,2257,1099,1908,694,677,964,1517,718,2413,3,0,3,4,6,18,14,22,13,32,6,9,10,9,5,27,16178,181,1564,0,0,0,0
2021-01-26T23:59:59+01:00,234,235,697,1020,742,1417,998,2183,1072,1843,682,663,941,1501,708,2394,3,0,1,4,5,8,12,12,6,11,3,5,6,7,2,16,16127,101,1203,0,0,0,0
2021-01-25T23:59:59+01:00,202,220,644,946,690,1294,956,2037,1014,1708,634,608,864,1406,664,2320,3,0,1,4,5,8,12,12,6,11,3,5,6,7,2,16,15901,101,306,0,0,0,0
2021-01-24T23:59:59+01:00,185,214,618,934,672,1280,938,2021,999,1698,626,602,854,1386,655,2307,3,0,1,4,5,8,11,12,5,11,3,5,6,7,2,16,15728,99,261,0,0,0,0
2021-01-23T23:59:59+01:00,185,214,618,934,672,1280,938,2021,999,1698,626,602,854,1386,655,2307,3,0,1,4,5,8,9,12,5,11,3,5,6,7,2,16,15728,97,261,0,0,0,0
2021-01-22T23:59:59+01:00,138,196,560,924,654,1267,904,2011,988,1687,621,601,853,1386,655,2307,3,0,0,4,5,8,9,12,5,11,3,5,6,7,2,16,15491,96,261,0,0,0,0
2021-01-21T23:59:59+01:00,133,188,544,901,633,1227,871,1957,966,1639,611,580,841,1355,648,2288,3,0,0,4,4,8,9,12,5,11,3,5,6,7,2,15,15121,94,261,0,0,0,0
2021-01-20T23:59:59+01:00,128,172,497,836,610,1150,808,1847,930,1566,590,563,823,1332,638,2260,3,0,0,4,4,8,9,12,5,11,3,5,6,7,2,15,14491,94,259,0,0,0,0
2021-01-19T23:59:59+01:00,115,151,423,750,545,1019,723,1648,824,1401,542,508,721,1170,563,2006,3,0,0,4,4,8,9,12,5,11,3,5,6,7,2,15,12918,94,191,0,0,0,0
2021-01-18T23:59:59+01:00,97,119,354,597,454,847,593,1387,698,1195,475,442,637,1012,496,1735,1,0,0,1,0,0,0,0,0,0,0,0,0,1,0,0,11057,3,81,0,0,0,0
2021-01-17T23:59:59+01:00,93,117,350,592,453,842,591,1368,690,1186,470,433,611,983,480,1692,1,0,0,1,0,0,0,0,0,0,0,0,0,1,0,0,10870,3,81,0,0,0,0
2021-01-16T23:59:59+01:00,93,114,348,584,450,837,580,1355,679,1174,455,419,516,857,416,1595,0,0,0,1,0,0,0,0,0,0,0,0,0,0,0,0,10470,1,2,0,0,0,0
2021-01-15T23:59:59+01:00,92,112,343,582,444,832,574,1348,662,1158,439,401,508,845,408,1572,0,0,0,0,0,0,0,0,0,0,0,0,0,0,0,0,10320,0,0,0,0,0,0
2021-01-14T23:59:59+01:00,75,88,286,479,366,670,457,1098,543,976,362,323,402,694,337,1341,0,0,0,0,0,0,0,0,0,0,0,0,0,0,0,0,8497,0,0,0,0,0,0
2021-01-13T23:59:59+01:00,61,65,202,362,290,498,344,817,416,695,252,226,292,518,253,1029,0,0,0,0,0,0,0,0,0,0,0,0,0,0,0,0,6320,0,0,0,0,0,0
2021-01-12T23:59:59+01:00,40,42,121,214,177,308,205,524,276,429,158,143,186,337,174,697,0,0,0,0,0,0,0,0,0,0,0,0,0,0,0,0,4031,0,0,0,0,0,0
2021-01-11T23:59:59+01:00,11,14,41,57,41,89,59,119,91,127,65,58,82,104,51,230,0,0,0,0,0,0,0,0,0,0,0,0,0,0,0,0,1239,0,0,0,0,0,0
2021-01-10T23:59:59+01:00,11,14,29,47,34,71,50,110,78,117,57,54,76,94,48,216,0,0,0,0,0,0,0,0,0,0,0,0,0,0,0,0,1106,0,0,0,0,0,0
2021-01-09T23:59:59+01:00,11,13,26,46,34,71,49,109,76,114,56,53,75,93,46,215,0,0,0,0,0,0,0,0,0,0,0,0,0,0,0,0,1087,0,0,0,0,0,0
2021-01-08T23:59:59+01:00,7,6,26,42,32,68,46,107,75,113,53,49,70,88,42,215,0,0,0,0,0,0,0,0,0,0,0,0,0,0,0,0,1039,0,0,0,0,0,0
2021-01-07T23:59:59+01:00,5,1,9,20,15,35,28,77,33,77,32,27,47,75,29,168,0,0,0,0,0,0,0,0,0,0,0,0,0,0,0,0,678,0,0,0,0,0,0
2021-01-06T23:59:59+01:00,5,0,4,8,10,27,25,43,19,47,26,24,34,52,20,123,0,0,0,0,0,0,0,0,0,0,0,0,0,0,0,0,467,0,0,0,0,0,0
2021-01-05T23:59:59+01:00,5,0,4,8,10,27,25,43,19,47,26,24,34,51,20,123,0,0,0,0,0,0,0,0,0,0,0,0,0,0,0,0,466,0,0,0,0,0,0
2021-01-04T23:59:59+01:00,4,0,1,3,4,8,13,12,5,11,3,5,6,8,2,17,0,0,0,0,0,0,0,0,0,0,0,0,0,0,0,0,102,0,0,0,0,0,0
2021-01-03T23:59:59+01:00,3,0,1,3,4,8,12,12,5,11,3,5,6,8,2,16,0,0,0,0,0,0,0,0,0,0,0,0,0,0,0,0,99,0,0,0,0,0,0
2021-01-02T23:59:59+01:00,3,0,1,3,4,8,10,12,5,11,3,5,6,8,2,16,0,0,0,0,0,0,0,0,0,0,0,0,0,0,0,0,97,0,0,0,0,0,0
2021-01-01T23:59:59+01:00,3,0,0,3,4,8,10,12,5,11,3,5,6,7,2,16,0,0,0,0,0,0,0,0,0,0,0,0,0,0,0,0,95,0,0,0,0,0,0
2020-12-31T23:59:59+01:00,3,0,0,3,4,8,9,12,5,11,3,5,6,7,2,16,0,0,0,0,0,0,0,0,0,0,0,0,0,0,0,0,94,0,0,0,0,0,0
2020-12-30T23:59:59+01:00,3,0,0,3,4,8,9,12,5,11,3,5,6,7,2,16,0,0,0,0,0,0,0,0,0,0,0,0,0,0,0,0,94,0,0,0,0,0,0
2020-12-29T23:59:59+01:00,3,0,0,3,4,8,9,12,5,11,3,5,6,7,2,16,0,0,0,0,0,0,0,0,0,0,0,0,0,0,0,0,94,0,0,0,0,0,0
2020-12-28T23:59:59+01:00,3,0,0,3,4,8,9,12,5,11,3,5,6,7,2,16,0,0,0,0,0,0,0,0,0,0,0,0,0,0,0,0,94,0,0,0,0,0,0
2020-12-27T23:59:59+01:00,1,0,0,0,0,0,0,0,0,0,0,0,1,3,0,7,0,0,0,0,0,0,0,0,0,0,0,0,0,0,0,0,12,0,0,0,0,0,0
