Datum,<24_1_m,<24_1_w,25-34_1_m,25-34_1_w,35-44_1_m,35-44_1_w,45-54_1_m,45-54_1_w,55-64_1_m,55-64_1_w,65-74_1_m,65-74_1_w,75-84_1_m,75-84_1_w,>84_1_m,>84_1_w,<24_2_m,<24_2_w,25-34_2_m,25-34_2_w,35-44_2_m,35-44_2_w,45-54_2_m,45-54_2_w,55-64_2_m,55-64_2_w,65-74_2_m,65-74_2_w,75-84_2_m,75-84_2_w,>84_2_m,>84_2_w,bp_1,bp_2,mo_1,mo_2,az_1,az_2,ja
2021-06-03T23:59:59+02:00,8440,8652,15242,15399,19297,21008,31772,33032,35741,36860,25204,28447,17562,22271,4867,8430,4506,4691,7382,7716,8159,9838,10725,13164,13191,14859,13928,15925,13330,17146,4518,7796,214061,135729,36903,9638,76250,16497,5010
2021-06-02T23:59:59+02:00,8352,8561,14979,15132,19009,20758,31506,32776,35618,36727,25168,28412,17551,22258,4866,8430,4505,4688,7379,7710,8151,9834,10714,13157,13160,14824,13898,15878,13324,17133,4516,7796,212371,135624,36475,9545,76250,16491,5007
2021-06-01T23:59:59+02:00,8050,8291,14676,14855,18712,20459,31229,32474,35452,36541,25123,28344,17531,22235,4864,8419,4407,4607,7213,7550,7963,9658,10486,12899,12757,14404,13532,15484,13233,17019,4511,7788,209793,133643,36438,9300,76230,15774,4794
2021-05-31T23:59:59+02:00,7883,8092,14475,14640,18073,19914,30920,32165,35175,36302,25060,28277,17510,22192,4857,8409,4324,4510,7046,7349,7766,9408,10157,12562,12332,13920,13122,14997,13099,16855,4504,7782,208462,130948,34591,9001,76215,15108,4676
2021-05-30T23:59:59+02:00,7856,8075,14433,14608,18000,19859,30867,32127,35152,36282,25046,28264,17509,22187,4856,8407,4267,4419,6909,7149,7610,9181,9940,12244,12101,13605,13010,14844,13048,16790,4503,7776,208182,130236,34580,8901,76164,13657,4602
2021-05-29T23:59:59+02:00,7853,8074,14426,14602,17994,19855,30862,32124,35150,36280,25044,28260,17509,22187,4856,8407,4257,4402,6877,7116,7574,9129,9907,12188,12027,13514,12967,14779,13024,16771,4502,7771,208153,130094,34580,8901,76149,13209,4601
2021-05-28T23:59:59+02:00,7844,8060,14409,14583,17978,19835,30852,32113,35141,36264,25043,28255,17507,22185,4856,8407,4241,4370,6854,7077,7543,9075,9844,12069,11768,13253,12803,14588,12998,16748,4500,7768,208004,128809,34579,8900,76149,13190,4600
2021-05-27T23:59:59+02:00,7742,7956,14116,14368,17516,19492,30217,31610,34999,36148,25002,28222,17494,22175,4855,8401,4092,4184,6567,6827,7180,8771,9337,11485,11060,12347,12325,14098,12901,16601,4495,7760,206983,125399,33146,8574,76114,11987,4070
2021-05-26T23:59:59+02:00,7660,7829,13918,14160,17284,19195,29696,31109,34852,36003,24970,28180,17481,22155,4854,8396,3990,4024,6350,6547,6917,8364,8993,11013,10429,11564,11810,13545,12799,16436,4492,7742,205427,121922,32409,8393,76102,10896,3804
2021-05-25T23:59:59+02:00,7572,7722,13717,13948,16993,18961,29014,30498,34772,35913,24951,28160,17471,22140,4849,8395,3924,3921,6215,6377,6764,8171,8774,10721,10068,11190,11512,13108,12715,16321,4490,7734,204738,120177,30985,8257,75620,9838,3733
2021-05-24T23:59:59+02:00,7483,7614,13553,13743,16758,18683,28614,30074,34456,35542,24908,28100,17452,22121,4849,8393,3909,3890,6158,6298,6720,8087,8715,10631,9949,11041,11390,12937,12675,16246,4485,7724,204239,119580,28796,8224,75612,9355,3696
2021-05-23T23:59:59+02:00,7480,7613,13548,13734,16755,18673,28593,30063,34423,35501,24907,28093,17452,22117,4849,8393,3905,3886,6150,6288,6712,8080,8686,10598,9907,10976,11307,12837,12659,16224,4485,7724,204111,119575,28782,7811,75611,9348,3690
2021-05-22T23:59:59+02:00,7471,7608,13536,13719,16746,18668,28591,30062,34420,35495,24907,28092,17452,22117,4849,8393,3903,3885,6148,6286,6711,8075,8682,10597,9901,10973,11297,12824,12653,16220,4485,7724,204046,119534,28782,7811,75608,9329,3690
2021-05-21T23:59:59+02:00,7397,7535,13387,13614,16567,18518,28311,29885,34030,35243,24888,28064,17444,22109,4848,8391,3892,3873,6115,6265,6685,8043,8644,10549,9816,10890,10804,12126,12546,16099,4482,7720,203374,117824,28658,7808,74579,9297,3620
2021-05-20T23:59:59+02:00,7050,7294,12786,13207,15293,17561,26262,28218,33396,34748,24789,27922,17402,22040,4842,8379,3825,3810,6029,6150,6575,7890,8476,10394,9569,10559,10495,11704,12459,15959,4476,7709,198686,115895,26930,7739,72080,8952,3493
2021-05-19T23:59:59+02:00,6809,7014,12266,12745,14539,16854,25375,27405,32832,34236,24704,27841,17369,21996,4838,8370,3732,3720,5868,5985,6381,7644,8195,10105,9264,10179,10199,11319,12403,15834,4474,7702,193120,114012,26896,7544,72066,8337,3111
2021-05-18T23:59:59+02:00,6602,6876,11867,12426,13892,16344,24217,26434,32264,33711,24605,27731,17329,21953,4833,8362,3680,3685,5755,5877,6217,7480,7993,9892,9071,9950,10028,11058,12289,15666,4464,7695,188275,112928,26394,7475,72025,7645,2752
2021-05-17T23:59:59+02:00,6542,6825,11691,12315,13604,16110,23392,25770,31990,33458,24546,27682,17306,21925,4826,8356,3570,3588,5573,5709,6057,7283,7787,9667,8864,9726,9949,10953,12242,15608,4461,7693,186530,112244,25708,7470,71634,6550,2466
2021-05-16T23:59:59+02:00,6511,6802,11629,12261,13512,16021,22712,25168,31463,32998,24511,27646,17299,21910,4825,8356,3564,3560,5559,5649,6031,7219,7760,9576,8833,9643,9938,10940,12239,15606,4461,7693,185773,112137,24180,7464,71215,6214,2456
2021-05-15T23:59:59+02:00,6498,6793,11597,12250,13481,16011,22642,25098,30936,32626,24504,27644,17298,21907,4824,8355,3548,3543,5543,5605,6017,7144,7719,9452,8607,9406,9902,10898,12211,15569,4461,7692,185724,112136,24168,7330,70575,5854,1997
2021-05-14T23:59:59+02:00,6457,6762,11531,12212,13408,15938,22204,24769,30546,32318,24479,27603,17286,21893,4824,8353,3512,3499,5507,5510,5998,7010,7677,9232,8551,9240,9819,10772,12141,15468,4461,7691,185014,111973,23852,7004,69721,5115,1996
2021-05-13T23:59:59+02:00,6276,6577,11141,11909,12656,15346,19897,22912,29197,31000,24301,27421,17227,21834,4823,8350,3498,3465,5485,5467,5980,6953,7648,9164,8511,9183,9580,10502,11984,15223,4457,7683,181147,111627,20099,6224,67640,4951,1981
2021-05-12T23:59:59+02:00,6242,6548,11067,11847,12551,15250,19769,22785,28801,30598,24249,27369,17214,21809,4822,8345,3498,3461,5478,5461,5971,6938,7621,9144,8473,9131,9370,10240,11807,14969,4454,7678,180180,111354,19468,5414,67637,4945,1981
2021-05-11T23:59:59+02:00,6084,6433,10831,11594,12180,14874,19128,22120,27925,29693,24107,27223,17169,21742,4817,8330,3451,3409,5391,5305,5870,6754,7482,8903,8311,8920,9188,10036,11688,14807,4445,7664,176229,110338,18593,5308,67509,4059,1919
2021-05-10T23:59:59+02:00,5941,6337,10619,11392,11925,14624,18797,21762,27527,29321,24013,27134,17132,21700,4813,8327,3370,3344,5280,5195,5755,6645,7360,8766,8188,8820,9080,9903,11610,14695,4443,7657,174258,109813,17910,5297,67285,3090,1911
2021-05-09T23:59:59+02:00,5861,6274,10520,11285,11816,14503,18427,21442,27180,28988,23938,27054,17104,21674,4811,8324,3294,3311,5134,5153,5579,6605,7202,8735,8070,8788,9072,9891,11594,14680,4443,7657,173868,109738,16643,5288,66793,2285,1897
2021-05-08T23:59:59+02:00,5859,6272,10519,11283,11816,14503,18424,21440,27178,28986,23938,27054,17104,21674,4811,8324,3294,3310,5133,5153,5579,6605,7202,8735,8068,8788,9071,9890,11594,14680,4443,7657,173853,109735,16643,5288,66792,2282,1897
2021-05-07T23:59:59+02:00,5821,6245,10441,11222,11690,14382,17962,21118,26615,28476,23905,27017,17093,21643,4805,8300,3282,3302,5125,5147,5570,6593,7190,8723,8062,8782,9066,9880,11586,14659,4436,7636,173035,109721,16641,5287,65280,2252,1779
2021-05-06T23:59:59+02:00,5531,6051,9946,10865,11138,13878,16783,20035,24281,26189,23535,26645,17005,21557,4800,8290,3230,3257,5066,5069,5527,6505,7107,8600,7940,8648,8969,9776,11566,14619,4433,7634,168064,109205,14249,5233,62448,1740,1768
2021-05-05T23:59:59+02:00,5439,5953,9629,10638,10812,13535,16165,19388,23474,25261,23314,26360,16947,21471,4792,8276,3209,3217,5017,4977,5468,6378,7016,8433,7817,8447,8870,9638,11503,14551,4432,7626,164429,108283,12959,5227,62301,1324,1765
2021-05-04T23:59:59+02:00,5336,5848,9459,10436,10603,13285,15766,18963,22945,24716,23122,26120,16890,21413,4784,8267,3199,3174,4989,4907,5433,6257,6966,8293,7734,8298,8773,9534,11442,14507,4430,7624,162210,107825,11851,5219,62148,772,1744
2021-05-03T23:59:59+02:00,5247,5761,9271,10302,10430,13097,15459,18709,22554,24308,23003,25998,16866,21373,4784,8262,3114,3096,4901,4835,5366,6165,6865,8189,7548,8133,8705,9457,11405,14468,4427,7620,160713,107611,11850,5216,62056,662,805
2021-05-02T23:59:59+02:00,5230,5745,9188,10241,10298,12975,15093,18373,22304,24061,22957,25954,16853,21348,4783,8261,3104,3089,4833,4797,5272,6073,6721,8058,7452,8049,8660,9421,11386,14436,4425,7615,159834,107502,11847,5214,61953,645,30
2021-05-01T23:59:59+02:00,5230,5743,9185,10240,10297,12975,15090,18370,22302,24061,22956,25953,16853,21348,4783,8261,3104,3089,4833,4797,5272,6073,6721,8058,7452,8049,8660,9421,11386,14436,4425,7615,159817,107502,11847,5214,61953,645,30
2021-04-30T23:59:59+02:00,5150,5636,8927,10018,10045,12735,14564,17907,21490,23307,22889,25871,16837,21324,4781,8258,3101,3087,4825,4787,5263,6041,6710,8022,7421,8021,8659,9419,11386,14434,4423,7614,156265,107481,11847,5212,61626,519,1
2021-04-29T23:59:59+02:00,4973,5462,8412,9592,9362,12141,13469,16907,19709,21683,22279,25204,16738,21157,4776,8243,3073,3057,4786,4720,5219,5959,6649,7920,7345,7908,8548,9303,11327,14371,4417,7608,147196,107004,11833,4941,61077,264,1
2021-04-28T23:59:59+02:00,4934,5439,8335,9515,9286,12053,13350,16769,19501,21493,22202,25116,16716,21122,4774,8240,3068,3038,4759,4668,5191,5911,6620,7844,7295,7834,8534,9279,11314,14351,4416,7603,146818,106814,11745,4871,60281,39,1
2021-04-27T23:59:59+02:00,4879,5375,8198,9383,9180,11903,13186,16590,19058,20982,21999,24895,16667,21062,4771,8233,3065,3032,4757,4666,5184,5902,6606,7827,7262,7798,8463,9185,11252,14288,4412,7600,146101,106564,10683,4702,59576,32,1
2021-04-26T23:59:59+02:00,4827,5337,8090,9295,9042,11794,12982,16407,18663,20617,21880,24762,16646,21044,4771,8233,3065,3030,4753,4662,5179,5896,6593,7809,7235,7771,8413,9136,11207,14219,4409,7588,145339,106488,10548,4450,58503,27,0
2021-04-25T23:59:59+02:00,4812,5321,8051,9262,8976,11729,12828,16270,18319,20273,21704,24552,16613,21001,4767,8228,3065,3030,4752,4662,5176,5892,6590,7806,7231,7766,8358,9072,11185,14197,4409,7587,143974,106467,10538,4285,58194,26,0
2021-04-24T23:59:59+02:00,4805,5313,8035,9257,8962,11720,12775,16237,18264,20235,21691,24543,16611,20996,4767,8228,3064,3030,4752,4662,5176,5892,6590,7806,7231,7766,8358,9072,11185,14197,4409,7587,143879,106467,10538,4285,58022,25,0
2021-04-23T23:59:59+02:00,4785,5275,7977,9189,8870,11618,12383,15870,17870,19849,21504,24350,16554,20927,4766,8221,3062,3028,4748,4660,5167,5884,6578,7795,7206,7733,8339,9048,11179,14190,4407,7584,142629,106457,10193,4127,57186,24,0
2021-04-22T23:59:59+02:00,4725,5194,7851,8992,8663,11348,12044,15425,16912,18797,21003,23754,16455,20782,4758,8209,3052,3020,4743,4641,5142,5859,6534,7757,7142,7690,8206,8891,11057,14054,4404,7578,138928,105853,10075,3899,55909,18,0
2021-04-21T23:59:59+02:00,4677,5143,7745,8867,8500,11192,11722,15120,16138,17961,20708,23422,16407,20693,4753,8199,3040,3007,4728,4626,5123,5838,6524,7742,7118,7670,8154,8828,11026,14019,4402,7577,136047,105581,9946,3824,55254,17,0
2021-04-20T23:59:59+02:00,4652,5114,7708,8812,8415,11108,11551,14940,15655,17437,20297,22941,16329,20574,4746,8188,3034,2997,4721,4613,5095,5818,6498,7722,7076,7631,8047,8685,10971,13949,4398,7574,133909,105023,9683,3789,54875,17,0
2021-04-19T23:59:59+02:00,4619,5049,7648,8713,8314,10963,11391,14755,15371,17121,19836,22380,16191,20397,4735,8180,3029,2996,4716,4606,5083,5804,6481,7706,7051,7586,7987,8622,10953,13916,4396,7571,131847,104699,9328,3787,54488,17,0
2021-04-18T23:59:59+02:00,4598,5019,7586,8656,8199,10826,11093,14495,14889,16557,19430,21907,16093,20240,4733,8176,3029,2996,4716,4606,5083,5804,6480,7703,7048,7584,7985,8618,10950,13913,4396,7568,129444,104677,9259,3785,53794,17,0
2021-04-17T23:59:59+02:00,4593,5011,7567,8649,8189,10807,11049,14446,14776,16458,19314,21797,16075,20217,4732,8175,3029,2996,4714,4604,5078,5800,6464,7695,7025,7561,7937,8572,10934,13893,4395,7568,129009,104670,9252,3578,53594,17,0
2021-04-16T23:59:59+02:00,4577,4956,7491,8524,8092,10644,10813,14165,14080,15667,18801,21201,15975,20086,4726,8167,3026,2993,4708,4599,5075,5788,6444,7685,6975,7508,7641,8198,10855,13774,4388,7555,126172,103905,9203,3290,52590,17,0
2021-04-15T23:59:59+02:00,4526,4891,7372,8389,7918,10392,10466,13735,13282,14764,18046,20396,15791,19819,4712,8154,3025,2985,4698,4582,5062,5757,6412,7649,6891,7421,7085,7561,10785,13682,4384,7545,122529,102352,9048,3157,51076,15,0
2021-04-14T23:59:59+02:00,4496,4851,7306,8279,7813,10247,10276,13524,12842,14284,17542,19804,15672,19662,4708,8141,2987,2964,4681,4547,5036,5716,6376,7613,6836,7361,6357,6683,10649,13543,4380,7538,121157,100099,8814,3157,49476,11,0
2021-04-13T23:59:59+02:00,4492,4843,7262,8262,7759,10213,10161,13466,12416,13942,16868,18957,15501,19439,4704,8135,2963,2934,4663,4523,5007,5678,6318,7543,6742,7260,6141,6416,10190,12983,4373,7524,120485,98097,8596,3150,47339,11,0
2021-04-12T23:59:59+02:00,4475,4825,7211,8211,7704,10139,10043,13361,12137,13679,16437,18450,15358,19278,4699,8132,2932,2919,4588,4480,4906,5607,6207,7471,6598,7139,5356,5554,9810,12517,4346,7487,120151,94764,8561,3142,45427,11,0
2021-04-11T23:59:59+02:00,4458,4816,7167,8159,7649,10093,9944,13273,11878,13443,15842,17738,15152,19017,4695,8124,2847,2827,4450,4356,4766,5482,6032,7303,6457,7038,5036,5185,9712,12389,4346,7483,119576,92603,8134,3096,43738,10,0
2021-04-10T23:59:59+02:00,4436,4791,7129,8112,7601,10041,9879,13214,11790,13344,15622,17550,15116,18964,4694,8119,2204,2191,3621,3655,3903,4691,4989,6364,5685,6325,4779,4891,9609,12257,4340,7475,119115,83873,8134,3096,43153,10,0
2021-04-09T23:59:59+02:00,4413,4770,7089,8083,7532,9979,9715,13078,11383,12967,14460,16023,14769,18553,4685,8112,1233,1266,2251,2432,2376,3311,3136,4686,4236,4974,4129,4189,9397,11963,4321,7451,117246,68247,8132,3094,40233,10,0
2021-04-08T23:59:59+02:00,4384,4751,7026,8030,7435,9875,9508,12948,10920,12553,13334,14768,14451,18123,4668,8086,649,719,1330,1710,1458,2362,2020,3575,2848,3561,2933,2848,8662,11065,4219,7283,116022,54141,8053,3091,36785,10,0
2021-04-07T23:59:59+02:00,4332,4719,6944,7976,7344,9810,9369,12797,10583,12217,12614,14014,14289,17911,4663,8068,396,470,959,1362,1045,1976,1501,3106,1827,2453,1791,1584,7834,10002,4108,7096,115064,44411,7902,3091,34684,8,0
2021-04-06T23:59:59+02:00,4317,4704,6920,7939,7288,9736,9267,12715,10350,11974,12221,13501,14117,17681,4653,8057,388,454,952,1354,1029,1953,1475,3076,1766,2396,1712,1509,7395,9420,4007,6926,113792,42715,7804,3090,33844,7,0
2021-04-05T23:59:59+02:00,4311,4702,6909,7928,7277,9725,9244,12686,10286,11908,12100,13352,14036,17603,4651,8056,386,449,940,1350,1024,1944,1463,3056,1744,2359,1657,1455,7145,9087,3926,6793,113462,41682,7783,3089,33529,7,0
2021-04-04T23:59:59+02:00,4311,4702,6906,7921,7276,9724,9243,12686,10275,11903,12097,13349,14034,17603,4651,8056,386,448,940,1350,1023,1942,1462,3054,1743,2355,1654,1451,7137,9073,3922,6791,113457,41636,7783,3088,33497,7,0
2021-04-03T23:59:59+02:00,4311,4702,6906,7920,7276,9724,9243,12686,10275,11903,12097,13348,14032,17601,4651,8056,386,447,937,1346,1022,1941,1461,3049,1741,2353,1647,1438,7091,8988,3892,6764,113453,41408,7783,3088,33495,7,0
2021-04-02T23:59:59+02:00,4308,4700,6905,7917,7269,9717,9234,12679,10254,11882,11969,13229,13995,17554,4647,8049,384,444,935,1339,1015,1930,1445,3022,1698,2312,1536,1343,6268,8006,3539,6298,113331,38738,7779,2769,33198,7,0
2021-04-01T23:59:59+02:00,4266,4687,6866,7898,7232,9687,9183,12638,10181,11801,11578,12750,13686,17143,4643,8039,379,439,917,1322,1005,1913,1409,2970,1632,2247,1416,1247,5244,6779,3097,5614,112943,34859,6400,2764,32935,7,0
2021-03-31T23:59:59+02:00,4258,4681,6852,7880,7216,9668,9145,12602,10085,11728,11211,12283,13411,16740,4637,8023,376,436,907,1314,998,1898,1386,2943,1582,2208,1337,1182,4631,6041,2805,5245,112374,32591,5442,2691,32604,7,0
2021-03-30T23:59:59+02:00,4235,4653,6815,7842,7163,9603,9047,12488,9920,11573,10935,11971,13224,16522,4630,8011,371,430,902,1303,987,1892,1365,2935,1555,2185,1311,1156,4501,5910,2758,5162,111553,32220,5195,2496,31884,7,0
2021-03-29T23:59:59+02:00,4225,4630,6787,7817,7120,9547,8948,12387,9708,11354,10471,11449,12922,16137,4616,7984,366,425,898,1294,981,1884,1354,2924,1537,2176,1288,1140,4358,5740,2673,5060,109889,31602,4887,2490,31326,6,0
2021-03-28T23:59:59+02:00,4172,4563,6675,7661,7006,9407,8820,12189,9554,11169,10250,11166,12770,15990,4613,7976,366,425,898,1294,979,1883,1353,2924,1536,2174,1281,1138,4324,5696,2651,5040,109517,31568,4623,2389,29841,5,0
2021-03-27T23:59:59+01:00,4170,4545,6664,7599,6976,9281,8769,12016,9502,11032,10123,11036,12696,15917,4613,7976,366,425,898,1294,979,1881,1352,2922,1533,2173,1278,1135,4297,5661,2640,5026,109510,31467,4623,2388,28782,5,0
2021-03-26T23:59:59+01:00,4165,4535,6633,7562,6945,9202,8719,11898,9412,10911,10072,10978,12662,15866,4606,7960,362,423,896,1291,975,1868,1346,2899,1515,2165,1250,1116,4110,5424,2546,4893,109454,30726,4403,2348,28269,5,0
2021-03-25T23:59:59+01:00,4139,4493,6541,7432,6844,9032,8519,11663,9106,10593,9678,10568,12403,15608,4602,7952,362,421,894,1284,971,1857,1332,2880,1490,2149,1221,1098,3861,5154,2356,4625,109081,29602,4194,2348,25898,5,0
2021-03-24T23:59:59+01:00,4073,4419,6457,7254,6721,8800,8346,11415,8866,10278,9232,10041,12056,15222,4593,7945,362,420,893,1282,965,1855,1326,2871,1473,2136,1214,1088,3786,5077,2189,4413,108575,29000,4061,2347,23082,3,0
2021-03-23T23:59:59+01:00,4054,4383,6409,7201,6639,8730,8227,11282,8602,10041,8782,9510,11664,14793,4585,7933,362,419,891,1271,960,1848,1321,2861,1470,2124,1188,1070,3691,4987,2033,4165,107772,28311,3967,2347,21096,3,0
2021-03-22T23:59:59+01:00,4040,4363,6373,7168,6605,8685,8154,11203,8447,9881,8470,9143,11404,14513,4559,7898,359,413,886,1259,952,1843,1312,2853,1462,2113,1176,1061,3659,4947,2019,4138,107104,28103,3965,2346,19837,3,0
2021-03-21T23:59:59+01:00,4038,4359,6368,7157,6589,8670,8131,11183,8382,9820,8359,9013,11339,14431,4557,7895,357,412,877,1255,943,1838,1305,2851,1458,2108,1172,1059,3650,4931,2005,4130,107018,28002,3964,2346,19309,3,0
2021-03-20T23:59:59+01:00,4030,4312,6358,7084,6575,8527,8104,10990,8337,9708,8278,8926,11308,14396,4557,7895,357,412,877,1255,943,1838,1304,2851,1458,2106,1172,1059,3650,4929,2005,4130,106987,27998,3751,2345,18647,3,0
2021-03-19T23:59:59+01:00,4017,4277,6331,7001,6549,8433,8054,10876,8201,9522,7742,8331,11155,14192,4549,7882,354,411,871,1247,927,1827,1279,2821,1404,2059,1084,983,2927,4059,1664,3658,105394,25227,3451,2345,18267,3,0
2021-03-18T23:59:59+01:00,4005,4257,6288,6960,6517,8366,7984,10790,8057,9361,6764,7214,10957,13979,4538,7864,353,411,867,1243,920,1819,1262,2811,1379,2038,1042,966,2703,3781,1533,3480,102430,24260,3293,2345,18178,3,0
2021-03-17T23:59:59+01:00,3962,4215,6220,6874,6458,8262,7888,10661,7931,9202,5977,6236,10806,13825,4522,7843,352,411,860,1237,917,1806,1248,2792,1354,2015,1013,942,2568,3644,1474,3388,99680,23673,3292,2345,17910,3,0
2021-03-16T23:59:59+01:00,3942,4179,6182,6820,6410,8195,7829,10589,7843,9109,5792,6028,10207,13141,4488,7791,344,401,847,1221,905,1797,1242,2775,1340,2007,999,920,2339,3375,1361,3224,97616,22751,3282,2343,17647,3,0
2021-03-15T23:59:59+01:00,3904,4147,6077,6741,6284,8096,7687,10471,7687,8967,5007,5150,9832,12656,4452,7735,343,400,844,1217,904,1789,1239,2763,1332,1998,983,906,2184,3189,1288,3148,94117,22183,3275,2342,17501,2,0
2021-03-14T23:59:59+01:00,3755,3962,5798,6408,6022,7752,7360,10024,7417,8680,4662,4754,9706,12492,4449,7724,343,400,844,1217,903,1789,1237,2762,1330,1995,982,904,2181,3185,1285,3148,91738,22164,3222,2339,16005,2,0
2021-03-13T23:59:59+01:00,3009,3220,4839,5549,5011,6801,6119,8871,6504,7820,4362,4389,9333,11984,4384,7642,343,400,843,1215,903,1784,1236,2760,1329,1995,982,903,2149,3144,1263,3118,81057,22026,3222,2339,15558,2,0
2021-03-12T23:59:59+01:00,2067,2302,3480,4370,3497,5456,4303,7181,5031,6433,3699,3703,8041,10368,3990,7105,339,396,839,1211,899,1778,1229,2741,1302,1977,935,877,1748,2627,1048,2822,62276,20427,3220,2339,15530,2,0
2021-03-11T23:59:59+01:00,1484,1760,2570,3614,2581,4509,3192,6060,3655,5021,2587,2482,6259,8145,3397,6159,334,388,823,1202,886,1754,1210,2711,1278,1936,897,853,1573,2371,946,2661,45023,19482,3218,2339,15234,2,0
2021-03-10T23:59:59+01:00,1235,1515,2197,3242,2197,4117,2726,5631,2674,3947,1493,1297,4900,6400,2956,5554,324,379,808,1185,866,1713,1178,2652,1245,1880,872,834,1383,2151,862,2519,34025,18584,3218,2265,14838,2,0
2021-03-09T23:59:59+01:00,1213,1471,2130,3105,2132,4003,2641,5488,2593,3836,1461,1270,4822,6321,2922,5505,317,370,797,1165,845,1682,1154,2614,1229,1855,857,819,1290,2020,809,2417,33619,18017,3215,2221,14079,2,0
2021-03-08T23:59:59+01:00,1185,1435,2077,3006,2087,3917,2581,5374,2540,3777,1421,1248,4668,6135,2834,5393,317,365,793,1159,842,1673,1147,2606,1218,1836,838,794,1101,1775,707,2278,32927,17230,3215,2218,13536,1,0
2021-03-07T23:59:59+01:00,1178,1415,2036,2962,2046,3874,2542,5305,2503,3750,1415,1245,4662,6127,2831,5393,317,365,793,1159,842,1673,1147,2606,1217,1836,834,794,1093,1764,699,2268,32897,17230,3210,2177,13177,0,0
2021-03-06T23:59:59+01:00,1176,1411,2028,2947,2033,3855,2527,5275,2484,3732,1401,1231,4629,6087,2820,5382,317,365,793,1159,842,1673,1147,2606,1217,1836,834,794,1093,1764,699,2267,32755,17230,3210,2176,13053,0,0
2021-03-05T23:59:59+01:00,1170,1407,2010,2927,2003,3827,2484,5221,2433,3703,1360,1200,4348,5738,2691,5191,315,362,785,1153,838,1666,1144,2598,1214,1828,822,790,1086,1755,698,2265,32017,17143,2880,2176,12816,0,0
2021-03-04T23:59:59+01:00,1067,1240,1924,2808,1935,3688,2408,5054,2345,3567,1329,1178,4087,5447,2486,4909,315,360,783,1148,836,1660,1143,2589,1209,1824,804,783,1076,1744,691,2254,30833,17066,2876,2153,11763,0,0
2021-03-03T23:59:59+01:00,1011,1123,1863,2712,1869,3587,2338,4940,2274,3492,1319,1163,3963,5334,2280,4647,314,355,782,1141,833,1638,1137,2547,1195,1804,791,779,1067,1722,684,2246,30164,17034,2761,2001,10990,0,0
2021-03-02T23:59:59+01:00,958,1035,1771,2588,1779,3466,2252,4816,2211,3421,1291,1144,3821,5183,2118,4369,314,353,781,1135,830,1636,1133,2542,1190,1794,789,776,1052,1699,675,2230,29520,16929,2572,2000,10131,0,0
2021-03-01T23:59:59+01:00,924,971,1675,2453,1707,3323,2150,4646,2142,3313,1272,1134,3766,5112,2080,4316,313,352,778,1132,829,1622,1128,2530,1185,1787,784,773,1044,1687,670,2225,29269,16839,2488,2000,9227,0,0
2021-02-28T23:59:59+01:00,915,942,1657,2389,1678,3244,2130,4554,2128,3247,1267,1130,3756,5097,2066,4307,313,352,778,1131,829,1621,1128,2530,1184,1786,782,771,1035,1672,667,2217,29163,16829,2486,1967,8858,0,0
2021-02-27T23:59:59+01:00,897,920,1636,2324,1663,3132,2107,4418,2109,3171,1265,1129,3756,5095,2065,4306,313,352,778,1131,829,1620,1128,2530,1184,1785,782,771,1035,1672,667,2217,29158,16827,2485,1967,8350,0,0
2021-02-26T23:59:59+01:00,749,831,1545,2205,1610,2977,2043,4161,2005,2956,1172,1055,3043,4218,1709,3821,313,352,776,1130,829,1619,1128,2526,1182,1784,779,766,1015,1655,660,2205,26360,16753,2485,1966,7255,0,0
2021-02-25T23:59:59+01:00,576,743,1444,2098,1543,2852,1976,4028,1911,2846,1121,1029,2792,3903,1571,3626,295,334,747,1105,787,1549,1080,2422,1112,1703,729,749,984,1612,649,2183,25289,16662,2456,1378,6314,0,0
2021-02-24T23:59:59+01:00,539,704,1370,1986,1480,2698,1897,3877,1838,2713,1087,998,2636,3753,1513,3526,264,314,721,1064,765,1486,1047,2361,1062,1659,699,725,944,1579,637,2158,24641,16475,2445,1010,5529,0,0
2021-02-23T23:59:59+01:00,479,654,1287,1842,1412,2544,1814,3671,1776,2602,1063,968,2413,3493,1409,3372,258,305,707,1040,753,1450,1023,2316,1040,1619,690,715,933,1565,636,2154,23721,16390,2435,814,4643,0,0
2021-02-22T23:59:59+01:00,464,615,1183,1731,1306,2452,1714,3560,1694,2541,1044,953,2259,3306,1336,3294,247,290,679,988,725,1383,996,2223,997,1544,653,687,862,1484,605,2104,23144,16204,2431,263,3877,0,0
2021-02-21T23:59:59+01:00,440,596,1074,1701,1155,2428,1561,3538,1601,2525,1040,951,2258,3305,1336,3294,216,283,652,981,714,1374,982,2218,994,1542,650,685,857,1480,599,2097,23115,16074,2431,250,3257,0,0
2021-02-20T23:59:59+01:00,440,595,1073,1701,1154,2428,1560,3537,1601,2523,1040,950,2257,3305,1335,3293,215,281,649,981,711,1373,975,2215,993,1542,650,685,857,1480,599,2097,23109,16053,2430,250,3253,0,0
2021-02-19T23:59:59+01:00,433,585,1064,1698,1143,2418,1548,3520,1570,2505,988,921,1830,2740,1092,2968,192,271,623,977,694,1364,961,2213,987,1541,647,684,855,1480,598,2095,21363,15932,2430,250,3230,0,0
2021-02-18T23:59:59+01:00,412,561,1019,1613,1108,2332,1498,3397,1532,2428,957,896,1630,2469,989,2790,171,259,584,966,669,1353,927,2195,968,1522,636,667,834,1448,590,2084,20377,15623,2430,250,2824,0,0
2021-02-17T23:59:59+01:00,381,495,934,1473,995,2110,1363,3154,1426,2223,924,872,1430,2224,901,2645,164,252,568,931,648,1298,889,2120,922,1448,603,637,828,1425,586,2065,19300,15134,2430,250,1820,0,0
2021-02-16T23:59:59+01:00,373,446,890,1332,942,1915,1295,2935,1365,2075,916,858,1355,2117,848,2558,155,236,556,888,629,1245,865,2056,891,1411,593,624,808,1394,573,2006,18926,14816,2429,114,865,0,0
2021-02-15T23:59:59+01:00,354,402,865,1301,922,1855,1250,2851,1331,2020,891,828,1155,1863,740,2407,146,226,534,858,610,1183,842,1981,867,1336,573,589,790,1355,565,1969,18010,14350,2428,74,597,0,0
2021-02-14T23:59:59+01:00,353,402,864,1301,921,1855,1247,2851,1331,2020,891,828,1155,1863,740,2407,146,225,533,852,605,1178,838,1977,864,1333,571,589,789,1354,565,1966,18008,14311,2428,74,593,0,0
2021-02-13T23:59:59+01:00,353,402,864,1300,921,1852,1247,2849,1331,2018,891,828,1155,1863,740,2407,146,225,533,852,605,1178,836,1973,862,1331,568,589,775,1333,553,1950,18000,14309,2428,0,593,0,0
2021-02-12T23:59:59+01:00,348,401,859,1292,917,1825,1241,2816,1304,1996,891,827,1154,1860,740,2407,146,224,531,849,603,1170,829,1963,858,1317,565,587,761,1321,547,1939,17992,14210,2428,0,458,0,0
2021-02-11T23:59:59+01:00,327,391,845,1257,911,1784,1223,2751,1283,1947,859,813,1144,1849,739,2397,142,205,515,806,580,1105,794,1857,833,1270,555,573,736,1282,534,1913,17880,13700,2427,0,213,0,0
2021-02-10T23:59:59+01:00,324,379,828,1225,900,1755,1214,2709,1273,1917,855,812,1128,1829,734,2381,136,190,453,731,545,1018,726,1742,795,1213,539,558,727,1260,524,1894,17851,13051,2354,0,58,0,0
2021-02-09T23:59:59+01:00,324,376,822,1211,890,1738,1199,2691,1259,1894,842,807,1113,1812,726,2365,117,166,399,644,500,878,646,1552,714,1048,479,468,613,1090,458,1667,17757,11439,2309,0,3,0,0
2021-02-08T23:59:59+01:00,323,375,820,1206,890,1733,1197,2686,1252,1886,837,804,1092,1785,713,2347,103,141,357,559,448,778,555,1328,609,914,403,386,536,891,364,1373,17639,9745,2306,0,1,0,0
2021-02-07T23:59:59+01:00,322,374,818,1205,889,1733,1197,2684,1252,1884,831,802,1090,1781,712,2346,101,140,355,554,446,774,552,1318,605,911,399,383,514,867,360,1359,17614,9638,2306,0,0,0,0
2021-02-06T23:59:59+01:00,322,373,818,1205,889,1732,1197,2684,1252,1883,830,799,1087,1777,712,2344,101,139,355,551,445,772,551,1315,602,910,396,379,463,793,332,1321,17599,9425,2305,0,0,0,0
2021-02-05T23:59:59+01:00,322,373,817,1203,889,1732,1196,2682,1251,1881,822,793,1063,1764,707,2331,93,135,348,544,429,753,527,1278,572,876,374,353,442,767,318,1286,17521,9095,2305,0,0,0,0
2021-02-04T23:59:59+01:00,319,365,812,1181,879,1709,1180,2654,1237,1860,799,777,1036,1734,701,2318,75,104,271,420,331,596,416,1040,464,703,299,287,336,609,258,1080,17279,7289,2282,0,0,0,0
2021-02-03T23:59:59+01:00,318,355,809,1164,877,1677,1173,2603,1219,1837,785,764,1017,1710,694,2305,59,72,183,293,256,447,298,757,342,506,200,204,237,449,183,807,17184,5293,2123,0,0,0,0
2021-02-02T23:59:59+01:00,316,350,805,1155,873,1654,1160,2579,1210,1821,781,758,1007,1698,693,2296,38,43,100,150,151,250,186,485,214,316,131,125,157,268,131,530,17034,3275,2122,0,0,0,0
2021-02-01T23:59:59+01:00,315,345,796,1140,868,1632,1155,2551,1207,1793,772,745,1002,1689,688,2283,13,13,16,27,28,64,48,95,62,89,46,43,55,80,41,177,16859,897,2122,0,0,0,0
2021-01-31T23:59:59+01:00,308,343,781,1138,860,1621,1143,2539,1197,1785,767,739,992,1670,681,2272,12,13,14,26,26,61,41,89,58,82,42,43,51,72,38,166,16824,834,2012,0,0,0,0
2021-01-30T23:59:59+01:00,308,343,781,1138,859,1621,1143,2539,1197,1785,766,739,992,1669,681,2272,12,11,14,26,26,61,40,89,57,80,42,42,50,72,38,165,16821,825,2012,0,0,0,0
2021-01-29T23:59:59+01:00,308,343,781,1138,859,1621,1143,2539,1197,1784,765,737,991,1668,681,2270,11,6,13,26,26,59,38,88,56,80,41,41,50,72,38,165,16814,810,2011,0,0,0,0
2021-01-28T23:59:59+01:00,304,336,765,1113,824,1564,1104,2476,1125,1734,724,726,962,1641,671,2254,4,0,3,9,11,21,17,42,19,39,20,21,23,47,16,99,16637,391,1686,0,0,0,0
2021-01-27T23:59:59+01:00,298,329,736,1075,778,1505,1043,2398,1056,1658,692,698,951,1623,669,2247,3,0,3,6,8,17,12,27,13,28,5,7,10,10,5,26,16192,180,1564,0,0,0,0
2021-01-26T23:59:59+01:00,272,315,721,1051,768,1457,1021,2319,1032,1598,679,687,930,1605,659,2230,3,0,1,6,6,7,11,11,5,12,3,3,6,7,2,16,16141,99,1203,0,0,0,0
2021-01-25T23:59:59+01:00,238,295,664,969,714,1338,979,2166,972,1476,635,634,851,1501,622,2168,3,0,1,6,6,7,11,11,5,12,3,3,6,7,2,16,15917,99,305,0,0,0,0
2021-01-24T23:59:59+01:00,219,284,639,962,697,1323,959,2150,960,1466,627,628,842,1481,613,2156,3,0,1,6,5,7,11,11,4,12,3,3,6,7,2,16,15745,97,261,0,0,0,0
2021-01-23T23:59:59+01:00,219,284,639,962,697,1323,959,2150,960,1466,627,628,842,1481,613,2156,3,0,1,6,5,7,10,11,4,12,3,3,6,7,2,16,15745,96,261,0,0,0,0
2021-01-22T23:59:59+01:00,167,265,586,953,676,1309,929,2138,949,1458,622,627,842,1481,613,2156,3,0,0,6,5,7,10,11,4,12,3,3,6,7,2,16,15510,95,261,0,0,0,0
2021-01-21T23:59:59+01:00,161,254,571,929,654,1269,891,2080,930,1416,615,606,828,1448,608,2141,3,0,0,6,4,7,10,11,4,12,3,3,6,7,2,15,15140,93,261,0,0,0,0
2021-01-20T23:59:59+01:00,152,233,527,861,630,1190,825,1967,897,1353,594,589,811,1425,600,2114,3,0,0,6,4,7,10,11,4,12,3,3,6,7,2,15,14509,93,259,0,0,0,0
2021-01-19T23:59:59+01:00,135,205,448,774,564,1043,739,1771,799,1209,540,525,711,1250,530,1880,3,0,0,6,4,7,10,11,4,12,3,3,6,7,2,15,12931,93,192,0,0,0,0
2021-01-18T23:59:59+01:00,113,166,378,620,470,868,607,1487,676,1035,474,459,634,1077,465,1629,1,0,0,0,0,0,0,0,0,0,0,0,0,1,0,0,11076,2,82,0,0,0,0
2021-01-17T23:59:59+01:00,109,164,374,615,469,861,604,1469,667,1027,471,452,605,1046,451,1585,1,0,0,0,0,0,0,0,0,0,0,0,0,1,0,0,10887,2,82,0,0,0,0
2021-01-16T23:59:59+01:00,109,161,372,607,466,853,593,1455,654,1019,456,438,506,908,391,1500,0,0,0,0,0,0,0,0,0,0,0,0,0,0,0,0,10486,0,2,0,0,0,0
2021-01-15T23:59:59+01:00,107,159,368,605,460,847,587,1446,635,1004,442,422,496,893,384,1479,0,0,0,0,0,0,0,0,0,0,0,0,0,0,0,0,10334,0,0,0,0,0,0
2021-01-14T23:59:59+01:00,83,125,306,498,380,686,472,1185,527,843,359,340,395,734,317,1271,0,0,0,0,0,0,0,0,0,0,0,0,0,0,0,0,8521,0,0,0,0,0,0
2021-01-13T23:59:59+01:00,66,93,219,372,301,517,363,865,397,610,246,239,288,549,237,972,0,0,0,0,0,0,0,0,0,0,0,0,0,0,0,0,6334,0,0,0,0,0,0
2021-01-12T23:59:59+01:00,44,59,132,222,183,310,225,561,252,378,154,146,184,359,164,662,0,0,0,0,0,0,0,0,0,0,0,0,0,0,0,0,4035,0,0,0,0,0,0
2021-01-11T23:59:59+01:00,14,18,45,58,43,91,69,130,77,112,64,56,81,114,48,220,0,0,0,0,0,0,0,0,0,0,0,0,0,0,0,0,1240,0,0,0,0,0,0
2021-01-10T23:59:59+01:00,14,17,33,47,35,73,56,122,70,102,55,52,76,102,45,209,0,0,0,0,0,0,0,0,0,0,0,0,0,0,0,0,1108,0,0,0,0,0,0
2021-01-09T23:59:59+01:00,14,16,30,46,35,73,53,121,69,99,55,51,75,101,43,208,0,0,0,0,0,0,0,0,0,0,0,0,0,0,0,0,1089,0,0,0,0,0,0
2021-01-08T23:59:59+01:00,10,9,30,42,33,69,50,120,68,98,52,46,69,97,40,208,0,0,0,0,0,0,0,0,0,0,0,0,0,0,0,0,1041,0,0,0,0,0,0
2021-01-07T23:59:59+01:00,5,2,10,23,18,35,27,89,32,63,32,27,47,81,27,163,0,0,0,0,0,0,0,0,0,0,0,0,0,0,0,0,681,0,0,0,0,0,0
2021-01-06T23:59:59+01:00,5,0,4,11,13,28,23,50,19,39,26,24,33,56,20,119,0,0,0,0,0,0,0,0,0,0,0,0,0,0,0,0,470,0,0,0,0,0,0
2021-01-05T23:59:59+01:00,5,0,4,11,13,28,23,50,19,39,26,24,33,55,20,119,0,0,0,0,0,0,0,0,0,0,0,0,0,0,0,0,469,0,0,0,0,0,0
2021-01-04T23:59:59+01:00,4,0,1,6,4,7,13,11,4,12,3,3,6,8,2,17,0,0,0,0,0,0,0,0,0,0,0,0,0,0,0,0,101,0,0,0,0,0,0
2021-01-03T23:59:59+01:00,3,0,1,6,4,7,12,11,4,12,3,3,6,8,2,16,0,0,0,0,0,0,0,0,0,0,0,0,0,0,0,0,98,0,0,0,0,0,0
2021-01-02T23:59:59+01:00,3,0,1,6,4,7,11,11,4,12,3,3,6,8,2,16,0,0,0,0,0,0,0,0,0,0,0,0,0,0,0,0,97,0,0,0,0,0,0
2021-01-01T23:59:59+01:00,3,0,0,6,4,7,11,11,4,12,3,3,6,7,2,16,0,0,0,0,0,0,0,0,0,0,0,0,0,0,0,0,95,0,0,0,0,0,0
2020-12-31T23:59:59+01:00,3,0,0,6,4,7,10,11,4,12,3,3,6,7,2,16,0,0,0,0,0,0,0,0,0,0,0,0,0,0,0,0,94,0,0,0,0,0,0
2020-12-30T23:59:59+01:00,3,0,0,6,4,7,10,11,4,12,3,3,6,7,2,16,0,0,0,0,0,0,0,0,0,0,0,0,0,0,0,0,94,0,0,0,0,0,0
2020-12-29T23:59:59+01:00,3,0,0,6,4,7,10,11,4,12,3,3,6,7,2,16,0,0,0,0,0,0,0,0,0,0,0,0,0,0,0,0,94,0,0,0,0,0,0
2020-12-28T23:59:59+01:00,3,0,0,6,4,7,10,11,4,12,3,3,6,7,2,16,0,0,0,0,0,0,0,0,0,0,0,0,0,0,0,0,94,0,0,0,0,0,0
2020-12-27T23:59:59+01:00,1,0,0,0,0,0,0,0,0,0,0,0,1,3,0,7,0,0,0,0,0,0,0,0,0,0,0,0,0,0,0,0,12,0,0,0,0,0,0
