Datum,<15_m,<15_w,15-24_1_m,15-24_1_w,25-34_1_m,25-34_1_w,35-44_1_m,35-44_1_w,45-54_1_m,45-54_1_w,55-64_1_m,55-64_1_w,65-74_1_m,65-74_1_w,75-84_1_m,75-84_1_w,>84_1_m,>84_1_w,<24_2_m,<24_2_w,25-34_2_m,25-34_2_w,35-44_2_m,35-44_2_w,45-54_2_m,45-54_2_w,55-64_2_m,55-64_2_w,65-74_2_m,65-74_2_w,75-84_2_m,75-84_2_w,>84_2_m,>84_2_w,bp_1,bp_2,mo_1,mo_2,az_1,az_2,ja,unb_1,unb_2
2021-10-09T23:59:59+02:00,3928,3611,25570,24575,34757,32097,34596,34559,40023,40344,43450,43540,28367,31596,20200,25313,6312,10662,22936,21942,32225,29376,32622,32237,37872,37909,41338,41437,27320,30399,19466,24308,6035,10077,339316,316898,45546,43769,77555,71235,21029,60,34
2021-10-08T23:59:59+02:00,3900,3588,25511,24521,34702,32044,34565,34530,39993,40318,43420,43517,28358,31586,20193,25305,6307,10661,22841,21880,32176,29322,32586,32191,37844,37868,41314,41413,27309,30384,19462,24300,6032,10076,338875,316372,45526,43754,77555,71234,21009,60,34
2021-10-07T23:59:59+02:00,3876,3544,25436,24440,34632,31974,34518,34490,39956,40278,43391,43488,28348,31575,20181,25294,6301,10654,22721,21739,32108,29237,32535,32113,37800,37824,41272,41373,27289,30366,19446,24289,6025,10065,338297,315520,45499,43729,77555,71233,20971,60,34
2021-10-06T23:59:59+02:00,3862,3525,25400,24397,34592,31935,34492,34459,39936,40262,43373,43470,28341,31566,20168,25275,6297,10643,22688,21699,32077,29202,32513,32081,37784,37800,41254,41359,27279,30356,19436,24279,6022,10061,337924,315186,45496,43726,77555,71233,20964,60,34
2021-10-05T23:59:59+02:00,3840,3506,25343,24337,34521,31861,34453,34421,39916,40226,43335,43446,28331,31555,20148,25255,6294,10616,22612,21583,31985,29112,32458,32018,37742,37758,41224,41330,27263,30347,19426,24271,6014,10052,337417,314499,45474,43700,77553,71231,20906,60,34
2021-10-04T23:59:59+02:00,3818,3484,25296,24295,34477,31830,34419,34391,39891,40208,43315,43427,28324,31547,20140,25239,6285,10603,22567,21537,31956,29064,32428,31994,37722,37740,41198,41314,27252,30331,19417,24263,6010,10045,337031,314153,45463,43685,77553,71228,20888,60,34
2021-10-03T23:59:59+02:00,3809,3482,25281,24289,34468,31825,34413,34385,39888,40199,43310,43423,28320,31545,20138,25230,6284,10596,22553,21526,31948,29054,32414,31986,37715,37734,41191,41311,27250,30327,19414,24257,6006,10039,336931,314033,45462,43684,77553,71228,20885,60,34
2021-10-02T23:59:59+02:00,3809,3482,25281,24288,34467,31825,34413,34385,39887,40199,43310,43423,28320,31545,20138,25230,6284,10596,22553,21526,31948,29054,32414,31986,37715,37734,41191,41311,27250,30327,19414,24257,6006,10039,336928,314032,45462,43684,77553,71228,20885,60,34
2021-10-01T23:59:59+02:00,3790,3464,25234,24222,34405,31757,34352,34345,39853,40175,43280,43405,28317,31539,20136,25228,6282,10593,22453,21438,31896,28984,32364,31944,37679,37686,41166,41295,27243,30322,19410,24252,6005,10037,336495,313471,45438,43657,77552,71226,20838,60,34
2021-09-30T23:59:59+02:00,3758,3422,25133,24107,34303,31679,34282,34288,39783,40117,43229,43364,28302,31520,20121,25216,6278,10581,22334,21320,31814,28880,32304,31873,37626,37639,41126,41269,27214,30310,19407,24239,6003,10032,335727,312682,45398,43632,77547,71226,20756,60,33
2021-09-29T23:59:59+02:00,3740,3402,25106,24063,34275,31651,34256,34262,39763,40095,43209,43347,28293,31512,20116,25210,6272,10574,22306,21289,31791,28860,32283,31849,37609,37622,41110,41257,27208,30298,19403,24230,6002,10031,335409,312437,45394,43629,77547,71226,20741,60,33
2021-09-28T23:59:59+02:00,3713,3372,25019,23993,34194,31584,34208,34213,39718,40056,43174,43318,28277,31493,20108,25198,6268,10565,22212,21215,31724,28787,32236,31802,37575,37579,41085,41232,27187,30283,19401,24221,5999,10029,334860,311932,45360,43599,77547,71225,20649,60,33
2021-09-27T23:59:59+02:00,3691,3348,24981,23967,34158,31546,34187,34183,39699,40024,43155,43297,28270,31483,20101,25193,6264,10558,22176,21183,31692,28747,32210,31781,37553,37561,41066,41219,27178,30278,19398,24217,5998,10025,334540,311666,45351,43583,77546,71225,20613,60,33
2021-09-26T23:59:59+02:00,3538,3243,24923,23932,34148,31538,34180,34180,39693,40017,43149,43291,28269,31481,20099,25192,6263,10557,22160,21164,31688,28740,32206,31777,37545,37554,41061,41214,27175,30274,19395,24215,5997,10024,334133,311562,45351,43582,77546,71224,20608,60,33
2021-09-25T23:59:59+02:00,3537,3243,24922,23932,34148,31538,34180,34180,39692,40016,43148,43291,28269,31480,20099,25192,6263,10557,22158,21161,31688,28740,32204,31776,37542,37552,41061,41214,27175,30273,19395,24215,5997,10024,334127,311547,45351,43582,77546,71224,20608,60,33
2021-09-24T23:59:59+02:00,3513,3211,24841,23856,34036,31458,34112,34117,39635,39969,43114,43265,28254,31469,20096,25186,6262,10555,22072,21073,31595,28677,32157,31738,37486,37514,41041,41192,27162,30262,19392,24212,5996,10024,333602,311092,45318,43569,77545,71223,20429,60,32
2021-09-23T23:59:59+02:00,3344,3060,24703,23707,33945,31367,34036,34058,39577,39917,43056,43221,28237,31455,20088,25175,6260,10553,21958,20971,31528,28599,32107,31682,37450,37480,41006,41158,27148,30244,19385,24196,5995,10021,332565,310477,45289,43551,77545,71221,20305,60,32
2021-09-22T23:59:59+02:00,3321,3036,24667,23655,33913,31335,34013,34021,39550,39902,43034,43197,28228,31446,20084,25164,6260,10548,21930,20942,31491,28561,32089,31654,37428,37465,40983,41147,27138,30238,19382,24192,5995,10020,332225,310216,45280,43547,77543,71220,20271,60,32
2021-09-21T23:59:59+02:00,3197,2902,24470,23502,33772,31235,33949,33938,39482,39856,43012,43155,28209,31426,20075,25158,6252,10541,21793,20804,31381,28456,32012,31577,37374,37416,40950,41113,27127,30226,19374,24177,5992,10015,331179,309442,45241,43519,77543,71219,20113,60,32
2021-09-20T23:59:59+02:00,3173,2881,24425,23455,33728,31194,33919,33905,39452,39825,42988,43130,28204,31417,20071,25152,6252,10537,21756,20764,31337,28409,31991,31541,37345,37398,40936,41104,27117,30219,19365,24171,5990,10008,330819,309144,45225,43512,77543,71217,20066,60,31
2021-09-19T23:59:59+02:00,3169,2879,24415,23449,33720,31186,33912,33898,39447,39810,42979,43129,28203,31416,20071,25150,6252,10537,21749,20759,31333,28401,31988,31540,37338,37390,40928,41103,27117,30219,19364,24170,5990,10008,330742,309091,45225,43511,77542,71217,20058,60,31
2021-09-18T23:59:59+02:00,3169,2879,24415,23449,33720,31186,33912,33898,39447,39810,42979,43129,28203,31416,20071,25150,6252,10537,21749,20759,31333,28399,31986,31540,37338,37390,40928,41103,27117,30219,19364,24169,5990,10008,330742,309086,45225,43511,77542,71217,20058,60,31
2021-09-17T23:59:59+02:00,3142,2841,24310,23335,33615,31085,33836,33830,39377,39756,42944,43102,28189,31408,20069,25144,6250,10535,21669,20682,31263,28337,31921,31493,37298,37357,40908,41089,27109,30204,19362,24162,5990,10007,330093,308637,45183,43491,77541,71217,19896,59,31
2021-09-16T23:59:59+02:00,3092,2792,24198,23203,33519,30976,33769,33726,39331,39696,42892,43053,28163,31387,20053,25133,6247,10527,21564,20586,31182,28265,31857,31428,37275,37302,40876,41051,27098,30184,19355,24154,5988,10006,329273,308044,45144,43482,77541,71211,19744,59,31
2021-09-15T23:59:59+02:00,3069,2779,24157,23155,33488,30932,33754,33695,39301,39668,42874,43035,28153,31376,20047,25127,6246,10525,21527,20543,31150,28218,31830,31405,37243,37268,40853,41025,27084,30175,19348,24146,5988,10002,328942,307684,45131,43481,77540,71209,19713,59,31
2021-09-14T23:59:59+02:00,3030,2747,24051,23014,33344,30791,33670,33610,39244,39616,42823,42985,28135,31360,20038,25119,6242,10520,21442,20461,31059,28129,31767,31343,37194,37225,40809,40999,27074,30155,19339,24138,5986,9999,328133,307160,45096,43474,77539,71205,19516,59,31
2021-09-13T23:59:59+02:00,3012,2727,24001,22961,33299,30732,33638,33560,39219,39586,42792,42961,28129,31347,20033,25118,6240,10516,21391,20414,31015,28079,31738,31311,37171,37205,40795,40977,27068,30149,19335,24134,5985,9998,327752,306860,45080,43461,77539,71204,19445,59,31
2021-09-12T23:59:59+02:00,3008,2720,23997,22952,33294,30728,33629,33554,39214,39583,42789,42959,28127,31345,20032,25117,6240,10515,21375,20406,31006,28061,31719,31303,37165,37198,40789,40971,27063,30148,19333,24131,5985,9996,327685,306739,45080,43461,77538,71203,19445,59,31
2021-09-11T23:59:59+02:00,3006,2719,23995,22950,33292,30727,33627,33553,39214,39581,42788,42959,28124,31343,20032,25117,6240,10515,21371,20405,31005,28058,31719,31303,37165,37197,40788,40970,27061,30148,19333,24131,5985,9996,327665,306723,45080,43461,77538,71203,19444,59,31
2021-09-10T23:59:59+02:00,2964,2676,23861,22823,33163,30611,33525,33478,39140,39497,42740,42919,28108,31326,20027,25109,6239,10513,21255,20302,30893,27965,31630,31250,37102,37155,40742,40937,27053,30138,19327,24121,5983,9995,326923,306182,45060,43442,77538,71202,19143,59,31
2021-09-09T23:59:59+02:00,2914,2637,23687,22675,33056,30484,33429,33378,39070,39428,42700,42872,28081,31308,20018,25103,6237,10511,21135,20171,30800,27868,31554,31155,37039,37100,40693,40889,27029,30122,19318,24112,5979,9992,326053,305431,45036,43422,77536,71199,18914,53,31
2021-09-08T23:59:59+02:00,2893,2606,23648,22626,33027,30445,33413,33350,39050,39407,42685,42857,28075,31299,20015,25098,6236,10511,21102,20139,30769,27852,31539,31130,37022,37077,40682,40876,27022,30115,19312,24107,5978,9991,325741,305199,45030,43418,77536,71198,18885,53,31
2021-09-07T23:59:59+02:00,2840,2551,23499,22481,32908,30338,33338,33264,38994,39343,42641,42823,28057,31282,20011,25093,6235,10508,20966,20005,30651,27768,31464,31064,36974,37025,40644,40847,27005,30090,19306,24096,5977,9989,324992,304548,45005,43396,77535,71193,18624,53,31
2021-09-06T23:59:59+02:00,2817,2536,23468,22437,32877,30305,33317,33244,38973,39330,42625,42808,28054,31278,20009,25091,6234,10505,20925,19962,30620,27741,31444,31039,36955,37006,40630,40835,26997,30082,19304,24087,5974,9987,324727,304248,44989,43388,77534,71192,18608,53,31
2021-09-05T23:59:59+02:00,2806,2533,23461,22431,32874,30300,33315,33239,38970,39327,42621,42802,28052,31274,20007,25090,6233,10504,20913,19955,30610,27735,31441,31035,36952,37004,40625,40832,26992,30080,19302,24083,5973,9987,324661,304174,44988,43388,77534,71192,18606,53,31
2021-09-04T23:59:59+02:00,2806,2533,23458,22430,32873,30300,33315,33238,38970,39326,42620,42801,28052,31274,20007,25090,6233,10504,20911,19955,30610,27735,31440,31034,36952,37004,40624,40832,26992,30080,19302,24083,5973,9987,324655,304167,44988,43388,77534,71192,18603,53,31
2021-09-03T23:59:59+02:00,2783,2499,23381,22353,32801,30229,33275,33195,38926,39298,42590,42788,28044,31261,20006,25088,6231,10503,20862,19897,30562,27696,31406,30999,36924,36979,40595,40820,26984,30072,19300,24081,5972,9987,324157,303823,44960,43380,77532,71184,18552,53,31
2021-09-02T23:59:59+02:00,2753,2467,23276,22257,32740,30139,33217,33140,38888,39265,42551,42755,28024,31250,20002,25074,6229,10500,20788,19836,30504,27634,31368,30968,36885,36942,40562,40791,26974,30060,19297,24070,5972,9987,323557,303398,44930,43363,77531,71179,18459,53,31
2021-09-01T23:59:59+02:00,2732,2453,23253,22221,32711,30109,33196,33114,38862,39244,42538,42740,28016,31243,19997,25072,6229,10500,20748,19795,30475,27608,31345,30946,36866,36927,40545,40775,26964,30051,19296,24064,5972,9987,323309,303135,44919,43359,77530,71178,18422,53,31
2021-08-31T23:59:59+02:00,2687,2411,23130,22115,32630,30009,33142,33056,38817,39202,42512,42715,28005,31237,19991,25068,6228,10496,20660,19702,30404,27548,31296,30903,36826,36895,40516,40750,26955,30039,19290,24059,5972,9985,322731,302719,44889,43344,77529,71171,18252,53,31
2021-08-30T23:59:59+02:00,2665,2387,23077,22072,32590,29967,33118,33019,38788,39182,42492,42697,28000,31230,19984,25059,6227,10492,20534,19601,30306,27454,31236,30853,36793,36867,40495,40716,26940,30025,19289,24050,5972,9983,322390,302009,44874,43335,77529,71166,18203,53,31
2021-08-29T23:59:59+02:00,2634,2357,22990,22009,32527,29910,33075,32988,38742,39146,42462,42676,27991,31223,19981,25054,6227,10491,20431,19533,30237,27404,31201,30819,36752,36838,40470,40698,26927,30014,19288,24045,5972,9983,321936,301581,44859,43312,77527,71156,18111,53,31
2021-08-28T23:59:59+02:00,2628,2355,22990,22009,32523,29910,33074,32988,38739,39145,42461,42676,27990,31223,19981,25054,6227,10491,20430,19532,30232,27403,31201,30816,36749,36836,40470,40698,26927,30014,19288,24045,5972,9983,321923,301570,44859,43311,77527,71156,18105,53,31
2021-08-27T23:59:59+02:00,2628,2355,22985,22005,32518,29910,33073,32986,38737,39143,42457,42676,27989,31223,19981,25054,6226,10491,20424,19530,30223,27402,31200,30814,36746,36835,40468,40698,26927,30014,19288,24044,5972,9983,321908,301555,44859,43311,77527,71153,18093,53,31
2021-08-26T23:59:59+02:00,2545,2272,22795,21799,32387,29768,32955,32879,38649,39054,42392,42607,27964,31190,19968,25036,6225,10485,20152,19260,30081,27234,31058,30688,36637,36740,40383,40624,26885,29973,19269,24020,5966,9981,320690,300039,44839,43287,77526,71137,17865,53,31
2021-08-25T23:59:59+02:00,2539,2264,22775,21773,32376,29747,32941,32864,38637,39040,42381,42601,27959,31187,19961,25030,6222,10483,20104,19217,30045,27204,31037,30652,36611,36708,40365,40608,26872,29960,19266,24012,5965,9980,320502,299677,44839,43287,77526,71136,17863,53,31
2021-08-24T23:59:59+02:00,2521,2253,22736,21731,32350,29702,32922,32831,38627,39020,42362,42587,27953,31176,19956,25022,6221,10482,20066,19175,30012,27163,31016,30617,36597,36687,40345,40590,26866,29950,19262,24009,5965,9976,320214,299388,44829,43282,77526,71131,17833,53,31
2021-08-23T23:59:59+02:00,2501,2221,22665,21658,32279,29645,32886,32800,38586,38989,42331,42574,27937,31167,19953,25011,6221,10480,19940,19053,29894,27084,30951,30570,36548,36644,40304,40561,26854,29937,19256,23999,5965,9970,319768,298654,44818,43257,77523,71125,17745,53,31
2021-08-22T23:59:59+02:00,2492,2212,22629,21626,32260,29627,32870,32792,38568,38973,42326,42565,27933,31162,19948,25011,6221,10479,19901,19015,29858,27051,30920,30534,36526,36628,40285,40539,26846,29933,19253,23996,5965,9968,319598,298363,44812,43254,77521,71116,17713,53,31
2021-08-21T23:59:59+02:00,2473,2199,22574,21576,32220,29590,32846,32768,38554,38950,42309,42555,27926,31154,19946,25008,6221,10478,19799,18916,29786,26993,30886,30490,36491,36586,40261,40518,26835,29924,19248,23992,5963,9968,319352,297854,44799,43239,77519,71110,17627,53,31
2021-08-20T23:59:59+02:00,2435,2157,22484,21469,32143,29507,32783,32720,38504,38910,42267,42527,27919,31140,19942,24993,6220,10474,19625,18789,29661,26890,30811,30430,36428,36540,40215,40480,26820,29905,19239,23983,5962,9964,318764,297039,44776,43213,77516,71092,17488,53,31
2021-08-19T23:59:59+02:00,2345,2089,22322,21333,32005,29383,32694,32637,38403,38832,42197,42473,27893,31107,19935,24981,6215,10465,19366,18583,29450,26740,30691,30320,36309,36446,40113,40395,26792,29875,19228,23967,5958,9959,317829,295768,44756,43183,77516,71067,17158,53,31
2021-08-18T23:59:59+02:00,2336,2080,22296,21311,31983,29362,32672,32614,38375,38814,42184,42457,27878,31097,19929,24976,6215,10463,19311,18523,29410,26706,30665,30289,36281,36425,40089,40364,26775,29864,19224,23955,5953,9955,317569,295333,44756,43183,77516,71065,17151,53,31
2021-08-17T23:59:59+02:00,2319,2064,22271,21283,31967,29332,32646,32589,38362,38802,42160,42438,27872,31084,19923,24971,6215,10463,19268,18472,29379,26667,30620,30262,36253,36390,40061,40340,26753,29849,19217,23938,5949,9951,317322,294930,44756,43180,77516,71061,17117,53,31
2021-08-16T23:59:59+02:00,2280,2047,22205,21240,31926,29288,32623,32568,38338,38781,42128,42421,27863,31077,19921,24961,6215,10462,19061,18328,29233,26553,30543,30173,36205,36338,40024,40298,26733,29833,19210,23919,5943,9949,316974,293930,44756,43174,77514,71059,17050,53,31
2021-08-15T23:59:59+02:00,2253,2024,22151,21183,31878,29248,32599,32535,38310,38762,42108,42407,27856,31072,19915,24954,6214,10462,18942,18211,29074,26425,30463,30090,36137,36287,39969,40241,26714,29809,19200,23910,5940,9948,316640,293003,44747,43157,77513,71051,16981,53,31
2021-08-14T23:59:59+02:00,2247,2021,22125,21167,31866,29232,32595,32529,38302,38757,42102,42404,27855,31071,19914,24953,6214,10461,18829,18117,29011,26361,30423,30042,36113,36256,39948,40226,26706,29803,19197,23909,5939,9945,316551,292458,44744,43137,77513,71047,16957,53,31
2021-08-13T23:59:59+02:00,2230,2010,22079,21129,31829,29208,32558,32501,38287,38743,42092,42394,27853,31066,19911,24950,6213,10461,18573,17857,28831,26202,30307,29950,36061,36187,39903,40190,26690,29791,19192,23900,5936,9941,316315,291088,44739,43121,77511,71037,16899,53,31
2021-08-12T23:59:59+02:00,2194,1972,21992,21035,31758,29132,32501,32451,38240,38700,42055,42360,27837,31047,19904,24940,6211,10461,18266,17542,28579,25974,30163,29822,35967,36094,39827,40122,26654,29745,19172,23877,5934,9938,315743,289338,44728,43068,77508,70990,16761,53,31
2021-08-11T23:59:59+02:00,2192,1967,21972,21019,31740,29112,32486,32435,38232,38691,42044,42344,27829,31044,19901,24936,6210,10457,18211,17486,28543,25929,30115,29783,35946,36056,39791,40089,26642,29718,19165,23867,5934,9936,315565,288859,44728,43065,77508,70987,16760,53,31
2021-08-10T23:59:59+02:00,2183,1946,21944,20982,31703,29090,32470,32415,38205,38664,42026,42336,27823,31036,19900,24933,6209,10453,17690,17032,28367,25771,30021,29693,35778,35933,39741,40046,26618,29695,19158,23851,5930,9935,315316,287156,44723,43036,77506,70737,16723,53,31
2021-08-09T23:59:59+02:00,2159,1932,21893,20931,31646,29043,32436,32385,38180,38644,42012,42312,27812,31027,19899,24924,6208,10451,17217,16571,28235,25664,29966,29639,35731,35888,39707,40011,26609,29681,19153,23845,5930,9933,314940,285670,44717,43016,77506,70724,16681,53,31
2021-08-08T23:59:59+02:00,2143,1914,21839,20887,31600,29007,32401,32359,38156,38636,41990,42291,27805,31023,19893,24920,6208,10448,16872,16230,28124,25582,29909,29566,35683,35850,39685,39985,26597,29668,19144,23836,5928,9928,314622,284433,44716,42995,77505,70716,16627,53,31
2021-08-07T23:59:59+02:00,2099,1871,21703,20805,31517,28939,32327,32298,38099,38586,41957,42263,27796,30996,19888,24911,6206,10446,16360,15779,27820,25292,29681,29379,35503,35693,39545,39873,26541,29604,19125,23807,5925,9924,313992,281781,44683,42872,77499,70628,16483,53,31
2021-08-06T23:59:59+02:00,2089,1861,21652,20766,31476,28907,32294,32279,38073,38566,41945,42247,27792,30987,19884,24911,6206,10446,15334,14799,26668,24395,29391,29148,35254,35494,39230,39633,26499,29558,19115,23797,5924,9921,313762,276781,44679,42850,77499,69825,16391,53,30
2021-08-05T23:59:59+02:00,2050,1832,21543,20679,31417,28829,32233,32220,38014,38515,41900,42209,27775,30968,19875,24898,6204,10443,14443,14054,25644,23612,28677,28633,34724,35058,38913,39387,26432,29478,19082,23763,5921,9911,313199,271887,44656,42799,77498,68327,16201,53,30
2021-08-04T23:59:59+02:00,2030,1813,21471,20628,31373,28756,32199,32177,37976,38492,41866,42180,27762,30952,19870,24885,6202,10439,14073,13712,25236,23305,28464,28406,34581,34932,38815,39294,26393,29433,19060,23740,5916,9906,312743,269439,44649,42769,77498,68285,16131,53,30
2021-08-03T23:59:59+02:00,2021,1797,21444,20602,31357,28742,32186,32167,37966,38478,41850,42167,27753,30946,19865,24878,6201,10437,13989,13621,25157,23228,28396,28349,34533,34885,38763,39255,26366,29406,19048,23728,5913,9900,312539,268709,44645,42766,77496,68259,16127,53,30
2021-08-02T23:59:59+02:00,2011,1776,21399,20563,31311,28720,32159,32136,37940,38463,41837,42152,27744,30934,19865,24870,6200,10433,13786,13411,24450,22679,28113,28126,34384,34773,38685,39192,26339,29374,19040,23724,5913,9898,312249,266291,44642,42752,77496,68031,16076,53,30
2021-08-01T23:59:59+02:00,1991,1759,21346,20516,31262,28680,32132,32117,37921,38444,41816,42135,27738,30927,19862,24862,6200,10433,13615,13249,24150,22426,27875,27908,34293,34665,38617,39121,26323,29355,19034,23718,5913,9896,311945,264592,44636,42740,77495,68008,16015,53,30
2021-07-31T23:59:59+02:00,1966,1729,21267,20439,31191,28641,32076,32077,37885,38415,41793,42114,27734,30919,19857,24858,6200,10433,12670,12223,23631,21985,27529,27552,33983,34369,38183,38777,26252,29270,19008,23673,5908,9890,311525,259557,44624,42704,77493,67436,15901,53,30
2021-07-30T23:59:59+02:00,1941,1709,21245,20418,31159,28622,32061,32059,37879,38408,41785,42106,27729,30916,19856,24858,6199,10433,12583,12150,23304,21696,27249,27340,33764,34205,38021,38642,26228,29252,19007,23665,5908,9888,311342,258133,44623,42696,77493,66879,15874,53,30
2021-07-29T23:59:59+02:00,1872,1640,21013,20181,31017,28473,31958,31947,37785,38318,41690,42045,27701,30891,19843,24839,6192,10424,11954,11616,22174,20856,26207,26500,32779,33512,37637,38350,26145,29151,18978,23618,5902,9879,310127,252514,44594,42606,77485,65120,15572,53,30
2021-07-28T23:59:59+02:00,1852,1625,20973,20129,30998,28443,31942,31926,37764,38299,41667,42024,27690,30879,19838,24829,6192,10422,11674,11314,21763,20473,25774,26074,32614,33356,37525,38258,26108,29100,18959,23595,5901,9874,309808,249589,44594,42606,77473,65059,15567,52,30
2021-07-27T23:59:59+02:00,1842,1619,20933,20086,30974,28410,31908,31910,37743,38265,41643,42011,27683,30872,19837,24824,6192,10419,11428,11098,21560,20284,25631,25954,32502,33249,37436,38175,26077,29062,18949,23583,5898,9870,309570,248110,44594,42572,77472,64987,15485,52,29
2021-07-26T23:59:59+02:00,1816,1583,20807,19957,30865,28309,31849,31845,37687,38197,41602,41980,27657,30854,19826,24810,6186,10416,11135,10774,21053,19841,25381,25745,32340,33098,37305,38087,26041,29028,18936,23560,5897,9862,308804,245816,44562,42458,77467,64782,15363,52,29
2021-07-25T23:59:59+02:00,1809,1575,20784,19945,30854,28299,31837,31830,37679,38191,41592,41970,27653,30851,19825,24808,6186,10415,11030,10668,20903,19735,25147,25550,32101,32888,37161,37954,26023,29014,18930,23552,5896,9859,308686,244555,44553,42443,77458,64369,15356,52,29
2021-07-24T23:59:59+02:00,1789,1560,20702,19870,30810,28259,31802,31794,37650,38162,41570,41958,27646,30845,19822,24806,6186,10415,10967,10613,20828,19673,25075,25489,32048,32858,37131,37933,26017,29009,18928,23550,5896,9859,308334,244186,44542,42420,77454,64303,15266,52,29
2021-07-23T23:59:59+02:00,1734,1525,20509,19724,30649,28145,31714,31720,37582,38110,41531,41914,27635,30828,19817,24800,6185,10410,10708,10409,20470,19373,24268,24844,31566,32526,36563,37476,25974,28967,18912,23532,5895,9857,307501,241323,44533,42372,77436,62912,15011,52,29
2021-07-22T23:59:59+02:00,1670,1468,20198,19451,30408,27963,31583,31606,37451,38003,41434,41831,27608,30804,19806,24776,6181,10409,10247,10030,19725,18859,23312,24174,30856,31938,35528,36716,25863,28868,18878,23499,5893,9853,306022,237712,44497,41707,77430,60384,14650,52,29
2021-07-21T23:59:59+02:00,1655,1460,20160,19399,30378,27933,31558,31583,37431,37978,41413,41807,27599,30796,19801,24770,6176,10405,9937,9696,19263,18406,22437,23408,30521,31605,35293,36518,25780,28771,18847,23446,5885,9843,305694,234963,44487,40016,77428,60211,14642,52,28
2021-07-20T23:59:59+02:00,1648,1454,20127,19372,30348,27909,31533,31563,37415,37960,41401,41793,27584,30781,19801,24763,6176,10402,9669,9418,18930,18139,22164,23124,30344,31448,35128,36375,25734,28724,18831,23410,5884,9839,305436,232566,44485,40008,77427,60110,14631,52,28
2021-07-19T23:59:59+02:00,1637,1446,20013,19285,30264,27837,31474,31508,37395,37941,41386,41774,27579,30770,19795,24756,6175,10399,9472,9222,18618,17865,21702,22703,30091,31217,35009,36273,25700,28685,18813,23394,5884,9836,304857,230939,44478,39070,77425,59995,14623,52,28
2021-07-18T23:59:59+02:00,1626,1440,19944,19218,30135,27738,31409,31442,37333,37889,41342,41722,27558,30739,19786,24741,6171,10396,9363,9107,18450,17714,21511,22514,29921,31019,34894,36172,25668,28662,18802,23376,5884,9830,304063,229681,44478,38767,77423,59954,14614,52,28
2021-07-17T23:59:59+02:00,1625,1436,19937,19216,30135,27737,31409,31438,37328,37887,41338,41720,27557,30738,19785,24741,6171,10396,9343,9092,18419,17692,21492,22501,29911,31012,34876,36168,25665,28660,18802,23375,5884,9830,304032,229530,44478,38764,77423,59943,14610,52,28
2021-07-16T23:59:59+02:00,1572,1391,19662,18970,30013,27641,31327,31368,37272,37824,41297,41688,27538,30721,19778,24731,6169,10390,9225,8977,18040,17389,21189,22228,29521,30655,34741,36061,25641,28636,18795,23362,5882,9828,303041,228255,44455,38042,77422,59613,14383,52,27
2021-07-15T23:59:59+02:00,1514,1348,19402,18723,29838,27494,31217,31269,37188,37741,41227,41621,27495,30691,19762,24717,6165,10387,8863,8675,17132,16563,19641,21002,28600,29734,34118,35482,25473,28454,18739,23312,5876,9816,301763,222148,44414,36585,77414,58692,14157,52,27
2021-07-14T23:59:59+02:00,1500,1335,19372,18686,29812,27468,31192,31237,37176,37727,41207,41614,27486,30684,19753,24710,6164,10383,8574,8378,16584,15961,19148,20482,28036,29234,33727,35105,25360,28325,18699,23245,5871,9805,301479,217979,44411,36228,77411,58262,14154,52,27
2021-07-13T23:59:59+02:00,1489,1324,19334,18661,29795,27443,31168,31221,37161,37700,41183,41586,27477,30670,19751,24705,6163,10377,8267,8116,16188,15613,18871,20203,27774,28984,33456,34847,25261,28204,18666,23204,5869,9800,301192,215281,44410,36193,77410,57769,14145,52,27
2021-07-12T23:59:59+02:00,1473,1314,19286,18644,29759,27414,31151,31200,37149,37683,41167,41572,27473,30666,19749,24699,6162,10377,8007,7904,15908,15336,18171,19654,27458,28662,33043,34485,25093,28007,18607,23130,5863,9795,300932,213997,44409,34260,77410,56789,14136,52,27
2021-07-11T23:59:59+02:00,1463,1306,19254,18613,29731,27383,31134,31169,37141,37662,41153,41560,27464,30657,19747,24699,6161,10376,7963,7857,15842,15266,18081,19600,27373,28599,32929,34422,25038,27962,18587,23108,5863,9792,300680,213418,44406,34249,77408,56543,14128,52,27
2021-07-10T23:59:59+02:00,1334,1190,18748,18194,29282,27083,30849,30935,36892,37502,40949,41410,27390,30597,19721,24667,6158,10373,7833,7788,15555,15128,17864,19449,27130,28458,32762,34306,24972,27916,18571,23095,5862,9792,298466,212997,44267,34127,77380,56302,13110,52,27
2021-07-09T23:59:59+02:00,1323,1184,18720,18163,29260,27066,30836,30922,36881,37490,40938,41401,27386,30593,19719,24663,6158,10372,7791,7742,15485,15061,17798,19355,26909,28228,32513,34092,24908,27853,18549,23069,5862,9789,298318,212711,44248,34124,77379,55140,13079,52,27
2021-07-08T23:59:59+02:00,1245,1102,18451,17947,29109,26914,30697,30801,36778,37387,40839,41323,27352,30559,19700,24643,6153,10366,7621,7604,15186,14813,17366,18995,26217,27624,32238,33825,24739,27696,18490,23007,5859,9781,297044,211570,44191,32702,77371,54121,12709,52,27
2021-07-07T23:59:59+02:00,1146,1010,18140,17624,28908,26729,30564,30675,36666,37266,40732,41236,27318,30510,19686,24627,6150,10363,7424,7393,14746,14447,16902,18551,25463,27012,31829,33443,24472,27371,18396,22914,5850,9772,295467,208655,44139,31867,77360,53160,12333,52,27
2021-07-06T23:59:59+02:00,1123,993,18063,17555,28862,26679,30514,30628,36630,37231,40697,41205,27301,30484,19675,24613,6148,10360,7207,7162,14401,14086,16551,18201,24711,26365,31528,33179,24281,27156,18348,22843,5843,9765,294888,206589,44135,30461,77357,52264,12330,52,27
2021-07-05T23:59:59+02:00,1081,965,17988,17492,28819,26621,30474,30593,36605,37186,40669,41179,27295,30470,19669,24607,6148,10355,6978,6976,14097,13815,16201,17838,24154,25854,30958,32612,24001,26858,18240,22703,5835,9755,294399,205096,44133,28361,77353,51132,12280,52,27
2021-07-04T23:59:59+02:00,1059,949,17916,17441,28781,26599,30451,30564,36595,37177,40654,41167,27289,30459,19664,24604,6148,10354,6953,6957,14045,13765,16124,17778,24070,25797,30803,32520,23908,26769,18208,22662,5833,9751,294080,204702,44133,28351,77342,50619,12265,52,27
2021-07-03T23:59:59+02:00,645,579,16176,15720,27616,25682,29655,29845,35952,36565,40151,40737,27130,30292,19598,24516,6139,10337,6565,6715,13533,13467,15726,17476,23707,25519,30498,32324,23811,26673,18175,22622,5829,9747,286561,204407,44094,28275,77258,50328,9371,52,27
2021-07-02T23:59:59+02:00,606,540,16046,15574,27458,25534,29576,29785,35921,36537,40132,40724,27124,30283,19595,24513,6139,10337,6518,6641,13459,13370,15639,17344,23563,25337,30344,32159,23619,26462,18086,22544,5827,9744,285658,203724,44094,28116,77256,49445,9365,52,27
2021-07-01T23:59:59+02:00,548,492,15867,15420,27246,25379,29497,29706,35866,36486,40068,40678,27103,30264,19584,24500,6137,10333,6375,6510,13112,13097,15108,16905,22294,24347,29584,31475,23338,26174,17967,22409,5820,9728,284468,200185,44089,26440,77243,48290,9323,52,25
2021-06-30T23:59:59+02:00,518,472,15762,15313,27134,25293,29429,29634,35809,36434,40026,40643,27088,30233,19573,24483,6133,10333,6179,6328,12680,12710,14539,16357,21669,23748,28991,30944,22920,25708,17836,22226,5813,9716,283641,195922,44086,26415,77237,46724,9295,52,25
2021-06-29T23:59:59+02:00,462,422,15006,14644,26867,25069,29332,29535,35729,36353,39957,40595,27069,30208,19565,24470,6133,10331,6066,6202,12421,12449,14144,15961,20878,23123,28405,30390,22472,25184,17683,22052,5805,9706,281136,192772,44083,25904,77228,45006,9249,52,25
2021-06-28T23:59:59+02:00,426,391,14378,14000,26709,24964,29260,29469,35669,36288,39914,40561,27051,30188,19557,24459,6133,10327,5999,6105,12242,12309,13957,15785,20254,22572,28005,30015,22136,24827,17554,21889,5800,9701,279195,191089,44080,25241,77223,43614,9195,52,25
2021-06-27T23:59:59+02:00,349,324,14033,13628,26646,24906,29222,29433,35647,36266,39895,40547,27040,30181,19554,24455,6132,10326,5962,6062,12126,12192,13811,15656,19700,22094,27396,29513,21859,24488,17433,21765,5796,9700,278084,190250,44076,23715,77212,42416,9161,52,25
2021-06-26T23:59:59+02:00,348,323,14022,13616,26631,24895,29216,29426,35640,36265,39892,40546,27039,30180,19554,24455,6132,10326,5957,6059,12116,12190,13805,15653,19687,22082,27351,29478,21712,24358,17393,21709,5795,9698,278010,190226,44073,23711,77212,41935,9160,52,25
2021-06-25T23:59:59+02:00,224,210,12762,12398,25163,23744,28917,29193,35534,36180,39824,40484,27015,30153,19543,24443,6130,10324,5914,6012,12019,12108,13661,15532,19376,21843,26965,29119,21390,23964,17216,21512,5792,9689,271776,188998,44069,23427,77191,40522,9154,52,25
2021-06-24T23:59:59+02:00,159,156,11788,11567,24048,22864,28554,28840,35383,36013,39707,40378,26976,30103,19532,24419,6128,10320,5696,5780,11563,11693,13080,14940,17838,20443,25312,27523,20618,23105,16898,21105,5782,9679,266531,184007,44047,19804,77186,38112,9120,52,25
2021-06-23T23:59:59+02:00,123,130,11424,11246,23551,22492,28305,28597,35206,35885,39617,40289,26945,30076,19523,24381,6126,10308,5622,5668,11351,11478,12780,14590,17444,20033,24563,26753,19822,22355,16705,20852,5774,9663,263912,181655,44039,19184,77181,35561,9041,52,25
2021-06-22T23:59:59+02:00,102,117,11242,11036,23390,22352,28225,28524,35130,35823,39570,40243,26930,30051,19515,24372,6126,10307,5512,5547,11084,11219,12413,14220,16841,19432,23829,25984,19442,21930,16542,20673,5767,9647,262765,178615,44036,18313,77179,34115,9024,52,25
2021-06-21T23:59:59+02:00,90,105,10991,10853,22558,21688,27972,28295,35062,35759,39507,40200,26913,30032,19509,24362,6126,10306,5394,5447,10867,11005,12105,13897,16451,19086,23379,25516,19150,21615,16437,20553,5761,9645,260178,177154,44026,17298,77171,32938,8902,52,25
2021-06-20T23:59:59+02:00,84,104,10926,10761,22309,21474,27713,28094,34982,35682,39462,40156,26901,30016,19507,24357,6124,10303,5353,5395,10780,10904,12010,13794,16254,18902,23109,25275,19049,21508,16384,20495,5755,9641,258888,176844,44025,16234,77165,32688,8825,52,25
2021-06-19T23:59:59+02:00,83,100,10903,10738,22277,21451,27695,28081,34970,35678,39452,40152,26900,30015,19507,24355,6124,10303,5322,5363,10699,10814,11918,13674,16106,18751,22801,24913,18962,21421,16372,20482,5754,9641,258738,176739,44004,14737,77165,32675,8825,52,25
2021-06-18T23:59:59+02:00,80,98,10855,10689,21961,21127,27433,27863,34916,35641,39420,40129,26891,30006,19506,24352,6124,10301,5307,5354,10669,10783,11878,13625,16044,18688,22717,24817,18796,21239,16327,20416,5753,9636,257351,176342,44000,14736,77164,32129,8825,52,25
2021-06-17T23:59:59+02:00,71,90,10274,10259,20683,20170,26570,27127,34545,35316,39160,39937,26827,29924,19485,24315,6117,10296,5110,5214,10293,10530,11434,13224,15363,18076,21349,23498,18339,20750,16163,20244,5749,9622,251565,171041,43979,14162,77151,31319,8419,52,25
2021-06-16T23:59:59+02:00,63,78,9938,9950,19997,19537,25936,26526,34294,35112,38999,39785,26781,29871,19461,24290,6116,10292,4966,5070,9905,10197,10974,12772,14659,17386,20496,22563,17935,20303,15992,20031,5739,9610,247720,167255,43963,12892,77137,30280,8154,52,25
2021-06-15T23:59:59+02:00,48,72,9697,9708,19698,19291,25711,26328,34163,35005,38903,39704,26749,29835,19454,24275,6111,10288,4862,4955,9666,9981,10739,12512,14234,16959,19894,21985,17612,19911,15770,19799,5730,9598,245948,165162,43953,11803,77130,29269,7957,52,24
2021-06-14T23:59:59+02:00,44,67,9565,9582,19397,19031,25533,26185,34043,34925,38839,39664,26731,29815,19448,24264,6111,10285,4781,4892,9476,9843,10564,12376,13971,16741,19578,21690,17446,19753,15668,19665,5729,9594,244743,163698,43951,11801,77126,28595,7657,52,24
2021-06-13T23:59:59+02:00,43,63,9405,9454,19107,18848,25178,25931,33843,34757,38733,39597,26715,29803,19438,24256,6111,10281,4698,4823,9265,9671,10396,12200,13644,16394,19231,21359,17318,19605,15621,19600,5727,9592,243097,162832,43951,11800,77121,27153,7342,52,24
2021-06-12T23:59:59+02:00,43,63,9396,9436,19095,18835,25178,25926,33843,34753,38730,39596,26715,29803,19438,24256,6111,10281,4695,4809,9253,9609,10363,12098,13595,16241,19176,21223,17209,19479,15504,19498,5725,9590,243049,162802,43951,11798,77115,26119,7331,52,24
2021-06-11T23:59:59+02:00,38,59,9237,9255,18861,18625,24377,25253,33664,34597,38595,39483,26682,29769,19427,24232,6111,10276,4615,4699,9032,9350,10103,11799,13073,15689,18201,20325,17023,19281,15464,19454,5722,9587,240129,158772,43949,11797,77110,25530,7301,52,24
2021-06-10T23:59:59+02:00,36,55,8843,8925,18214,18129,23528,24581,33345,34315,38391,39318,26623,29714,19402,24204,6108,10269,4441,4522,8459,8855,9293,11077,11924,14583,16201,18403,16133,18315,15179,19087,5713,9565,236505,149073,43295,11764,77084,23830,7066,50,24
2021-06-09T23:59:59+02:00,19,37,8391,8424,17379,17404,22377,23538,32858,33846,38104,39097,26513,29609,19354,24145,6098,10256,4304,4405,8168,8593,9048,10823,11590,14214,15717,17854,15759,17883,14937,18802,5706,9555,232502,147237,41402,11723,77042,21911,6470,33,24
2021-06-08T23:59:59+02:00,11,25,8071,8105,16909,16993,21955,23172,32614,33651,37941,38967,26468,29569,19344,24122,6095,10251,4185,4323,7914,8342,8742,10479,11231,13867,15076,17150,15298,17359,14675,18524,5701,9537,229775,145528,41371,10606,77030,20198,6054,33,24
2021-06-07T23:59:59+02:00,8,21,7874,7875,16551,16670,21415,22715,32333,33382,37823,38850,26439,29521,19324,24093,6090,10250,4109,4243,7733,8199,8582,10334,11060,13695,14761,16822,15098,17103,14501,18331,5697,9532,228153,144442,40402,10513,77010,19192,5636,33,24
2021-06-06T23:59:59+02:00,6,18,7768,7766,16417,16523,21219,22507,32104,33157,37687,38744,26412,29496,19312,24076,6090,10244,4081,4207,7685,8079,8528,10203,10952,13548,14564,16602,14912,16923,14412,18210,5690,9526,226918,143952,40101,10501,76992,18150,5502,33,24
2021-06-05T23:59:59+02:00,6,18,7746,7752,16391,16499,21211,22504,32093,33150,37685,38743,26411,29496,19311,24075,6090,10244,4071,4167,7670,8014,8514,10071,10938,13376,14545,16497,14877,16868,14403,18200,5690,9525,226812,143870,40101,10501,76991,17550,5488,33,24
2021-06-04T23:59:59+02:00,6,16,7635,7650,16111,16260,20936,22254,31669,32775,37570,38621,26378,29456,19299,24062,6088,10242,4064,4158,7642,7991,8487,10040,10871,13303,14440,16365,14795,16775,14366,18156,5690,9523,225210,143533,39325,10171,76972,17457,5488,33,24
2021-06-03T23:59:59+02:00,4,16,7380,7421,15236,15469,19306,20864,30756,31849,37064,38160,26245,29318,19254,24010,6082,10223,4004,4119,7554,7920,8364,9943,10699,13120,13868,15792,14531,16459,14280,18048,5687,9511,218579,141306,37745,10052,76961,17185,5339,33,24
2021-06-02T23:59:59+02:00,4,16,7246,7277,14859,15044,18875,20459,30289,31393,36836,37895,26181,29254,19234,23981,6079,10221,3975,4090,7492,7834,8276,9848,10559,12989,13420,15359,14406,16276,14250,18010,5684,9506,215501,139512,37314,9958,76960,17152,5335,33,24
2021-06-01T23:59:59+02:00,4,13,6972,7033,14461,14734,18531,20142,29962,31081,36612,37662,26125,29174,19210,23952,6077,10210,3874,4006,7251,7658,8043,9655,10295,12713,13012,14934,13971,15822,14134,17855,5677,9498,212755,137375,37270,9704,76939,16344,4958,33,24
2021-05-31T23:59:59+02:00,4,13,6809,6847,14239,14500,17830,19541,29620,30738,36318,37398,26032,29076,19183,23898,6067,10198,3796,3896,7041,7411,7819,9372,9951,12330,12573,14413,13442,15207,13933,17625,5669,9483,211315,134189,35231,9383,76923,15563,4809,33,24
2021-05-30T23:59:59+02:00,4,13,6786,6831,14194,14459,17752,19482,29570,30699,36286,37372,26020,29064,19180,23891,6066,10196,3752,3824,6883,7196,7672,9136,9744,12009,12317,14058,13321,15037,13865,17542,5666,9476,211016,133451,35218,9281,76865,14016,4733,33,24
2021-05-29T23:59:59+02:00,4,13,6784,6830,14185,14453,17747,19476,29565,30695,36283,37371,26018,29061,19180,23890,6066,10196,3742,3812,6853,7163,7638,9085,9708,11962,12243,13960,13279,14968,13835,17518,5665,9471,210984,133310,35218,9280,76850,13563,4732,33,24
2021-05-28T23:59:59+02:00,4,13,6774,6817,14167,14441,17731,19454,29552,30682,36272,37351,26015,29056,19178,23886,6066,10196,3728,3789,6833,7123,7604,9030,9656,11857,12000,13690,13089,14777,13805,17477,5662,9468,210827,132016,35217,9279,76847,13544,4731,33,24
2021-05-27T23:59:59+02:00,4,13,6683,6736,13898,14221,17242,19107,28871,30138,36111,37217,25965,29019,19163,23870,6065,10190,3604,3627,6545,6871,7228,8723,9158,11299,11291,12793,12535,14206,13675,17283,5654,9456,209732,128492,33772,8951,76805,12316,4171,33,24
2021-05-26T23:59:59+02:00,4,13,6613,6629,13687,14019,16989,18796,28327,29625,35934,37040,25924,28970,19146,23841,6064,10183,3513,3485,6323,6582,6939,8297,8816,10821,10638,11993,11971,13590,13528,17067,5649,9434,208116,124874,33022,8767,76790,11146,3843,33,22
2021-05-25T23:59:59+02:00,4,13,6532,6534,13481,13799,16725,18583,27603,28977,35841,36943,25900,28939,19134,23825,6059,10182,3464,3392,6179,6412,6793,8106,8590,10530,10290,11627,11626,13112,13423,16904,5646,9426,207398,123026,31566,8629,76307,10078,3771,32,22
2021-05-24T23:59:59+02:00,4,13,6462,6438,13303,13599,16502,18303,27187,28546,35496,36542,25843,28871,19115,23801,6058,10180,3451,3371,6121,6331,6747,8022,8530,10435,10217,11529,11450,12879,13375,16812,5638,9405,206866,122398,29333,8581,76300,9586,3732,32,22
2021-05-23T23:59:59+02:00,4,13,6460,6437,13298,13591,16499,18293,27168,28536,35466,36508,25840,28864,19115,23795,6058,10180,3446,3367,6115,6321,6737,8015,8502,10404,10177,11470,11367,12778,13355,16780,5638,9404,206752,122384,29316,8168,76299,9579,3726,32,22
2021-05-22T23:59:59+02:00,4,13,6453,6433,13290,13579,16493,18288,27164,28534,35463,36502,25840,28864,19115,23795,6058,10180,3444,3367,6111,6318,6735,8011,8498,10402,10172,11467,11356,12764,13350,16776,5637,9404,206697,122344,29316,8168,76297,9555,3726,32,22
2021-05-21T23:59:59+02:00,4,13,6391,6374,13137,13473,16318,18139,26893,28356,35032,36236,25814,28826,19107,23789,6057,10176,3435,3357,6078,6297,6705,7977,8459,10353,10118,11418,10838,12052,13209,16616,5634,9399,206007,120586,29191,8165,75251,9521,3654,32,22
2021-05-20T23:59:59+02:00,3,12,6097,6172,12526,13059,15125,17217,24981,26855,34078,35468,25709,28682,19052,23707,6051,10161,3376,3311,5982,6181,6592,7820,8310,10191,9879,11110,10499,11596,13096,16432,5624,9385,201238,118580,27448,8083,72713,9177,3525,31,22
2021-05-19T23:59:59+02:00,3,12,5890,5930,12013,12599,14419,16509,24034,26038,33451,34865,25595,28590,19017,23647,6043,10149,3299,3237,5820,6012,6400,7578,8036,9911,9575,10729,10187,11181,13017,16287,5622,9377,195529,116664,27407,7887,72697,8558,3140,31,22
2021-05-18T23:59:59+02:00,3,11,5720,5819,11617,12281,13796,16007,22877,25089,32784,34258,25479,28454,18969,23594,6038,10140,3257,3206,5706,5900,6234,7418,7831,9696,9376,10489,10014,10930,12871,16063,5612,9368,190579,115503,26896,7819,72652,7852,2778,31,22
2021-05-17T23:59:59+02:00,3,10,5667,5775,11453,12175,13523,15786,22061,24451,32474,33942,25400,28394,18946,23564,6029,10131,3141,3132,5514,5715,6060,7202,7623,9468,9151,10244,9921,10805,12813,15999,5609,9363,188809,114740,26193,7811,72258,6697,2493,31,22
2021-05-16T23:59:59+02:00,3,10,5639,5755,11391,12117,13438,15706,21448,23900,31861,33413,25360,28350,18936,23549,6028,10131,3136,3110,5500,5646,6032,7142,7595,9369,9120,10160,9905,10786,12810,15996,5609,9363,188041,114629,24647,7805,71835,6346,2481,31,21
2021-05-15T23:59:59+02:00,3,10,5630,5746,11358,12108,13409,15697,21372,23829,31321,33040,25349,28345,18935,23546,6027,10130,3123,3095,5481,5604,6018,7067,7555,9254,8882,9907,9872,10755,12776,15945,5609,9362,187990,114624,24634,7667,71188,5984,2012,31,21
2021-05-14T23:59:59+02:00,3,10,5591,5721,11297,12068,13336,15633,20961,23518,30889,32693,25313,28299,18923,23529,6027,10128,3091,3055,5445,5515,5997,6932,7514,9052,8822,9712,9799,10645,12690,15816,5609,9359,187266,114454,24314,7332,70317,5238,2011,31,21
2021-05-13T23:59:59+02:00,3,10,5436,5563,10915,11773,12622,15045,18772,21772,29343,31225,25086,28056,18855,23457,6025,10125,3079,3021,5422,5476,5981,6874,7489,8981,8778,9652,9581,10401,12487,15510,5604,9348,183306,114095,20520,6505,68230,5070,1996,31,21
2021-05-12T23:59:59+02:00,2,10,5406,5536,10845,11715,12521,14957,18649,21648,28980,30860,24993,27961,18838,23428,6024,10120,3078,3017,5416,5470,5971,6861,7464,8966,8739,9598,9392,10169,12254,15186,5601,9341,182357,113811,19883,5635,68227,5065,1995,31,20
2021-05-11T23:59:59+02:00,2,10,5269,5431,10597,11462,12154,14589,18038,21008,28048,29888,24801,27771,18778,23352,6019,10106,3035,2976,5326,5315,5871,6676,7335,8723,8576,9376,9210,9971,12103,14997,5592,9323,178270,112759,18990,5527,68096,4166,1936,31,20
2021-05-10T23:59:59+02:00,2,9,5144,5356,10384,11271,11894,14333,17712,20674,27626,29479,24693,27663,18739,23305,6011,10102,2965,2922,5210,5199,5756,6572,7211,8582,8446,9269,9106,9847,12013,14868,5589,9314,176262,112227,18306,5515,67869,3181,1929,31,20
2021-05-09T23:59:59+02:00,2,9,5070,5310,10286,11155,11794,14214,17372,20388,27235,29102,24606,27576,18710,23269,6008,10099,2897,2890,5064,5157,5580,6529,7044,8553,8316,9233,9094,9837,11995,14848,5589,9314,175866,112151,17025,5505,67370,2354,1913,31,20
2021-05-08T23:59:59+02:00,2,9,5069,5309,10283,11151,11794,14214,17368,20386,27232,29100,24606,27576,18710,23269,6008,10099,2897,2889,5062,5157,5580,6529,7044,8553,8313,9233,9093,9836,11995,14848,5589,9314,175850,112148,17025,5505,67367,2350,1912,31,20
2021-05-07T23:59:59+02:00,2,9,5036,5283,10215,11099,11664,14090,16969,20113,26596,28543,24557,27525,18693,23236,6001,10069,2886,2882,5047,5149,5569,6513,7032,8542,8305,9222,9087,9828,11984,14827,5581,9286,175016,112133,17022,5499,65847,2307,1784,31,20
2021-05-06T23:59:59+02:00,1,9,4766,5122,9760,10756,11100,13572,15880,19090,24187,26250,24058,26997,18587,23134,5996,10055,2843,2836,4981,5073,5528,6422,6950,8424,8175,9070,8986,9714,11960,14776,5578,9283,169987,111591,14571,5442,62960,1776,1773,29,20
2021-05-05T23:59:59+02:00,1,9,4685,5041,9466,10527,10759,13246,15301,18488,23340,25283,23798,26670,18519,23029,5986,10037,2824,2799,4932,4988,5469,6302,6868,8260,8051,8854,8878,9582,11882,14689,5577,9275,166320,110646,13255,5436,62809,1358,1772,29,20
2021-05-04T23:59:59+02:00,1,9,4601,4950,9293,10327,10547,13005,14913,18092,22791,24717,23587,26398,18447,22948,5978,10023,2816,2765,4904,4912,5436,6181,6815,8120,7956,8699,8774,9469,11807,14630,5575,9272,164068,110145,12131,5425,62645,789,1754,29,20
2021-05-03T23:59:59+02:00,1,9,4530,4875,9103,10193,10371,12829,14632,17847,22380,24303,23448,26248,18420,22900,5978,10017,2742,2694,4820,4841,5360,6095,6720,8015,7774,8534,8688,9382,11768,14581,5572,9267,162561,109922,12130,5422,62552,679,812,29,20
2021-05-02T23:59:59+02:00,1,9,4517,4861,9027,10136,10246,12721,14306,17541,22079,24017,23398,26188,18401,22875,5977,10016,2736,2687,4761,4808,5270,6014,6584,7886,7657,8434,8642,9341,11744,14547,5570,9262,161674,109805,12127,5420,62448,662,38,29,20
2021-05-01T23:59:59+02:00,1,9,4517,4858,9025,10135,10245,12721,14302,17537,22077,24017,23397,26187,18401,22875,5977,10016,2736,2687,4761,4808,5270,6014,6583,7886,7657,8434,8642,9341,11744,14547,5570,9262,161655,109805,12127,5419,62448,662,38,29,20
2021-04-30T23:59:59+02:00,0,9,4443,4772,8786,9920,9984,12479,13819,17111,21236,23246,23272,26050,18385,22844,5974,10013,2732,2685,4750,4800,5261,5980,6572,7855,7624,8396,8638,9338,11743,14544,5568,9261,158063,109778,12126,5417,62121,530,4,29,20
2021-04-29T23:59:59+02:00,0,9,4296,4627,8308,9509,9282,11876,12814,16208,19387,21560,22563,25288,18247,22633,5968,9996,2710,2666,4710,4729,5218,5906,6511,7749,7543,8280,8529,9223,11677,14469,5561,9252,148858,109286,12111,5154,61570,271,4,28,20
2021-04-28T23:59:59+02:00,0,9,4264,4608,8237,9436,9206,11789,12694,16087,19170,21347,22474,25196,18219,22592,5966,9991,2707,2654,4685,4669,5190,5862,6481,7675,7495,8198,8512,9200,11661,14447,5559,9246,148473,109093,12021,5083,60760,45,3,28,19
2021-04-27T23:59:59+02:00,0,9,4226,4562,8100,9301,9092,11639,12547,15919,18721,20852,22243,24938,18153,22514,5963,9982,2704,2650,4683,4665,5180,5854,6468,7656,7460,8160,8453,9121,11580,14365,5555,9242,147746,108834,10947,4910,60037,37,3,28,14
2021-04-26T23:59:59+02:00,0,9,4185,4535,7993,9205,8945,11533,12374,15745,18309,20487,22109,24791,18117,22482,5962,9980,2704,2648,4679,4661,5175,5846,6455,7636,7427,8132,8405,9073,11524,14286,5551,9225,146969,108729,10812,4652,58950,32,2,28,14
2021-04-25T23:59:59+02:00,0,9,4171,4520,7956,9174,8882,11470,12239,15616,17966,20154,21909,24554,18077,22427,5958,9975,2704,2648,4678,4659,5172,5842,6450,7633,7425,8128,8349,9014,11501,14258,5551,9223,145587,108706,10801,4484,58639,31,2,28,14
2021-04-24T23:59:59+02:00,0,9,4164,4512,7940,9169,8867,11460,12191,15586,17908,20116,21894,24541,18075,22422,5958,9975,2703,2648,4678,4659,5172,5842,6450,7633,7425,8128,8349,9013,11501,14258,5551,9223,145490,108706,10800,4484,58467,30,2,28,13
2021-04-23T23:59:59+02:00,0,9,4144,4482,7883,9106,8782,11358,11853,15260,17474,19717,21680,24308,18010,22345,5956,9967,2700,2646,4675,4656,5166,5834,6436,7624,7402,8097,8328,8986,11492,14249,5549,9220,144223,108694,10453,4324,57628,29,2,28,13
2021-04-22T23:59:59+02:00,0,9,4095,4418,7752,8917,8598,11101,11526,14842,16558,18732,21108,23598,17874,22165,5946,9949,2692,2640,4669,4634,5144,5808,6394,7590,7334,8052,8199,8829,11351,14098,5544,9211,140496,108077,10323,4078,56340,21,2,27,13
2021-04-21T23:59:59+02:00,0,9,4053,4375,7652,8796,8442,10940,11231,14561,15822,17973,20727,23151,17799,22060,5941,9936,2683,2629,4651,4613,5128,5787,6382,7572,7305,8030,8150,8767,11311,14058,5542,9209,137571,107791,10193,3995,55677,19,2,25,12
2021-04-20T23:59:59+02:00,0,9,4028,4349,7618,8743,8366,10860,11068,14387,15388,17498,20263,22634,17695,21908,5933,9924,2675,2620,4641,4600,5104,5767,6354,7548,7265,7990,8056,8635,11235,13971,5538,9205,135421,107218,9928,3956,55295,18,2,25,12
2021-04-19T23:59:59+02:00,0,9,3998,4298,7555,8638,8274,10721,10910,14204,15135,17203,19784,22069,17528,21692,5923,9912,2670,2619,4637,4596,5091,5752,6335,7531,7239,7945,8003,8581,11208,13925,5536,9201,133353,106885,9575,3954,54900,18,2,23,12
2021-04-18T23:59:59+02:00,0,6,3978,4270,7497,8586,8169,10595,10652,13961,14643,16665,19352,21557,17405,21507,5919,9906,2669,2619,4637,4596,5091,5752,6333,7528,7236,7944,7999,8578,11206,13921,5535,9198,130934,106861,9504,3952,54205,17,2,23,12
2021-04-17T23:59:59+02:00,0,6,3975,4262,7477,8580,8158,10577,10611,13915,14531,16578,19232,21435,17383,21479,5918,9904,2669,2619,4636,4594,5085,5747,6319,7523,7211,7921,7953,8532,11187,13898,5533,9198,130498,106850,9495,3746,54003,17,2,23,12
2021-04-16T23:59:59+02:00,0,6,3964,4218,7405,8456,8055,10422,10417,13654,13862,15815,18665,20794,17258,21304,5907,9886,2666,2616,4631,4587,5080,5734,6302,7512,7173,7886,7642,8141,11094,13758,5526,9181,127656,106048,9434,3453,52974,17,1,23,12
2021-04-15T23:59:59+02:00,0,5,3920,4165,7292,8324,7879,10189,10082,13265,13137,14957,17855,19932,17017,20982,5892,9867,2665,2608,4619,4570,5067,5701,6270,7476,7101,7813,7083,7478,10967,13598,5522,9171,124023,104377,9274,3306,51439,15,1,23,12
2021-04-14T23:59:59+02:00,0,4,3893,4133,7226,8218,7772,10038,9905,13066,12719,14511,17327,19320,16865,20773,5886,9852,2631,2589,4601,4538,5039,5654,6235,7443,7043,7753,6440,6712,10703,13302,5518,9163,122630,102035,9037,3305,49817,13,1,23,12
2021-04-13T23:59:59+02:00,0,4,3890,4127,7188,8201,7715,10003,9797,13013,12346,14218,16637,18467,16629,20468,5882,9846,2607,2562,4582,4512,5013,5619,6176,7374,6955,7649,6229,6459,10118,12627,5509,9142,121926,99813,8815,3296,47666,13,1,23,12
2021-04-12T23:59:59+02:00,0,4,3877,4109,7134,8155,7657,9934,9689,12912,12099,14004,16194,17950,16441,20254,5877,9843,2578,2551,4515,4470,4907,5549,6058,7297,6837,7549,5482,5637,9667,12089,5469,9100,121592,96444,8779,3287,45739,13,1,22,12
2021-04-11T23:59:59+02:00,0,4,3862,4101,7092,8103,7597,9891,9598,12835,11863,13796,15625,17262,16165,19914,5872,9833,2502,2471,4386,4349,4756,5417,5896,7145,6687,7444,5180,5276,9535,11928,5469,9096,121001,94277,8351,3237,44038,12,1,22,12
2021-04-10T23:59:59+02:00,0,4,3844,4081,7053,8056,7553,9834,9537,12776,11772,13712,15407,17069,16116,19845,5871,9826,1941,1907,3575,3629,3886,4653,4892,6228,5833,6655,4908,4971,9406,11776,5462,9087,120536,85549,8351,3237,43446,12,1,22,12
2021-04-09T23:59:59+02:00,0,4,3823,4061,7014,8026,7490,9777,9385,12647,11445,13431,14223,15536,15671,19313,5858,9814,1083,1083,2216,2435,2378,3285,3106,4586,4208,5188,4219,4235,9157,11420,5437,9057,118632,69837,8349,3234,40515,12,0,22,12
2021-04-08T23:59:59+02:00,0,4,3797,4045,6954,7973,7388,9684,9197,12530,11041,13080,13087,14272,15254,18782,5835,9778,583,595,1296,1728,1476,2359,2004,3498,2831,3798,2973,2834,8338,10421,5282,8823,117373,55588,8267,3231,37039,10,0,22,12
2021-04-07T23:59:59+02:00,0,4,3749,4019,6876,7917,7296,9614,9069,12401,10732,12772,12359,13506,15035,18518,5829,9756,354,377,946,1382,1069,1973,1494,3036,1884,2794,1790,1544,7430,9274,5126,8564,116411,45789,8115,3231,34905,7,0,21,12
2021-04-06T23:59:59+02:00,0,4,3733,4007,6855,7879,7240,9547,8977,12322,10520,12555,11974,13010,14814,18225,5818,9742,347,363,936,1372,1054,1952,1466,3008,1825,2735,1711,1475,7012,8715,4973,8325,115139,44023,8016,3230,34048,6,0,19,12
2021-04-05T23:59:59+02:00,0,4,3727,4006,6844,7866,7227,9536,8958,12294,10456,12496,11863,12862,14716,18132,5816,9739,345,357,926,1368,1048,1944,1456,2987,1803,2701,1658,1422,6782,8410,4849,8139,114799,42950,7995,3229,33729,6,0,19,12
2021-04-04T23:59:59+02:00,0,4,3727,4006,6842,7860,7226,9535,8955,12294,10446,12491,11860,12858,14713,18131,5816,9739,345,356,924,1368,1047,1942,1455,2986,1801,2698,1655,1417,6775,8396,4844,8136,114794,42901,7994,3228,33696,6,0,19,12
2021-04-03T23:59:59+02:00,0,4,3727,4006,6842,7859,7225,9535,8955,12294,10445,12491,11860,12857,14711,18129,5816,9739,345,355,922,1364,1045,1941,1454,2981,1799,2698,1650,1405,6732,8314,4809,8101,114790,42671,7994,3228,33692,6,0,19,12
2021-04-02T23:59:59+02:00,0,4,3725,4004,6840,7856,7219,9529,8942,12287,10429,12475,11733,12742,14668,18069,5812,9730,343,353,920,1358,1039,1930,1439,2956,1758,2660,1556,1319,5967,7417,4369,7531,114662,39992,7989,2907,33394,6,0,19,12
2021-04-01T23:59:59+02:00,0,3,3686,3992,6806,7835,7177,9499,8890,12248,10357,12404,11384,12332,14281,17540,5798,9702,338,350,904,1343,1027,1909,1407,2911,1698,2595,1433,1225,5026,6306,3809,6701,114225,36064,6573,2902,33117,6,0,19,12
2021-03-31T23:59:59+02:00,0,3,3680,3987,6791,7815,7160,9479,8856,12215,10268,12332,11048,11925,13929,17041,5792,9679,335,346,896,1333,1016,1894,1387,2883,1649,2558,1367,1172,4437,5624,3449,6226,113641,33727,5563,2829,32777,6,0,19,12
2021-03-30T23:59:59+02:00,0,3,3662,3963,6755,7778,7102,9413,8767,12112,10106,12177,10789,11648,13708,16776,5784,9665,331,339,891,1322,1009,1888,1364,2876,1620,2532,1340,1146,4318,5502,3388,6131,112827,33351,5313,2630,32051,6,0,17,12
2021-03-29T23:59:59+02:00,0,3,3652,3941,6729,7756,7062,9360,8672,12016,9923,11969,10351,11179,13336,16307,5768,9632,326,335,887,1311,1003,1880,1355,2866,1606,2523,1318,1132,4182,5359,3290,5998,111152,32732,5005,2624,31482,5,0,17,12
2021-03-28T23:59:59+02:00,0,3,3611,3885,6613,7598,6945,9217,8546,11823,9770,11778,10143,10919,13161,16125,5764,9623,326,335,887,1309,1001,1879,1354,2866,1605,2521,1309,1129,4149,5317,3264,5972,110782,32687,4740,2522,29985,4,0,17,12
2021-03-27T23:59:59+01:00,0,3,3610,3874,6601,7534,6915,9105,8496,11654,9718,11624,10030,10795,13066,16037,5763,9623,326,334,887,1309,1001,1876,1354,2864,1601,2520,1307,1127,4123,5282,3251,5957,110773,32584,4740,2521,28918,4,0,17,12
2021-03-26T23:59:59+01:00,0,3,3604,3867,6573,7497,6887,9030,8448,11541,9627,11496,9981,10731,13018,15981,5755,9602,321,332,886,1306,997,1864,1351,2843,1581,2506,1282,1111,3939,5054,3142,5803,110713,31824,4516,2480,28395,4,0,17,12
2021-03-25T23:59:59+01:00,0,3,3581,3836,6481,7371,6795,8864,8259,11310,9317,11179,9600,10347,12712,15665,5750,9591,321,331,884,1298,994,1854,1338,2830,1558,2487,1257,1091,3701,4804,2889,5464,110335,30608,4305,2480,26004,3,0,17,12
2021-03-24T23:59:59+01:00,0,3,3524,3786,6391,7187,6672,8638,8094,11073,9090,10854,9186,9857,12293,15206,5739,9580,321,330,883,1294,989,1852,1331,2826,1542,2471,1248,1081,3634,4730,2704,5240,109819,29986,4167,2480,23170,0,0,17,12
2021-03-23T23:59:59+01:00,0,3,3506,3753,6343,7133,6595,8578,7976,10945,8842,10621,8765,9390,11842,14685,5729,9565,321,330,882,1284,984,1843,1326,2817,1538,2464,1224,1056,3542,4653,2509,4917,109004,29200,4076,2480,21174,0,0,17,12
2021-03-22T23:59:59+01:00,0,3,3498,3733,6301,7105,6560,8530,7910,10870,8694,10485,8484,9039,11540,14361,5694,9526,319,325,876,1274,976,1836,1319,2806,1528,2454,1212,1046,3513,4617,2490,4884,108337,28986,4074,2479,19905,0,0,17,12
2021-03-21T23:59:59+01:00,0,3,3496,3731,6297,7095,6543,8514,7893,10851,8638,10427,8364,8922,11471,14259,5691,9523,317,324,868,1271,969,1829,1310,2804,1523,2450,1208,1043,3504,4602,2475,4874,108252,28882,4073,2479,19376,0,0,17,12
2021-03-20T23:59:59+01:00,0,3,3488,3693,6289,7023,6527,8377,7868,10667,8594,10292,8287,8836,11433,14220,5691,9523,317,324,868,1271,969,1828,1309,2804,1523,2448,1208,1043,3504,4601,2475,4873,108219,28877,3862,2478,18713,0,0,17,12
2021-03-19T23:59:59+01:00,0,3,3475,3663,6261,6937,6503,8284,7822,10550,8481,10132,7744,8229,11245,13977,5682,9505,314,323,863,1264,952,1819,1287,2773,1473,2404,1126,975,2834,3807,2056,4293,106598,26075,3560,2478,18318,0,0,17,12
2021-03-18T23:59:59+01:00,0,3,3464,3645,6220,6897,6469,8222,7758,10463,8365,10003,6785,7128,10965,13676,5670,9480,313,323,859,1259,946,1809,1272,2765,1449,2385,1087,955,2628,3567,1900,4071,103571,25100,3399,2478,18226,0,0,17,12
2021-03-17T23:59:59+01:00,0,3,3427,3606,6150,6814,6414,8117,7667,10332,8234,9846,6099,6279,10679,13363,5653,9453,312,323,851,1253,941,1797,1258,2743,1430,2358,1050,930,2502,3436,1818,3953,100769,24467,3398,2478,17952,0,0,17,12
2021-03-16T23:59:59+01:00,0,3,3409,3576,6111,6761,6369,8043,7613,10266,8143,9744,5923,6103,9971,12555,5612,9389,305,312,837,1237,928,1788,1252,2723,1418,2350,1036,911,2287,3188,1681,3756,98502,23523,3387,2476,17685,0,0,17,12
2021-03-15T23:59:59+01:00,0,3,3372,3544,6012,6681,6239,7950,7469,10146,8015,9618,5169,5269,9524,12005,5568,9319,304,311,833,1233,926,1781,1250,2710,1409,2341,1023,899,2142,3014,1590,3661,94978,22942,3378,2475,17530,0,0,17,12
2021-03-14T23:59:59+01:00,0,3,3248,3401,5733,6336,5968,7590,7155,9731,7728,9300,4837,4878,9365,11807,5564,9305,304,310,833,1233,925,1781,1248,2709,1407,2338,1021,896,2139,3011,1587,3660,92585,22920,3323,2472,16024,0,0,17,12
2021-03-13T23:59:59+01:00,0,3,2592,2745,4799,5469,4956,6664,5963,8616,6715,8352,4523,4495,8979,11283,5472,9197,304,310,832,1231,925,1776,1246,2707,1406,2338,1021,895,2115,2974,1556,3624,81915,22778,3323,2472,15568,0,0,17,12
2021-03-12T23:59:59+01:00,0,2,1769,1929,3465,4317,3448,5333,4216,6979,5076,6842,3852,3788,7722,9735,4957,8507,300,307,830,1227,919,1770,1239,2687,1381,2321,976,868,1759,2508,1281,3263,63064,21154,3320,2472,15536,0,0,17,12
2021-03-11T23:59:59+01:00,0,2,1270,1453,2560,3577,2548,4398,3123,5889,3717,5456,2679,2514,6022,7641,4192,7341,295,298,814,1218,906,1747,1221,2658,1356,2274,940,848,1601,2274,1154,3073,45813,20195,3318,2472,15234,0,0,17,12
2021-03-10T23:59:59+01:00,0,2,1049,1236,2193,3217,2173,4008,2672,5448,2807,4489,1543,1309,4663,5920,3627,6576,285,288,796,1198,884,1711,1187,2585,1317,2208,913,829,1419,2084,1057,2897,34763,19285,3318,2363,14835,0,0,16,12
2021-03-09T23:59:59+01:00,0,2,1033,1207,2129,3077,2109,3893,2588,5315,2722,4364,1509,1278,4586,5846,3585,6517,281,281,782,1177,867,1685,1161,2544,1299,2180,899,817,1342,1958,986,2781,34349,18711,3315,2319,14080,0,0,16,12
2021-03-08T23:59:59+01:00,0,2,1012,1177,2072,2977,2070,3812,2528,5203,2667,4291,1471,1257,4437,5684,3482,6372,281,277,777,1169,865,1676,1153,2536,1291,2164,874,796,1172,1732,861,2612,33647,17911,3315,2315,13536,0,0,16,12
2021-03-07T23:59:59+01:00,0,2,1007,1158,2032,2931,2028,3771,2489,5138,2626,4254,1466,1254,4430,5676,3479,6372,281,277,777,1169,865,1676,1153,2536,1290,2164,871,796,1163,1722,853,2601,33613,17911,3309,2273,13175,0,0,16,12
2021-03-06T23:59:59+01:00,0,2,1007,1155,2021,2917,2016,3752,2473,5111,2609,4233,1453,1244,4396,5630,3465,6360,281,277,777,1169,865,1675,1153,2536,1290,2164,871,796,1163,1722,853,2600,33469,17910,3308,2272,13051,0,0,16,12
2021-03-05T23:59:59+01:00,0,2,1003,1151,2006,2897,1986,3729,2430,5059,2557,4195,1417,1217,4127,5304,3313,6139,280,274,770,1162,859,1667,1150,2527,1286,2154,857,792,1155,1713,852,2598,32726,17814,2975,2272,12815,0,0,16,12
2021-03-04T23:59:59+01:00,0,2,909,1003,1917,2772,1920,3592,2354,4905,2467,4035,1386,1195,3885,5042,3048,5787,280,272,768,1157,856,1658,1149,2513,1282,2145,825,777,1142,1703,845,2585,31469,17698,2971,2249,11763,0,0,16,12
2021-03-03T23:59:59+01:00,0,2,862,896,1850,2676,1849,3488,2285,4790,2393,3951,1373,1182,3775,4935,2824,5512,279,270,767,1146,853,1640,1143,2471,1272,2119,808,773,1134,1684,837,2578,30790,17671,2852,2093,10985,0,0,16,12
2021-03-02T23:59:59+01:00,0,2,818,819,1754,2553,1765,3364,2195,4666,2333,3873,1338,1160,3645,4800,2617,5161,279,269,766,1140,849,1637,1138,2466,1268,2109,806,771,1119,1663,826,2559,30056,17563,2662,2092,10129,0,0,16,12
2021-03-01T23:59:59+01:00,0,2,795,783,1654,2411,1694,3218,2095,4494,2253,3752,1320,1148,3594,4735,2573,5101,279,267,762,1136,846,1625,1134,2454,1263,2099,799,768,1114,1651,818,2552,29803,17465,2578,2092,9225,0,0,16,12
2021-02-28T23:59:59+01:00,0,2,789,760,1636,2345,1666,3146,2072,4395,2238,3685,1314,1142,3584,4720,2558,5090,278,266,762,1135,846,1620,1134,2452,1263,2094,795,766,1106,1638,814,2542,29694,17442,2576,2059,8856,0,0,16,12
2021-02-27T23:59:59+01:00,0,2,774,743,1615,2285,1649,3035,2053,4269,2217,3590,1311,1139,3584,4719,2558,5089,278,266,762,1135,846,1619,1134,2452,1263,2093,795,766,1096,1632,797,2528,29691,17440,2575,2012,8350,0,0,16,12
2021-02-26T23:59:59+01:00,0,2,645,664,1511,2172,1598,2877,1990,4033,2116,3354,1221,1069,2930,3922,2123,4496,278,265,761,1133,845,1618,1134,2450,1261,2090,794,762,1078,1619,787,2511,26873,17366,2575,2010,7259,0,0,16,12
2021-02-25T23:59:59+01:00,0,2,497,587,1394,2068,1531,2749,1930,3905,2016,3241,1171,1034,2700,3652,1957,4253,261,250,737,1111,803,1549,1086,2350,1188,1998,738,741,1045,1581,775,2483,25803,17275,2545,1411,6323,0,0,16,12
2021-02-24T23:59:59+01:00,0,2,468,557,1324,1958,1461,2606,1860,3755,1940,3091,1134,1005,2561,3517,1877,4132,232,237,712,1065,776,1487,1056,2289,1133,1947,711,718,998,1551,762,2453,25159,17086,2533,1031,5540,0,0,16,12
2021-02-23T23:59:59+01:00,0,2,413,517,1241,1819,1386,2461,1784,3544,1871,2969,1109,971,2354,3287,1749,3940,227,232,697,1041,764,1448,1034,2242,1107,1906,702,707,989,1537,759,2449,24224,16996,2523,835,4654,0,0,16,12
2021-02-22T23:59:59+01:00,0,2,400,483,1140,1710,1283,2364,1676,3437,1790,2898,1087,957,2210,3113,1658,3841,217,223,674,989,733,1385,1008,2148,1065,1824,658,674,919,1458,720,2390,23633,16806,2519,269,3881,0,0,16,12
2021-02-21T23:59:59+01:00,0,2,381,466,1039,1677,1133,2340,1521,3415,1685,2880,1079,955,2209,3112,1658,3841,190,217,643,981,722,1377,994,2143,1059,1822,655,671,916,1452,712,2382,23604,16672,2519,254,3254,0,0,16,12
2021-02-20T23:59:59+01:00,0,2,381,464,1038,1677,1132,2340,1520,3413,1685,2878,1079,954,2208,3112,1657,3840,189,215,640,981,719,1376,988,2140,1057,1822,655,671,916,1452,712,2381,23598,16650,2518,254,3248,0,0,16,12
2021-02-19T23:59:59+01:00,0,2,376,455,1026,1673,1122,2330,1508,3394,1652,2863,1029,925,1831,2605,1352,3447,167,205,614,977,701,1368,971,2138,1051,1820,652,670,915,1452,711,2378,21832,16526,2518,254,3224,0,0,16,12
2021-02-18T23:59:59+01:00,0,2,356,434,987,1590,1085,2244,1454,3278,1611,2771,1000,901,1654,2360,1218,3235,147,194,575,966,681,1355,937,2121,1026,1800,641,651,894,1424,697,2357,20831,16202,2518,254,2815,0,0,16,12
2021-02-17T23:59:59+01:00,0,2,333,382,903,1447,976,2046,1321,3024,1500,2551,962,871,1463,2148,1117,3054,141,187,563,935,656,1303,905,2042,980,1723,606,619,887,1397,691,2337,19749,15708,2518,254,1817,0,0,16,12
2021-02-16T23:59:59+01:00,0,2,327,343,860,1309,925,1863,1260,2803,1433,2391,951,854,1402,2051,1050,2953,135,174,549,893,641,1249,877,1978,950,1682,596,609,864,1363,677,2272,19377,15380,2517,119,867,0,0,16,12
2021-02-15T23:59:59+01:00,0,2,312,302,831,1278,908,1807,1220,2720,1395,2335,922,821,1224,1821,920,2776,127,166,528,867,624,1187,851,1905,927,1605,575,572,846,1326,668,2227,18464,14912,2516,79,600,0,0,14,12
2021-02-14T23:59:59+01:00,0,2,312,302,830,1278,907,1807,1219,2720,1395,2335,922,821,1224,1821,920,2775,126,166,527,859,620,1182,845,1899,923,1602,574,571,844,1325,666,2223,18462,14864,2516,78,598,0,0,14,12
2021-02-13T23:59:59+01:00,0,2,312,302,830,1278,907,1804,1219,2718,1395,2333,922,821,1224,1820,918,2775,126,166,527,859,620,1182,842,1896,921,1598,571,571,829,1304,654,2206,18455,14861,2513,1,598,0,0,14,12
2021-02-12T23:59:59+01:00,0,2,308,301,821,1273,903,1774,1213,2691,1367,2303,920,819,1223,1817,918,2775,126,166,525,857,619,1175,836,1884,915,1585,568,569,815,1293,648,2193,18447,14763,2513,1,454,0,0,14,12
2021-02-11T23:59:59+01:00,0,2,289,292,806,1238,897,1739,1197,2626,1345,2249,886,805,1212,1806,917,2765,124,152,507,818,597,1110,802,1784,893,1526,555,555,788,1259,633,2160,18335,14253,2512,0,210,0,0,14,12
2021-02-10T23:59:59+01:00,0,2,286,285,787,1201,884,1711,1185,2581,1330,2207,881,803,1197,1790,912,2748,120,142,440,732,551,1017,724,1658,835,1440,540,538,771,1236,620,2130,18312,13496,2407,0,58,0,0,13,0
2021-02-09T23:59:59+01:00,0,2,286,282,782,1186,872,1693,1170,2561,1316,2183,866,797,1183,1771,901,2728,104,123,383,643,498,884,644,1452,746,1248,487,459,652,1067,541,1863,18203,11796,2360,0,3,0,0,13,0
2021-02-08T23:59:59+01:00,0,2,285,281,780,1181,869,1686,1168,2557,1309,2175,860,794,1167,1748,883,2703,93,100,337,548,446,783,554,1241,638,1082,410,384,563,870,436,1533,18077,10020,2357,0,1,0,0,13,0
2021-02-07T23:59:59+01:00,0,2,284,280,779,1180,868,1686,1168,2556,1309,2172,854,792,1165,1745,882,2701,91,99,335,543,444,779,552,1232,634,1076,404,378,542,847,430,1518,18053,9906,2357,0,0,0,0,13,0
2021-02-06T23:59:59+01:00,0,2,284,279,778,1179,868,1685,1168,2556,1309,2171,853,792,1163,1739,880,2699,91,98,335,539,443,778,551,1228,632,1075,401,373,493,778,399,1472,18037,9688,2355,0,0,0,0,13,0
2021-02-05T23:59:59+01:00,0,2,284,278,778,1178,867,1684,1167,2555,1308,2166,846,786,1139,1728,873,2683,85,95,327,533,427,759,526,1193,603,1032,378,345,469,750,379,1425,17954,9327,2355,0,0,0,0,13,0
2021-02-04T23:59:59+01:00,0,2,281,270,775,1156,856,1661,1154,2527,1292,2143,823,772,1110,1698,865,2664,71,76,258,411,332,590,408,965,493,829,306,282,361,605,312,1202,17704,7501,2332,0,0,0,0,13,0
2021-02-03T23:59:59+01:00,0,2,280,265,772,1133,853,1633,1147,2476,1279,2111,803,758,1094,1677,853,2648,57,55,171,283,258,440,288,715,366,592,209,200,256,446,223,900,17600,5459,2171,0,0,0,0,13,0
2021-02-02T23:59:59+01:00,0,2,279,259,768,1124,847,1612,1139,2450,1267,2093,796,751,1086,1665,850,2639,37,34,93,141,149,254,175,446,236,374,135,130,174,271,157,578,17444,3384,2170,0,0,0,0,13,0
2021-02-01T23:59:59+01:00,0,2,277,256,763,1105,839,1592,1134,2420,1263,2058,786,737,1080,1654,845,2622,13,11,16,29,27,64,46,88,73,102,49,45,62,79,46,194,17250,944,2170,0,0,0,0,13,0
2021-01-31T23:59:59+01:00,0,2,271,254,747,1103,831,1581,1124,2409,1252,2050,780,731,1070,1636,838,2608,12,11,15,27,25,61,40,83,66,94,46,45,57,72,43,181,17213,878,2061,0,0,0,0,13,0
2021-01-30T23:59:59+01:00,0,2,271,254,747,1102,831,1581,1124,2409,1252,2050,779,731,1060,1629,821,2593,12,9,15,27,25,61,40,83,65,92,45,44,56,72,43,180,17209,869,2014,0,0,0,0,13,0
2021-01-29T23:59:59+01:00,0,2,270,254,747,1101,831,1581,1124,2409,1252,2049,778,730,1059,1627,821,2591,10,4,13,25,25,60,38,82,64,92,44,43,56,72,43,180,17201,851,2012,0,0,0,0,13,0
2021-01-28T23:59:59+01:00,0,2,266,249,736,1076,797,1525,1087,2348,1176,1991,737,716,1031,1607,805,2571,5,0,4,7,10,24,19,37,20,45,21,22,25,49,17,108,17021,413,1686,0,0,0,0,13,0
2021-01-27T23:59:59+01:00,0,2,260,242,713,1044,751,1471,1028,2267,1103,1910,702,689,1016,1584,802,2563,4,0,4,4,7,20,15,23,13,32,6,9,11,12,5,30,16572,195,1562,0,0,0,0,13,0
2021-01-26T23:59:59+01:00,0,2,236,233,698,1020,743,1423,1008,2193,1076,1845,690,675,992,1568,792,2544,4,0,2,4,6,10,13,12,6,11,3,5,7,8,2,17,16521,110,1204,0,0,0,0,13,0
2021-01-25T23:59:59+01:00,0,2,205,218,645,948,691,1301,965,2048,1018,1710,643,619,914,1471,745,2468,4,0,2,4,6,10,13,12,6,11,3,5,7,8,2,17,16294,110,304,0,0,0,0,13,0
2021-01-24T23:59:59+01:00,0,2,188,212,619,936,672,1287,947,2031,1003,1700,635,613,904,1451,736,2455,3,0,2,4,6,10,12,12,5,11,3,5,7,8,2,17,16119,107,259,0,0,0,0,13,0
2021-01-23T23:59:59+01:00,0,2,188,212,619,936,672,1287,947,2031,1003,1700,635,613,904,1451,736,2455,3,0,2,4,6,10,10,12,5,11,3,5,7,8,2,17,16119,105,259,0,0,0,0,13,0
2021-01-22T23:59:59+01:00,0,2,141,194,561,926,654,1272,913,2021,991,1689,630,612,903,1451,736,2455,3,0,1,4,6,10,10,12,5,11,3,5,7,8,2,17,15879,104,259,0,0,0,0,13,0
2021-01-21T23:59:59+01:00,0,2,137,186,546,905,634,1231,880,1968,970,1642,618,591,891,1420,729,2436,3,0,0,4,5,10,9,12,5,11,3,5,7,8,2,16,15514,100,259,0,0,0,0,13,0
2021-01-20T23:59:59+01:00,0,2,131,169,499,840,611,1153,817,1858,933,1571,597,573,874,1397,717,2405,3,0,0,4,5,10,9,12,5,11,3,5,7,8,2,16,14877,100,257,0,0,0,0,13,0
2021-01-19T23:59:59+01:00,0,2,121,151,427,753,548,1024,733,1670,833,1414,550,523,775,1242,636,2149,3,0,0,4,5,8,9,12,5,11,3,5,7,8,2,16,13348,98,190,0,0,0,0,13,0
2021-01-18T23:59:59+01:00,0,2,103,118,358,603,458,855,602,1409,707,1205,480,457,688,1079,558,1864,1,0,0,1,1,0,0,0,0,1,0,0,0,1,0,0,11452,5,81,0,0,0,0,13,0
2021-01-17T23:59:59+01:00,0,2,99,116,354,598,457,849,600,1390,700,1195,474,447,661,1048,538,1817,1,0,0,1,0,0,0,0,0,1,0,0,0,1,0,0,11252,4,80,0,0,0,0,13,0
2021-01-16T23:59:59+01:00,0,2,99,113,352,589,454,844,588,1377,689,1183,459,434,564,923,476,1718,0,0,0,1,0,0,0,0,0,0,0,0,0,0,0,0,10848,1,3,0,0,0,0,13,0
2021-01-15T23:59:59+01:00,0,2,97,111,347,587,448,839,582,1370,672,1167,443,416,556,911,466,1694,0,0,0,0,0,0,0,0,0,0,0,0,0,0,0,0,10694,0,1,0,0,0,0,13,0
2021-01-14T23:59:59+01:00,0,0,80,89,293,486,370,674,464,1117,554,987,362,334,437,745,382,1439,0,0,0,0,0,0,0,0,0,0,0,0,0,0,0,0,8800,0,0,0,0,0,0,13,0
2021-01-13T23:59:59+01:00,0,0,66,66,208,369,294,504,351,836,425,708,253,235,321,559,293,1103,0,0,0,0,0,0,0,0,0,0,0,0,0,0,0,0,6579,0,0,0,0,0,0,12,0
2021-01-12T23:59:59+01:00,0,0,44,44,128,218,182,313,211,531,283,442,160,151,208,367,202,740,0,0,0,0,0,0,0,0,0,0,0,0,0,0,0,0,4224,0,0,0,0,0,0,0,0
2021-01-11T23:59:59+01:00,0,0,14,13,44,60,42,93,59,119,95,129,64,58,89,111,57,249,0,0,0,0,0,0,0,0,0,0,0,0,0,0,0,0,1296,0,0,0,0,0,0,0,0
2021-01-10T23:59:59+01:00,0,0,13,13,31,48,35,75,50,110,82,119,57,54,82,101,54,234,0,0,0,0,0,0,0,0,0,0,0,0,0,0,0,0,1158,0,0,0,0,0,0,0,0
2021-01-09T23:59:59+01:00,0,0,13,12,28,47,35,75,49,109,80,116,56,53,81,100,52,233,0,0,0,0,0,0,0,0,0,0,0,0,0,0,0,0,1139,0,0,0,0,0,0,0,0
2021-01-08T23:59:59+01:00,0,0,9,4,28,41,33,72,46,107,79,115,53,49,75,95,48,233,0,0,0,0,0,0,0,0,0,0,0,0,0,0,0,0,1087,0,0,0,0,0,0,0,0
2021-01-07T23:59:59+01:00,0,0,6,1,10,20,16,38,27,77,34,77,32,27,51,81,33,180,0,0,0,0,0,0,0,0,0,0,0,0,0,0,0,0,710,0,0,0,0,0,0,0,0
2021-01-06T23:59:59+01:00,0,0,6,0,5,9,11,30,24,43,20,48,26,24,37,56,23,129,0,0,0,0,0,0,0,0,0,0,0,0,0,0,0,0,491,0,0,0,0,0,0,0,0
2021-01-05T23:59:59+01:00,0,0,5,0,5,8,11,30,24,43,20,48,26,24,37,55,23,129,0,0,0,0,0,0,0,0,0,0,0,0,0,0,0,0,488,0,0,0,0,0,0,0,0
2021-01-04T23:59:59+01:00,0,0,4,0,2,3,5,11,13,12,5,12,3,5,7,9,2,18,0,0,0,0,0,0,0,0,0,0,0,0,0,0,0,0,111,0,0,0,0,0,0,0,0
2021-01-03T23:59:59+01:00,0,0,3,0,2,3,5,10,12,12,5,12,3,5,7,9,2,17,0,0,0,0,0,0,0,0,0,0,0,0,0,0,0,0,107,0,0,0,0,0,0,0,0
2021-01-02T23:59:59+01:00,0,0,3,0,2,3,5,10,10,12,5,12,3,5,7,9,2,17,0,0,0,0,0,0,0,0,0,0,0,0,0,0,0,0,105,0,0,0,0,0,0,0,0
2021-01-01T23:59:59+01:00,0,0,3,0,1,3,5,10,10,12,5,12,3,5,7,8,2,17,0,0,0,0,0,0,0,0,0,0,0,0,0,0,0,0,103,0,0,0,0,0,0,0,0
2020-12-31T23:59:59+01:00,0,0,3,0,0,3,5,10,9,12,5,12,3,5,7,8,2,17,0,0,0,0,0,0,0,0,0,0,0,0,0,0,0,0,101,0,0,0,0,0,0,0,0
2020-12-30T23:59:59+01:00,0,0,3,0,0,3,5,10,9,12,5,12,3,5,7,8,2,17,0,0,0,0,0,0,0,0,0,0,0,0,0,0,0,0,101,0,0,0,0,0,0,0,0
2020-12-29T23:59:59+01:00,0,0,3,0,0,3,5,8,9,12,5,12,3,5,7,8,2,17,0,0,0,0,0,0,0,0,0,0,0,0,0,0,0,0,99,0,0,0,0,0,0,0,0
2020-12-28T23:59:59+01:00,0,0,3,0,0,3,5,8,9,12,5,12,3,5,7,8,2,17,0,0,0,0,0,0,0,0,0,0,0,0,0,0,0,0,99,0,0,0,0,0,0,0,0
2020-12-27T23:59:59+01:00,0,0,1,0,0,0,0,0,0,0,0,1,0,0,2,4,0,8,0,0,0,0,0,0,0,0,0,0,0,0,0,0,0,0,16,0,0,0,0,0,0,0,0
