Datum,<15_m,<15_w,15-24_1_m,15-24_1_w,25-34_1_m,25-34_1_w,35-44_1_m,35-44_1_w,45-54_1_m,45-54_1_w,55-64_1_m,55-64_1_w,65-74_1_m,65-74_1_w,75-84_1_m,75-84_1_w,>84_1_m,>84_1_w,<24_2_m,<24_2_w,25-34_2_m,25-34_2_w,35-44_2_m,35-44_2_w,45-54_2_m,45-54_2_w,55-64_2_m,55-64_2_w,65-74_2_m,65-74_2_w,75-84_2_m,75-84_2_w,>84_2_m,>84_2_w,bp_1,bp_2,mo_1,mo_2,az_1,az_2,ja,unb_1,unb_2
2021-08-12T23:59:59+02:00,2163,1936,21870,20926,31631,29029,32378,32347,38112,38592,41907,42210,27679,30900,19689,24722,5986,10125,17082,16398,28220,25658,29953,29630,35731,35841,39571,39851,26463,29517,18901,23555,5716,9610,313492,283937,44528,42737,77451,70656,16664,67,26
2021-08-11T23:59:59+02:00,2161,1931,21852,20909,31613,29007,32363,32331,38104,38583,41896,42194,27671,30897,19685,24717,5985,10121,17027,16342,28185,25613,29906,29593,35710,35804,39536,39819,26452,29491,18894,23545,5716,9608,313312,283465,44528,42736,77451,70654,16662,67,26
2021-08-10T23:59:59+02:00,2153,1910,21827,20874,31586,28988,32352,32313,38081,38558,41880,42189,27666,30890,19684,24714,5984,10117,16896,16245,28094,25531,29821,29516,35559,35694,39491,39784,26432,29469,18890,23534,5713,9607,313094,282755,44525,42717,77449,70404,16631,67,26
2021-08-09T23:59:59+02:00,2141,1901,21804,20855,31571,28974,32339,32302,38071,38551,41873,42174,27663,30889,19683,24707,5983,10117,16825,16198,28042,25482,29789,29482,35533,35664,39469,39760,26427,29458,18886,23529,5713,9605,312931,282312,44525,42716,77449,70395,16626,67,26
2021-08-08T23:59:59+02:00,2139,1896,21786,20843,31558,28966,32326,32295,38057,38549,41866,42166,27659,30887,19680,24703,5983,10115,16778,16150,28001,25456,29763,29443,35509,35642,39454,39744,26420,29449,18879,23524,5712,9602,312858,282025,44524,42696,77449,70388,16576,67,26
2021-08-07T23:59:59+02:00,2095,1853,21654,20762,31477,28900,32253,32234,38001,38498,41833,42139,27651,30861,19675,24694,5981,10113,16284,15720,27715,25196,29551,29267,35333,35496,39320,39639,26369,29389,18861,23496,5710,9599,312240,279543,44492,42576,77443,70299,16432,67,26
2021-08-06T23:59:59+02:00,2085,1843,21605,20726,31437,28868,32220,32215,37975,38478,41824,42124,27645,30852,19671,24694,5981,10113,15268,14746,26582,24307,29262,29036,35088,35298,39014,39401,26325,29345,18851,23486,5709,9596,312018,274591,44489,42555,77443,69511,16339,67,26
2021-08-05T23:59:59+02:00,2048,1814,21499,20640,31380,28791,32165,32159,37920,38429,41779,42087,27628,30833,19662,24681,5979,10110,14384,14004,25568,23535,28550,28526,34563,34868,38699,39158,26257,29266,18819,23453,5706,9586,311479,269750,44466,42502,77441,68017,16151,67,26
2021-08-04T23:59:59+02:00,2029,1795,21429,20587,31338,28721,32135,32118,37888,38406,41747,42061,27616,30818,19657,24668,5977,10107,14018,13669,25173,23234,28338,28308,34424,34744,38606,39065,26219,29222,18798,23430,5702,9581,311040,267347,44460,42476,77441,67975,16089,67,26
2021-08-03T23:59:59+02:00,2020,1779,21403,20561,31321,28707,32122,32109,37879,38393,41732,42049,27609,30812,19653,24661,5976,10105,13934,13583,25096,23159,28271,28252,34380,34702,38560,39032,26204,29202,18789,23422,5700,9575,310842,266675,44457,42475,77440,67949,16085,67,26
2021-08-02T23:59:59+02:00,2010,1758,21358,20525,31278,28687,32096,32078,37854,38378,41719,42034,27600,30800,19653,24654,5975,10101,13730,13374,24394,22610,27995,28033,34230,34590,38480,38971,26177,29170,18781,23417,5700,9573,310563,264268,44454,42461,77440,67725,16034,67,26
2021-08-01T23:59:59+02:00,1993,1742,21307,20478,31227,28650,32072,32061,37837,38359,41697,42017,27594,30794,19650,24645,5975,10100,13561,13215,24094,22355,27756,27818,34140,34481,38411,38899,26161,29151,18775,23411,5700,9571,310274,262574,44448,42449,77439,67702,15970,67,26
2021-07-31T23:59:59+02:00,1968,1712,21224,20404,31162,28614,32017,32023,37801,38331,41674,41996,27590,30786,19645,24641,5975,10100,12624,12192,23576,21915,27413,27465,33834,34184,37982,38558,26091,29066,18749,23367,5695,9565,309864,257563,44437,42414,77437,67136,15858,67,26
2021-07-30T23:59:59+02:00,1943,1693,21203,20382,31132,28595,32002,32007,37795,38324,41666,41988,27585,30783,19644,24641,5974,10100,12537,12117,23247,21627,27130,27253,33619,34024,37821,38427,26068,29049,18747,23359,5695,9563,309685,256137,44436,42406,77437,66588,15832,67,26
2021-07-29T23:59:59+02:00,1874,1624,20971,20150,30992,28450,31901,31899,37703,38235,41577,41928,27557,30759,19631,24623,5968,10092,11911,11587,22122,20790,26093,26415,32642,33336,37439,38138,25986,28948,18718,23312,5690,9556,308493,250548,44409,42321,77430,64834,15535,67,26
2021-07-28T23:59:59+02:00,1854,1609,20931,20101,30973,28423,31886,31878,37683,38215,41556,41908,27546,30747,19626,24613,5968,10090,11635,11289,21712,20409,25662,25985,32480,33186,37329,38048,25949,28898,18702,23291,5689,9551,308186,247652,44408,42319,77418,64774,15529,66,26
2021-07-27T23:59:59+02:00,1844,1603,20891,20060,30950,28391,31853,31864,37662,38183,41532,41894,27539,30740,19625,24608,5968,10087,11386,11078,21515,20220,25523,25866,32373,33085,37247,37967,25924,28861,18694,23282,5686,9547,307954,246189,44408,42314,77417,64700,15449,66,26
2021-07-26T23:59:59+02:00,1818,1569,20767,19945,30846,28294,31797,31802,37611,38117,41489,41864,27515,30722,19615,24595,5962,10084,11099,10755,21012,19782,25278,25660,32213,32936,37116,37881,25890,28826,18681,23260,5685,9539,307220,243915,44379,42203,77412,64496,15335,66,26
2021-07-25T23:59:59+02:00,1811,1560,20745,19934,30837,28285,31787,31788,37605,38111,41479,41855,27511,30720,19614,24593,5962,10083,10994,10649,20862,19674,25044,25467,31975,32729,36973,37749,25873,28812,18675,23253,5684,9536,307112,242659,44369,42187,77404,64086,15329,66,26
2021-07-24T23:59:59+02:00,1791,1545,20665,19861,30795,28247,31752,31752,37579,38083,41456,41843,27504,30715,19611,24591,5962,10083,10931,10595,20786,19612,24972,25406,31922,32698,36944,37729,25867,28808,18673,23251,5684,9536,306771,242291,44358,42164,77400,64020,15240,66,26
2021-07-23T23:59:59+02:00,1736,1510,20476,19720,30633,28136,31664,31683,37512,38031,41416,41801,27493,30699,19606,24585,5961,10078,10676,10392,20423,19308,24170,24762,31442,32369,36382,37273,25824,28766,18657,23234,5683,9534,305954,239433,44349,42120,77383,62633,14988,66,25
2021-07-22T23:59:59+02:00,1673,1454,20167,19453,30395,27957,31533,31570,37384,37927,41318,41720,27467,30676,19595,24562,5957,10077,10218,10018,19682,18799,23218,24095,30736,31782,35352,36514,25713,28670,18624,23202,5681,9530,304494,235840,44316,41457,77379,60122,14630,66,25
2021-07-21T23:59:59+02:00,1658,1446,20131,19406,30368,27928,31511,31547,37364,37902,41297,41697,27458,30668,19590,24556,5952,10073,9908,9683,19224,18349,22350,23332,30402,31449,35122,36317,25630,28573,18593,23150,5673,9520,304176,233108,44310,39773,77377,59950,14623,66,22
2021-07-20T23:59:59+02:00,1652,1441,20098,19379,30341,27907,31487,31528,37348,37886,41285,41685,27443,30654,19590,24549,5952,10070,9642,9405,18893,18080,22082,23047,30227,31295,34958,36172,25584,28528,18578,23116,5672,9516,303934,230725,44308,39764,77376,59851,14611,66,22
2021-07-19T23:59:59+02:00,1641,1433,19985,19291,30261,27835,31429,31475,37329,37867,41270,41667,27438,30643,19584,24542,5951,10067,9442,9208,18580,17805,21620,22630,29973,31064,34838,36071,25550,28490,18560,23100,5672,9513,303362,229096,44302,38825,77375,59737,14603,66,22
2021-07-18T23:59:59+02:00,1630,1428,19918,19226,30135,27736,31366,31412,37267,37816,41229,41616,27418,30613,19575,24527,5947,10064,9333,9094,18416,17657,21431,22440,29805,30866,34725,35971,25520,28467,18549,23083,5672,9507,302588,227852,44302,38525,77373,59696,14594,66,22
2021-07-17T23:59:59+02:00,1629,1424,19911,19224,30135,27733,31366,31408,37262,37814,41225,41614,27417,30612,19574,24527,5947,10064,9312,9079,18383,17635,21413,22427,29795,30859,34706,35967,25517,28465,18549,23082,5672,9507,302555,227698,44302,38522,77373,59685,14590,66,22
2021-07-16T23:59:59+02:00,1576,1379,19636,18976,30010,27637,31283,31336,37205,37751,41185,41582,27398,30595,19567,24517,5945,10058,9197,8966,18013,17339,21111,22159,29409,30505,34575,35864,25494,28442,18542,23069,5670,9505,301558,226457,44280,37815,77371,59353,14361,66,20
2021-07-15T23:59:59+02:00,1518,1336,19375,18729,29831,27490,31176,31237,37123,37670,41118,41515,27356,30565,19551,24503,5941,10055,8835,8662,17098,16509,19567,20936,28492,29582,33957,35285,25328,28262,18487,23020,5664,9493,300292,220361,44238,36363,77363,58429,14130,66,20
2021-07-14T23:59:59+02:00,1505,1324,19346,18693,29808,27464,31153,31206,37112,37657,41099,41509,27348,30558,19542,24496,5940,10052,8548,8365,16546,15910,19075,20418,27930,29083,33565,34910,25216,28134,18448,22954,5659,9482,300022,216201,44236,36005,77360,58002,14128,66,20
2021-07-13T23:59:59+02:00,1493,1314,19310,18668,29791,27440,31131,31191,37097,37630,41075,41481,27339,30544,19540,24491,5939,10046,8246,8104,16149,15555,18801,20140,27667,28834,33294,34654,25118,28014,18415,22913,5657,9477,299740,213507,44235,35970,77359,57510,14120,66,20
2021-07-12T23:59:59+02:00,1478,1304,19266,18651,29758,27411,31114,31170,37085,37613,41058,41466,27336,30540,19538,24485,5938,10046,7986,7888,15869,15280,18102,19595,27354,28514,32881,34292,24951,27822,18356,22838,5651,9472,299487,212229,44234,34040,77359,56534,14111,66,20
2021-07-11T23:59:59+02:00,1468,1296,19236,18622,29728,27382,31099,31142,37077,37592,41044,41454,27327,30531,19536,24485,5937,10045,7942,7841,15804,15209,18014,19541,27270,28452,32769,34230,24897,27777,18336,22816,5651,9469,299243,211655,44232,34029,77357,56291,14103,66,20
2021-07-10T23:59:59+02:00,1339,1180,18733,18204,29286,27089,30817,30912,36833,37433,40844,41304,27255,30471,19510,24453,5934,10042,7812,7772,15522,15075,17798,19393,27030,28312,32605,34113,24832,27731,18320,22803,5650,9469,297049,211237,44099,33912,77328,56050,13097,66,20
2021-07-09T23:59:59+02:00,1328,1174,18705,18174,29266,27072,30805,30899,36823,37421,40833,41296,27251,30467,19508,24449,5934,10041,7770,7725,15452,15009,17735,19300,26810,28082,32356,33900,24769,27668,18298,22777,5650,9466,296907,210958,44080,33909,77327,54888,13066,66,20
2021-07-08T23:59:59+02:00,1252,1094,18439,17962,29120,26922,30669,30782,36721,37319,40735,41219,27217,30432,19489,24431,5929,10037,7603,7592,15156,14762,17305,18940,26120,27484,32086,33635,24602,27511,18240,22715,5647,9460,295649,209831,44026,32492,77319,53871,12709,66,20
2021-07-07T23:59:59+02:00,1153,1002,18129,17638,28923,26739,30542,30660,36608,37199,40629,41135,27183,30384,19475,24414,5926,10034,7407,7381,14715,14395,16841,18498,25366,26876,31678,33256,24339,27187,18145,22621,5638,9451,294081,206916,43978,31657,77308,52915,12340,66,20
2021-07-06T23:59:59+02:00,1130,986,18052,17573,28879,26689,30492,30614,36572,37164,40594,41103,27166,30359,19464,24401,5924,10031,7191,7149,14372,14039,16492,18149,24619,26230,31379,32992,24149,26973,18097,22550,5631,9444,293508,204864,43975,30253,77307,52023,12337,66,20
2021-07-05T23:59:59+02:00,1087,958,17979,17509,28836,26633,30454,30580,36548,37119,40566,41077,27160,30345,19458,24395,5924,10026,6962,6959,14069,13769,16140,17784,24071,25723,30814,32427,23870,26674,17989,22410,5623,9434,293025,203371,43973,28166,77303,50892,12287,66,20
2021-07-04T23:59:59+02:00,1065,942,17908,17460,28797,26612,30433,30551,36538,37109,40551,41065,27154,30334,19453,24392,5924,10025,6936,6942,14015,13723,16066,17726,23987,25667,30661,32336,23778,26585,17957,22369,5621,9430,292709,202981,43972,28157,77292,50385,12274,66,20
2021-07-03T23:59:59+02:00,649,570,16181,15742,27627,25690,29635,29836,35898,36499,40053,40635,26997,30166,19386,24306,5915,10008,6551,6701,13501,13420,15664,17424,23626,25390,30357,32142,23682,26490,17924,22331,5617,9426,285208,202690,43933,28081,77209,50096,9377,66,20
2021-07-02T23:59:59+02:00,610,532,16050,15597,27466,25544,29555,29776,35867,36472,40034,40622,26991,30156,19383,24303,5915,10008,6503,6630,13427,13319,15576,17294,23483,25208,30203,31977,23489,26279,17835,22253,5615,9423,284304,202007,43933,27923,77207,49211,9371,66,20
2021-07-01T23:59:59+02:00,552,487,15872,15443,27248,25390,29478,29699,35812,36421,39968,40577,26971,30139,19372,24291,5913,10004,6364,6501,13088,13048,15050,16857,22221,24225,29443,31299,23211,25992,17717,22119,5608,9408,283119,198483,43928,26261,77195,48075,9329,66,20
2021-06-30T23:59:59+02:00,522,467,15768,15337,27138,25304,29411,29628,35756,36371,39925,40541,26956,30108,19362,24274,5909,10004,6172,6324,12658,12666,14481,16310,21599,23633,28853,30771,22792,25528,17587,21935,5601,9396,282299,194248,43925,26237,77189,46513,9302,66,20
2021-06-29T23:59:59+02:00,465,417,15006,14670,26876,25081,29317,29529,35677,36290,39857,40494,26936,30085,19355,24261,5909,10002,6060,6200,12401,12403,14087,15914,20810,23014,28271,30221,22345,25005,17435,21760,5593,9386,279798,191108,43924,25729,77181,44802,9258,66,20
2021-06-28T23:59:59+02:00,429,386,14378,14032,26719,24977,29243,29463,35619,36225,39813,40460,26918,30065,19347,24250,5909,9998,5993,6105,12222,12264,13899,15738,20190,22467,27872,29851,22009,24648,17307,21597,5588,9382,277864,189427,43920,25075,77177,43417,9204,66,20
2021-06-27T23:59:59+02:00,352,319,14032,13655,26655,24918,29203,29428,35597,36203,39796,40447,26907,30058,19344,24247,5908,9997,5957,6062,12108,12150,13754,15609,19640,21994,27265,29354,21732,24312,17187,21474,5584,9381,276745,188595,43918,23559,77166,42229,9171,66,20
2021-06-26T23:59:59+02:00,351,319,14021,13644,26639,24907,29197,29422,35591,36202,39793,40446,26906,30057,19344,24247,5908,9997,5952,6059,12096,12147,13748,15605,19627,21983,27220,29319,21587,24182,17147,21418,5583,9379,276673,188569,43916,23555,77166,41749,9170,66,20
2021-06-25T23:59:59+02:00,227,206,12760,12425,25176,23765,28896,29188,35485,36120,39727,40384,26882,30030,19334,24236,5905,9995,5909,6012,12000,12068,13606,15483,19317,21745,26836,28960,21264,23790,16974,21221,5580,9370,270448,187346,43912,23272,77148,40341,9167,66,20
2021-06-24T23:59:59+02:00,162,152,11789,11596,24064,22886,28531,28839,35338,35954,39615,40281,26847,29980,19323,24212,5903,9991,5693,5781,11542,11652,13028,14892,17788,20350,25197,27368,20495,22938,16659,20815,5570,9360,265225,182375,43895,19660,77144,37949,9134,65,20
2021-06-23T23:59:59+02:00,126,126,11429,11273,23567,22517,28285,28598,35161,35828,39526,40193,26817,29954,19315,24175,5901,9980,5619,5668,11331,11437,12729,14541,17397,19941,24450,26602,19703,22190,16467,20563,5562,9344,262623,180026,43889,19047,77139,35406,9055,65,20
2021-06-22T23:59:59+02:00,105,113,11246,11061,23409,22375,28205,28526,35085,35766,39480,40148,26802,29930,19307,24167,5901,9979,5510,5547,11065,11181,12362,14171,16795,19346,23722,25836,19324,21766,16304,20385,5555,9328,261478,176999,43886,18187,77137,33959,9039,65,20
2021-06-21T23:59:59+02:00,92,101,10994,10876,22577,21703,27955,28301,35019,35704,39416,40107,26786,29912,19301,24158,5901,9978,5391,5443,10850,10961,12056,13850,16404,19001,23277,25369,19034,21453,16200,20266,5549,9326,258889,175543,43880,17172,77132,32786,8915,65,20
2021-06-20T23:59:59+02:00,86,100,10930,10786,22330,21487,27698,28104,34939,35626,39371,40063,26777,29898,19299,24154,5899,9975,5350,5388,10765,10861,11961,13750,16209,18818,23007,25131,18933,21347,16147,20208,5543,9322,257610,175238,43878,16113,77131,32536,8838,65,20
2021-06-19T23:59:59+02:00,85,96,10906,10762,22297,21463,27680,28091,34927,35622,39361,40059,26776,29897,19299,24152,5899,9975,5319,5356,10684,10771,11869,13629,16061,18666,22700,24772,18847,21260,16135,20195,5542,9322,257456,175134,43857,14618,77131,32523,8838,65,20
2021-06-18T23:59:59+02:00,82,94,10859,10711,21979,21141,27416,27876,34874,35585,39330,40037,26768,29888,19298,24149,5899,9973,5304,5347,10654,10741,11829,13581,16000,18603,22615,24676,18681,21079,16090,20129,5541,9317,256070,174739,43856,14617,77130,31978,8838,65,20
2021-06-17T23:59:59+02:00,73,86,10280,10282,20707,20184,26557,27145,34506,35261,39077,39849,26704,29806,19278,24113,5892,9969,5106,5208,10279,10488,11386,13182,15320,17993,21252,23368,18227,20594,15927,19958,5537,9302,250312,169460,43838,14044,77119,31173,8435,65,20
2021-06-16T23:59:59+02:00,65,74,9944,9970,20028,19554,25919,26543,34259,35061,38918,39701,26662,29753,19255,24090,5891,9965,4964,5062,9892,10153,10927,12732,14620,17305,20404,22441,17825,20150,15759,19746,5527,9290,246484,165696,43826,12772,77106,30143,8171,65,20
2021-06-15T23:59:59+02:00,50,68,9699,9729,19732,19306,25697,26345,34131,34956,38822,39621,26633,29717,19248,24075,5886,9961,4859,4952,9653,9936,10697,12474,14200,16879,19808,21867,17507,19765,15539,19518,5518,9279,244721,163635,43814,11686,77100,29140,7976,65,19
2021-06-14T23:59:59+02:00,46,63,9566,9604,19433,19046,25522,26202,34011,34877,38761,39582,26616,29697,19242,24064,5886,9958,4778,4889,9463,9797,10524,12338,13939,16664,19492,21574,17343,19609,15438,19385,5517,9275,243527,162183,43812,11684,77096,28467,7677,64,19
2021-06-13T23:59:59+02:00,44,59,9406,9474,19144,18861,25171,25948,33810,34710,38655,39515,26601,29685,19232,24057,5886,9955,4696,4823,9254,9631,10360,12167,13615,16328,19144,21243,17216,19461,15391,19320,5515,9273,241884,161337,43812,11684,77093,27041,7360,64,19
2021-06-12T23:59:59+02:00,44,59,9397,9460,19131,18848,25171,25943,33810,34707,38652,39514,26601,29685,19232,24057,5886,9955,4693,4809,9244,9570,10328,12065,13566,16174,19089,21107,17107,19336,15275,19218,5513,9271,241838,161309,43812,11682,77089,26010,7349,64,19
2021-06-11T23:59:59+02:00,39,55,9240,9278,18898,18636,24372,25270,33632,34554,38519,39402,26568,29652,19222,24034,5886,9950,4616,4694,9027,9315,10069,11772,13045,15626,18117,20216,16921,19140,15235,19174,5510,9268,238927,157306,43811,11681,77086,25424,7319,64,19
2021-06-10T23:59:59+02:00,37,51,8846,8944,18246,18147,23523,24592,33313,34274,38318,39238,26511,29598,19199,24006,5883,9943,4441,4517,8449,8824,9267,11053,11900,14528,16138,18312,16033,18183,14950,18808,5501,9246,235311,147674,43152,11648,77060,23731,7083,63,18
2021-06-09T23:59:59+02:00,20,33,8397,8440,17412,17421,22371,23549,32824,33808,38032,39020,26402,29494,19153,23950,5873,9930,4305,4404,8162,8558,9024,10800,11570,14162,15654,17766,15663,17754,14709,18524,5494,9236,231329,145854,41261,11606,77025,21826,6485,29,18
2021-06-08T23:59:59+02:00,11,21,8079,8125,16941,17004,21953,23184,32579,33615,37870,38890,26358,29454,19143,23927,5870,9925,4185,4322,7908,8304,8719,10455,11213,13815,15014,17064,15210,17231,14448,18247,5489,9218,228604,144156,41229,10486,77016,20115,6071,29,18
2021-06-07T23:59:59+02:00,8,17,7882,7893,16583,16680,21409,22729,32298,33345,37753,38774,26332,29406,19126,23901,5865,9924,4109,4242,7727,8163,8559,10313,11043,13643,14704,16738,15014,16978,14275,18056,5485,9213,226984,143078,40255,10394,77005,19123,5653,28,18
2021-06-06T23:59:59+02:00,6,14,7775,7784,16449,16535,21214,22522,32072,33121,37618,38668,26304,29381,19113,23885,5865,9918,4080,4207,7681,8045,8507,10185,10939,13497,14508,16521,14832,16800,14186,17936,5478,9207,225753,142598,39956,10384,76987,18093,5520,28,18
2021-06-05T23:59:59+02:00,6,14,7753,7770,16420,16508,21207,22519,32062,33115,37616,38667,26303,29381,19112,23884,5865,9918,4071,4168,7666,7980,8493,10052,10925,13326,14490,16416,14795,16745,14177,17926,5478,9206,225644,142517,39956,10384,76986,17493,5506,28,18
2021-06-04T23:59:59+02:00,6,12,7639,7668,16141,16272,20930,22273,31640,32742,37503,38546,26270,29342,19100,23871,5863,9916,4064,4159,7640,7957,8467,10022,10858,13253,14385,16286,14714,16652,14140,17882,5478,9204,224052,142184,39181,10055,76967,17402,5506,28,18
2021-06-03T23:59:59+02:00,4,12,7384,7440,15264,15488,19296,20881,30729,31812,37000,38087,26139,29209,19056,23820,5857,9898,4003,4121,7552,7886,8345,9924,10690,13072,13818,15717,14453,16338,14055,17776,5475,9191,217431,139973,37603,9944,76957,17128,5357,28,18
2021-06-02T23:59:59+02:00,4,12,7249,7296,14878,15060,18864,20480,30260,31358,36774,37823,26075,29145,19036,23791,5854,9896,3973,4091,7487,7800,8257,9832,10550,12941,13372,15287,14329,16155,14028,17739,5472,9186,214346,138186,37172,9850,76956,17096,5353,28,18
2021-06-01T23:59:59+02:00,4,9,6973,7051,14482,14748,18521,20162,29933,31047,36551,37589,26019,29066,19012,23762,5852,9885,3871,4005,7245,7624,8025,9639,10286,12667,12970,14865,13898,15705,13912,17587,5465,9178,211603,136071,37127,9596,76935,16288,4973,28,18
2021-05-31T23:59:59+02:00,4,9,6810,6861,14263,14515,17817,19560,29592,30709,36254,37326,25929,28969,18986,23708,5842,9872,3792,3894,7037,7378,7802,9354,9944,12284,12531,14347,13370,15092,13713,17358,5457,9163,210176,132897,35079,9272,76918,15508,4825,28,18
2021-05-30T23:59:59+02:00,4,9,6787,6846,14217,14477,17740,19501,29542,30671,36223,37303,25917,28957,18983,23702,5841,9870,3749,3820,6889,7172,7654,9124,9740,11972,12275,14000,13249,14922,13645,17276,5454,9156,209881,132178,35067,9171,76864,13984,4750,28,18
2021-05-29T23:59:59+02:00,4,9,6785,6845,14208,14471,17735,19495,29537,30667,36220,37302,25915,28954,18983,23701,5841,9870,3740,3807,6860,7139,7621,9073,9704,11926,12202,13902,13208,14854,13615,17252,5453,9151,209849,132039,35067,9170,76849,13535,4749,28,18
2021-05-28T23:59:59+02:00,4,9,6775,6833,14193,14454,17718,19474,29526,30654,36209,37284,25914,28950,18981,23697,5841,9870,3726,3784,6838,7099,7587,9019,9651,11822,11962,13632,13020,14663,13585,17212,5450,9148,209698,130750,35066,9169,76846,13516,4748,28,18
2021-05-27T23:59:59+02:00,4,9,6684,6752,13925,14237,17233,19127,28847,30112,36050,37153,25868,28916,18966,23683,5840,9864,3601,3624,6551,6847,7211,8713,9153,11264,11253,12738,12470,14095,13455,17020,5443,9136,208621,127240,33626,8840,76804,12288,4191,28,18
2021-05-26T23:59:59+02:00,4,9,6613,6644,13711,14035,16980,18820,28304,29601,35875,36978,25831,28871,18951,23659,5839,9859,3511,3481,6326,6558,6924,8287,8814,10786,10602,11940,11908,13480,13309,16805,5438,9114,207033,123634,32872,8657,76791,11117,3860,28,18
2021-05-25T23:59:59+02:00,4,9,6532,6549,13506,13814,16717,18610,27580,28955,35782,36881,25808,28843,18939,23643,5834,9858,3462,3390,6181,6390,6778,8097,8588,10495,10257,11575,11562,13006,13204,16644,5435,9106,206323,121798,31420,8518,76306,10051,3788,27,18
2021-05-24T23:59:59+02:00,4,9,6462,6452,13329,13614,16495,18327,27170,28530,35436,36483,25751,28775,18920,23619,5833,9856,3448,3368,6123,6308,6733,8014,8529,10400,10184,11478,11389,12774,13157,16553,5427,9086,205792,121175,29198,8473,76299,9559,3749,27,18
2021-05-23T23:59:59+02:00,4,9,6460,6451,13324,13605,16492,18317,27151,28520,35406,36449,25748,28769,18920,23613,5833,9856,3445,3364,6117,6298,6723,8007,8501,10370,10144,11421,11306,12673,13137,16522,5427,9085,205677,121169,29182,8061,76298,9552,3743,27,18
2021-05-22T23:59:59+02:00,4,9,6453,6447,13317,13594,16486,18313,27148,28519,35403,36443,25748,28769,18920,23613,5833,9856,3444,3364,6114,6295,6722,8003,8497,10368,10139,11418,11295,12659,13132,16518,5426,9085,205627,121129,29182,8061,76296,9531,3743,27,18
2021-05-21T23:59:59+02:00,4,9,6393,6387,13165,13488,16313,18162,26878,28341,34974,36177,25723,28732,18912,23607,5832,9852,3435,3354,6081,6274,6691,7969,8458,10319,10086,11368,10779,11946,12993,16358,5423,9080,204938,119373,29057,8058,75255,9496,3672,27,18
2021-05-20T23:59:59+02:00,3,8,6100,6186,12555,13071,15119,17239,24965,26846,34021,35409,25618,28587,18858,23526,5826,9837,3375,3309,5988,6157,6579,7814,8311,10159,9850,11063,10444,11497,12881,16177,5413,9067,200177,117390,27316,7982,72712,9154,3543,26,18
2021-05-19T23:59:59+02:00,3,8,5894,5945,12041,12613,14411,16534,24018,26033,33397,34812,25508,28497,18823,23470,5818,9825,3298,3236,5826,5987,6389,7574,8036,9879,9548,10684,10132,11082,12802,16032,5411,9059,194493,115483,27278,7787,72697,8534,3156,26,18
2021-05-18T23:59:59+02:00,3,7,5724,5836,11641,12291,13788,16035,22862,25084,32732,34206,25392,28362,18777,23420,5813,9816,3255,3208,5716,5881,6228,7416,7831,9669,9354,10446,9965,10834,12657,15812,5402,9050,189543,114354,26773,7719,72653,7842,2794,26,18
2021-05-17T23:59:59+02:00,3,6,5671,5791,11478,12184,13517,15813,22048,24449,32424,33892,25313,28303,18755,23390,5804,9807,3138,3133,5525,5697,6055,7201,7621,9443,9131,10204,9877,10710,12599,15749,5399,9045,187780,113601,26073,7713,72261,6690,2508,26,18
2021-05-16T23:59:59+02:00,3,6,5644,5771,11417,12129,13432,15733,21439,23902,31810,33362,25272,28260,18745,23375,5803,9807,3134,3111,5511,5628,6027,7142,7593,9341,9099,10120,9861,10691,12596,15746,5399,9045,187014,113491,24530,7706,71842,6335,2498,26,17
2021-05-15T23:59:59+02:00,3,6,5635,5762,11384,12120,13403,15723,21366,23831,31273,32988,25261,28255,18744,23372,5802,9806,3120,3096,5492,5586,6013,7066,7553,9226,8864,9866,9828,10660,12562,15695,5399,9044,186965,113486,24518,7568,71195,5972,2030,26,17
2021-05-14T23:59:59+02:00,3,6,5595,5737,11322,12082,13331,15658,20955,23519,30843,32643,25225,28209,18733,23355,5802,9804,3088,3056,5456,5497,5992,6931,7513,9024,8804,9671,9757,10550,12476,15570,5399,9041,186242,113317,24199,7239,70326,5226,2029,26,17
2021-05-13T23:59:59+02:00,3,6,5437,5579,10942,11786,12617,15070,18771,21771,29299,31176,24995,27966,18666,23284,5800,9801,3076,3021,5432,5458,5975,6874,7489,8953,8760,9612,9542,10307,12279,15269,5394,9031,182290,112961,20402,6425,68237,5058,2014,26,17
2021-05-12T23:59:59+02:00,2,6,5408,5552,10870,11728,12516,14982,18649,21647,28936,30812,24903,27871,18649,23255,5799,9796,3076,3017,5426,5452,5965,6860,7464,8938,8721,9558,9358,10077,12049,14948,5391,9024,181342,112680,19765,5564,68234,5052,2014,26,17
2021-05-11T23:59:59+02:00,2,6,5271,5448,10623,11482,12150,14609,18039,21012,28005,29843,24710,27682,18590,23180,5794,9781,3034,2976,5337,5297,5865,6677,7334,8698,8561,9336,9177,9883,11902,14761,5382,9006,177270,111647,18876,5455,68101,4156,1954,26,17
2021-05-10T23:59:59+02:00,2,5,5147,5370,10410,11287,11891,14354,17713,20680,27585,29436,24601,27575,18552,23133,5786,9777,2965,2923,5220,5180,5751,6574,7210,8557,8434,9229,9073,9759,11812,14633,5379,8998,175269,111118,18187,5443,67876,3176,1946,26,17
2021-05-09T23:59:59+02:00,2,5,5074,5322,10311,11173,11792,14236,17373,20398,27195,29063,24515,27489,18523,23097,5783,9774,2896,2892,5074,5137,5576,6531,7042,8528,8306,9193,9061,9749,11794,14613,5379,8998,174875,111042,16911,5433,67382,2349,1931,26,17
2021-05-08T23:59:59+02:00,2,5,5073,5321,10309,11169,11792,14236,17369,20396,27192,29060,24515,27489,18523,23097,5783,9774,2896,2891,5073,5137,5576,6531,7042,8528,8303,9193,9060,9748,11794,14613,5379,8998,174858,111039,16911,5433,67379,2345,1931,26,17
2021-05-07T23:59:59+02:00,2,5,5039,5295,10240,11116,11663,14112,16969,20121,26556,28502,24467,27438,18506,23063,5776,9745,2886,2883,5056,5127,5565,6512,7030,8517,8295,9182,9054,9740,11783,14591,5371,8971,174024,111024,16907,5421,65856,2302,1802,26,17
2021-05-06T23:59:59+02:00,1,5,4769,5134,9778,10772,11101,13596,15883,19101,24150,26215,23969,26913,18400,22960,5771,9731,2844,2839,4989,5052,5525,6420,6947,8398,8164,9032,8954,9630,11759,14540,5368,8968,169002,110483,14456,5365,62976,1776,1791,24,17
2021-05-05T23:59:59+02:00,1,5,4691,5057,9485,10542,10760,13270,15303,18496,23308,25253,23708,26589,18331,22854,5761,9713,2824,2803,4939,4966,5466,6299,6863,8233,8040,8817,8848,9499,11682,14456,5367,8960,165342,109546,13147,5360,62826,1353,1788,24,17
2021-05-04T23:59:59+02:00,1,5,4607,4966,9311,10335,10553,13028,14915,18097,22765,24689,23494,26316,18259,22775,5753,9700,2815,2769,4911,4890,5433,6181,6809,8093,7947,8663,8744,9389,11608,14398,5365,8957,163087,109049,12025,5349,62665,791,1768,24,17
2021-05-03T23:59:59+02:00,1,5,4535,4892,9119,10198,10376,12853,14632,17851,22356,24274,23355,26167,18232,22728,5753,9694,2739,2699,4824,4816,5357,6096,6713,7987,7766,8498,8658,9303,11569,14349,5362,8952,161583,108829,12024,5346,62573,681,817,24,17
2021-05-02T23:59:59+02:00,1,5,4522,4878,9042,10140,10251,12741,14306,17544,22054,23988,23305,26108,18213,22703,5752,9693,2733,2692,4764,4783,5267,6012,6576,7858,7649,8398,8612,9261,11545,14315,5360,8947,160697,108714,12021,5344,62469,664,35,24,17
2021-05-01T23:59:59+02:00,1,5,4522,4876,9040,10139,10250,12741,14303,17541,22052,23988,23304,26107,18213,22703,5752,9693,2733,2692,4764,4783,5267,6012,6575,7858,7649,8398,8612,9261,11545,14315,5360,8947,160681,108714,12021,5343,62469,664,35,24,17
2021-04-30T23:59:59+02:00,0,5,4450,4785,8798,9925,9988,12498,13821,17116,21211,23220,23178,25971,18197,22675,5749,9690,2730,2690,4753,4776,5258,5978,6563,7828,7615,8361,8608,9258,11544,14312,5358,8946,157091,108687,12020,5341,62140,533,2,24,17
2021-04-29T23:59:59+02:00,0,5,4301,4641,8317,9517,9289,11894,12821,16220,19370,21543,22474,25214,18059,22465,5743,9673,2708,2669,4712,4704,5215,5903,6500,7722,7536,8243,8498,9143,11479,14236,5352,8937,147926,108198,12006,5068,61589,274,2,23,17
2021-04-28T23:59:59+02:00,0,5,4268,4622,8246,9443,9213,11808,12703,16101,19153,21329,22386,25122,18031,22424,5741,9668,2705,2658,4686,4644,5188,5859,6470,7649,7488,8161,8481,9119,11463,14214,5351,8931,147547,108008,11916,4996,60776,48,1,23,16
2021-04-27T23:59:59+02:00,0,5,4228,4576,8108,9303,9100,11657,12558,15932,18705,20831,22158,24864,17966,22346,5738,9659,2702,2654,4684,4640,5178,5851,6457,7630,7456,8124,8423,9040,11382,14133,5347,8928,146821,107753,10835,4823,60055,40,1,22,14
2021-04-26T23:59:59+02:00,0,5,4186,4548,8002,9208,8953,11552,12384,15759,18293,20467,22024,24718,17931,22318,5738,9658,2702,2652,4680,4636,5174,5841,6443,7610,7423,8096,8375,8992,11327,14055,5344,8911,146053,107647,10700,4567,58969,35,0,22,14
2021-04-25T23:59:59+02:00,0,5,4172,4533,7966,9178,8889,11490,12249,15629,17948,20137,21824,24480,17891,22263,5734,9653,2702,2652,4679,4635,5172,5837,6438,7607,7421,8092,8319,8933,11304,14027,5344,8910,144672,107626,10689,4400,58658,34,0,22,14
2021-04-24T23:59:59+02:00,0,5,4166,4525,7951,9174,8874,11480,12201,15599,17890,20099,21808,24467,17889,22258,5734,9653,2701,2652,4679,4635,5172,5837,6438,7607,7421,8092,8319,8933,11304,14027,5344,8910,144576,107626,10689,4400,58486,33,0,22,14
2021-04-23T23:59:59+02:00,0,5,4146,4492,7894,9111,8791,11378,11861,15274,17457,19702,21594,24234,17826,22181,5732,9645,2698,2650,4676,4632,5165,5830,6424,7598,7398,8061,8298,8906,11296,14019,5342,8907,143314,107614,10342,4242,57645,32,0,22,14
2021-04-22T23:59:59+02:00,0,5,4097,4427,7762,8919,8606,11118,11534,14854,16543,18717,21023,23525,17691,22001,5723,9626,2689,2644,4671,4612,5142,5804,6382,7562,7328,8015,8165,8750,11154,13867,5338,8898,139578,106997,10216,3987,56357,25,0,20,14
2021-04-21T23:59:59+02:00,0,5,4055,4384,7660,8800,8450,10959,11240,14575,15809,17960,20644,23077,17619,21896,5718,9613,2681,2633,4653,4593,5126,5783,6370,7545,7300,7994,8116,8689,11117,13828,5336,8896,136667,106717,10086,3909,55695,23,0,16,13
2021-04-20T23:59:59+02:00,0,5,4030,4358,7625,8748,8373,10879,11078,14400,15374,17483,20183,22563,17520,21744,5710,9602,2673,2624,4643,4580,5101,5763,6342,7521,7260,7954,8022,8557,11042,13741,5332,8892,134523,106145,9822,3869,55314,22,0,16,13
2021-04-19T23:59:59+02:00,0,5,3999,4308,7563,8644,8281,10740,10920,14217,15121,17189,19705,21999,17354,21530,5699,9590,2668,2623,4637,4576,5088,5748,6323,7504,7234,7910,7969,8503,11016,13695,5329,8887,132460,105811,9468,3866,54920,22,0,16,13
2021-04-18T23:59:59+02:00,0,5,3981,4279,7503,8593,8175,10613,10661,13975,14630,16650,19275,21489,17232,21344,5695,9584,2667,2623,4637,4576,5088,5748,6322,7501,7231,7909,7965,8500,11014,13691,5328,8884,130046,105788,9398,3864,54224,21,0,16,13
2021-04-17T23:59:59+02:00,0,5,3978,4271,7483,8587,8165,10595,10619,13929,14520,16562,19154,21365,17210,21316,5693,9582,2667,2623,4636,4574,5083,5743,6308,7496,7206,7886,7919,8454,10995,13668,5327,8884,129608,105779,9389,3658,54021,21,0,16,13
2021-04-16T23:59:59+02:00,0,5,3967,4228,7410,8465,8062,10437,10425,13668,13851,15802,18586,20720,17085,21141,5682,9565,2664,2620,4631,4569,5079,5731,6291,7485,7168,7851,7613,8066,10904,13529,5319,8868,126763,104987,9329,3369,52991,21,0,16,13
2021-04-15T23:59:59+02:00,0,4,3923,4174,7297,8334,7892,10199,10090,13278,13121,14944,17778,19854,16843,20817,5669,9544,2663,2612,4619,4553,5066,5701,6261,7449,7098,7782,7057,7422,10785,13377,5315,8857,123110,103356,9171,3231,51464,19,0,16,13
2021-04-14T23:59:59+02:00,0,3,3896,4145,7231,8228,7786,10049,9915,13079,12703,14498,17252,19242,16692,20607,5664,9531,2630,2593,4601,4521,5037,5654,6226,7416,7041,7721,6426,6668,10523,13089,5311,8849,121723,101050,8937,3231,49845,14,0,16,13
2021-04-13T23:59:59+02:00,0,3,3893,4139,7194,8212,7729,10016,9807,13026,12330,14205,16563,18395,16456,20306,5660,9525,2606,2566,4581,4495,5012,5620,6167,7348,6952,7620,6214,6419,9950,12437,5303,8830,121032,98873,8719,3223,47692,14,0,16,12
2021-04-12T23:59:59+02:00,0,3,3879,4121,7141,8166,7672,9947,9699,12924,12083,13992,16120,17878,16269,20092,5655,9522,2577,2555,4515,4453,4905,5551,6052,7272,6834,7521,5469,5600,9502,11901,5263,8788,120697,95519,8683,3215,45767,14,0,16,12
2021-04-11T23:59:59+02:00,0,3,3865,4113,7100,8114,7613,9903,9606,12846,11845,13784,15556,17190,15994,19751,5650,9512,2501,2472,4386,4331,4750,5418,5889,7120,6682,7415,5166,5239,9371,11742,5263,8784,120110,93340,8255,3166,44064,13,0,16,12
2021-04-10T23:59:59+02:00,0,3,3847,4094,7061,8067,7569,9847,9546,12787,11753,13699,15339,16998,15945,19683,5649,9505,1942,1904,3567,3610,3876,4653,4884,6200,5827,6630,4893,4933,9243,11590,5257,8775,119646,84595,8255,3166,43475,13,0,16,12
2021-04-09T23:59:59+02:00,0,3,3827,4074,7023,8038,7505,9791,9393,12659,11426,13414,14157,15468,15504,19152,5637,9495,1083,1077,2210,2417,2369,3282,3098,4559,4209,5168,4210,4201,8996,11237,5233,8746,117752,68909,8253,3163,40545,13,0,16,12
2021-04-08T23:59:59+02:00,0,3,3801,4058,6962,7985,7402,9697,9206,12540,11022,13060,13024,14213,15095,18631,5618,9465,582,588,1292,1711,1463,2350,1998,3474,2826,3782,2968,2803,8195,10260,5093,8525,116510,54729,8172,3160,37084,11,0,16,12
2021-04-07T23:59:59+02:00,0,3,3754,4033,6884,7931,7310,9627,9078,12411,10712,12752,12297,13443,14878,18366,5612,9446,351,371,941,1366,1057,1964,1487,3011,1882,2775,1786,1516,7291,9121,4938,8266,115549,44945,8021,3160,34952,8,0,15,12
2021-04-06T23:59:59+02:00,0,3,3738,4021,6862,7893,7255,9560,8985,12331,10501,12534,11912,12948,14656,18068,5601,9432,344,357,932,1356,1042,1943,1460,2983,1823,2716,1707,1450,6881,8568,4788,8029,114269,43203,7922,3159,34096,7,0,13,12
2021-04-05T23:59:59+02:00,0,3,3733,4020,6851,7881,7243,9550,8966,12303,10437,12475,11801,12803,14558,17976,5599,9429,342,351,921,1352,1036,1935,1450,2963,1802,2682,1654,1397,6654,8266,4666,7847,113934,42143,7901,3158,33780,7,0,13,12
2021-04-04T23:59:59+02:00,0,3,3733,4020,6849,7875,7242,9549,8963,12303,10427,12470,11798,12799,14555,17975,5599,9429,342,350,919,1352,1035,1933,1449,2962,1800,2679,1651,1392,6647,8253,4661,7844,113929,42095,7900,3157,33747,7,0,13,12
2021-04-03T23:59:59+02:00,0,3,3733,4020,6849,7874,7241,9549,8963,12303,10426,12470,11798,12798,14553,17973,5599,9429,342,349,917,1348,1033,1932,1448,2957,1798,2679,1646,1380,6604,8172,4626,7809,113925,41866,7900,3157,33743,7,0,13,12
2021-04-02T23:59:59+02:00,0,3,3731,4018,6847,7871,7235,9543,8951,12296,10410,12454,11671,12684,14510,17916,5595,9421,340,347,915,1341,1027,1921,1433,2932,1758,2640,1551,1294,5841,7273,4194,7247,113802,39202,7895,2835,33446,7,0,13,12
2021-04-01T23:59:59+02:00,0,2,3691,4006,6813,7849,7193,9512,8899,12257,10339,12383,11331,12277,14136,17405,5591,9408,335,344,899,1326,1015,1902,1401,2886,1699,2576,1428,1201,4909,6169,3644,6425,113419,35312,6490,2830,33170,7,0,13,12
2021-03-31T23:59:59+02:00,0,2,3685,4002,6798,7830,7176,9494,8864,12225,10251,12311,11001,11871,13792,16912,5585,9387,332,341,891,1318,1005,1887,1381,2858,1649,2541,1363,1149,4336,5504,3297,5967,112846,33045,5492,2757,32835,7,0,13,12
2021-03-30T23:59:59+02:00,0,2,3667,3978,6762,7791,7119,9427,8775,12121,10088,12156,10743,11594,13569,16646,5579,9373,328,334,885,1308,998,1881,1358,2852,1621,2515,1336,1123,4218,5382,3237,5875,112025,32673,5242,2561,32110,7,0,13,12
2021-03-29T23:59:59+02:00,0,2,3658,3956,6736,7769,7079,9374,8679,12026,9906,11949,10311,11126,13196,16179,5562,9340,323,330,881,1298,992,1873,1350,2841,1605,2506,1311,1109,4085,5239,3140,5744,110352,32056,4934,2555,31549,6,0,13,12
2021-03-28T23:59:59+02:00,0,2,3616,3901,6621,7611,6962,9233,8552,11833,9754,11758,10100,10866,13020,15993,5557,9330,323,330,881,1298,990,1872,1349,2841,1604,2504,1302,1106,4052,5197,3114,5718,109979,32013,4670,2453,30047,5,0,13,12
2021-03-27T23:59:59+01:00,0,2,3615,3890,6609,7546,6932,9119,8502,11662,9702,11604,9986,10743,12926,15905,5556,9330,323,329,881,1298,990,1869,1349,2839,1600,2503,1300,1104,4026,5162,3101,5703,109970,31910,4670,2452,28976,5,0,13,12
2021-03-26T23:59:59+01:00,0,2,3609,3882,6581,7509,6903,9046,8454,11549,9611,11476,9937,10680,12880,15851,5549,9310,318,327,880,1295,986,1857,1346,2818,1579,2489,1275,1088,3846,4940,2995,5550,109914,31163,4450,2411,28452,5,0,13,12
2021-03-25T23:59:59+01:00,0,2,3586,3851,6490,7382,6811,8881,8263,11317,9302,11160,9559,10298,12577,15536,5544,9301,318,326,878,1287,983,1846,1333,2805,1555,2470,1249,1069,3613,4698,2745,5216,109541,29966,4243,2411,26063,4,0,13,12
2021-03-24T23:59:59+01:00,0,2,3531,3800,6401,7195,6691,8655,8096,11082,9077,10835,9144,9811,12160,15077,5533,9291,318,325,877,1284,978,1844,1325,2801,1539,2454,1241,1059,3547,4625,2564,4995,109030,29354,4106,2411,23232,1,0,13,12
2021-03-23T23:59:59+01:00,0,2,3513,3767,6352,7139,6615,8596,7978,10953,8829,10602,8724,9342,11709,14558,5524,9276,318,325,876,1274,973,1835,1320,2792,1535,2446,1217,1034,3455,4549,2372,4678,108217,28577,4013,2411,21236,1,0,13,12
2021-03-22T23:59:59+01:00,0,2,3505,3747,6309,7110,6581,8549,7912,10877,8680,10466,8444,8989,11406,14233,5488,9237,316,320,870,1264,965,1828,1313,2781,1526,2436,1205,1025,3427,4514,2353,4645,107546,28367,4010,2410,19966,1,0,13,12
2021-03-21T23:59:59+01:00,0,2,3503,3745,6305,7099,6564,8533,7893,10858,8624,10408,8324,8872,11336,14131,5486,9234,314,319,861,1261,958,1821,1304,2779,1522,2432,1201,1022,3418,4499,2339,4636,107461,28265,4009,2410,19434,1,0,13,12
2021-03-20T23:59:59+01:00,0,2,3495,3707,6297,7027,6549,8396,7868,10674,8580,10272,8246,8786,11298,14092,5486,9234,314,319,861,1261,958,1820,1303,2779,1522,2430,1201,1022,3418,4498,2339,4635,107428,28260,3797,2409,18771,1,0,13,12
2021-03-19T23:59:59+01:00,0,2,3482,3677,6271,6944,6525,8303,7822,10557,8466,10111,7709,8179,11114,13851,5476,9216,311,318,856,1254,941,1810,1280,2748,1472,2385,1117,954,2754,3710,1928,4066,105815,25484,3497,2409,18380,1,0,13,12
2021-03-18T23:59:59+01:00,0,2,3471,3659,6230,6903,6492,8241,7759,10471,8351,9982,6754,7084,10835,13551,5466,9191,310,318,853,1249,935,1801,1261,2740,1447,2366,1080,937,2547,3471,1772,3845,102800,24512,3340,2409,18289,1,0,13,12
2021-03-17T23:59:59+01:00,0,2,3434,3621,6159,6819,6439,8138,7669,10343,8221,9824,6073,6244,10549,13247,5449,9165,309,318,846,1244,931,1789,1247,2718,1429,2341,1044,914,2428,3346,1693,3735,100033,23912,3339,2409,18011,1,0,13,12
2021-03-16T23:59:59+01:00,0,2,3416,3592,6120,6766,6394,8065,7616,10279,8131,9723,5896,6069,9850,12461,5410,9102,302,308,832,1228,919,1780,1241,2698,1416,2333,1030,895,2215,3107,1560,3540,97804,22986,3329,2407,17746,1,0,13,12
2021-03-15T23:59:59+01:00,0,2,3379,3560,6024,6687,6264,7973,7474,10160,8002,9598,5144,5236,9407,11913,5367,9032,301,307,829,1224,918,1773,1239,2685,1407,2324,1017,883,2073,2934,1474,3447,94295,22418,3322,2406,17592,1,0,13,12
2021-03-14T23:59:59+01:00,0,2,3254,3413,5746,6341,5988,7612,7160,9746,7717,9281,4811,4845,9250,11716,5363,9022,301,306,829,1224,917,1773,1237,2684,1405,2321,1015,881,2070,2931,1471,3446,91901,22397,3267,2403,16086,1,0,13,12
2021-03-13T23:59:59+01:00,0,2,2600,2751,4805,5473,4970,6683,5965,8628,6702,8338,4498,4462,8867,11197,5273,8914,301,306,828,1222,917,1768,1234,2682,1404,2321,1015,880,2046,2895,1441,3411,81214,22257,3267,2403,15634,1,0,13,12
2021-03-12T23:59:59+01:00,0,2,1774,1930,3467,4323,3464,5349,4218,6989,5068,6832,3831,3759,7618,9650,4773,8235,297,303,826,1218,911,1761,1226,2662,1378,2304,969,855,1698,2433,1173,3060,62400,20660,3264,2403,15605,1,0,13,12
2021-03-11T23:59:59+01:00,0,2,1274,1453,2563,3583,2560,4410,3125,5900,3706,5448,2656,2482,5922,7540,4010,7060,292,294,810,1209,898,1738,1208,2633,1353,2258,932,835,1541,2204,1050,2872,45118,19714,3262,2403,15301,1,0,13,11
2021-03-10T23:59:59+01:00,0,2,1050,1235,2195,3222,2185,4019,2674,5459,2803,4481,1528,1285,4573,5822,3455,6291,282,284,792,1190,876,1702,1174,2560,1314,2192,907,815,1362,2014,954,2699,34105,18811,3262,2296,14899,1,0,13,11
2021-03-09T23:59:59+01:00,0,2,1034,1208,2129,3081,2120,3904,2589,5325,2719,4355,1494,1255,4498,5749,3416,6234,278,277,778,1169,859,1675,1149,2520,1296,2164,892,803,1285,1890,883,2589,33700,18245,3259,2252,14140,1,0,13,11
2021-03-08T23:59:59+01:00,0,2,1012,1177,2072,2982,2080,3822,2530,5212,2663,4283,1456,1235,4352,5591,3315,6093,278,273,773,1161,857,1666,1141,2512,1289,2148,868,782,1119,1665,760,2425,33011,17459,3259,2248,13594,1,0,13,11
2021-03-07T23:59:59+01:00,0,2,1007,1158,2032,2939,2038,3781,2490,5147,2622,4246,1451,1232,4345,5583,3313,6093,278,273,773,1161,857,1666,1141,2512,1288,2148,865,782,1110,1655,752,2414,32981,17459,3253,2207,13232,0,0,13,11
2021-03-06T23:59:59+01:00,0,2,1007,1154,2021,2925,2026,3762,2474,5120,2604,4225,1438,1222,4311,5539,3299,6081,278,273,773,1161,857,1665,1141,2512,1288,2148,865,782,1110,1655,752,2413,32837,17458,3252,2206,13108,0,0,13,11
2021-03-05T23:59:59+01:00,0,2,1003,1150,2006,2905,1996,3739,2431,5068,2551,4188,1402,1194,4045,5214,3149,5860,277,270,766,1154,851,1657,1138,2503,1285,2138,851,778,1102,1646,751,2411,32098,17363,2921,2206,12871,0,0,13,11
2021-03-04T23:59:59+01:00,0,2,909,1003,1918,2777,1928,3602,2355,4914,2461,4030,1372,1173,3805,4955,2885,5511,277,268,764,1149,849,1649,1137,2492,1281,2130,820,764,1090,1635,744,2399,30852,17256,2917,2183,11818,0,0,13,11
2021-03-03T23:59:59+01:00,0,2,863,896,1853,2681,1857,3497,2286,4798,2387,3946,1360,1160,3695,4850,2663,5239,276,266,763,1140,846,1631,1131,2450,1271,2104,803,760,1082,1617,737,2392,30180,17230,2800,2030,11040,0,0,13,11
2021-03-02T23:59:59+01:00,0,2,818,821,1756,2557,1772,3373,2195,4674,2327,3868,1325,1138,3566,4715,2460,4893,276,265,762,1134,843,1628,1126,2445,1267,2094,801,758,1068,1596,726,2373,29456,17124,2611,2029,10180,0,0,13,11
2021-03-01T23:59:59+01:00,0,2,795,782,1656,2413,1701,3229,2095,4502,2247,3747,1307,1126,3516,4652,2416,4831,276,264,758,1130,842,1616,1122,2433,1262,2084,795,756,1063,1585,719,2366,29204,17033,2527,2029,9273,0,0,13,11
2021-02-28T23:59:59+01:00,0,2,789,759,1637,2347,1673,3157,2072,4402,2233,3680,1301,1120,3506,4637,2402,4821,275,263,758,1129,842,1611,1122,2431,1262,2079,792,754,1055,1572,715,2356,29097,17011,2525,1996,8903,0,0,13,11
2021-02-27T23:59:59+01:00,0,2,774,742,1615,2287,1656,3045,2053,4276,2212,3584,1298,1117,3506,4635,2401,4820,275,263,758,1129,842,1610,1122,2431,1262,2078,792,754,1054,1571,714,2354,29092,17009,2524,1991,8394,0,0,13,11
2021-02-26T23:59:59+01:00,0,2,646,661,1510,2174,1604,2886,1990,4039,2111,3348,1208,1046,2855,3842,1975,4238,275,263,757,1127,841,1609,1122,2429,1260,2075,790,749,1036,1558,704,2338,26302,16935,2524,1989,7296,0,0,13,11
2021-02-25T23:59:59+01:00,0,2,496,581,1391,2072,1537,2758,1929,3911,2011,3237,1159,1014,2625,3572,1811,3995,258,248,732,1103,799,1540,1075,2331,1186,1983,733,728,1004,1521,692,2310,25237,16842,2497,1392,6354,0,0,13,11
2021-02-24T23:59:59+01:00,0,2,466,550,1322,1959,1464,2614,1859,3758,1934,3088,1121,984,2486,3435,1732,3876,229,235,705,1058,773,1478,1046,2271,1132,1933,706,705,958,1492,681,2280,24586,16656,2486,1017,5565,0,0,13,11
2021-02-23T23:59:59+01:00,0,2,410,510,1239,1819,1389,2468,1782,3547,1863,2966,1096,950,2283,3206,1607,3690,224,229,690,1035,761,1439,1024,2228,1107,1892,697,693,949,1478,678,2276,23664,16570,2476,821,4674,0,0,13,11
2021-02-22T23:59:59+01:00,0,2,397,477,1140,1708,1287,2371,1673,3441,1782,2895,1075,937,2141,3034,1522,3595,213,220,668,984,730,1376,998,2134,1063,1811,654,661,880,1401,642,2220,23091,16381,2472,265,3901,0,0,13,11
2021-02-21T23:59:59+01:00,0,2,378,461,1039,1676,1135,2347,1518,3418,1679,2877,1067,935,2140,3033,1522,3595,186,214,637,976,719,1368,984,2129,1058,1809,651,658,877,1397,634,2213,23062,16250,2472,251,3275,0,0,13,11
2021-02-20T23:59:59+01:00,0,2,378,459,1038,1676,1134,2347,1516,3416,1679,2875,1067,934,2139,3033,1521,3594,185,212,634,976,716,1367,978,2126,1056,1809,651,658,877,1397,634,2213,23055,16229,2471,251,3269,0,0,13,11
2021-02-19T23:59:59+01:00,0,2,373,450,1026,1672,1124,2337,1503,3397,1647,2860,1017,906,1768,2526,1224,3212,164,202,608,972,698,1359,961,2124,1050,1807,648,657,875,1397,633,2212,21315,16107,2471,251,3245,0,0,13,11
2021-02-18T23:59:59+01:00,0,2,353,430,986,1590,1086,2250,1450,3279,1606,2770,987,883,1595,2283,1095,3008,144,191,569,961,678,1347,927,2108,1025,1787,637,638,854,1369,619,2191,20335,15785,2471,251,2834,0,0,13,11
2021-02-17T23:59:59+01:00,0,2,330,377,902,1447,979,2050,1316,3025,1494,2550,950,853,1406,2071,994,2831,138,184,557,930,652,1296,894,2030,975,1711,603,606,847,1343,614,2172,19262,15292,2471,251,1831,0,0,13,11
2021-02-16T23:59:59+01:00,0,2,324,338,858,1309,927,1862,1255,2800,1428,2389,938,836,1343,1975,927,2735,132,171,543,887,637,1242,866,1967,945,1669,593,596,825,1312,601,2112,18891,14974,2470,115,872,0,0,13,11
2021-02-15T23:59:59+01:00,0,2,308,298,830,1278,910,1806,1215,2716,1390,2333,910,804,1166,1743,798,2559,123,163,522,859,619,1180,842,1894,922,1592,572,559,807,1275,592,2070,17980,14507,2469,75,604,0,0,13,11
2021-02-14T23:59:59+01:00,0,2,308,298,829,1278,909,1806,1213,2716,1390,2333,910,804,1166,1743,798,2559,123,163,521,852,615,1175,836,1888,918,1589,571,559,805,1274,591,2067,17979,14463,2469,75,601,0,0,13,11
2021-02-13T23:59:59+01:00,0,2,308,298,829,1278,909,1803,1213,2714,1390,2331,910,804,1166,1743,798,2559,123,163,521,852,615,1175,834,1885,916,1585,569,559,790,1254,579,2051,17972,14461,2469,1,601,0,0,13,11
2021-02-12T23:59:59+01:00,0,2,304,297,819,1273,905,1773,1207,2686,1362,2302,908,802,1165,1740,798,2559,123,163,519,849,614,1168,828,1873,910,1572,566,557,776,1243,573,2038,17963,14362,2469,1,457,0,0,13,11
2021-02-11T23:59:59+01:00,0,2,285,288,804,1238,899,1739,1191,2620,1340,2247,873,789,1154,1728,797,2549,121,149,501,808,592,1103,794,1773,887,1512,552,543,752,1208,559,2006,17850,13851,2468,0,212,0,0,13,11
2021-02-10T23:59:59+01:00,0,2,282,282,785,1200,886,1709,1179,2574,1325,2205,868,787,1139,1712,792,2533,117,140,434,724,547,1010,716,1647,828,1428,537,527,738,1188,549,1978,17826,13110,2363,0,58,0,0,13,0
2021-02-09T23:59:59+01:00,0,2,282,279,781,1186,875,1692,1164,2555,1311,2181,853,782,1125,1695,781,2517,100,121,379,637,495,881,637,1448,740,1240,485,449,619,1026,481,1740,17728,11480,2317,0,3,0,0,13,0
2021-02-08T23:59:59+01:00,0,2,282,278,779,1181,875,1685,1162,2551,1305,2173,847,779,1109,1673,764,2496,90,99,334,543,443,781,548,1241,633,1075,409,375,535,837,388,1432,17613,9765,2314,0,1,0,0,13,0
2021-02-07T23:59:59+01:00,0,2,281,277,777,1180,874,1685,1162,2550,1305,2170,841,777,1107,1670,763,2494,88,98,332,538,441,777,546,1232,629,1069,404,370,514,814,382,1418,17588,9654,2314,0,0,0,0,13,0
2021-02-06T23:59:59+01:00,0,2,281,276,777,1179,874,1684,1162,2550,1305,2169,840,776,1105,1664,762,2492,88,97,332,535,440,776,545,1228,627,1068,400,365,466,745,354,1373,17572,9441,2313,0,0,0,0,13,0
2021-02-05T23:59:59+01:00,0,2,281,276,777,1178,873,1683,1161,2549,1304,2166,833,770,1082,1654,755,2476,82,95,324,529,424,758,519,1193,598,1026,377,338,446,721,340,1333,17494,9104,2313,0,0,0,0,13,0
2021-02-04T23:59:59+01:00,0,2,278,269,774,1157,861,1661,1148,2521,1290,2142,811,757,1054,1624,748,2460,68,77,254,408,329,592,402,965,485,824,304,274,335,576,277,1114,17254,7284,2290,0,0,0,0,13,0
2021-02-03T23:59:59+01:00,0,2,277,264,770,1136,859,1635,1141,2471,1277,2112,792,743,1037,1601,739,2446,54,54,168,279,255,441,282,715,361,585,208,194,237,423,194,837,17158,5287,2131,0,0,0,0,13,0
2021-02-02T23:59:59+01:00,0,2,276,259,766,1128,852,1613,1132,2447,1265,2095,788,736,1028,1590,737,2438,35,35,91,138,147,252,171,448,233,367,134,124,161,254,136,538,17008,3264,2131,0,0,0,0,13,0
2021-02-01T23:59:59+01:00,0,2,274,256,761,1109,844,1592,1126,2418,1261,2062,780,723,1021,1580,733,2425,11,12,14,26,25,63,44,88,70,101,49,45,57,74,39,178,16824,896,2131,0,0,0,0,12,0
2021-01-31T23:59:59+01:00,0,2,268,254,745,1107,836,1581,1116,2407,1250,2053,774,717,1011,1563,726,2412,10,12,13,25,23,60,38,83,63,93,46,45,53,67,36,165,16789,832,2021,0,0,0,0,12,0
2021-01-30T23:59:59+01:00,0,2,268,254,745,1106,835,1581,1116,2407,1250,2053,773,717,1010,1561,725,2410,10,10,13,25,23,60,38,83,62,91,45,44,52,67,36,164,16785,823,2016,0,0,0,0,12,0
2021-01-29T23:59:59+01:00,0,2,268,254,745,1105,835,1581,1116,2407,1250,2052,772,716,1009,1559,725,2408,9,5,12,24,23,59,36,81,61,91,44,43,52,67,36,164,16778,807,2014,0,0,0,0,12,0
2021-01-28T23:59:59+01:00,0,2,264,249,733,1080,800,1526,1079,2347,1173,1994,731,702,980,1539,709,2386,4,0,3,6,9,24,18,36,20,45,21,22,23,45,15,97,16599,388,1683,0,0,0,0,12,0
2021-01-27T23:59:59+01:00,0,2,258,242,710,1048,752,1471,1022,2266,1100,1913,696,675,966,1518,706,2379,3,0,3,4,6,20,14,22,13,32,6,9,10,10,4,27,16151,183,1561,0,0,0,0,12,0
2021-01-26T23:59:59+01:00,0,2,234,233,693,1024,744,1421,1002,2192,1073,1848,684,661,943,1502,696,2360,3,0,1,4,5,10,12,12,6,11,3,5,6,7,1,16,16100,102,1200,0,0,0,0,12,0
2021-01-25T23:59:59+01:00,0,2,202,218,641,950,692,1298,960,2046,1015,1713,636,606,866,1407,653,2287,3,0,1,4,5,10,12,12,6,11,3,5,6,7,1,16,15874,102,306,0,0,0,0,12,0
2021-01-24T23:59:59+01:00,0,2,185,212,615,938,673,1284,942,2030,1000,1703,629,600,856,1387,644,2274,3,0,1,4,5,10,11,12,5,11,3,5,6,7,1,16,15701,100,261,0,0,0,0,12,0
2021-01-23T23:59:59+01:00,0,2,185,212,615,938,673,1284,942,2030,1000,1703,629,600,856,1387,644,2274,3,0,1,4,5,10,9,12,5,11,3,5,6,7,1,16,15701,98,261,0,0,0,0,12,0
2021-01-22T23:59:59+01:00,0,2,138,194,557,928,655,1270,908,2020,988,1692,624,599,855,1387,644,2274,3,0,0,4,5,10,9,12,5,11,3,5,6,7,1,16,15462,97,261,0,0,0,0,12,0
2021-01-21T23:59:59+01:00,0,2,133,186,542,905,634,1229,875,1966,966,1644,613,578,843,1356,637,2255,3,0,0,4,4,10,9,12,5,11,3,5,6,7,1,15,15091,95,261,0,0,0,0,12,0
2021-01-20T23:59:59+01:00,0,2,128,170,495,839,611,1153,812,1856,929,1573,592,561,826,1333,627,2227,3,0,0,4,4,10,9,12,5,11,3,5,6,7,1,15,14463,95,259,0,0,0,0,12,0
2021-01-19T23:59:59+01:00,0,2,115,151,422,752,546,1023,727,1657,825,1408,546,507,725,1174,554,1979,3,0,0,4,4,8,9,12,5,11,3,5,6,7,1,15,12909,93,192,0,0,0,0,12,0
2021-01-18T23:59:59+01:00,0,2,97,119,353,599,455,851,597,1396,699,1202,478,441,641,1017,487,1712,1,0,0,1,0,0,0,0,0,0,0,0,0,1,0,0,11052,3,82,0,0,0,0,12,0
2021-01-17T23:59:59+01:00,0,2,93,117,349,594,454,846,595,1377,691,1192,473,432,614,988,471,1671,1,0,0,1,0,0,0,0,0,0,0,0,0,1,0,0,10865,3,82,0,0,0,0,12,0
2021-01-16T23:59:59+01:00,0,2,93,114,347,586,451,841,584,1364,680,1180,458,418,519,862,410,1574,0,0,0,1,0,0,0,0,0,0,0,0,0,0,0,0,10468,1,3,0,0,0,0,12,0
2021-01-15T23:59:59+01:00,0,2,92,112,342,584,445,836,578,1357,663,1164,442,400,511,850,402,1551,0,0,0,0,0,0,0,0,0,0,0,0,0,0,0,0,10318,0,1,0,0,0,0,12,0
2021-01-14T23:59:59+01:00,0,0,75,90,285,482,367,673,461,1103,543,982,363,320,401,695,332,1321,0,0,0,0,0,0,0,0,0,0,0,0,0,0,0,0,8481,0,0,0,0,0,0,12,0
2021-01-13T23:59:59+01:00,0,0,61,67,201,364,291,500,347,821,417,701,253,224,293,520,250,1015,0,0,0,0,0,0,0,0,0,0,0,0,0,0,0,0,6314,0,0,0,0,0,0,11,0
2021-01-12T23:59:59+01:00,0,0,40,44,121,215,178,310,206,528,278,434,159,142,188,337,171,682,0,0,0,0,0,0,0,0,0,0,0,0,0,0,0,0,4033,0,0,0,0,0,0,0,0
2021-01-11T23:59:59+01:00,0,0,11,14,41,57,41,91,59,119,92,128,65,58,83,103,49,223,0,0,0,0,0,0,0,0,0,0,0,0,0,0,0,0,1234,0,0,0,0,0,0,0,0
2021-01-10T23:59:59+01:00,0,0,11,14,29,47,34,73,50,110,79,118,57,54,77,93,46,209,0,0,0,0,0,0,0,0,0,0,0,0,0,0,0,0,1101,0,0,0,0,0,0,0,0
2021-01-09T23:59:59+01:00,0,0,11,13,26,46,34,73,49,109,77,115,56,53,76,92,45,208,0,0,0,0,0,0,0,0,0,0,0,0,0,0,0,0,1083,0,0,0,0,0,0,0,0
2021-01-08T23:59:59+01:00,0,0,7,6,26,41,32,70,46,107,76,114,53,49,71,87,41,208,0,0,0,0,0,0,0,0,0,0,0,0,0,0,0,0,1034,0,0,0,0,0,0,0,0
2021-01-07T23:59:59+01:00,0,0,5,1,9,20,15,37,28,77,33,77,32,27,47,74,28,162,0,0,0,0,0,0,0,0,0,0,0,0,0,0,0,0,672,0,0,0,0,0,0,0,0
2021-01-06T23:59:59+01:00,0,0,5,0,4,8,10,29,25,43,19,47,26,24,34,51,19,120,0,0,0,0,0,0,0,0,0,0,0,0,0,0,0,0,464,0,0,0,0,0,0,0,0
2021-01-05T23:59:59+01:00,0,0,5,0,4,8,10,29,25,43,19,47,26,24,34,50,19,120,0,0,0,0,0,0,0,0,0,0,0,0,0,0,0,0,463,0,0,0,0,0,0,0,0
2021-01-04T23:59:59+01:00,0,0,4,0,1,3,4,10,13,12,5,11,3,5,6,8,1,17,0,0,0,0,0,0,0,0,0,0,0,0,0,0,0,0,103,0,0,0,0,0,0,0,0
2021-01-03T23:59:59+01:00,0,0,3,0,1,3,4,10,12,12,5,11,3,5,6,8,1,16,0,0,0,0,0,0,0,0,0,0,0,0,0,0,0,0,100,0,0,0,0,0,0,0,0
2021-01-02T23:59:59+01:00,0,0,3,0,1,3,4,10,10,12,5,11,3,5,6,8,1,16,0,0,0,0,0,0,0,0,0,0,0,0,0,0,0,0,98,0,0,0,0,0,0,0,0
2021-01-01T23:59:59+01:00,0,0,3,0,0,3,4,10,10,12,5,11,3,5,6,7,1,16,0,0,0,0,0,0,0,0,0,0,0,0,0,0,0,0,96,0,0,0,0,0,0,0,0
2020-12-31T23:59:59+01:00,0,0,3,0,0,3,4,10,9,12,5,11,3,5,6,7,1,16,0,0,0,0,0,0,0,0,0,0,0,0,0,0,0,0,95,0,0,0,0,0,0,0,0
2020-12-30T23:59:59+01:00,0,0,3,0,0,3,4,10,9,12,5,11,3,5,6,7,1,16,0,0,0,0,0,0,0,0,0,0,0,0,0,0,0,0,95,0,0,0,0,0,0,0,0
2020-12-29T23:59:59+01:00,0,0,3,0,0,3,4,8,9,12,5,11,3,5,6,7,1,16,0,0,0,0,0,0,0,0,0,0,0,0,0,0,0,0,93,0,0,0,0,0,0,0,0
2020-12-28T23:59:59+01:00,0,0,3,0,0,3,4,8,9,12,5,11,3,5,6,7,1,16,0,0,0,0,0,0,0,0,0,0,0,0,0,0,0,0,93,0,0,0,0,0,0,0,0
2020-12-27T23:59:59+01:00,0,0,1,0,0,0,0,0,0,0,0,0,0,0,1,3,0,7,0,0,0,0,0,0,0,0,0,0,0,0,0,0,0,0,12,0,0,0,0,0,0,0,0
