Datum,<15_1_m,<15_1_w,15-24_1_m,15-24_1_w,25-34_1_m,25-34_1_w,35-44_1_m,35-44_1_w,45-54_1_m,45-54_1_w,55-64_1_m,55-64_1_w,65-74_1_m,65-74_1_w,75-84_1_m,75-84_1_w,>84_1_m,>84_1_w,<15_2_m,<15_2_w,15-24_2_m,15-24_2_w,25-34_2_m,25-34_2_w,35-44_2_m,35-44_2_w,45-54_2_m,45-54_2_w,55-64_2_m,55-64_2_w,65-74_2_m,65-74_2_w,75-84_2_m,75-84_2_w,>84_2_m,>84_2_w,bp_1,bp_2,mo_1,mo_2,az_1,az_2,ja,unb_1,unb_2
2021-11-19T23:59:59+01:00,5465,5103,29865,28058,39172,36166,37899,37383,42583,42647,45287,45037,28908,32208,20483,25689,6417,10847,3954,3691,25170,24020,34415,31505,34240,33783,39254,39260,42518,42476,27832,30960,19825,24747,6157,10288,372555,335791,46716,44634,77633,71375,22246,74,49
2021-11-18T23:59:59+01:00,5323,4948,29703,27884,39007,35952,37746,37221,42459,42528,45212,44957,28861,32157,20469,25668,6412,10833,3903,3641,25019,23900,34277,31388,34120,33678,39182,39162,42447,42410,27804,30931,19806,24733,6153,10284,370767,334623,46670,44588,77633,71375,22203,74,49
2021-11-17T23:59:59+01:00,5265,4888,29607,27821,38915,35839,37675,37139,42383,42467,45149,44888,28843,32126,20460,25650,6406,10820,3883,3623,24993,23848,34220,31333,34076,33630,39142,39128,42391,42363,27792,30907,19800,24722,6153,10280,369786,334083,46657,44579,77633,71375,22198,74,49
2021-11-16T23:59:59+01:00,5178,4818,29428,27667,38746,35655,37536,37001,42258,42360,45056,44800,28811,32086,20443,25629,6402,10808,3864,3606,24887,23772,34106,31235,33994,33554,39078,39067,42342,42315,27765,30879,19784,24695,6139,10267,368216,333222,46620,44556,77632,71375,22147,74,49
2021-11-15T23:59:59+01:00,5125,4777,29310,27573,38613,35552,37457,36908,42195,42287,44998,44751,28787,32066,20431,25614,6400,10800,3856,3600,24837,23752,34061,31191,33956,33527,39046,39044,42316,42299,27756,30868,19774,24678,6136,10263,367211,332862,46597,44537,77632,71375,22137,74,49
2021-11-14T23:59:59+01:00,5092,4745,29238,27507,38517,35454,37404,36855,42146,42229,44959,44717,28778,32050,20422,25598,6398,10794,3848,3590,24809,23735,34028,31153,33929,33504,39028,39019,42297,42281,27745,30861,19768,24669,6135,10263,366485,332581,46590,44528,77632,71375,22129,74,49
2021-11-13T23:59:59+01:00,5032,4702,29094,27404,38401,35317,37293,36778,42073,42156,44917,44680,28766,32036,20418,25596,6396,10792,3842,3586,24773,23715,34009,31133,33908,33482,39008,39001,42289,42274,27741,30859,19767,24669,6135,10262,365469,332389,46569,44526,77632,71375,22114,74,49
2021-11-12T23:59:59+01:00,4928,4612,28739,27098,38135,35066,37110,36566,41925,42003,44800,44588,28736,32014,20412,25582,6395,10792,3824,3556,24669,23633,33903,31041,33816,33406,38939,38952,42241,42241,27725,30842,19761,24664,6134,10262,363270,331645,46487,44495,77632,71375,22045,74,49
2021-11-11T23:59:59+01:00,4809,4479,28447,26828,37848,34766,36885,36344,41747,41832,44667,44475,28695,31959,20398,25562,6389,10781,3789,3512,24561,23538,33810,30923,33704,33323,38862,38873,42175,42185,27705,30819,19751,24648,6132,10260,360806,330716,46422,44447,77632,71375,21983,74,49
2021-11-10T23:59:59+01:00,4752,4418,28301,26723,37723,34622,36778,36239,41680,41754,44598,44402,28682,31939,20389,25549,6384,10770,3775,3493,24518,23497,33757,30870,33658,33287,38831,38842,42150,42155,27687,30809,19741,24638,6129,10249,359656,330272,46391,44435,77632,71374,21956,74,49
2021-11-09T23:59:59+01:00,4686,4359,28059,26518,37500,34414,36630,36105,41553,41633,44519,44330,28661,31909,20374,25528,6381,10763,3758,3472,24453,23440,33679,30794,33610,33243,38792,38800,42112,42125,27677,30784,19729,24625,6126,10241,357974,329722,46333,44399,77631,71374,21916,74,49
2021-11-08T23:59:59+01:00,4628,4310,27838,26336,37248,34213,36451,35969,41430,41521,44422,44249,28628,31874,20363,25514,6378,10760,3743,3452,24388,23389,33624,30739,33576,33199,38756,38754,42078,42086,27661,30769,19715,24613,6125,10234,356254,329203,46288,44384,77631,71374,21891,74,49
2021-11-07T23:59:59+01:00,4591,4276,27640,26183,37037,34027,36311,35825,41310,41421,44337,44190,28611,31857,20354,25505,6376,10752,3736,3444,24350,23361,33569,30700,33548,33173,38728,38728,42056,42061,27656,30757,19709,24606,6123,10231,354820,328913,46253,44369,77631,71374,21831,74,49
2021-11-06T23:59:59+01:00,4571,4260,27591,26145,36974,33987,36282,35807,41273,41405,44312,44167,28607,31855,20348,25503,6376,10750,3735,3441,24344,23357,33562,30696,33545,33169,38723,38726,42053,42060,27653,30757,19707,24604,6122,10230,354458,328877,46241,44369,77631,71374,21815,74,49
2021-11-05T23:59:59+01:00,4476,4162,27340,25951,36742,33753,36075,35648,41144,41268,44231,44097,28592,31838,20345,25491,6374,10749,3718,3420,24278,23320,33510,30647,33493,33133,38683,38688,42026,42039,27642,30751,19703,24597,6120,10228,352733,328505,46096,44321,77631,71374,21747,74,49
2021-11-04T23:59:59+01:00,4400,4111,27114,25784,36517,33542,35892,35523,41022,41152,44145,44033,28571,31823,20336,25480,6372,10746,3686,3371,24184,23206,33405,30531,33412,33053,38617,38622,41962,41982,27623,30726,19693,24584,6115,10219,351167,327626,46038,44284,77631,71374,21658,74,49
2021-11-03T23:59:59+01:00,4381,4080,27052,25728,36431,33462,35820,35486,40964,41107,44108,44004,28564,31812,20330,25474,6371,10746,3660,3341,24150,23165,33372,30488,33376,33029,38597,38595,41937,41961,27608,30708,19686,24575,6110,10214,350551,327224,46019,44276,77631,71373,21650,74,49
2021-11-02T23:59:59+01:00,4347,4039,26833,25589,36198,33291,35658,35374,40830,41008,44026,43937,28539,31795,20319,25465,6370,10742,3631,3314,24048,23086,33260,30412,33309,32979,38536,38540,41892,41928,27588,30687,19670,24564,6108,10207,349163,326559,45968,44249,77631,71373,21529,74,49
2021-11-01T23:59:59+01:00,4305,4002,26744,25526,36083,33217,35581,35328,40759,40957,43988,43918,28532,31786,20315,25464,6369,10741,3613,3277,24001,23036,33205,30377,33274,32949,38497,38515,41866,41902,27578,30680,19664,24555,6107,10205,348475,326151,45942,44232,77631,71371,21498,74,49
2021-10-31T23:59:59+01:00,4305,4002,26740,25526,36081,33217,35581,35328,40758,40957,43987,43917,28531,31786,20315,25464,6369,10741,3613,3277,24001,23036,33205,30377,33274,32949,38496,38515,41865,41902,27578,30680,19664,24555,6107,10205,348467,326150,45941,44232,77631,71371,21497,74,49
2021-10-30T23:59:59+02:00,4302,4000,26729,25521,36067,33209,35575,35324,40749,40953,43979,43917,28530,31786,20315,25463,6369,10740,3613,3277,23997,23033,33202,30377,33274,32946,38495,38514,41864,41902,27578,30680,19664,24555,6107,10205,348390,326134,45941,44232,77631,71371,21497,74,49
2021-10-29T23:59:59+02:00,4278,3981,26587,25426,35882,33090,35462,35253,40649,40884,43933,43893,28527,31776,20314,25461,6369,10740,3601,3269,23943,22996,33149,30322,33226,32911,38454,38476,41838,41883,27573,30672,19659,24548,6106,10205,347464,325745,45886,44212,77631,71370,21455,74,49
2021-10-28T23:59:59+02:00,4246,3939,26416,25297,35683,32956,35315,35152,40552,40807,43869,43852,28516,31764,20305,25454,6368,10738,3572,3233,23855,22908,33062,30228,33163,32860,38399,38427,41790,41854,27562,30657,19651,24538,6102,10197,346370,325119,45811,44172,77631,71370,21348,74,49
2021-10-27T23:59:59+02:00,4219,3915,26375,25264,35639,32911,35273,35101,40515,40777,43845,43834,28513,31757,20303,25448,6364,10736,3557,3214,23808,22868,33015,30189,33138,32833,38388,38403,41777,41834,27553,30641,19643,24531,6101,10195,345942,324758,45801,44166,77631,71369,21346,74,49
2021-10-26T23:59:59+02:00,4176,3886,26236,25149,35493,32805,35177,35022,40445,40728,43804,43812,28502,31746,20298,25442,6361,10734,3529,3201,23742,22785,32937,30119,33092,32783,38332,38364,41737,41811,27545,30631,19638,24522,6100,10193,345077,324244,45771,44134,77631,71366,21268,74,49
2021-10-25T23:59:59+02:00,4167,3878,26222,25131,35460,32782,35150,35008,40431,40721,43800,43808,28501,31745,20297,25442,6361,10734,3524,3194,23738,22779,32918,30100,33089,32777,38325,38360,41736,41808,27544,30630,19638,24519,6100,10193,344924,324180,45762,44126,77631,71365,21252,74,49
2021-10-24T23:59:59+02:00,4156,3873,26198,25101,35427,32754,35120,34984,40417,40703,43788,43799,28500,31741,20296,25440,6361,10734,3514,3185,23724,22762,32906,30091,33077,32769,38316,38351,41728,41800,27538,30627,19638,24514,6100,10192,344687,324040,45754,44126,77630,71365,21252,74,49
2021-10-23T23:59:59+02:00,4156,3873,26196,25097,35422,32753,35116,34981,40414,40701,43786,43799,28500,31741,20296,25440,6361,10734,3514,3185,23724,22761,32905,30091,33075,32769,38315,38350,41728,41800,27538,30627,19638,24514,6100,10192,344661,324034,45754,44126,77630,71365,21252,74,49
2021-10-22T23:59:59+02:00,4135,3842,26100,25025,35312,32656,35022,34919,40338,40659,43745,43772,28493,31736,20293,25433,6361,10733,3476,3156,23665,22698,32841,30035,33023,32731,38278,38319,41694,41775,27531,30620,19634,24511,6099,10191,343943,323548,45720,44103,77630,71365,21212,74,49
2021-10-21T23:59:59+02:00,4069,3795,25994,24932,35186,32541,34922,34848,40267,40603,43684,43736,28481,31722,20286,25427,6361,10731,3289,3004,23521,22544,32746,29944,32952,32663,38219,38265,41643,41735,27513,30601,19618,24494,6094,10182,343038,322387,45694,44071,77629,71365,21155,74,49
2021-10-20T23:59:59+02:00,4060,3778,25962,24902,35136,32494,34884,34815,40245,40580,43664,43722,28476,31717,20282,25422,6356,10727,3255,2976,23481,22504,32704,29911,32924,32634,38192,38235,41621,41713,27498,30589,19608,24483,6091,10178,342695,321983,45686,44057,77629,71365,21143,74,49
2021-10-19T23:59:59+02:00,4041,3751,25891,24857,35081,32447,34845,34776,40211,40553,43643,43708,28471,31711,20274,25412,6351,10724,3151,2862,23362,22394,32625,29843,32884,32591,38165,38191,41590,41689,27483,30572,19599,24476,6084,10173,342273,321191,45662,44016,77629,71364,21114,74,49
2021-10-18T23:59:59+02:00,4032,3734,25851,24830,35050,32409,34826,34762,40193,40539,43633,43694,28464,31704,20264,25405,6350,10724,3122,2844,23314,22356,32593,29799,32860,32555,38139,38171,41570,41666,27476,30565,19592,24467,6081,10169,342011,320827,45654,43998,77629,71364,21101,74,49
2021-10-17T23:59:59+02:00,4025,3722,25835,24824,35037,32397,34817,34757,40189,40535,43628,43686,28463,31700,20264,25400,6349,10722,3033,2764,23274,22329,32582,29785,32854,32545,38135,38164,41569,41657,27475,30562,19591,24465,6079,10169,341898,320521,45654,43998,77629,71364,21100,74,49
2021-10-16T23:59:59+02:00,4025,3722,25835,24824,35037,32397,34817,34757,40188,40534,43628,43686,28462,31699,20264,25399,6349,10721,3032,2762,23273,22329,32582,29785,32854,32544,38133,38163,41568,41656,27474,30562,19591,24464,6078,10167,341893,320507,45654,43998,77629,71364,21099,74,49
2021-10-15T23:59:59+02:00,4015,3713,25797,24793,35005,32371,34794,34734,40169,40522,43617,43679,28458,31696,20261,25396,6347,10717,3001,2737,23212,22257,32525,29735,32822,32496,38104,38136,41548,41639,27466,30555,19588,24460,6078,10163,341659,320048,45638,43971,77628,71364,21090,74,49
2021-10-14T23:59:59+02:00,3995,3683,25725,24733,34937,32304,34748,34698,40135,40489,43586,43664,28450,31687,20255,25392,6344,10712,2957,2680,23129,22171,32462,29640,32770,32439,38046,38093,41509,41602,27448,30540,19580,24451,6075,10162,341174,319364,45615,43926,77628,71364,21051,74,49
2021-10-13T23:59:59+02:00,3980,3660,25694,24712,34910,32273,34728,34683,40121,40467,43568,43644,28442,31681,20251,25383,6338,10705,2936,2659,23096,22131,32435,29600,32759,32404,38026,38073,41493,41590,27441,30526,19573,24444,6075,10157,340887,319041,45610,43918,77628,71364,21046,74,49
2021-10-12T23:59:59+02:00,3963,3639,25643,24660,34850,32209,34694,34653,40092,40440,43548,43631,28429,31666,20247,25374,6332,10698,2908,2625,23008,22033,32336,29510,32715,32356,37969,38035,41468,41553,27416,30513,19566,24434,6072,10147,340456,318349,45592,43881,77628,71362,21023,74,49
2021-10-11T23:59:59+02:00,3955,3627,25615,24634,34835,32186,34664,34634,40081,40427,43537,43618,28419,31657,20240,25369,6328,10693,2887,2614,22977,22000,32293,29475,32690,32326,37952,38018,41447,41536,27410,30507,19560,24427,6070,10143,340232,318035,45577,43873,77628,71362,21013,74,49
2021-10-10T23:59:59+02:00,3952,3625,25610,24627,34826,32175,34657,34620,40072,40422,43528,43610,28418,31652,20235,25365,6328,10689,2879,2608,22967,21984,32281,29458,32685,32319,37941,38007,41441,41531,27404,30503,19559,24426,6070,10143,340126,317912,45575,43870,77628,71362,21013,74,49
2021-10-09T23:59:59+02:00,3951,3622,25609,24625,34825,32171,34654,34619,40069,40418,43526,43610,28416,31651,20234,25362,6327,10689,2879,2607,22967,21984,32281,29458,32683,32318,37940,38007,41440,41530,27404,30503,19558,24426,6070,10142,340093,317903,45575,43870,77628,71362,21013,74,49
2021-10-08T23:59:59+02:00,3916,3598,25536,24566,34761,32117,34622,34588,40035,40390,43492,43584,28406,31641,20223,25347,6319,10685,2852,2571,22869,21916,32230,29401,32646,32270,37912,37963,41414,41505,27392,30485,19552,24418,6066,10141,339578,317344,45557,43855,77628,71361,20994,74,49
2021-10-07T23:59:59+02:00,3892,3554,25459,24485,34691,32044,34575,34548,39995,40348,43459,43557,28398,31631,20208,25336,6312,10675,2794,2509,22742,21773,32158,29313,32595,32192,37865,37915,41371,41464,27372,30467,19536,24404,6059,10129,338987,316468,45530,43828,77628,71360,20953,74,49
2021-10-06T23:59:59+02:00,3878,3534,25423,24441,34651,32005,34549,34518,39976,40330,43440,43539,28391,31622,20196,25318,6308,10663,2779,2492,22709,21731,32127,29276,32573,32162,37849,37890,41352,41449,27362,30457,19526,24392,6057,10125,338611,316127,45527,43825,77628,71360,20947,74,49
2021-10-05T23:59:59+02:00,3856,3515,25366,24379,34581,31931,34510,34479,39957,40294,43402,43516,28381,31610,20176,25298,6303,10634,2742,2450,22630,21612,32035,29185,32518,32098,37807,37850,41322,41420,27346,30447,19516,24382,6047,10115,338096,315424,45505,43799,77626,71358,20892,74,49
2021-10-04T23:59:59+02:00,3833,3493,25318,24334,34535,31895,34475,34446,39930,40273,43382,43494,28373,31601,20168,25281,6294,10620,2727,2440,22585,21565,32006,29136,32489,32074,37787,37832,41296,41404,27335,30431,19507,24373,6043,10105,337682,315072,45494,43785,77626,71355,20874,74,49
2021-10-03T23:59:59+02:00,3824,3490,25303,24327,34525,31888,34467,34439,39924,40263,43376,43490,28369,31599,20165,25272,6293,10613,2722,2434,22571,21554,31998,29126,32475,32065,37780,37826,41288,41400,27333,30426,19503,24367,6038,10099,337568,314947,45493,43783,77626,71355,20871,74,49
2021-10-02T23:59:59+02:00,3824,3490,25303,24327,34524,31888,34467,34439,39923,40263,43376,43490,28369,31599,20165,25272,6293,10613,2721,2434,22571,21554,31998,29126,32475,32065,37780,37826,41288,41400,27333,30426,19503,24367,6038,10099,337566,314946,45493,43783,77626,71355,20871,74,49
2021-10-01T23:59:59+02:00,3805,3472,25254,24261,34457,31819,34405,34398,39888,40238,43346,43472,28365,31592,20163,25270,6291,10610,2678,2392,22471,21465,31946,29055,32425,32023,37742,37778,41263,41383,27326,30421,19499,24362,6037,10097,337126,314384,45466,43756,77624,71353,20821,74,49
2021-09-30T23:59:59+02:00,3772,3430,25151,24139,34342,31731,34322,34333,39812,40176,43288,43420,28348,31571,20152,25261,6288,10600,2616,2339,22349,21347,31864,28951,32365,31952,37692,37730,41223,41357,27297,30409,19496,24349,6035,10092,336281,313587,45424,43731,77619,71353,20743,74,49
2021-09-29T23:59:59+02:00,3754,3410,25123,24092,34311,31703,34296,34307,39793,40154,43267,43402,28339,31563,20147,25255,6282,10593,2609,2325,22321,21316,31841,28931,32345,31928,37675,37713,41207,41345,27292,30398,19491,24340,6034,10088,335953,313340,45420,43727,77619,71353,20730,74,49
2021-09-28T23:59:59+02:00,3726,3378,25036,24020,34229,31634,34246,34257,39744,40114,43231,43370,28323,31544,20139,25243,6278,10584,2588,2299,22227,21242,31775,28858,32298,31881,37641,37670,41182,41319,27271,30383,19489,24331,6031,10086,335384,312835,45386,43697,77619,71352,20638,74,49
2021-09-27T23:59:59+02:00,3703,3355,24993,23992,34192,31594,34223,34227,39723,40080,43210,43349,28315,31534,20132,25238,6274,10578,2569,2284,22191,21210,31743,28818,32271,31860,37619,37652,41162,41306,27262,30378,19486,24327,6030,10082,335047,312566,45376,43681,77618,71352,20602,74,49
2021-09-26T23:59:59+02:00,3550,3251,24935,23957,34182,31586,34216,34224,39717,40074,43204,43343,28314,31532,20130,25237,6273,10577,2558,2277,22175,21191,31739,28811,32267,31856,37611,37645,41156,41300,27259,30374,19483,24325,6029,10081,334642,312460,45376,43680,77618,71351,20597,74,49
2021-09-25T23:59:59+02:00,3549,3251,24934,23957,34182,31586,34216,34224,39715,40073,43203,43343,28314,31531,20130,25237,6273,10577,2558,2276,22173,21188,31739,28811,32265,31855,37608,37643,41156,41300,27259,30373,19483,24325,6029,10081,334636,312445,45376,43680,77617,71351,20597,74,49
2021-09-24T23:59:59+02:00,3525,3219,24852,23881,34069,31507,34148,34161,39658,40026,43169,43317,28300,31520,20127,25231,6272,10575,2522,2245,22087,21098,31645,28747,32220,31818,37552,37604,41136,41278,27247,30362,19480,24322,6028,10081,334109,311988,45343,43666,77616,71350,20420,74,48
2021-09-23T23:59:59+02:00,3354,3067,24714,23733,33979,31417,34071,34101,39600,39973,43111,43273,28282,31506,20119,25219,6269,10573,2471,2200,21973,20994,31576,28670,32168,31762,37516,37570,41101,41244,27233,30342,19473,24306,6027,10078,333066,311365,45315,43648,77616,71348,20295,74,48
2021-09-22T23:59:59+02:00,3331,3042,24678,23678,33947,31384,34048,34062,39571,39957,43088,43248,28272,31497,20115,25208,6269,10568,2456,2188,21943,20963,31539,28632,32150,31733,37493,37555,41078,41233,27223,30336,19470,24302,6027,10077,332715,311100,45306,43644,77614,71347,20259,74,48
2021-09-21T23:59:59+02:00,3203,2909,24480,23519,33802,31284,33983,33977,39502,39909,43067,43206,28253,31477,20106,25202,6261,10561,2392,2157,21805,20825,31428,28527,32073,31655,37438,37507,41046,41199,27212,30324,19462,24287,6024,10071,331651,310322,45267,43616,77614,71346,20100,74,48
2021-09-20T23:59:59+02:00,3179,2887,24434,23473,33754,31243,33953,33944,39471,39878,43043,43181,28248,31467,20102,25196,6261,10557,2384,2145,21767,20783,31382,28479,32050,31619,37408,37488,41033,41190,27201,30317,19453,24281,6022,10063,331284,310012,45252,43609,77614,71344,20052,74,48
2021-09-19T23:59:59+02:00,3175,2885,24424,23467,33745,31235,33945,33937,39466,39863,43034,43180,28247,31466,20102,25194,6261,10557,2380,2141,21760,20776,31377,28471,32046,31618,37401,37480,41025,41189,27201,30317,19452,24280,6022,10063,331207,309957,45252,43608,77613,71344,20042,74,48
2021-09-18T23:59:59+02:00,3175,2885,24424,23467,33745,31235,33945,33937,39466,39863,43034,43180,28247,31466,20102,25194,6261,10557,2380,2141,21760,20776,31377,28468,32044,31618,37401,37480,41025,41189,27201,30317,19452,24279,6022,10063,331207,309951,45252,43608,77613,71344,20042,74,48
2021-09-17T23:59:59+02:00,3148,2847,24319,23352,33639,31134,33869,33869,39396,39809,42999,43153,28233,31458,20100,25187,6259,10555,2333,2098,21680,20698,31304,28405,31981,31571,37361,37446,41005,41175,27193,30302,19450,24272,6022,10062,330554,309498,45211,43588,77612,71344,19880,73,48
2021-09-16T23:59:59+02:00,3097,2799,24206,23217,33541,31025,33800,33763,39349,39748,42945,43104,28207,31437,20084,25176,6256,10547,2293,2056,21575,20600,31221,28330,31914,31505,37338,37390,40971,41136,27182,30282,19443,24264,6020,10061,329721,308891,45173,43578,77612,71338,19726,73,48
2021-09-15T23:59:59+02:00,3074,2786,24165,23170,33510,30981,33785,33732,39319,39719,42927,43086,28197,31426,20078,25171,6255,10545,2280,2041,21538,20558,31189,28284,31888,31482,37306,37356,40948,41109,27168,30273,19436,24256,6020,10057,329390,308532,45160,43577,77611,71336,19696,73,48
2021-09-14T23:59:59+02:00,3034,2754,24057,23027,33367,30842,33700,33647,39262,39667,42876,43036,28179,31410,20069,25163,6251,10540,2261,2016,21453,20476,31099,28195,31823,31420,37257,37314,40904,41082,27158,30253,19427,24248,6018,10054,328577,308007,45124,43570,77610,71332,19501,73,48
2021-09-13T23:59:59+02:00,3016,2734,24006,22974,33320,30784,33667,33597,39238,39636,42845,43012,28173,31396,20064,25161,6249,10536,2246,2000,21401,20428,31054,28144,31793,31388,37235,37294,40890,41060,27152,30247,19423,24244,6017,10053,328193,307707,45108,43557,77610,71329,19428,73,48
2021-09-12T23:59:59+02:00,3012,2727,24002,22966,33314,30779,33658,33591,39233,39633,42842,43010,28171,31394,20063,25160,6249,10535,2243,1997,21385,20419,31044,28126,31774,31380,37229,37286,40884,41054,27147,30246,19421,24241,6017,10051,328125,307584,45108,43557,77609,71327,19428,73,48
2021-09-11T23:59:59+02:00,3010,2726,24000,22964,33312,30778,33656,33590,39233,39631,42841,43010,28168,31392,20063,25160,6249,10535,2242,1995,21381,20418,31043,28123,31774,31380,37229,37284,40883,41053,27145,30246,19421,24241,6017,10051,328105,307567,45108,43557,77609,71327,19427,73,48
2021-09-10T23:59:59+02:00,2968,2684,23868,22836,33182,30662,33554,33513,39158,39547,42793,42969,28152,31375,20058,25152,6248,10533,2205,1957,21266,20315,30930,28030,31684,31325,37164,37242,40837,41020,27137,30236,19415,24231,6015,10050,327362,307023,45088,43538,77609,71326,19124,73,48
2021-09-09T23:59:59+02:00,2918,2645,23687,22688,33071,30532,33453,33411,39086,39474,42753,42921,28124,31358,20049,25146,6246,10531,2151,1900,21145,20185,30838,27932,31608,31229,37101,37186,40790,40972,27113,30220,19406,24222,6011,10047,326459,306271,45064,43519,77607,71323,18895,72,48
2021-09-08T23:59:59+02:00,2897,2614,23646,22637,33041,30493,33437,33383,39066,39453,42738,42906,28118,31349,20046,25141,6245,10531,2140,1888,21111,20154,30807,27916,31593,31204,37083,37163,40779,40958,27107,30215,19401,24217,6010,10046,326144,306044,45058,43515,77606,71322,18865,72,46
2021-09-07T23:59:59+02:00,2844,2559,23497,22492,32922,30385,33362,33297,39010,39389,42694,42872,28100,31332,20042,25136,6244,10528,2085,1847,20976,20020,30691,27829,31518,31138,37035,37111,40742,40929,27090,30190,19394,24206,6009,10044,325390,305392,45033,43492,77606,71317,18607,72,46
2021-09-06T23:59:59+02:00,2821,2544,23465,22448,32890,30351,33341,33277,38988,39376,42678,42857,28097,31328,20040,25134,6243,10525,2061,1829,20934,19976,30660,27802,31497,31111,37016,37091,40728,40917,27082,30182,19392,24197,6006,10042,325121,305087,45017,43484,77605,71315,18591,72,46
2021-09-05T23:59:59+02:00,2810,2541,23459,22443,32888,30346,33339,33272,38985,39373,42674,42851,28095,31324,20038,25133,6242,10524,2057,1826,20922,19969,30649,27796,31494,31107,37013,37089,40724,40914,27077,30180,19390,24193,6005,10042,325058,305013,45016,43484,77605,71315,18589,72,46
2021-09-04T23:59:59+02:00,2810,2541,23456,22442,32887,30346,33339,33271,38985,39372,42673,42850,28095,31324,20038,25133,6242,10524,2055,1823,20920,19969,30649,27796,31493,31106,37013,37089,40723,40914,27077,30180,19390,24193,6005,10042,325052,305006,45016,43484,77605,71315,18586,72,46
2021-09-03T23:59:59+02:00,2787,2507,23379,22364,32813,30275,33299,33228,38941,39343,42643,42837,28087,31311,20037,25131,6240,10523,2039,1806,20871,19910,30600,27757,31459,31071,36985,37063,40693,40902,27069,30172,19388,24191,6004,10042,324553,304662,44988,43475,77603,71307,18532,72,46
2021-09-02T23:59:59+02:00,2756,2475,23273,22267,32753,30185,33240,33173,38903,39310,42604,42805,28067,31299,20033,25117,6238,10520,2016,1787,20797,19850,30540,27695,31421,31040,36945,37026,40660,40874,27059,30160,19385,24180,6004,10042,323948,304235,44958,43457,77602,71302,18441,72,46
2021-09-01T23:59:59+02:00,2733,2460,23249,22230,32723,30153,33218,33147,38876,39289,42591,42789,28059,31292,20028,25115,6238,10520,1999,1772,20756,19808,30507,27667,31394,31017,36926,37010,40642,40858,27049,30151,19384,24174,6004,10042,323691,303961,44947,43450,77601,71301,18402,72,46
2021-08-31T23:59:59+02:00,2688,2417,23126,22124,32642,30052,33164,33090,38831,39248,42565,42764,28048,31286,20022,25111,6237,10516,1975,1752,20670,19713,30435,27607,31345,30975,36886,36978,40613,40833,27040,30139,19378,24169,6004,10040,323113,303545,44917,43435,77600,71294,18232,72,46
2021-08-30T23:59:59+02:00,2666,2393,23074,22081,32602,30010,33138,33053,38802,39228,42546,42746,28043,31279,20015,25102,6236,10512,1928,1712,20546,19609,30339,27512,31284,30924,36853,36951,40592,40799,27024,30124,19377,24160,6004,10038,322771,302831,44902,43426,77600,71289,18184,72,46
2021-08-29T23:59:59+02:00,2635,2363,22986,22014,32539,29953,33095,33022,38756,39192,42516,42725,28034,31272,20012,25097,6236,10511,1902,1687,20442,19540,30270,27462,31249,30890,36812,36920,40567,40781,27011,30113,19376,24155,6004,10038,322313,302399,44886,43403,77598,71279,18092,72,46
2021-08-28T23:59:59+02:00,2629,2361,22986,22014,32535,29953,33094,33022,38753,39191,42515,42725,28033,31272,20012,25097,6236,10511,1902,1685,20441,19539,30264,27462,31249,30887,36809,36918,40567,40781,27011,30113,19376,24155,6004,10038,322300,302388,44886,43402,77598,71279,18086,72,46
2021-08-27T23:59:59+02:00,2629,2361,22981,22011,32528,29952,33092,33019,38751,39189,42511,42725,28032,31272,20012,25097,6235,10511,1901,1684,20435,19538,30256,27461,31247,30885,36806,36917,40565,40781,27011,30113,19376,24154,6004,10038,322281,302373,44886,43402,77598,71277,18074,72,46
2021-08-26T23:59:59+02:00,2546,2276,22793,21804,32395,29810,32973,32912,38663,39101,42445,42656,28007,31239,19999,25079,6234,10505,1815,1603,20166,19268,30116,27295,31104,30758,36697,36823,40479,40707,26969,30072,19357,24130,5998,10036,321058,300861,44866,43378,77597,71261,17847,72,46
2021-08-25T23:59:59+02:00,2540,2268,22773,21779,32384,29788,32959,32897,38651,39086,42434,42650,28002,31236,19992,25073,6231,10503,1804,1594,20118,19224,30080,27265,31083,30721,36672,36791,40460,40691,26956,30059,19354,24122,5997,10035,320869,300498,44866,43378,77597,71259,17845,72,46
2021-08-24T23:59:59+02:00,2522,2257,22734,21737,32358,29743,32940,32865,38641,39066,42415,42636,27996,31225,19987,25065,6230,10502,1794,1585,20080,19182,30047,27224,31062,30686,36658,36770,40440,40673,26950,30049,19350,24119,5997,10031,320582,300209,44856,43373,77597,71254,17815,72,46
2021-08-23T23:59:59+02:00,2503,2225,22666,21664,32287,29686,32904,32834,38602,39035,42385,42623,27980,31216,19984,25054,6230,10500,1750,1541,19956,19060,29928,27145,30996,30639,36609,36726,40398,40644,26938,30034,19344,24109,5997,10025,320140,299469,44845,43349,77595,71246,17729,72,46
2021-08-22T23:59:59+02:00,2494,2216,22630,21632,32268,29668,32888,32826,38585,39019,42380,42614,27976,31211,19979,25054,6230,10499,1740,1528,19916,19022,29892,27111,30965,30603,36588,36710,40380,40622,26930,30030,19341,24106,5997,10023,319970,299178,44839,43346,77594,71237,17697,72,46
2021-08-21T23:59:59+02:00,2475,2203,22575,21582,32228,29631,32865,32802,38571,38996,42363,42604,27969,31203,19977,25051,6230,10498,1710,1504,19815,18924,29820,27053,30931,30559,36553,36668,40356,40601,26919,30021,19336,24102,5995,10023,319724,298670,44826,43331,77592,71231,17612,72,46
2021-08-20T23:59:59+02:00,2437,2161,22488,21475,32151,29548,32803,32754,38520,38956,42321,42576,27962,31189,19973,25036,6229,10494,1663,1467,19641,18797,29693,26950,30856,30500,36490,36622,40310,40563,26904,30002,19327,24093,5994,10019,319139,297854,44803,43305,77589,71213,17473,72,46
2021-08-19T23:59:59+02:00,2347,2093,22328,21337,32013,29423,32712,32669,38418,38876,42251,42521,27936,31156,19966,25024,6224,10485,1607,1417,19382,18590,29479,26800,30735,30391,36371,36526,40208,40478,26876,29972,19316,24077,5990,10014,318199,296580,44782,43275,77589,71188,17140,72,46
2021-08-18T23:59:59+02:00,2337,2084,22302,21315,31990,29402,32690,32646,38390,38858,42238,42506,27921,31146,19960,25019,6224,10483,1584,1399,19327,18531,29439,26766,30709,30360,36342,36505,40184,40447,26859,29961,19312,24065,5985,10010,317938,296146,44782,43274,77589,71186,17133,72,46
2021-08-17T23:59:59+02:00,2320,2068,22277,21287,31974,29372,32664,32622,38377,38847,42214,42487,27915,31133,19954,25014,6224,10483,1571,1388,19284,18482,29407,26727,30665,30334,36314,36472,40156,40423,26837,29946,19306,24048,5981,10006,317691,295747,44782,43271,77589,71182,17101,72,46
2021-08-16T23:59:59+02:00,2281,2051,22210,21244,31933,29327,32639,32601,38353,38825,42182,42470,27906,31125,19952,25004,6224,10482,1547,1363,19075,18337,29260,26611,30588,30245,36267,36418,40118,40381,26817,29930,19299,24029,5975,10004,317340,294741,44782,43265,77586,71180,17032,72,46
2021-08-15T23:59:59+02:00,2254,2028,22156,21187,31885,29286,32615,32568,38325,38806,42161,42456,27900,31120,19946,24997,6223,10482,1525,1347,18955,18219,29102,26483,30508,30162,36201,36367,40063,40324,26799,29906,19289,24020,5972,10003,317004,293815,44773,43248,77585,71172,16964,72,46
2021-08-14T23:59:59+02:00,2248,2025,22130,21171,31873,29270,32611,32562,38317,38801,42155,42453,27899,31119,19945,24996,6223,10481,1495,1319,18842,18125,29039,26419,30468,30114,36176,36335,40042,40309,26792,29900,19286,24019,5971,10000,316915,293268,44770,43229,77585,71168,16940,72,46
2021-08-13T23:59:59+02:00,2231,2014,22084,21133,31836,29246,32573,32533,38302,38787,42145,42443,27897,31115,19942,24993,6222,10481,1420,1254,18586,17865,28862,26257,30352,30023,36124,36267,39997,40273,26776,29887,19281,24010,5968,9996,316679,291900,44765,43213,77583,71158,16881,72,46
2021-08-12T23:59:59+02:00,2195,1976,21995,21038,31765,29167,32517,32483,38255,38744,42105,42409,27881,31096,19935,24983,6220,10481,1327,1194,18284,17551,28610,26028,30207,29892,36029,36173,39920,40204,26741,29840,19261,23987,5966,9993,316100,290147,44754,43161,77580,71111,16742,72,46
2021-08-11T23:59:59+02:00,2193,1971,21975,21022,31747,29146,32502,32467,38247,38735,42094,42392,27872,31093,19932,24979,6219,10477,1319,1181,18228,17496,28574,25983,30160,29854,36009,36135,39884,40171,26729,29813,19254,23977,5966,9991,315919,289671,44754,43158,77580,71108,16741,72,46
2021-08-10T23:59:59+02:00,2184,1950,21948,20985,31709,29124,32486,32447,38220,38708,42076,42382,27865,31085,19930,24976,6218,10473,1285,1147,17715,17041,28398,25828,30066,29763,35840,36012,39834,40127,26705,29790,19247,23962,5962,9990,315669,287975,44748,43129,77578,70858,16704,70,46
2021-08-09T23:59:59+02:00,2160,1936,21898,20932,31651,29077,32450,32416,38195,38687,42062,42357,27854,31076,19929,24967,6217,10471,1242,1107,17246,16587,28266,25721,30010,29708,35793,35967,39802,40092,26696,29776,19242,23956,5962,9988,315288,286498,44742,43109,77578,70846,16662,68,46
2021-08-08T23:59:59+02:00,2144,1918,21844,20886,31607,29040,32416,32390,38171,38678,42040,42336,27847,31072,19923,24963,6217,10468,1177,1045,16900,16245,28154,25637,29952,29634,35745,35929,39780,40066,26684,29762,19233,23946,5960,9983,314969,285252,44741,43088,77577,70838,16608,68,46
2021-08-07T23:59:59+02:00,2100,1875,21708,20803,31525,28972,32342,32329,38114,38629,42007,42307,27838,31045,19918,24954,6215,10466,1031,919,16389,15792,27848,25346,29724,29447,35568,35771,39639,39954,26628,29698,19214,23917,5957,9979,314339,282596,44708,42967,77571,70748,16464,68,46
2021-08-06T23:59:59+02:00,2090,1865,21657,20764,31482,28939,32309,32310,38088,38609,41995,42291,27834,31036,19914,24954,6215,10466,912,811,15362,14814,26701,24447,29433,29214,35321,35570,39322,39714,26586,29651,19204,23907,5956,9976,314107,277596,44704,42945,77571,69943,16371,68,46
2021-08-05T23:59:59+02:00,2051,1836,21551,20677,31425,28862,32248,32251,38028,38558,41950,42253,27817,31016,19906,24941,6213,10463,813,705,14471,14066,25674,23664,28716,28696,34788,35135,39004,39468,26519,29571,19172,23873,5953,9966,313547,272689,44681,42893,77570,68443,16183,68,46
2021-08-04T23:59:59+02:00,2031,1817,21479,20626,31380,28793,32214,32209,37992,38535,41913,42224,27804,31000,19901,24928,6211,10459,735,659,14098,13722,25268,23360,28504,28469,34645,35010,38904,39374,26480,29526,19149,23850,5948,9961,313095,270239,44674,42863,77570,68402,16112,68,46
2021-08-03T23:59:59+02:00,2022,1801,21452,20599,31361,28780,32201,32199,37982,38521,41897,42211,27795,30994,19896,24921,6210,10457,715,645,14014,13631,25190,23284,28436,28412,34597,34962,38852,39335,26454,29499,19137,23838,5945,9955,312887,269511,44670,42859,77568,68376,16109,68,46
2021-08-02T23:59:59+02:00,2012,1780,21407,20561,31315,28758,32174,32168,37956,38505,41884,42196,27786,30982,19896,24913,6209,10453,684,615,13811,13421,24486,22732,28152,28188,34449,34850,38774,39271,26427,29467,19129,23834,5945,9953,312596,267090,44667,42845,77568,68148,16059,68,46
2021-08-01T23:59:59+02:00,1992,1763,21355,20514,31266,28718,32147,32149,37937,38486,41863,42179,27780,30975,19893,24905,6209,10453,646,587,13642,13261,24184,22474,27912,27970,34359,34741,38706,39199,26411,29448,19123,23828,5945,9951,312292,265384,44661,42833,77567,68125,15999,68,46
2021-07-31T23:59:59+02:00,1967,1733,21273,20437,31196,28679,32092,32109,37902,38457,41840,42158,27777,30966,19888,24901,6209,10453,374,357,12697,12238,23667,22031,27566,27613,34047,34445,38274,38855,26341,29363,19097,23783,5940,9945,311868,260348,44649,42797,77565,67553,15889,68,46
2021-07-30T23:59:59+02:00,1942,1713,21248,20415,31164,28659,32077,32088,37896,38450,41832,42150,27772,30963,19887,24901,6208,10453,366,350,12610,12165,23343,21740,27289,27401,33828,34280,38112,38720,26317,29345,19095,23775,5940,9943,311677,258928,44648,42789,77565,66994,15862,68,46
2021-07-29T23:59:59+02:00,1873,1644,21016,20176,31022,28511,31974,31975,37804,38360,41738,42090,27744,30938,19874,24882,6201,10444,300,290,11981,11629,22214,20900,26248,26561,32842,33586,37729,38429,26234,29244,19066,23728,5934,9934,310459,253305,44619,42699,77557,65234,15565,68,46
2021-07-28T23:59:59+02:00,1853,1629,20975,20124,31002,28481,31958,31954,37782,38341,41715,42069,27733,30926,19869,24872,6201,10442,256,239,11697,11325,21806,20518,25817,26134,32676,33429,37615,38338,26197,29193,19047,23705,5933,9929,310137,250376,44619,42699,77545,65173,15560,67,46
2021-07-27T23:59:59+02:00,1843,1623,20936,20081,30978,28448,31923,31938,37760,38308,41691,42056,27726,30919,19868,24867,6201,10439,217,216,11450,11108,21601,20327,25671,26013,32563,33321,37526,38254,26166,29155,19037,23693,5930,9925,309900,248887,44619,42664,77544,65100,15477,67,45
2021-07-26T23:59:59+02:00,1817,1587,20810,19950,30869,28347,31864,31875,37705,38239,41648,42025,27700,30901,19857,24853,6195,10436,182,188,11155,10785,21095,19884,25421,25804,32401,33171,37394,38166,26130,29121,19024,23670,5929,9917,309133,246593,44588,42550,77537,64894,15355,67,45
2021-07-25T23:59:59+02:00,1810,1579,20786,19938,30859,28337,31852,31860,37698,38232,41638,42016,27696,30898,19856,24851,6195,10435,170,175,11048,10678,20943,19777,25187,25609,32159,32960,37248,38030,26111,29107,19017,23663,5928,9914,309016,245320,44579,42535,77529,64477,15347,67,45
2021-07-24T23:59:59+02:00,1790,1564,20704,19864,30814,28297,31817,31824,37669,38203,41616,42004,27689,30892,19853,24849,6195,10435,164,170,10985,10623,20867,19714,25115,25548,32106,32929,37218,38009,26105,29102,19015,23661,5928,9914,308665,244950,44568,42512,77525,64410,15256,67,45
2021-07-23T23:59:59+02:00,1735,1529,20511,19718,30655,28182,31731,31750,37602,38151,41578,41961,27678,30875,19848,24843,6194,10430,152,159,10725,10416,20510,19412,24308,24901,31621,32597,36649,37551,26061,29060,18999,23643,5927,9912,307833,242072,44559,42465,77508,63016,15005,67,45
2021-07-22T23:59:59+02:00,1671,1472,20202,19444,30411,28003,31602,31637,37473,38045,41481,41878,27651,30851,19838,24819,6190,10429,115,132,10261,10038,19765,18898,23354,24228,30910,32007,35610,36787,25949,28962,18965,23611,5925,9908,306358,238454,44524,41800,77503,60480,14646,67,45
2021-07-21T23:59:59+02:00,1656,1464,20164,19392,30381,27973,31578,31614,37453,38020,41460,41854,27642,30843,19833,24813,6185,10425,97,111,9951,9706,19306,18446,22480,23461,30575,31674,35375,36589,25867,28865,18935,23558,5917,9898,306030,235711,44515,40109,77501,60309,14638,67,44
2021-07-20T23:59:59+02:00,1649,1458,20130,19365,30349,27948,31553,31594,37437,38002,41448,41842,27627,30828,19833,24806,6185,10422,86,100,9683,9425,18974,18178,22207,23177,30397,31517,35210,36445,25821,28817,18919,23522,5916,9894,305770,233309,44513,40101,77500,60207,14627,67,44
2021-07-19T23:59:59+02:00,1638,1450,20016,19279,30265,27877,31493,31537,37418,37983,41433,41823,27622,30817,19827,24799,6184,10419,79,94,9486,9228,18662,17903,21745,22755,30143,31286,35092,36341,25787,28778,18901,23506,5916,9891,305191,231679,44507,39160,77498,60092,14618,67,44
2021-07-18T23:59:59+02:00,1627,1444,19947,19211,30137,27780,31429,31470,37359,37931,41389,41771,27601,30786,19818,24784,6180,10416,73,86,9375,9112,18492,17752,21553,22566,29974,31085,34978,36240,25755,28754,18890,23488,5916,9885,304404,230417,44507,38856,77495,60049,14608,67,44
2021-07-17T23:59:59+02:00,1626,1440,19940,19209,30137,27779,31429,31466,37354,37929,41384,41769,27600,30785,19817,24784,6180,10416,73,82,9354,9097,18461,17730,21534,22553,29964,31078,34960,36236,25752,28752,18890,23487,5916,9885,304372,230265,44507,38853,77495,60038,14604,67,44
2021-07-16T23:59:59+02:00,1573,1395,19667,18969,30017,27683,31347,31397,37299,37867,41343,41737,27582,30767,19810,24774,6178,10410,72,80,9236,8983,18079,17425,21231,22279,29574,30722,34824,36130,25729,28728,18883,23474,5914,9883,303394,228988,44484,38130,77494,59708,14377,67,43
2021-07-15T23:59:59+02:00,1515,1351,19410,18722,29844,27536,31237,31297,37216,37784,41273,41670,27539,30738,19794,24761,6174,10407,63,68,8871,8679,17174,16604,19677,21051,28654,29800,34200,35548,25561,28547,18827,23424,5908,9871,302116,222872,44444,36669,77486,58787,14156,67,43
2021-07-14T23:59:59+02:00,1501,1338,19380,18686,29818,27510,31213,31265,37204,37770,41254,41663,27531,30731,19785,24754,6173,10404,55,63,8581,8381,16624,16001,19181,20531,28088,29298,33809,35174,25448,28418,18787,23357,5903,9860,301835,218697,44443,36309,77484,58358,14152,67,43
2021-07-13T23:59:59+02:00,1490,1327,19342,18661,29801,27485,31189,31249,37189,37743,41230,41635,27522,30717,19783,24749,6172,10398,37,57,8273,8122,16226,15652,18904,20252,27824,29047,33539,34915,25349,28297,18754,23316,5901,9855,301548,215996,44442,36272,77483,57866,14143,67,43
2021-07-12T23:59:59+02:00,1474,1317,19291,18643,29765,27455,31172,31228,37177,37726,41214,41621,27517,30712,19781,24743,6171,10398,36,52,8013,7910,15945,15372,18204,19702,27507,28726,33127,34553,25179,28100,18695,23242,5895,9850,301281,214707,44441,34341,77483,56883,14134,67,43
2021-07-11T23:59:59+02:00,1464,1309,19259,18612,29738,27423,31155,31197,37169,37705,41200,41609,27508,30703,19779,24743,6170,10397,34,51,7968,7864,15880,15302,18114,19648,27423,28663,33011,34490,25124,28055,18675,23220,5895,9847,301028,214130,44438,34330,77481,56634,14127,67,43
2021-07-10T23:59:59+02:00,1335,1193,18753,18191,29285,27120,30871,30964,36922,37544,40996,41459,27435,30643,19753,24711,6167,10394,33,51,7838,7794,15591,15164,17896,19498,27179,28520,32845,34374,25059,28009,18659,23207,5894,9847,298808,213707,44302,34207,77452,56393,13108,67,43
2021-07-09T23:59:59+02:00,1324,1187,18725,18160,29264,27103,30858,30951,36911,37532,40985,41450,27431,30639,19751,24707,6167,10393,30,49,7796,7749,15519,15097,17831,19404,26957,28290,32595,34161,24993,27946,18637,23180,5894,9844,298662,213421,44283,34203,77451,55229,13076,67,43
2021-07-08T23:59:59+02:00,1246,1105,18458,17945,29113,26949,30719,30830,36808,37429,40886,41372,27397,30605,19732,24688,6162,10387,25,45,7630,7614,15221,14850,17400,19044,26265,27686,32320,33893,24825,27788,18578,23117,5891,9836,297385,212284,44226,32781,77443,54209,12711,67,43
2021-07-07T23:59:59+02:00,1147,1013,18147,17622,28911,26764,30588,30705,36696,37307,40779,41285,27362,30556,19718,24672,6159,10384,22,37,7434,7403,14779,14484,16933,18598,25511,27073,31911,33511,24556,27462,18484,23024,5882,9827,295809,209363,44175,31944,77433,53249,12332,67,43
2021-07-06T23:59:59+02:00,1124,996,18069,17554,28865,26714,30538,30658,36660,37272,40744,41254,27345,30530,19707,24658,6157,10381,15,31,7217,7173,14432,14122,16581,18248,24758,26426,31609,33247,24366,27248,18436,22952,5875,9820,295230,207294,44171,30537,77430,52353,12329,67,43
2021-07-05T23:59:59+02:00,1082,968,17993,17491,28820,26654,30498,30623,36635,37227,40716,41228,27339,30516,19701,24652,6157,10376,5,18,6988,6987,14127,13852,16229,17885,24200,25914,31036,32680,24085,26950,18328,22812,5867,9810,294737,205797,44169,28435,77426,51220,12278,67,43
2021-07-04T23:59:59+02:00,1060,952,17921,17441,28782,26631,30474,30594,36626,37218,40701,41216,27333,30505,19696,24649,6157,10375,5,18,6963,6968,14073,13799,16152,17824,24116,25857,30882,32588,23993,26861,18296,22771,5865,9806,294419,205400,44169,28425,77415,50707,12262,67,43
2021-07-03T23:59:59+02:00,646,581,16183,15725,27623,25711,29680,29872,35984,36607,40200,40786,27175,30338,19631,24561,6148,10358,5,18,6574,6729,13564,13500,15755,17520,23755,25581,30574,32393,23894,26765,18264,22731,5861,9802,286901,205100,44130,28348,77332,50414,9380,67,43
2021-07-02T23:59:59+02:00,607,542,16053,15580,27466,25562,29599,29813,35954,36578,40181,40773,27169,30329,19628,24558,6148,10358,5,18,6527,6655,13490,13404,15668,17389,23611,25395,30420,32228,23702,26554,18175,22653,5859,9799,285998,204416,44130,28189,77331,49531,9373,67,43
2021-07-01T23:59:59+02:00,549,494,15873,15425,27252,25406,29521,29733,35899,36526,40116,40727,27148,30311,19617,24545,6146,10354,5,17,6380,6523,13140,13130,15139,16950,22340,24404,29659,31544,23421,26264,18056,22518,5852,9783,284803,200869,44126,26511,77318,48375,9329,67,41
2021-06-30T23:59:59+02:00,519,474,15768,15318,27142,25319,29453,29660,35842,36474,40074,40692,27133,30280,19606,24528,6142,10354,4,15,6185,6342,12708,12742,14569,16401,21715,23804,29064,31013,23003,25797,17925,22335,5845,9771,283978,196603,44123,26486,77311,46808,9300,67,41
2021-06-29T23:59:59+02:00,463,423,15020,14649,26878,25101,29355,29561,35762,36391,40005,40643,27114,30255,19598,24515,6142,10352,4,13,6072,6214,12449,12480,14173,16006,20924,23179,28478,30459,22555,25273,17772,22160,5837,9761,281487,193451,44119,25976,77302,45088,9253,67,41
2021-06-28T23:59:59+02:00,427,392,14396,14013,26719,24996,29282,29495,35702,36324,39962,40609,27096,30235,19590,24504,6142,10348,3,13,6004,6118,12271,12340,13986,15830,20298,22628,28076,30085,22219,24916,17643,21997,5832,9756,279555,191768,44116,25312,77297,43696,9198,67,41
2021-06-27T23:59:59+02:00,350,325,14049,13640,26655,24938,29243,29457,35680,36302,39944,40595,27085,30228,19587,24500,6141,10347,3,13,5965,6074,12155,12224,13840,15700,19744,22150,27465,29583,21942,24577,17522,21873,5828,9755,278438,190927,44112,23783,77287,42499,9163,67,41
2021-06-26T23:59:59+02:00,349,324,14038,13628,26640,24927,29238,29450,35673,36301,39941,40594,27084,30227,19587,24500,6141,10347,3,13,5960,6072,12144,12222,13834,15697,19731,22138,27420,29548,21795,24447,17482,21816,5827,9753,278365,190904,44109,23779,77287,42016,9162,67,41
2021-06-25T23:59:59+02:00,225,211,12779,12413,25184,23775,28939,29217,35567,36215,39873,40532,27060,30199,19576,24488,6139,10345,3,13,5917,6027,12045,12141,13690,15576,19420,21898,27033,29190,21471,24051,17302,21619,5824,9744,272143,189675,44105,23494,77267,40598,9156,67,41
2021-06-24T23:59:59+02:00,160,157,11804,11580,24063,22895,28575,28864,35416,36049,39758,40426,27021,30150,19565,24464,6137,10341,3,12,5700,5798,11588,11726,13109,14981,17881,20499,25376,27593,20696,23192,16982,21212,5814,9734,266891,184684,44084,19868,77263,38182,9121,67,41
2021-06-23T23:59:59+02:00,124,131,11439,11258,23568,22525,28326,28620,35239,35922,39669,40338,26990,30123,19556,24426,6135,10329,3,12,5625,5687,11375,11511,12809,14632,17487,20089,24625,26823,19900,22440,16787,20958,5806,9718,264278,182329,44074,19249,77258,35626,9042,67,41
2021-06-22T23:59:59+02:00,103,118,11258,11049,23407,22385,28246,28547,35163,35861,39622,40293,26975,30098,19548,24417,6135,10328,2,10,5516,5566,11108,11251,12442,14262,16883,19488,23891,26053,19520,22015,16624,20779,5799,9702,263136,179288,44070,18374,77256,34183,9025,67,41
2021-06-21T23:59:59+02:00,91,106,11007,10865,22574,21718,27994,28317,35095,35798,39559,40251,26958,30079,19542,24407,6135,10327,2,9,5398,5466,10888,11035,12134,13939,16492,19143,23440,25583,19228,21698,16519,20659,5793,9700,260547,177818,44059,17360,77249,33005,8902,67,41
2021-06-20T23:59:59+02:00,85,105,10942,10774,22324,21503,27734,28116,35015,35720,39514,40206,26947,30063,19540,24402,6133,10324,2,8,5357,5414,10800,10933,12039,13836,16295,18958,23169,25342,19126,21591,16466,20601,5787,9696,259254,177503,44057,16298,77244,32753,8825,67,41
2021-06-19T23:59:59+02:00,84,101,10919,10751,22292,21480,27716,28103,35003,35716,39505,40202,26946,30062,19540,24400,6133,10324,2,8,5325,5383,10718,10841,11946,13715,16147,18807,22860,24980,19038,21504,16454,20588,5786,9696,259104,177394,44037,14798,77244,32740,8825,67,41
2021-06-18T23:59:59+02:00,81,99,10871,10700,21979,21155,27457,27884,34948,35679,39472,40179,26937,30053,19539,24397,6133,10322,2,8,5309,5374,10689,10810,11906,13667,16085,18744,22776,24884,18872,21323,16409,20522,5785,9691,257717,176999,44033,14797,77243,32194,8825,67,41
2021-06-17T23:59:59+02:00,72,91,10293,10270,20699,20193,26595,27148,34576,35352,39212,39988,26873,29971,19518,24360,6126,10317,2,8,5114,5234,10311,10556,11460,13265,15403,18132,21405,23560,18413,20831,16245,20350,5781,9677,251926,171683,44012,14223,77230,31381,8419,67,41
2021-06-16T23:59:59+02:00,64,79,9959,9962,20014,19561,25961,26546,34324,35149,39051,39838,26827,29918,19494,24335,6125,10313,2,7,4973,5088,9924,10223,10999,12814,14699,17441,20552,22619,18009,20385,16075,20136,5771,9665,248086,167896,43996,12953,77217,30339,8154,67,40
2021-06-15T23:59:59+02:00,49,73,9715,9717,19714,19316,25734,26348,34192,35040,38955,39757,26795,29882,19487,24320,6120,10309,2,7,4868,4971,9686,10007,10764,12554,14274,17013,19950,22040,17684,19993,15853,19904,5762,9653,246304,165797,43986,11862,77209,29330,7957,67,39
2021-06-14T23:59:59+02:00,45,68,9583,9590,19417,19056,25557,26204,34074,34960,38892,39717,26776,29862,19481,24309,6120,10306,2,7,4787,4907,9498,9868,10588,12418,14013,16796,19632,21745,17518,19834,15750,19770,5761,9649,245100,164329,43984,11860,77205,28654,7661,67,39
2021-06-13T23:59:59+02:00,44,64,9422,9462,19128,18873,25201,25952,33874,34792,38784,39650,26760,29850,19470,24301,6120,10302,1,7,4703,4838,9289,9695,10417,12242,13690,16448,19283,21413,17389,19684,15702,19705,5759,9647,243452,163463,43983,11859,77200,27204,7347,67,39
2021-06-12T23:59:59+02:00,44,64,9412,9444,19116,18860,25201,25947,33874,34789,38781,39649,26760,29850,19470,24301,6120,10302,1,7,4700,4824,9278,9633,10384,12140,13641,16294,19228,21277,17280,19558,15584,19603,5757,9645,243403,163434,43983,11857,77195,26168,7336,67,39
2021-06-11T23:59:59+02:00,39,60,9250,9264,18881,18649,24397,25273,33696,34631,38645,39536,26726,29816,19459,24276,6120,10297,1,7,4622,4714,9057,9374,10124,11842,13118,15740,18250,20375,17094,19360,15544,19559,5754,9642,240471,159397,43981,11856,77190,25579,7306,67,39
2021-06-10T23:59:59+02:00,37,56,8854,8935,18235,18154,23550,24601,33377,34350,38442,39370,26667,29763,19435,24248,6117,10290,1,7,4447,4537,8480,8878,9315,11118,11970,14632,16243,18452,16204,18390,15258,19192,5745,9620,236855,149684,43327,11822,77164,23874,7070,65,39
2021-06-09T23:59:59+02:00,20,38,8402,8432,17405,17432,22402,23557,32890,33881,38154,39149,26559,29658,19387,24189,6107,10277,1,7,4311,4419,8191,8617,9069,10863,11631,14263,15758,17903,15829,17958,15016,18906,5738,9610,232853,147844,41438,11781,77123,21952,6475,50,38
2021-06-08T23:59:59+02:00,12,26,8084,8112,16935,17021,21979,23190,32644,33686,37991,39019,26515,29617,19377,24167,6104,10272,0,7,4193,4338,7937,8365,8763,10518,11268,13916,15115,17197,15366,17435,14754,18627,5733,9592,230125,146130,41406,10664,77114,20236,6056,50,38
2021-06-07T23:59:59+02:00,9,22,7886,7882,16576,16699,21440,22731,32362,33417,37874,38901,26485,29569,19357,24138,6099,10271,0,7,4117,4258,7754,8222,8604,10373,11095,13744,14800,16869,15166,17177,14580,18434,5729,9587,228500,145040,40434,10571,77094,19227,5640,50,38
2021-06-06T23:59:59+02:00,7,19,7779,7774,16442,16552,21245,22525,32135,33190,37738,38795,26458,29544,19345,24121,6099,10265,0,7,4089,4221,7706,8103,8549,10242,10986,13597,14603,16648,14980,16997,14491,18313,5722,9581,227265,144548,40135,10558,77076,18184,5507,50,38
2021-06-05T23:59:59+02:00,7,19,7756,7761,16417,16527,21237,22522,32124,33183,37736,38794,26457,29544,19344,24120,6099,10265,0,7,4078,4180,7691,8037,8535,10110,10971,13425,14584,16543,14945,16942,14482,18303,5722,9580,227159,144462,40135,10558,77075,17584,5493,50,38
2021-06-04T23:59:59+02:00,7,17,7645,7659,16138,16287,20963,22272,31701,32808,37621,38672,26424,29505,19333,24107,6097,10263,0,7,4071,4170,7662,8014,8508,10079,10904,13352,14479,16410,14862,16849,14445,18259,5722,9578,225560,144122,39360,10228,77057,17491,5492,50,38
2021-06-03T23:59:59+02:00,5,17,7390,7427,15260,15497,19329,20882,30788,31882,37115,38209,26292,29370,19288,24055,6091,10245,0,7,4011,4131,7573,7943,8384,9982,10731,13169,13907,15836,14595,16531,14359,18151,5719,9565,218927,141891,37779,10107,77046,17218,5340,50,38
2021-06-02T23:59:59+02:00,5,17,7255,7282,14884,15072,18897,20477,30321,31425,36887,37946,26228,29306,19268,24026,6088,10243,0,7,3981,4101,7511,7857,8296,9886,10590,13038,13458,15404,14470,16348,14329,18113,5716,9560,215848,140093,37348,10013,77045,17185,5336,50,38
2021-06-01T23:59:59+02:00,5,14,6979,7043,14487,14762,18552,20159,29993,31112,36662,37713,26172,29227,19244,23997,6086,10232,0,7,3880,4017,7269,7683,8061,9692,10326,12762,13049,14980,14034,15893,14213,17958,5709,9552,213105,137951,37301,9759,77024,16378,4959,50,38
2021-05-31T23:59:59+02:00,5,14,6818,6855,14262,14527,17850,19558,29650,30771,36370,37449,26079,29129,19217,23944,6076,10220,0,7,3803,3908,7057,7434,7837,9408,9982,12376,12610,14459,13504,15278,14012,17727,5700,9536,211663,134760,35265,9436,77009,15597,4807,50,38
2021-05-30T23:59:59+02:00,5,14,6795,6839,14215,14487,17772,19499,29601,30732,36340,37423,26067,29117,19214,23937,6075,10218,0,7,3759,3836,6898,7220,7689,9171,9774,12054,12353,14105,13383,15106,13946,17644,5697,9529,211366,134021,35252,9334,76951,14048,4731,50,37
2021-05-29T23:59:59+02:00,5,14,6794,6838,14205,14481,17767,19493,29596,30728,36337,37422,26065,29114,19214,23936,6075,10218,0,7,3748,3824,6868,7186,7655,9120,9738,12007,12279,14006,13340,15037,13916,17619,5696,9524,211334,133879,35252,9333,76936,13591,4730,50,37
2021-05-28T23:59:59+02:00,5,14,6784,6825,14188,14469,17751,19472,29583,30715,36326,37402,26062,29110,19212,23932,6075,10218,0,6,3734,3801,6847,7146,7620,9065,9684,11902,12035,13737,13150,14845,13886,17578,5693,9521,211181,132581,35251,9332,76933,13572,4728,50,37
2021-05-27T23:59:59+02:00,5,14,6694,6742,13918,14251,17264,19126,28902,30172,36165,37270,26014,29076,19197,23916,6074,10212,0,6,3611,3638,6559,6893,7244,8755,9185,11344,11324,12838,12595,14271,13755,17384,5685,9509,210095,129045,33806,9000,76892,12345,4169,50,37
2021-05-26T23:59:59+02:00,5,14,6624,6636,13709,14049,17009,18815,28358,29657,35989,37096,25974,29026,19180,23886,6073,10205,0,6,3520,3496,6336,6603,6954,8328,8842,10866,10671,12035,12029,13654,13608,17168,5680,9487,208484,125417,33055,8816,76876,11174,3841,49,35
2021-05-25T23:59:59+02:00,5,14,6543,6540,13502,13827,16746,18603,27633,29010,35896,36999,25950,28996,19168,23870,6068,10204,0,6,3471,3403,6193,6435,6807,8137,8615,10576,10323,11668,11685,13175,13500,17005,5677,9479,207764,123564,31598,8678,76393,10107,3771,48,35
2021-05-24T23:59:59+02:00,5,14,6473,6444,13324,13628,16523,18323,27217,28580,35550,36598,25893,28928,19149,23846,6067,10202,0,6,3458,3382,6132,6354,6761,8052,8554,10480,10251,11569,11509,12941,13452,16913,5668,9458,207233,122928,29365,8628,76386,9617,3732,48,35
2021-05-23T23:59:59+02:00,5,14,6471,6443,13318,13619,16520,18313,27198,28570,35520,36564,25890,28922,19149,23840,6067,10202,0,3,3453,3378,6126,6343,6751,8045,8526,10449,10211,11510,11426,12837,13432,16879,5668,9457,207117,122914,29349,8210,76385,9609,3726,48,35
2021-05-22T23:59:59+02:00,5,14,6464,6440,13310,13607,16514,18308,27194,28568,35517,36558,25890,28922,19149,23840,6067,10202,0,3,3451,3378,6122,6340,6749,8041,8522,10447,10206,11507,11415,12823,13427,16875,5667,9457,207063,122874,29349,8210,76383,9585,3726,48,35
2021-05-21T23:59:59+02:00,5,14,6401,6383,13157,13502,16340,18158,26925,28389,35087,36292,25864,28884,19141,23834,6066,10198,0,3,3442,3368,6089,6318,6719,8007,8482,10398,10151,11457,10895,12109,13286,16715,5664,9452,206374,121110,29224,8207,75340,9549,3654,48,35
2021-05-20T23:59:59+02:00,4,13,6108,6183,12544,13086,15147,17236,25013,26887,34131,35524,25759,28738,19086,23753,6060,10183,0,3,3383,3322,5992,6202,6603,7850,8333,10233,9909,11149,10555,11651,13173,16531,5654,9438,201600,119094,27481,8124,72801,9202,3526,47,35
2021-05-19T23:59:59+02:00,4,13,5900,5941,12033,12625,14442,16530,24064,26069,33504,34919,25642,28646,19051,23694,6052,10171,0,3,3307,3247,5833,6029,6414,7605,8058,9951,9604,10767,10242,11235,13094,16386,5652,9430,195887,117168,27439,7928,72784,8582,3144,46,35
2021-05-18T23:59:59+02:00,4,12,5729,5830,11634,12306,13820,16029,22909,25118,32836,34311,25525,28511,19003,23641,6047,10161,0,3,3265,3215,5716,5918,6247,7445,7851,9737,9404,10527,10065,10982,12946,16162,5642,9421,190932,115995,26927,7859,72740,7876,2781,46,35
2021-05-17T23:59:59+02:00,4,11,5676,5787,11471,12200,13545,15808,22090,24480,32524,33995,25447,28451,18981,23611,6038,10152,0,3,3148,3141,5526,5734,6072,7230,7643,9509,9179,10282,9973,10856,12887,16098,5639,9416,189160,115231,26225,7851,72344,6723,2496,46,35
2021-05-16T23:59:59+02:00,4,11,5647,5767,11408,12143,13460,15728,21474,23930,31911,33465,25407,28407,18971,23596,6037,10152,0,3,3142,3119,5512,5665,6044,7170,7615,9410,9148,10198,9956,10834,12884,16095,5639,9416,188392,115119,24679,7844,71918,6372,2483,46,32
2021-05-15T23:59:59+02:00,4,11,5638,5757,11376,12134,13431,15719,21398,23859,31371,33089,25396,28402,18970,23593,6036,10151,0,3,3129,3104,5493,5623,6030,7095,7571,9294,8909,9943,9923,10803,12850,16044,5639,9415,188341,115114,24666,7706,71270,6006,2012,46,30
2021-05-14T23:59:59+02:00,4,11,5599,5731,11313,12095,13358,15655,20987,23546,30939,32742,25361,28356,18958,23577,6036,10149,0,3,3096,3064,5456,5535,6008,6959,7530,9090,8848,9748,9847,10693,12764,15914,5639,9412,187617,114940,24345,7369,70398,5256,2011,46,30
2021-05-13T23:59:59+02:00,4,10,5444,5576,10931,11798,12644,15068,18799,21800,29392,31273,25133,28113,18890,23505,6034,10146,0,3,3085,3029,5434,5496,5992,6902,7504,9020,8804,9688,9630,10448,12560,15607,5634,9401,183658,114580,20550,6541,68310,5090,1996,46,30
2021-05-12T23:59:59+02:00,3,10,5414,5549,10861,11740,12543,14980,18676,21676,29028,30908,25038,28016,18873,23476,6033,10141,0,3,3084,3024,5428,5490,5982,6889,7479,9005,8765,9634,9441,10214,12328,15282,5631,9394,182705,114296,19912,5669,68307,5084,1995,46,29
2021-05-11T23:59:59+02:00,3,10,5274,5443,10611,11487,12177,14612,18065,21035,28096,29934,24846,27826,18814,23400,6028,10127,0,3,3041,2983,5339,5333,5883,6702,7349,8760,8599,9411,9259,10015,12175,15093,5622,9374,178614,113230,19016,5561,68175,4184,1937,46,29
2021-05-10T23:59:59+02:00,3,9,5149,5368,10395,11296,11916,14356,17739,20701,27672,29525,24738,27719,18775,23353,6020,10123,0,3,2971,2929,5221,5217,5769,6598,7225,8619,8470,9304,9155,9890,12085,14964,5619,9365,176604,112697,18332,5549,67946,3200,1929,46,29
2021-05-09T23:59:59+02:00,3,9,5074,5323,10297,11181,11816,14237,17397,20415,27281,29148,24650,27631,18746,23317,6017,10120,0,3,2903,2897,5074,5176,5592,6555,7057,8590,8341,9268,9142,9880,12067,14944,5619,9365,176210,112619,17051,5540,67444,2373,1912,45,29
2021-05-08T23:59:59+02:00,3,9,5072,5322,10295,11176,11816,14237,17393,20413,27278,29146,24650,27631,18746,23317,6017,10120,0,3,2902,2896,5072,5176,5592,6555,7057,8590,8338,9267,9141,9879,12067,14944,5619,9365,176193,112616,17051,5540,67441,2367,1911,45,29
2021-05-07T23:59:59+02:00,3,9,5039,5296,10227,11124,11686,14113,16992,20140,26640,28589,24601,27580,18729,23285,6011,10090,0,3,2890,2889,5057,5167,5581,6539,7045,8579,8330,9256,9135,9871,12056,14924,5612,9337,175358,112601,17048,5534,65918,2322,1785,45,29
2021-05-06T23:59:59+02:00,2,9,4770,5137,9771,10781,11120,13596,15902,19117,24225,26292,24100,27050,18624,23183,6006,10076,0,3,2847,2841,4990,5090,5540,6447,6962,8460,8201,9103,9034,9756,12032,14873,5609,9334,170318,112060,14597,5478,63028,1780,1775,43,29
2021-05-05T23:59:59+02:00,2,9,4691,5054,9476,10552,10777,13271,15322,18518,23378,25324,23840,26723,18555,23078,5996,10058,0,2,2828,2804,4942,5005,5481,6326,6880,8293,8076,8886,8926,9623,11954,14786,5608,9325,166650,111109,13279,5472,62878,1361,1774,43,29
2021-05-04T23:59:59+02:00,2,9,4607,4962,9302,10353,10566,13029,14932,18122,22828,24756,23628,26449,18482,22997,5988,10044,0,2,2820,2769,4913,4930,5449,6204,6828,8152,7980,8731,8822,9510,11879,14727,5606,9322,164390,110606,12153,5460,62713,792,1757,43,29
2021-05-03T23:59:59+02:00,2,9,4536,4886,9114,10217,10391,12854,14649,17878,22416,24341,23489,26299,18455,22950,5988,10038,0,2,2747,2698,4832,4857,5373,6119,6733,8048,7798,8565,8736,9423,11839,14676,5603,9317,162878,110379,12152,5457,62620,682,819,43,29
2021-05-02T23:59:59+02:00,2,9,4523,4871,9040,10159,10267,12744,14321,17573,22113,24054,23439,26240,18436,22925,5987,10037,0,2,2741,2691,4775,4823,5285,6036,6594,7920,7679,8463,8690,9381,11815,14642,5601,9312,161990,110259,12149,5455,62516,665,42,43,29
2021-05-01T23:59:59+02:00,2,9,4523,4868,9038,10157,10266,12743,14317,17569,22111,24054,23438,26239,18436,22925,5987,10037,0,2,2741,2691,4775,4823,5285,6036,6593,7920,7679,8463,8690,9381,11815,14642,5601,9312,161969,110259,12149,5454,62516,665,42,43,29
2021-04-30T23:59:59+02:00,1,9,4451,4782,8799,9942,10004,12502,13835,17143,21268,23279,23313,26102,18420,22894,5984,10034,0,2,2737,2689,4764,4815,5275,6002,6582,7889,7646,8423,8686,9378,11814,14639,5599,9311,158375,110230,12148,5452,62188,532,8,43,29
2021-04-29T23:59:59+02:00,1,9,4305,4637,8319,9530,9303,11898,12834,16239,19414,21590,22605,25337,18282,22684,5978,10017,0,2,2714,2669,4722,4744,5232,5928,6518,7782,7564,8307,8576,9263,11746,14563,5592,9302,149163,109727,12132,5189,61637,271,8,42,29
2021-04-28T23:59:59+02:00,1,9,4274,4617,8248,9457,9227,11810,12714,16118,19197,21376,22516,25245,18255,22643,5976,10012,0,2,2711,2657,4697,4683,5204,5884,6488,7708,7516,8224,8559,9238,11729,14540,5590,9296,148775,109533,12044,5115,60827,44,7,42,27
2021-04-27T23:59:59+02:00,1,9,4236,4570,8111,9322,9112,11659,12567,15950,18746,20880,22285,24988,18190,22565,5973,10003,0,2,2708,2653,4694,4679,5194,5876,6475,7689,7481,8186,8496,9159,11647,14458,5586,9292,148044,109270,10970,4941,60104,36,7,42,21
2021-04-26T23:59:59+02:00,1,9,4194,4543,8004,9226,8965,11553,12394,15776,18334,20514,22151,24840,18154,22533,5972,10001,0,2,2708,2651,4690,4675,5189,5868,6462,7669,7448,8157,8448,9111,11591,14379,5582,9275,147265,109165,10835,4683,59016,31,6,42,20
2021-04-25T23:59:59+02:00,1,9,4180,4528,7966,9195,8901,11490,12259,15646,17990,20180,21951,24603,18114,22478,5968,9996,0,2,2708,2651,4689,4673,5186,5864,6457,7666,7446,8153,8393,9052,11568,14351,5582,9273,145881,109142,10824,4516,58702,30,6,42,20
2021-04-24T23:59:59+02:00,1,9,4172,4519,7950,9190,8886,11480,12209,15614,17932,20142,21936,24590,18112,22473,5968,9996,0,2,2707,2651,4689,4673,5186,5864,6457,7666,7446,8153,8393,9051,11568,14351,5582,9273,145781,109142,10823,4516,58529,29,6,40,19
2021-04-23T23:59:59+02:00,1,9,4152,4489,7892,9127,8800,11378,11871,15288,17497,19744,21719,24357,18047,22396,5966,9988,0,2,2704,2649,4686,4670,5179,5856,6442,7656,7423,8122,8372,9024,11559,14342,5580,9270,144513,109128,10476,4356,57687,28,5,40,19
2021-04-22T23:59:59+02:00,1,9,4104,4425,7761,8939,8616,11120,11544,14870,16583,18758,21145,23645,17912,22216,5956,9970,0,2,2696,2642,4680,4648,5157,5830,6399,7621,7354,8075,8243,8865,11413,14191,5575,9261,140784,108508,10345,4100,56401,20,5,39,19
2021-04-21T23:59:59+02:00,1,9,4061,4381,7661,8817,8459,10958,11247,14589,15844,18002,20764,23197,17837,22111,5951,9957,0,2,2687,2631,4662,4627,5140,5809,6387,7603,7325,8051,8193,8802,11373,14151,5573,9259,137852,108218,10215,4016,55737,18,5,37,18
2021-04-20T23:59:59+02:00,1,9,4036,4356,7627,8763,8382,10877,11083,14414,15409,17526,20298,22679,17733,21960,5942,9945,0,2,2678,2621,4652,4614,5116,5789,6359,7578,7285,8011,8097,8670,11296,14064,5569,9255,135697,107640,9949,3976,55352,17,5,37,18
2021-04-19T23:59:59+02:00,1,9,4006,4307,7564,8658,8290,10738,10925,14230,15156,17231,19816,22114,17566,21743,5931,9933,0,2,2673,2619,4648,4610,5102,5774,6340,7561,7258,7966,8044,8617,11269,14017,5567,9251,133627,107306,9595,3972,54956,17,5,35,18
2021-04-18T23:59:59+02:00,1,6,3986,4278,7504,8606,8186,10612,10666,13987,14664,16693,19384,21602,17442,21558,5927,9926,0,2,2672,2618,4648,4610,5102,5774,6339,7558,7255,7965,8040,8614,11266,14013,5566,9248,131203,107281,9523,3970,54262,16,5,35,18
2021-04-17T23:59:59+02:00,1,6,3983,4270,7484,8599,8175,10594,10624,13941,14552,16605,19264,21479,17420,21530,5926,9924,0,2,2672,2618,4647,4608,5095,5769,6325,7553,7230,7942,7993,8568,11247,13990,5564,9248,130764,107268,9513,3764,54060,16,5,35,18
2021-04-16T23:59:59+02:00,1,6,3972,4226,7411,8477,8072,10439,10431,13679,13882,15843,18698,20836,17295,21355,5915,9906,0,2,2669,2615,4642,4601,5090,5756,6307,7542,7192,7907,7683,8176,11152,13849,5557,9231,127920,106463,9452,3471,53033,15,4,35,18
2021-04-15T23:59:59+02:00,1,5,3928,4174,7297,8345,7894,10203,10096,13289,13156,14984,17888,19971,17054,21033,5900,9886,0,2,2668,2607,4630,4584,5076,5723,6274,7506,7120,7833,7123,7510,11022,13686,5553,9221,124273,104783,9292,3320,51500,13,4,35,18
2021-04-14T23:59:59+02:00,1,4,3901,4143,7231,8239,7787,10051,9917,13089,12737,14536,17361,19357,16902,20824,5894,9872,0,2,2634,2588,4612,4551,5048,5676,6239,7473,7062,7773,6473,6739,10757,13386,5549,9213,122876,102424,9055,3318,49878,11,4,33,18
2021-04-13T23:59:59+02:00,1,4,3897,4137,7193,8222,7730,10016,9809,13035,12364,14243,16672,18505,16664,20520,5890,9866,0,2,2608,2559,4592,4525,5021,5641,6181,7403,6974,7669,6260,6483,10165,12697,5540,9192,122169,100172,8833,3307,47729,11,4,33,18
2021-04-12T23:59:59+02:00,1,4,3884,4119,7138,8175,7672,9945,9700,12934,12115,14028,16229,17987,16476,20306,5885,9863,0,2,2579,2548,4525,4481,4915,5571,6063,7326,6856,7569,5513,5658,9713,12158,5500,9150,121830,96796,8796,3298,45799,11,4,32,18
2021-04-11T23:59:59+02:00,1,4,3869,4111,7096,8124,7613,9901,9609,12856,11877,13819,15660,17295,16200,19964,5880,9853,0,2,2503,2469,4396,4360,4764,5438,5901,7174,6707,7464,5211,5297,9581,11996,5500,9146,121235,94630,8363,3247,44098,10,4,32,18
2021-04-10T23:59:59+02:00,1,4,3851,4091,7057,8076,7570,9844,9547,12797,11786,13734,15443,17102,16151,19894,5879,9846,0,2,1942,1906,3584,3640,3893,4674,4898,6255,5852,6675,4939,4992,9452,11844,5493,9137,120769,85899,8363,3247,43505,10,4,32,18
2021-04-09T23:59:59+02:00,1,4,3830,4071,7020,8045,7509,9787,9396,12666,11456,13454,14257,15568,15706,19362,5866,9834,0,2,1085,1087,2224,2443,2385,3304,3112,4610,4224,5208,4246,4255,9200,11484,5468,9107,118866,70169,8361,3244,40570,10,3,32,18
2021-04-08T23:59:59+02:00,1,4,3804,4054,6958,7988,7405,9691,9208,12549,11050,13102,13121,14304,15286,18832,5844,9798,0,2,587,598,1302,1738,1479,2378,2011,3521,2849,3819,2996,2850,8377,10477,5310,8870,117598,55895,8278,3241,37090,9,1,32,18
2021-04-07T23:59:59+02:00,1,4,3757,4028,6880,7931,7313,9620,9080,12420,10739,12794,12390,13534,15065,18567,5838,9776,0,2,358,381,952,1391,1073,1992,1502,3058,1900,2814,1811,1560,7468,9326,5154,8611,116631,46085,8125,3241,34950,8,1,30,18
2021-04-06T23:59:59+02:00,1,4,3741,4016,6858,7893,7257,9554,8987,12340,10527,12577,12004,13037,14843,18274,5827,9763,0,2,351,368,942,1380,1059,1970,1474,3030,1841,2755,1732,1491,7049,8765,5001,8370,115358,44315,8026,3239,34091,7,1,27,18
2021-04-05T23:59:59+02:00,1,4,3735,4015,6847,7880,7243,9544,8968,12312,10463,12518,11893,12890,14744,18181,5825,9760,0,2,349,362,932,1376,1053,1961,1464,3009,1819,2721,1678,1438,6818,8456,4876,8184,115020,43234,8004,3238,33772,7,1,26,18
2021-04-04T23:59:59+02:00,1,4,3735,4015,6845,7874,7242,9543,8965,12312,10453,12513,11889,12886,14741,18180,5825,9760,0,2,349,361,930,1375,1052,1959,1463,3008,1817,2718,1675,1433,6811,8443,4871,8181,115014,43186,8003,3236,33739,7,1,26,18
2021-04-03T23:59:59+02:00,1,4,3735,4015,6845,7873,7241,9543,8965,12312,10452,12513,11889,12885,14739,18178,5825,9760,0,2,349,360,928,1371,1050,1958,1462,3003,1815,2718,1669,1421,6768,8361,4836,8145,115010,42955,8003,3236,33735,6,1,26,18
2021-04-02T23:59:59+02:00,1,4,3733,4013,6842,7870,7234,9537,8952,12304,10436,12497,11762,12769,14695,18119,5822,9751,0,2,347,358,926,1365,1044,1947,1447,2978,1774,2680,1574,1335,6001,7462,4395,7573,114881,40269,7997,2914,33436,6,1,26,18
2021-04-01T23:59:59+02:00,1,3,3694,4001,6808,7849,7192,9506,8900,12265,10362,12426,11415,12361,14314,17599,5816,9731,0,2,342,355,909,1351,1032,1926,1415,2933,1714,2613,1450,1237,5053,6337,3826,6732,114479,36293,6580,2909,33157,6,1,26,18
2021-03-31T23:59:59+02:00,0,3,3688,3996,6794,7829,7174,9488,8865,12232,10272,12354,11080,11950,13964,17099,5810,9709,0,2,339,351,901,1340,1021,1910,1395,2905,1664,2576,1383,1184,4459,5647,3463,6254,113893,33933,5570,2836,32817,6,1,26,18
2021-03-30T23:59:59+02:00,0,3,3670,3970,6758,7791,7117,9421,8776,12129,10110,12198,10821,11673,13743,16834,5803,9695,0,2,335,344,896,1329,1013,1904,1371,2898,1636,2550,1356,1158,4340,5524,3401,6159,113077,33555,5320,2636,32090,6,1,24,18
2021-03-29T23:59:59+02:00,0,3,3660,3948,6732,7769,7077,9367,8680,12034,9927,11988,10382,11202,13369,16367,5787,9662,0,2,330,341,892,1318,1007,1896,1362,2887,1622,2541,1334,1144,4205,5380,3304,6026,111396,32937,5014,2630,31519,5,1,24,18
2021-03-28T23:59:59+02:00,0,3,3619,3891,6617,7611,6960,9223,8554,11842,9773,11797,10173,10940,13192,16185,5783,9653,0,2,330,341,892,1316,1005,1895,1361,2887,1621,2539,1325,1141,4172,5336,3278,6000,111022,32892,4748,2527,30022,4,1,23,17
2021-03-27T23:59:59+01:00,0,3,3618,3879,6605,7547,6930,9110,8504,11671,9721,11643,10060,10816,13097,16096,5782,9653,0,2,330,340,892,1316,1005,1892,1361,2885,1617,2538,1323,1139,4146,5301,3265,5985,111011,32789,4748,2526,28952,4,1,23,17
2021-03-26T23:59:59+01:00,0,3,3611,3872,6577,7510,6902,9035,8456,11558,9630,11515,10011,10753,13048,16039,5774,9632,0,2,325,338,891,1313,1001,1880,1358,2864,1597,2524,1298,1122,3959,5071,3156,5830,110952,32022,4524,2485,28426,4,1,23,17
2021-03-25T23:59:59+01:00,0,3,3587,3841,6484,7385,6810,8869,8267,11327,9320,11197,9631,10368,12742,15723,5769,9621,0,2,325,337,889,1305,998,1870,1345,2851,1574,2505,1273,1102,3720,4821,2903,5490,110574,30804,4311,2485,26035,3,1,23,17
2021-03-24T23:59:59+01:00,0,3,3529,3789,6394,7201,6686,8643,8103,11089,9093,10872,9215,9877,12324,15265,5758,9610,0,2,325,336,888,1301,993,1868,1338,2847,1558,2489,1264,1092,3653,4747,2718,5264,110056,30180,4172,2485,23199,0,1,23,17
2021-03-23T23:59:59+01:00,0,3,3511,3756,6347,7146,6609,8584,7986,10961,8846,10638,8793,9410,11873,14743,5748,9596,0,2,325,336,887,1291,988,1859,1333,2838,1554,2481,1239,1067,3561,4670,2520,4941,109241,29390,4081,2485,21205,0,0,23,17
2021-03-22T23:59:59+01:00,0,3,3502,3736,6305,7118,6574,8536,7920,10886,8698,10502,8511,9058,11571,14419,5713,9557,0,2,323,331,881,1280,980,1852,1326,2827,1544,2471,1227,1058,3532,4634,2501,4908,108571,29175,4079,2485,19936,0,0,23,17
2021-03-21T23:59:59+01:00,0,3,3500,3734,6301,7108,6556,8520,7903,10867,8642,10444,8391,8941,11501,14316,5710,9554,0,2,321,330,873,1277,973,1845,1317,2825,1539,2467,1223,1054,3523,4619,2486,4898,108485,29071,4077,2485,19406,0,0,23,16
2021-03-20T23:59:59+01:00,0,3,3491,3696,6293,7036,6539,8383,7878,10683,8598,10309,8313,8855,11463,14277,5710,9554,0,2,321,330,873,1277,973,1844,1316,2825,1539,2465,1223,1054,3523,4618,2486,4898,108450,29067,3866,2484,18742,0,0,23,16
2021-03-19T23:59:59+01:00,0,3,3478,3666,6265,6950,6515,8290,7832,10566,8485,10149,7770,8248,11276,14033,5701,9536,0,2,318,329,868,1270,956,1835,1294,2794,1489,2421,1140,986,2851,3822,2067,4316,106828,26258,3565,2484,18347,0,0,23,16
2021-03-18T23:59:59+01:00,0,3,3467,3648,6224,6910,6480,8228,7768,10480,8369,10021,6808,7144,10994,13731,5689,9511,0,2,317,329,864,1265,950,1825,1279,2785,1465,2401,1101,966,2643,3581,1910,4092,103793,25275,3404,2484,18255,0,0,23,16
2021-03-17T23:59:59+01:00,0,3,3429,3610,6154,6825,6425,8124,7677,10348,8238,9863,6121,6292,10711,13416,5672,9484,0,2,316,329,856,1259,945,1812,1265,2763,1446,2374,1063,941,2514,3449,1828,3975,100987,24639,3402,2484,17980,0,0,23,14
2021-03-16T23:59:59+01:00,0,3,3410,3579,6116,6772,6380,8050,7623,10282,8147,9761,5944,6115,9999,12597,5631,9419,0,2,309,318,842,1242,933,1803,1259,2743,1434,2366,1048,921,2299,3202,1691,3777,98703,23693,3389,2482,17713,0,0,23,14
2021-03-15T23:59:59+01:00,0,3,3373,3547,6017,6690,6250,7957,7479,10162,8019,9634,5189,5279,9550,12046,5587,9349,0,2,308,317,838,1238,931,1796,1257,2730,1425,2357,1034,909,2154,3028,1599,3682,95170,23111,3380,2481,17558,0,0,23,13
2021-03-14T23:59:59+01:00,0,3,3249,3406,5738,6346,5977,7599,7163,9747,7733,9317,4858,4890,9389,11847,5583,9334,0,2,308,316,838,1238,930,1796,1254,2729,1423,2354,1031,906,2151,3025,1596,3681,92778,23087,3326,2478,16052,0,0,23,13
2021-03-13T23:59:59+01:00,0,3,2594,2752,4804,5479,4966,6673,5976,8633,6720,8368,4542,4507,9003,11323,5491,9226,0,2,308,315,837,1236,930,1790,1252,2727,1422,2354,1031,905,2127,2988,1565,3645,82116,22943,3326,2478,15595,0,0,23,13
2021-03-12T23:59:59+01:00,0,2,1772,1942,3468,4324,3458,5344,4228,6993,5082,6859,3867,3801,7746,9772,4976,8535,0,2,304,311,835,1232,924,1784,1245,2707,1397,2337,985,878,1770,2522,1291,3283,63260,21316,3323,2478,15563,0,0,23,13
2021-03-11T23:59:59+01:00,0,2,1276,1465,2563,3589,2557,4409,3136,5903,3724,5472,2691,2522,6038,7662,4201,7355,0,2,299,302,819,1224,911,1761,1227,2678,1372,2290,948,858,1611,2287,1164,3093,45957,20355,3321,2478,15264,0,0,23,13
2021-03-10T23:59:59+01:00,0,2,1055,1249,2196,3229,2183,4016,2686,5462,2812,4505,1554,1317,4675,5939,3634,6587,0,2,289,292,801,1204,889,1725,1193,2604,1333,2224,921,839,1429,2096,1067,2917,34895,19443,3320,2369,14864,0,0,22,13
2021-03-09T23:59:59+01:00,0,2,1039,1219,2133,3092,2119,3901,2602,5328,2729,4379,1520,1286,4598,5864,3592,6528,0,2,285,285,787,1183,872,1699,1167,2563,1315,2196,906,827,1352,1972,995,2801,34481,18869,3317,2325,14111,0,0,22,13
2021-03-08T23:59:59+01:00,0,2,1018,1190,2075,2992,2080,3820,2542,5216,2674,4306,1482,1265,4452,5703,3491,6385,0,2,285,281,782,1175,870,1690,1159,2555,1307,2180,881,806,1181,1746,868,2630,33788,18064,3317,2321,13566,0,0,22,13
2021-03-07T23:59:59+01:00,0,2,1013,1171,2035,2946,2038,3779,2503,5151,2633,4269,1477,1262,4445,5695,3488,6385,0,2,285,281,782,1175,870,1690,1159,2555,1306,2180,878,806,1172,1737,859,2619,33754,18063,3311,2280,13205,0,0,22,13
2021-03-06T23:59:59+01:00,0,2,1012,1168,2024,2932,2026,3760,2487,5124,2616,4247,1464,1252,4411,5649,3474,6373,0,2,285,281,782,1175,870,1689,1159,2555,1306,2180,878,806,1172,1737,859,2618,33610,18062,3310,2279,13079,0,0,22,13
2021-03-05T23:59:59+01:00,0,2,1008,1163,2009,2912,1996,3737,2444,5071,2564,4209,1428,1224,4141,5323,3322,6152,0,2,284,278,775,1168,864,1681,1156,2546,1302,2170,864,802,1164,1728,858,2616,32865,17966,2976,2279,12842,0,0,22,13
2021-03-04T23:59:59+01:00,0,2,915,1014,1920,2786,1930,3600,2368,4916,2474,4049,1397,1202,3898,5061,3055,5798,0,2,284,276,772,1163,861,1672,1155,2531,1297,2161,832,786,1151,1718,851,2603,31603,17847,2972,2255,11788,0,0,22,13
2021-03-03T23:59:59+01:00,0,2,868,905,1853,2688,1859,3496,2298,4802,2400,3965,1384,1187,3788,4954,2832,5523,0,2,282,273,771,1152,858,1653,1148,2489,1287,2135,815,782,1143,1697,843,2595,30922,17814,2852,2098,11008,0,0,22,13
2021-03-02T23:59:59+01:00,0,2,824,828,1757,2565,1775,3372,2206,4678,2340,3887,1349,1165,3658,4819,2622,5172,0,2,282,272,770,1146,854,1650,1143,2484,1282,2125,813,780,1128,1676,832,2576,30184,17705,2662,2097,10151,0,0,22,13
2021-03-01T23:59:59+01:00,0,2,801,792,1657,2422,1703,3227,2107,4505,2260,3766,1331,1153,3607,4754,2578,5112,0,2,282,270,766,1142,849,1638,1138,2472,1277,2114,806,777,1123,1664,824,2569,29929,17603,2578,2097,9248,0,0,22,13
2021-02-28T23:59:59+01:00,0,2,795,769,1639,2354,1675,3155,2084,4406,2245,3699,1325,1147,3597,4738,2563,5101,0,2,281,269,766,1141,849,1633,1138,2470,1277,2109,802,775,1115,1651,820,2559,29820,17580,2575,2064,8878,0,0,21,13
2021-02-27T23:59:59+01:00,0,2,780,752,1618,2294,1658,3044,2065,4280,2224,3604,1322,1144,3597,4736,2561,5100,0,2,281,269,766,1141,849,1633,1138,2470,1277,2108,802,775,1105,1645,803,2545,29814,17579,2574,2017,8372,0,0,21,13
2021-02-26T23:59:59+01:00,0,2,652,671,1514,2181,1607,2887,2002,4044,2123,3368,1230,1074,2941,3939,2126,4507,0,2,281,268,765,1139,848,1632,1138,2468,1275,2105,801,771,1087,1632,793,2528,26992,17505,2574,2015,7281,0,0,21,13
2021-02-25T23:59:59+01:00,0,2,504,594,1397,2076,1539,2759,1942,3917,2023,3254,1179,1039,2708,3667,1959,4263,0,2,264,253,741,1118,806,1563,1088,2367,1200,2013,745,750,1054,1594,781,2500,25913,17414,2546,1412,6342,0,0,21,13
2021-02-24T23:59:59+01:00,0,2,474,564,1327,1966,1469,2616,1872,3767,1947,3104,1141,1010,2568,3532,1880,4142,0,2,235,241,716,1072,779,1501,1058,2304,1145,1962,718,727,1007,1564,768,2469,25269,17223,2534,1032,5557,0,0,21,13
2021-02-23T23:59:59+01:00,0,2,419,524,1245,1825,1394,2472,1796,3557,1879,2983,1115,975,2361,3302,1752,3949,0,2,230,235,701,1046,767,1462,1036,2257,1119,1920,709,716,998,1550,765,2465,24330,17130,2525,835,4674,0,0,21,13
2021-02-22T23:59:59+01:00,0,2,406,490,1145,1716,1291,2375,1687,3450,1798,2911,1093,962,2217,3128,1660,3850,0,2,220,226,677,994,736,1400,1010,2163,1076,1838,665,683,928,1470,726,2406,23738,16938,2522,269,3900,0,0,21,13
2021-02-21T23:59:59+01:00,0,2,389,474,1043,1684,1141,2351,1531,3428,1693,2893,1085,960,2216,3127,1660,3850,0,2,193,220,646,986,724,1392,996,2158,1070,1836,662,680,925,1464,718,2398,23707,16804,2522,254,3277,0,0,21,12
2021-02-20T23:59:59+01:00,0,2,388,472,1042,1684,1140,2351,1530,3426,1693,2891,1085,959,2215,3127,1659,3849,0,2,192,218,643,986,721,1391,990,2155,1068,1836,662,680,925,1464,718,2397,23701,16782,2521,254,3270,0,0,21,12
2021-02-19T23:59:59+01:00,0,2,383,462,1030,1680,1130,2341,1516,3407,1660,2876,1034,930,1839,2619,1357,3456,0,2,169,208,617,982,704,1383,973,2153,1062,1834,659,679,924,1464,717,2394,21936,16658,2521,254,3244,0,0,21,12
2021-02-18T23:59:59+01:00,0,2,361,441,991,1596,1092,2255,1461,3290,1619,2784,1005,906,1662,2373,1223,3245,0,2,149,197,578,971,684,1370,939,2136,1036,1812,648,660,903,1436,703,2373,20936,16331,2521,254,2828,0,0,21,12
2021-02-17T23:59:59+01:00,0,2,338,389,908,1453,983,2058,1328,3035,1508,2564,967,876,1470,2159,1122,3064,0,2,143,190,566,940,659,1316,907,2057,989,1735,613,628,896,1409,697,2353,19854,15834,2521,254,1830,0,0,19,12
2021-02-16T23:59:59+01:00,0,2,332,349,865,1314,932,1873,1267,2815,1441,2403,956,859,1409,2062,1054,2964,0,2,137,177,552,899,644,1262,880,1992,959,1693,603,618,872,1375,683,2288,19482,15505,2520,119,876,0,0,19,12
2021-02-15T23:59:59+01:00,0,2,317,307,836,1283,915,1817,1227,2731,1402,2347,926,826,1230,1832,923,2786,0,2,129,169,531,873,627,1200,854,1919,936,1616,582,581,854,1338,674,2243,18564,15037,2519,79,608,0,0,16,12
2021-02-14T23:59:59+01:00,0,2,317,307,835,1283,914,1816,1226,2731,1402,2347,926,825,1230,1832,923,2785,0,2,128,169,530,865,623,1194,848,1913,932,1613,581,580,851,1337,672,2239,18562,14987,2519,78,605,0,0,15,12
2021-02-13T23:59:59+01:00,0,2,317,307,835,1283,914,1813,1226,2729,1402,2345,926,825,1230,1831,921,2785,0,2,128,169,530,865,623,1194,845,1910,930,1609,578,580,836,1316,660,2222,18555,14984,2516,1,605,0,0,15,12
2021-02-12T23:59:59+01:00,0,2,311,306,826,1278,910,1784,1220,2702,1374,2315,924,823,1229,1828,921,2785,0,2,128,169,528,863,622,1187,839,1898,924,1596,575,578,822,1305,654,2209,18547,14886,2516,1,460,0,0,15,12
2021-02-11T23:59:59+01:00,0,2,293,297,811,1243,904,1749,1203,2637,1351,2260,890,809,1218,1817,920,2775,0,2,125,155,510,824,600,1122,805,1798,902,1537,562,564,795,1270,639,2176,18435,14374,2515,0,214,0,0,15,12
2021-02-10T23:59:59+01:00,0,2,289,288,792,1205,891,1720,1191,2592,1336,2218,885,807,1203,1800,915,2757,0,2,121,145,443,738,554,1029,727,1672,844,1450,547,547,778,1247,626,2146,18409,13616,2410,0,58,0,0,14,0
2021-02-09T23:59:59+01:00,0,2,289,285,786,1190,879,1703,1176,2572,1321,2194,870,801,1189,1781,903,2737,0,2,105,126,386,649,500,894,646,1464,755,1257,492,467,658,1076,545,1878,18298,11900,2363,0,3,0,0,14,0
2021-02-08T23:59:59+01:00,0,2,289,284,784,1185,875,1696,1173,2568,1314,2186,864,798,1173,1757,885,2712,0,2,94,102,339,553,448,790,556,1253,647,1090,415,391,569,878,440,1545,18170,10112,2360,0,1,0,0,14,0
2021-02-07T23:59:59+01:00,0,2,288,283,783,1184,874,1696,1173,2567,1314,2183,858,796,1172,1754,883,2710,0,2,91,101,337,548,446,786,554,1243,643,1084,409,385,548,855,434,1530,18146,9996,2360,0,0,0,0,14,0
2021-02-06T23:59:59+01:00,0,2,288,282,782,1183,874,1695,1173,2567,1314,2182,857,796,1170,1748,881,2708,0,2,91,100,337,544,445,785,553,1239,641,1083,406,380,499,786,403,1484,18130,9778,2358,0,0,0,0,14,0
2021-02-05T23:59:59+01:00,0,2,288,281,782,1182,873,1694,1172,2566,1313,2177,850,790,1146,1737,874,2692,0,1,85,97,329,538,429,766,528,1203,612,1040,383,351,474,758,382,1437,18047,9413,2358,0,0,0,0,14,0
2021-02-04T23:59:59+01:00,0,2,285,273,778,1161,861,1672,1157,2538,1299,2153,827,776,1117,1706,867,2673,0,0,71,78,260,415,334,595,410,973,500,837,311,288,366,613,315,1214,17797,7580,2334,0,0,0,0,14,0
2021-02-03T23:59:59+01:00,0,2,284,268,775,1138,859,1645,1150,2487,1287,2122,807,762,1101,1684,855,2660,0,0,57,57,172,285,259,443,290,722,372,597,214,206,261,453,226,909,17698,5523,2174,0,0,0,0,14,0
2021-02-02T23:59:59+01:00,0,2,283,262,771,1129,853,1623,1142,2461,1275,2105,800,755,1093,1673,853,2652,0,0,37,35,94,145,150,256,177,452,240,377,140,136,179,276,159,586,17545,3439,2173,0,0,0,0,14,0
2021-02-01T23:59:59+01:00,0,2,281,258,766,1110,845,1604,1137,2432,1271,2070,790,742,1087,1662,848,2636,0,0,13,12,17,31,27,66,48,91,76,105,54,48,66,83,47,198,17354,982,2173,0,0,0,0,14,0
2021-01-31T23:59:59+01:00,0,2,275,256,750,1108,836,1593,1126,2421,1260,2062,784,736,1077,1644,841,2622,0,0,12,12,16,29,25,63,42,86,68,97,51,48,61,76,44,185,17317,915,2063,0,0,0,0,13,0
2021-01-30T23:59:59+01:00,0,2,275,256,750,1107,835,1593,1126,2421,1260,2062,783,736,1067,1637,824,2607,0,0,12,10,15,29,25,63,42,86,67,95,50,47,60,76,44,184,17312,905,2016,0,0,0,0,13,0
2021-01-29T23:59:59+01:00,0,2,273,256,750,1106,835,1593,1126,2421,1260,2061,782,735,1066,1635,824,2605,0,0,10,5,13,27,25,61,41,85,66,95,49,46,60,76,44,184,17303,887,2014,0,0,0,0,13,0
2021-01-28T23:59:59+01:00,0,2,269,252,737,1080,800,1537,1089,2360,1184,2001,741,721,1038,1615,808,2585,0,0,5,0,4,9,10,25,20,37,21,45,21,22,26,49,17,108,17119,419,1687,0,0,0,0,13,0
2021-01-27T23:59:59+01:00,0,2,263,245,714,1048,754,1481,1030,2279,1111,1921,706,694,1024,1592,805,2577,0,0,4,0,4,6,7,21,15,23,14,32,6,9,11,12,5,30,16670,199,1563,0,0,0,0,13,0
2021-01-26T23:59:59+01:00,0,2,239,236,699,1023,746,1433,1010,2205,1084,1856,694,680,1000,1576,795,2558,0,0,4,0,2,6,6,10,13,12,7,11,3,5,7,8,2,17,16620,113,1203,0,0,0,0,13,0
2021-01-25T23:59:59+01:00,0,2,208,221,646,951,694,1311,967,2059,1026,1721,647,624,922,1479,748,2482,0,0,4,0,2,6,6,10,13,12,7,11,3,5,7,8,2,17,16392,113,303,0,0,0,0,13,0
2021-01-24T23:59:59+01:00,0,2,191,215,620,939,676,1296,949,2042,1010,1711,640,618,911,1460,739,2469,0,0,3,0,2,5,6,10,12,12,6,11,3,5,7,8,2,17,16216,109,259,0,0,0,0,13,0
2021-01-23T23:59:59+01:00,0,2,191,215,620,939,676,1296,949,2042,1010,1711,640,618,911,1460,739,2469,0,0,3,0,2,4,6,10,10,12,6,11,3,5,7,8,2,17,16216,106,259,0,0,0,0,13,0
2021-01-22T23:59:59+01:00,0,2,144,197,562,929,658,1281,915,2032,998,1700,635,617,910,1460,739,2469,0,0,3,0,1,4,6,10,10,12,6,11,3,5,7,8,2,17,15976,105,259,0,0,0,0,13,0
2021-01-21T23:59:59+01:00,0,2,139,189,547,908,638,1240,882,1978,977,1653,623,596,898,1429,732,2450,0,0,3,0,0,4,5,10,9,12,6,11,3,5,7,8,2,16,15609,101,259,0,0,0,0,13,0
2021-01-20T23:59:59+01:00,0,2,133,172,500,843,615,1162,819,1868,940,1581,603,578,881,1406,722,2420,0,0,3,0,0,4,5,10,9,12,6,11,3,5,7,8,2,16,14975,101,257,0,0,0,0,13,0
2021-01-19T23:59:59+01:00,0,2,123,154,429,757,552,1033,735,1679,840,1422,556,528,782,1250,640,2164,0,0,3,0,0,4,5,8,9,12,6,11,3,5,7,8,2,16,13443,99,190,0,0,0,0,13,0
2021-01-18T23:59:59+01:00,0,2,105,120,360,606,461,861,604,1419,714,1213,486,462,693,1087,561,1873,0,0,1,0,0,1,1,0,0,0,0,1,0,0,0,1,0,0,11533,5,81,0,0,0,0,13,0
2021-01-17T23:59:59+01:00,0,2,100,118,356,601,460,855,602,1400,707,1203,480,452,666,1056,541,1826,0,0,1,0,0,1,0,0,0,0,0,1,0,0,0,1,0,0,11332,4,80,0,0,0,0,13,0
2021-01-16T23:59:59+01:00,0,2,100,115,354,592,457,850,590,1387,696,1191,465,438,569,931,479,1727,0,0,0,0,0,1,0,0,0,0,0,0,0,0,0,0,0,0,10927,1,3,0,0,0,0,13,0
2021-01-15T23:59:59+01:00,0,2,98,113,349,590,451,845,584,1379,679,1175,449,420,560,919,468,1703,0,0,0,0,0,0,0,0,0,0,0,0,0,0,0,0,0,0,10770,0,1,0,0,0,0,13,0
2021-01-14T23:59:59+01:00,0,0,80,90,294,488,372,680,466,1125,560,995,368,338,441,753,384,1447,0,0,0,0,0,0,0,0,0,0,0,0,0,0,0,0,0,0,8868,0,0,0,0,0,0,13,0
2021-01-13T23:59:59+01:00,0,0,66,67,209,371,296,509,353,843,430,713,259,239,325,566,295,1109,0,0,0,0,0,0,0,0,0,0,0,0,0,0,0,0,0,0,6638,0,0,0,0,0,0,12,0
2021-01-12T23:59:59+01:00,0,0,44,45,130,220,183,315,213,536,287,445,166,155,213,372,203,745,0,0,0,0,0,0,0,0,0,0,0,0,0,0,0,0,0,0,4272,0,0,0,0,0,0,0,0
2021-01-11T23:59:59+01:00,0,0,14,14,45,61,42,95,61,123,99,132,69,61,94,115,58,254,0,0,0,0,0,0,0,0,0,0,0,0,0,0,0,0,0,0,1337,0,0,0,0,0,0,0,0
2021-01-10T23:59:59+01:00,0,0,13,14,32,49,35,77,52,114,84,122,62,57,86,105,55,239,0,0,0,0,0,0,0,0,0,0,0,0,0,0,0,0,0,0,1196,0,0,0,0,0,0,0,0
2021-01-09T23:59:59+01:00,0,0,13,13,28,48,35,76,51,113,82,119,61,56,85,104,53,238,0,0,0,0,0,0,0,0,0,0,0,0,0,0,0,0,0,0,1175,0,0,0,0,0,0,0,0
2021-01-08T23:59:59+01:00,0,0,9,5,28,43,33,73,49,110,81,118,58,52,79,99,49,238,0,0,0,0,0,0,0,0,0,0,0,0,0,0,0,0,0,0,1124,0,0,0,0,0,0,0,0
2021-01-07T23:59:59+01:00,0,0,6,1,10,22,16,39,28,77,35,77,32,27,52,82,33,181,0,0,0,0,0,0,0,0,0,0,0,0,0,0,0,0,0,0,718,0,0,0,0,0,0,0,0
2021-01-06T23:59:59+01:00,0,0,6,0,5,11,11,31,25,43,21,48,26,24,38,56,23,130,0,0,0,0,0,0,0,0,0,0,0,0,0,0,0,0,0,0,498,0,0,0,0,0,0,0,0
2021-01-05T23:59:59+01:00,0,0,5,0,5,10,11,31,25,43,21,48,26,24,38,55,23,130,0,0,0,0,0,0,0,0,0,0,0,0,0,0,0,0,0,0,495,0,0,0,0,0,0,0,0
2021-01-04T23:59:59+01:00,0,0,4,0,2,5,5,11,14,12,6,12,3,5,7,9,2,18,0,0,0,0,0,0,0,0,0,0,0,0,0,0,0,0,0,0,115,0,0,0,0,0,0,0,0
2021-01-03T23:59:59+01:00,0,0,3,0,2,5,5,10,13,12,6,12,3,5,7,9,2,17,0,0,0,0,0,0,0,0,0,0,0,0,0,0,0,0,0,0,111,0,0,0,0,0,0,0,0
2021-01-02T23:59:59+01:00,0,0,3,0,2,5,5,10,11,12,6,12,3,5,7,9,2,17,0,0,0,0,0,0,0,0,0,0,0,0,0,0,0,0,0,0,109,0,0,0,0,0,0,0,0
2021-01-01T23:59:59+01:00,0,0,3,0,1,4,5,10,11,12,6,12,3,5,7,8,2,17,0,0,0,0,0,0,0,0,0,0,0,0,0,0,0,0,0,0,106,0,0,0,0,0,0,0,0
2020-12-31T23:59:59+01:00,0,0,3,0,0,4,5,10,9,12,6,12,3,5,7,8,2,17,0,0,0,0,0,0,0,0,0,0,0,0,0,0,0,0,0,0,103,0,0,0,0,0,0,0,0
2020-12-30T23:59:59+01:00,0,0,3,0,0,4,5,10,9,12,6,12,3,5,7,8,2,17,0,0,0,0,0,0,0,0,0,0,0,0,0,0,0,0,0,0,103,0,0,0,0,0,0,0,0
2020-12-29T23:59:59+01:00,0,0,3,0,0,3,5,8,9,12,6,12,3,5,7,8,2,17,0,0,0,0,0,0,0,0,0,0,0,0,0,0,0,0,0,0,100,0,0,0,0,0,0,0,0
2020-12-28T23:59:59+01:00,0,0,3,0,0,3,5,8,9,12,5,12,3,5,7,8,2,17,0,0,0,0,0,0,0,0,0,0,0,0,0,0,0,0,0,0,99,0,0,0,0,0,0,0,0
2020-12-27T23:59:59+01:00,0,0,1,0,0,0,0,0,0,0,0,1,0,0,2,4,0,8,0,0,0,0,0,0,0,0,0,0,0,0,0,0,0,0,0,0,16,0,0,0,0,0,0,0,0
