Datum,<15_m,<15_w,15-24_1_m,15-24_1_w,25-34_1_m,25-34_1_w,35-44_1_m,35-44_1_w,45-54_1_m,45-54_1_w,55-64_1_m,55-64_1_w,65-74_1_m,65-74_1_w,75-84_1_m,75-84_1_w,>84_1_m,>84_1_w,<24_2_m,<24_2_w,25-34_2_m,25-34_2_w,35-44_2_m,35-44_2_w,45-54_2_m,45-54_2_w,55-64_2_m,55-64_2_w,65-74_2_m,65-74_2_w,75-84_2_m,75-84_2_w,>84_2_m,>84_2_w,bp_1,bp_2,mo_1,mo_2,az_1,az_2,ja,unb_1,unb_2
2021-08-04T23:59:59+02:00,2004,1763,21329,20503,31259,28665,32082,32077,37831,38371,41701,42023,27596,30789,19642,24649,5975,10105,13734,13416,24249,22500,27892,27934,34258,34579,38480,38933,26167,29165,18765,23394,5701,9574,310436,263749,44427,42387,77394,67838,16036,71,26
2021-08-03T23:59:59+02:00,1995,1749,21313,20481,31243,28652,32069,32068,37822,38359,41688,42014,27590,30783,19638,24642,5974,10103,13656,13332,24174,22432,27826,27880,34215,34539,38436,38901,26153,29146,18756,23386,5699,9568,310263,263106,44424,42386,77393,67812,16032,71,26
2021-08-02T23:59:59+02:00,1990,1741,21294,20471,31227,28639,32059,32056,37811,38352,41683,42007,27587,30780,19638,24638,5973,10099,13534,13210,24066,22341,27726,27807,34109,34451,38382,38863,26137,29124,18750,23383,5699,9566,310135,262329,44424,42385,77393,67609,16022,71,26
2021-08-01T23:59:59+02:00,1985,1736,21273,20457,31196,28623,32045,32044,37804,38341,41673,41997,27584,30777,19636,24631,5973,10098,13468,13154,24012,22295,27683,27759,34073,34412,38355,38841,26131,29113,18745,23379,5699,9566,310032,261937,44418,42373,77392,67587,15960,71,26
2021-07-31T23:59:59+02:00,1960,1706,21193,20383,31134,28587,31990,32007,37772,38313,41650,41976,27580,30769,19631,24627,5973,10098,12574,12173,23528,21878,27358,27423,33781,34135,37938,38511,26068,29033,18721,23338,5694,9560,309633,257193,44407,42338,77390,67021,15848,71,26
2021-07-30T23:59:59+02:00,1935,1687,21172,20361,31104,28568,31975,31991,37766,38306,41642,41968,27575,30766,19630,24627,5972,10098,12487,12098,23200,21590,27075,27212,33567,33977,37777,38380,26045,29016,18719,23330,5694,9558,309454,255771,44406,42330,77390,66474,15822,71,26
2021-07-29T23:59:59+02:00,1866,1618,20940,20129,30964,28423,31874,31883,37674,38217,41553,41908,27547,30742,19617,24609,5966,10090,11862,11569,22078,20756,26039,26374,32594,33289,37395,38091,25963,28915,18690,23283,5689,9551,308262,250192,44379,42246,77383,64723,15525,71,26
2021-07-28T23:59:59+02:00,1846,1603,20900,20080,30946,28396,31859,31862,37654,38197,41532,41888,27536,30730,19612,24599,5966,10088,11586,11273,21670,20378,25608,25945,32433,33141,37285,38003,25927,28866,18674,23262,5688,9546,307956,247314,44378,42244,77371,64663,15519,70,26
2021-07-27T23:59:59+02:00,1836,1597,20860,20039,30923,28364,31826,31848,37633,38165,41508,41874,27529,30723,19611,24594,5966,10085,11338,11062,21473,20190,25470,25826,32327,33040,37203,37922,25902,28829,18666,23253,5685,9542,307724,245854,44378,42239,77370,64591,15439,70,26
2021-07-26T23:59:59+02:00,1810,1563,20736,19925,30819,28267,31771,31786,37582,38099,41465,41844,27505,30705,19601,24581,5960,10082,11051,10739,20974,19753,25226,25620,32168,32891,37074,37836,25868,28794,18653,23231,5684,9534,306991,243588,44349,42128,77365,64387,15326,70,26
2021-07-25T23:59:59+02:00,1803,1554,20714,19914,30811,28258,31761,31772,37576,38093,41455,41835,27501,30703,19600,24579,5960,10081,10947,10633,20824,19645,24992,25427,31930,32685,36932,37704,25851,28780,18647,23224,5683,9531,306883,242335,44339,42112,77358,63978,15320,70,26
2021-07-24T23:59:59+02:00,1783,1539,20634,19841,30769,28220,31726,31736,37550,38065,41432,41823,27494,30698,19597,24577,5960,10081,10885,10580,20748,19583,24921,25366,31877,32654,36903,37684,25845,28776,18645,23222,5683,9531,306542,241970,44328,42089,77354,63912,15231,70,26
2021-07-23T23:59:59+02:00,1728,1504,20445,19700,30607,28109,31638,31667,37483,38014,41393,41781,27483,30682,19592,24571,5959,10076,10630,10377,20385,19281,24123,24724,31399,32326,36343,37228,25802,28734,18629,23205,5682,9529,305727,239125,44319,42045,77337,62525,14979,70,25
2021-07-22T23:59:59+02:00,1665,1448,20136,19433,30369,27930,31507,31554,37355,37910,41295,41700,27457,30659,19581,24548,5955,10075,10179,10003,19646,18772,23176,24057,30695,31740,35314,36470,25691,28638,18596,23173,5680,9525,304267,235539,44286,41383,77333,60026,14621,70,25
2021-07-21T23:59:59+02:00,1650,1440,20100,19386,30342,27901,31485,31531,37335,37885,41274,41678,27448,30651,19576,24542,5950,10071,9869,9668,19188,18322,22310,23296,30361,31407,35085,36274,25608,28541,18566,23121,5672,9515,303950,232809,44280,39704,77331,59854,14614,70,22
2021-07-20T23:59:59+02:00,1644,1435,20068,19359,30315,27880,31461,31513,37319,37870,41264,41667,27433,30637,19576,24535,5950,10068,9603,9390,18858,18053,22042,23011,30186,31253,34921,36129,25562,28496,18551,23087,5671,9511,303714,230427,44278,39695,77330,59755,14602,70,22
2021-07-19T23:59:59+02:00,1633,1427,19955,19271,30235,27808,31403,31460,37300,37851,41249,41649,27428,30626,19570,24528,5949,10065,9404,9194,18545,17779,21580,22594,29933,31022,34801,36028,25528,28458,18533,23071,5671,9508,303142,228800,44272,38758,77329,59641,14594,70,22
2021-07-18T23:59:59+02:00,1622,1422,19888,19207,30110,27709,31340,31397,37238,37800,41208,41598,27408,30596,19561,24513,5945,10062,9295,9080,18381,17631,21391,22404,29766,30824,34688,35928,25498,28435,18522,23054,5671,9502,302370,227556,44272,38459,77327,59600,14585,70,22
2021-07-17T23:59:59+02:00,1621,1418,19881,19205,30110,27707,31340,31393,37233,37798,41204,41596,27407,30595,19560,24513,5945,10062,9274,9065,18349,17610,21373,22391,29756,30817,34669,35924,25495,28433,18522,23053,5671,9502,302338,227404,44272,38456,77327,59589,14581,70,22
2021-07-16T23:59:59+02:00,1568,1373,19607,18957,29985,27611,31257,31322,37178,37736,41164,41564,27388,30578,19553,24503,5943,10056,9161,8952,17980,17315,21071,22124,29372,30464,34538,35821,25472,28410,18515,23040,5669,9500,301346,226164,44250,37755,77325,59258,14352,70,20
2021-07-15T23:59:59+02:00,1510,1330,19346,18712,29806,27464,31150,31223,37097,37655,41098,41497,27346,30549,19537,24489,5939,10053,8801,8650,17074,16490,19538,20906,28460,29546,33922,35245,25306,28232,18462,22991,5663,9488,300085,220105,44208,36316,77317,58337,14121,70,20
2021-07-14T23:59:59+02:00,1497,1318,19317,18676,29783,27438,31127,31192,37086,37642,41079,41491,27338,30542,19528,24482,5938,10050,8515,8353,16522,15891,19046,20392,27898,29047,33530,34870,25194,28105,18423,22925,5658,9477,299815,215950,44206,35958,77314,57911,14119,70,20
2021-07-13T23:59:59+02:00,1485,1309,19280,18651,29766,27414,31106,31177,37071,37615,41056,41463,27329,30528,19526,24477,5937,10044,8213,8092,16125,15536,18772,20114,27635,28799,33260,34614,25096,27985,18390,22884,5656,9472,299535,213259,44205,35923,77313,57419,14111,70,20
2021-07-12T23:59:59+02:00,1470,1300,19239,18634,29733,27386,31089,31156,37059,37598,41039,41448,27326,30524,19524,24471,5936,10044,7953,7876,15846,15261,18074,19569,27322,28480,32848,34253,24929,27793,18331,22809,5650,9467,299287,211982,44204,33996,77313,56444,14102,70,20
2021-07-11T23:59:59+02:00,1462,1292,19209,18605,29703,27357,31074,31128,37051,37577,41025,41436,27317,30515,19522,24471,5935,10043,7910,7829,15781,15190,17986,19515,27238,28418,32736,34191,24876,27748,18311,22787,5650,9464,299045,211409,44202,33985,77311,56202,14094,70,20
2021-07-10T23:59:59+02:00,1333,1177,18709,18188,29262,27066,30792,30898,36807,37418,40826,41286,27245,30455,19496,24439,5932,10040,7781,7760,15500,15056,17771,19367,26998,28279,32572,34074,24811,27702,18295,22774,5649,9464,296860,210994,44069,33868,77282,55962,13088,70,20
2021-07-09T23:59:59+02:00,1323,1171,18682,18158,29242,27049,30780,30885,36797,37406,40815,41278,27241,30451,19494,24435,5932,10039,7739,7713,15430,14990,17709,19274,26779,28049,32323,33861,24748,27639,18273,22748,5649,9461,296720,210717,44050,33865,77281,54800,13057,70,20
2021-07-08T23:59:59+02:00,1247,1091,18416,17948,29097,26900,30645,30769,36695,37304,40717,41201,27208,30416,19475,24417,5927,10035,7573,7580,15134,14743,17281,18916,26089,27452,32053,33596,24581,27482,18215,22686,5646,9455,295466,209593,43997,32448,77273,53784,12702,70,20
2021-07-07T23:59:59+02:00,1150,999,18106,17627,28901,26718,30518,30647,36583,37184,40611,41117,27174,30368,19461,24400,5924,10032,7378,7369,14694,14376,16817,18474,25337,26846,31646,33217,24318,27158,18121,22592,5637,9446,293906,206683,43949,31614,77262,52830,12333,70,20
2021-07-06T23:59:59+02:00,1127,983,18029,17563,28857,26669,30468,30601,36547,37149,40577,41085,27157,30343,19450,24387,5922,10029,7162,7137,14351,14020,16469,18125,24591,26200,31347,32953,24128,26944,18073,22521,5630,9439,293336,204631,43946,30210,77261,51940,12330,70,20
2021-07-05T23:59:59+02:00,1084,955,17956,17499,28814,26613,30430,30567,36523,37105,40549,41059,27152,30329,19444,24381,5922,10024,6933,6947,14048,13751,16117,17760,24045,25693,30782,32388,23850,26645,17965,22382,5622,9429,292855,203138,43944,28127,77257,50810,12280,70,20
2021-07-04T23:59:59+02:00,1062,940,17887,17450,28776,26592,30409,30538,36513,37095,40534,41047,27146,30318,19439,24378,5922,10023,6907,6930,13995,13705,16043,17702,23961,25638,30629,32297,23758,26556,17933,22341,5620,9425,292542,202749,43943,28118,77246,50303,12268,70,20
2021-07-03T23:59:59+02:00,646,568,16160,15732,27606,25670,29615,29823,35873,36485,40037,40618,26989,30152,19372,24292,5913,10006,6523,6689,13481,13402,15643,17401,23600,25361,30325,32104,23662,26463,17900,22303,5616,9421,285044,202459,43904,28042,77163,50015,9376,70,20
2021-07-02T23:59:59+02:00,607,530,16030,15587,27445,25524,29536,29763,35843,36458,40018,40605,26983,30142,19369,24289,5913,10006,6475,6618,13407,13301,15555,17271,23457,25179,30172,31939,23469,26253,17811,22225,5614,9418,284143,201778,43904,27884,77161,49130,9370,70,20
2021-07-01T23:59:59+02:00,549,485,15853,15433,27227,25370,29459,29686,35788,36407,39952,40561,26963,30125,19358,24277,5911,10002,6336,6489,13068,13030,15030,16836,22196,24196,29412,31261,23191,25966,17693,22091,5607,9403,282960,198257,43899,26223,77149,47994,9328,70,20
2021-06-30T23:59:59+02:00,519,465,15749,15326,27118,25287,29393,29617,35733,36357,39909,40525,26948,30094,19348,24260,5907,10002,6144,6312,12638,12649,14461,16289,21574,23604,28822,30733,22772,25502,17563,21907,5600,9391,282147,194023,43896,26199,77143,46432,9301,70,20
2021-06-29T23:59:59+02:00,462,415,14989,14659,26857,25065,29299,29518,35654,36276,39841,40478,26928,30071,19341,24247,5907,10000,6032,6188,12382,12386,14067,15893,20786,22985,28240,30184,22325,24979,17411,21732,5592,9381,279650,190885,43895,25691,77135,44722,9257,70,20
2021-06-28T23:59:59+02:00,426,384,14362,14022,26701,24961,29225,29452,35598,36211,39797,40445,26910,30051,19333,24236,5907,9996,5966,6093,12203,12247,13879,15717,20168,22439,27841,29814,21989,24622,17283,21569,5587,9377,277722,189205,43891,25040,77131,43337,9203,70,20
2021-06-27T23:59:59+02:00,349,317,14017,13646,26637,24903,29185,29417,35576,36189,39780,40432,26899,30044,19330,24233,5906,9995,5930,6050,12089,12133,13736,15588,19618,21966,27235,29317,21712,24287,17163,21446,5583,9376,276606,188374,43889,23525,77120,42151,9170,70,20
2021-06-26T23:59:59+02:00,348,317,14006,13635,26621,24892,29179,29411,35571,36188,39777,40431,26898,30043,19330,24233,5906,9995,5925,6047,12077,12130,13730,15584,19605,21955,27190,29282,21567,24157,17123,21390,5582,9374,276535,188348,43887,23521,77120,41671,9169,70,20
2021-06-25T23:59:59+02:00,225,204,12749,12418,25162,23751,28880,29177,35465,36106,39712,40369,26874,30016,19321,24222,5904,9993,5882,6000,11981,12051,13588,15462,19296,21717,26806,28923,21244,23765,16950,21193,5579,9365,270324,187126,43883,23238,77105,40263,9166,70,20
2021-06-24T23:59:59+02:00,161,150,11781,11591,24052,22874,28516,28829,35318,35942,39600,40266,26839,29966,19310,24198,5902,9989,5666,5770,11523,11636,13011,14872,17769,20326,25169,27333,20477,22914,16635,20787,5569,9355,265115,182163,43866,19632,77101,37874,9133,69,20
2021-06-23T23:59:59+02:00,125,125,11421,11269,23555,22505,28271,28587,35141,35816,39511,40179,26809,29940,19302,24161,5900,9978,5593,5657,11312,11421,12713,14521,17378,19918,24422,26569,19687,22166,16443,20535,5561,9339,262516,179815,43860,19020,77096,35336,9054,69,20
2021-06-22T23:59:59+02:00,104,112,11238,11057,23397,22362,28191,28515,35065,35754,39465,40134,26794,29916,19294,24153,5900,9977,5484,5537,11047,11166,12346,14151,16776,19324,23695,25804,19308,21743,16280,20357,5554,9323,261370,176792,43857,18163,77094,33889,9038,69,20
2021-06-21T23:59:59+02:00,91,100,10986,10872,22565,21691,27941,28290,34999,35692,39401,40093,26778,29898,19288,24144,5900,9976,5365,5433,10832,10946,12040,13831,16385,18979,23250,25338,19018,21431,16176,20238,5548,9321,258782,175336,43851,17151,77089,32716,8914,69,20
2021-06-20T23:59:59+02:00,85,99,10922,10782,22319,21476,27684,28093,34919,35614,39356,40049,26769,29884,19286,24140,5898,9973,5324,5379,10747,10846,11945,13731,16190,18796,22980,25100,18917,21325,16123,20180,5542,9317,257505,175032,43849,16092,77088,32466,8837,69,20
2021-06-19T23:59:59+02:00,84,95,10898,10758,22286,21452,27666,28080,34907,35610,39346,40045,26768,29883,19286,24138,5898,9973,5293,5347,10666,10756,11853,13610,16042,18644,22673,24741,18831,21238,16111,20167,5541,9317,257351,174928,43828,14597,77088,32453,8837,69,20
2021-06-18T23:59:59+02:00,81,93,10851,10707,21969,21130,27402,27865,34854,35573,39315,40023,26760,29874,19285,24135,5898,9971,5278,5338,10636,10726,11813,13562,15981,18582,22588,24645,18665,21057,16066,20101,5540,9312,255966,174534,43827,14596,77087,31908,8837,69,20
2021-06-17T23:59:59+02:00,72,85,10273,10280,20698,20175,26543,27134,34486,35248,39062,39835,26696,29792,19265,24099,5891,9967,5080,5199,10260,10473,11372,13163,15301,17973,21226,23339,18212,20572,15903,19930,5536,9297,250213,169260,43809,14024,77076,31103,8434,69,20
2021-06-16T23:59:59+02:00,64,73,9938,9968,20018,19546,25905,26533,34239,35048,38904,39687,26654,29739,19242,24076,5890,9963,4937,5053,9874,10138,10913,12714,14601,17284,20379,22413,17810,20128,15736,19719,5526,9285,246388,165502,43797,12749,77063,30074,8170,69,20
2021-06-15T23:59:59+02:00,49,68,9693,9727,19722,19298,25682,26335,34111,34943,38808,39607,26625,29703,19235,24061,5885,9959,4832,4943,9635,9921,10684,12456,14181,16858,19783,21839,17493,19743,15518,19492,5517,9274,244625,163443,43785,11663,77057,29074,7975,69,19
2021-06-14T23:59:59+02:00,45,63,9560,9602,19423,19038,25507,26192,33991,34864,38747,39568,26608,29683,19229,24050,5885,9956,4751,4881,9446,9782,10511,12320,13920,16644,19467,21546,17329,19588,15417,19360,5516,9270,243431,161992,43783,11661,77053,28405,7676,68,19
2021-06-13T23:59:59+02:00,43,59,9400,9472,19134,18853,25156,25938,33790,34697,38642,39501,26593,29671,19219,24043,5885,9953,4670,4815,9237,9617,10347,12150,13597,16308,19119,21217,17204,19440,15370,19295,5514,9268,241789,161147,43783,11661,77050,26986,7359,68,19
2021-06-12T23:59:59+02:00,43,59,9391,9458,19121,18840,25156,25933,33790,34694,38639,39500,26593,29671,19219,24043,5885,9953,4667,4801,9227,9557,10315,12048,13548,16154,19064,21081,17095,19315,15254,19193,5512,9266,241743,161120,43783,11659,77046,25955,7348,68,19
2021-06-11T23:59:59+02:00,38,55,9234,9276,18888,18629,24357,25261,33613,34541,38506,39388,26560,29638,19209,24020,5885,9948,4590,4686,9010,9302,10056,11755,13028,15607,18094,20191,16909,19119,15214,19149,5509,9263,238835,157121,43782,11658,77043,25370,7318,68,19
2021-06-10T23:59:59+02:00,36,51,8840,8942,18236,18140,23508,24583,33294,34261,38305,39224,26503,29583,19186,23992,5882,9941,4415,4509,8432,8811,9255,11037,11883,14510,16117,18288,16022,18162,14929,18784,5500,9241,235218,147496,43123,11625,77017,23678,7082,67,18
2021-06-09T23:59:59+02:00,19,33,8391,8438,17402,17414,22356,23541,32805,33795,38020,39006,26394,29479,19140,23935,5872,9928,4279,4396,8145,8547,9012,10784,11553,14144,15634,17743,15652,17733,14688,18500,5493,9231,231240,145678,41234,11583,76981,21775,6484,29,18
2021-06-08T23:59:59+02:00,11,21,8073,8123,16931,16997,21938,23176,32560,33602,37858,38876,26350,29439,19130,23912,5869,9923,4159,4314,7891,8293,8707,10439,11198,13797,14994,17045,15199,17211,14427,18223,5488,9213,228516,143983,41202,10466,76972,20065,6070,29,18
2021-06-07T23:59:59+02:00,8,17,7877,7891,16573,16673,21394,22721,32280,33332,37741,38760,26324,29391,19113,23886,5864,9922,4083,4234,7710,8152,8547,10297,11028,13625,14685,16720,15003,16958,14254,18032,5484,9208,226896,142907,40230,10374,76961,19073,5652,28,18
2021-06-06T23:59:59+02:00,6,14,7770,7782,16439,16528,21199,22514,32054,33108,37607,38654,26296,29366,19100,23870,5864,9916,4054,4199,7664,8034,8495,10169,10924,13480,14490,16504,14821,16780,14165,17912,5477,9202,225666,142429,39931,10364,76943,18044,5519,28,18
2021-06-05T23:59:59+02:00,6,14,7748,7768,16410,16501,21192,22511,32044,33102,37605,38653,26295,29366,19099,23869,5864,9916,4045,4160,7649,7969,8481,10036,10910,13309,14472,16399,14784,16725,14156,17902,5477,9201,225557,142348,39931,10364,76942,17444,5505,28,18
2021-06-04T23:59:59+02:00,6,12,7634,7666,16131,16265,20916,22265,31622,32729,37492,38532,26262,29327,19087,23856,5862,9914,4038,4151,7623,7946,8455,10006,10843,13236,14367,16269,14703,16632,14119,17858,5477,9199,223965,142015,39157,10035,76923,17353,5505,28,18
2021-06-03T23:59:59+02:00,4,12,7379,7439,15255,15483,19282,20873,30711,31800,36989,38073,26131,29194,19043,23805,5856,9896,3979,4113,7535,7875,8333,9908,10675,13055,13800,15700,14443,16321,14035,17753,5474,9186,217348,139809,37580,9927,76913,17079,5356,28,18
2021-06-02T23:59:59+02:00,4,12,7244,7295,14870,15055,18850,20472,30242,31346,36763,37809,26067,29130,19023,23776,5853,9894,3949,4083,7471,7789,8245,9817,10535,12924,13355,15270,14320,16138,14008,17716,5471,9181,214263,138024,37149,9834,76912,17047,5353,28,18
2021-06-01T23:59:59+02:00,4,9,6968,7050,14474,14743,18508,20154,29915,31035,36540,37575,26011,29051,18999,23747,5851,9883,3847,3997,7229,7613,8014,9624,10272,12650,12953,14848,13889,15688,13892,17564,5464,9173,211521,135911,37104,9580,76891,16239,4973,28,18
2021-05-31T23:59:59+02:00,4,9,6805,6860,14255,14510,17804,19552,29574,30697,36243,37312,25921,28954,18973,23693,5841,9870,3768,3886,7021,7367,7791,9339,9931,12268,12514,14331,13361,15075,13693,17335,5456,9158,210094,132739,35056,9257,76874,15459,4825,28,18
2021-05-30T23:59:59+02:00,4,9,6782,6845,14209,14472,17727,19493,29524,30659,36212,37289,25909,28942,18970,23687,5840,9868,3725,3812,6873,7161,7643,9109,9727,11958,12258,13985,13240,14906,13625,17253,5453,9151,209799,132022,35044,9156,76820,13937,4750,28,18
2021-05-29T23:59:59+02:00,4,9,6780,6844,14200,14466,17722,19487,29519,30655,36209,37288,25907,28939,18970,23686,5840,9868,3716,3799,6844,7128,7610,9058,9691,11912,12185,13887,13199,14838,13595,17229,5452,9146,209767,131883,35044,9155,76805,13488,4749,28,18
2021-05-28T23:59:59+02:00,4,9,6770,6832,14185,14449,17705,19466,29508,30642,36198,37270,25906,28935,18968,23682,5840,9868,3702,3776,6822,7088,7576,9004,9638,11808,11945,13618,13011,14647,13565,17189,5449,9143,209616,130595,35043,9154,76802,13469,4748,28,18
2021-05-27T23:59:59+02:00,4,9,6679,6751,13917,14232,17220,19119,28830,30100,36039,37139,25860,28901,18953,23668,5839,9862,3577,3616,6535,6836,7200,8698,9140,11250,11236,12724,12461,14079,13435,16997,5442,9131,208540,127085,33603,8825,76760,12241,4191,28,18
2021-05-26T23:59:59+02:00,4,9,6608,6643,13704,14030,16967,18812,28288,29589,35864,36964,25823,28856,18938,23644,5838,9857,3487,3473,6310,6547,6913,8272,8801,10772,10586,11927,11900,13464,13289,16782,5437,9109,206953,123481,32850,8643,76747,11070,3860,28,18
2021-05-25T23:59:59+02:00,4,9,6527,6548,13499,13809,16704,18602,27564,28943,35771,36867,25800,28828,18926,23628,5833,9856,3438,3382,6165,6379,6767,8082,8576,10481,10241,11562,11553,12989,13184,16620,5434,9101,206243,121643,31398,8504,76262,10004,3788,27,18
2021-05-24T23:59:59+02:00,4,9,6457,6451,13322,13609,16482,18319,27154,28518,35425,36469,25743,28760,18907,23605,5832,9854,3424,3360,6107,6297,6722,7999,8517,10386,10168,11465,11380,12757,13137,16529,5426,9081,205712,121020,29177,8459,76255,9512,3749,27,18
2021-05-23T23:59:59+02:00,4,9,6455,6450,13317,13600,16479,18309,27135,28508,35395,36435,25740,28754,18907,23599,5832,9854,3421,3356,6101,6287,6712,7992,8489,10356,10128,11409,11297,12656,13117,16498,5426,9080,205597,121015,29161,8047,76254,9505,3743,27,18
2021-05-22T23:59:59+02:00,4,9,6448,6446,13310,13589,16473,18305,27132,28507,35392,36429,25740,28754,18907,23599,5832,9854,3420,3356,6098,6284,6711,7988,8485,10354,10123,11406,11286,12642,13112,16494,5425,9080,205547,120975,29161,8047,76252,9484,3743,27,18
2021-05-21T23:59:59+02:00,4,9,6388,6386,13158,13483,16300,18154,26862,28331,34964,36162,25715,28718,18899,23593,5831,9850,3411,3346,6065,6263,6681,7954,8446,10305,10070,11356,10772,11930,12973,16335,5422,9075,204859,119223,29036,8044,75213,9450,3672,27,18
2021-05-20T23:59:59+02:00,3,8,6096,6185,12549,13066,15107,17231,24951,26837,34013,35394,25610,28573,18845,23512,5825,9835,3351,3301,5972,6146,6569,7800,8299,10146,9834,11051,10437,11482,12861,16154,5412,9062,200099,117243,27295,7968,72677,9108,3543,26,18
2021-05-19T23:59:59+02:00,3,8,5890,5944,12035,12608,14399,16527,24004,26024,33389,34797,25500,28483,18810,23456,5818,9823,3274,3228,5810,5976,6379,7560,8024,9866,9532,10672,10125,11068,12782,16009,5410,9054,194417,115337,27257,7773,72662,8488,3156,26,18
2021-05-18T23:59:59+02:00,3,7,5720,5835,11634,12286,13776,16028,22848,25074,32724,34191,25384,28348,18764,23406,5813,9814,3231,3200,5700,5870,6218,7402,7819,9656,9339,10435,9958,10820,12638,15789,5401,9045,189465,114210,26752,7705,72618,7797,2794,26,18
2021-05-17T23:59:59+02:00,3,6,5667,5790,11471,12179,13505,15806,22035,24440,32416,33877,25305,28289,18742,23376,5804,9805,3137,3130,5522,5691,6052,7196,7612,9438,9121,10198,9870,10697,12580,15726,5398,9040,187702,113501,26054,7699,72226,6685,2508,26,18
2021-05-16T23:59:59+02:00,3,6,5640,5770,11410,12124,13420,15726,21426,23893,31802,33348,25264,28246,18732,23361,5803,9805,3133,3108,5508,5622,6025,7137,7584,9336,9089,10114,9854,10678,12577,15723,5398,9040,186936,113391,24511,7692,71808,6331,2498,26,17
2021-05-15T23:59:59+02:00,3,6,5631,5761,11377,12115,13391,15716,21353,23822,31266,32974,25253,28241,18731,23358,5802,9804,3119,3093,5489,5580,6011,7062,7544,9221,8854,9860,9821,10647,12543,15672,5398,9039,186887,113386,24499,7554,71162,5969,2030,26,17
2021-05-14T23:59:59+02:00,3,6,5591,5736,11314,12077,13319,15651,20942,23511,30836,32629,25217,28195,18720,23341,5802,9802,3087,3053,5453,5491,5990,6928,7504,9019,8794,9666,9750,10537,12457,15547,5398,9035,186164,113218,24180,7224,70293,5224,2029,26,17
2021-05-13T23:59:59+02:00,3,6,5434,5579,10935,11782,12605,15063,18760,21765,29292,31165,24987,27951,18653,23269,5800,9799,3076,3020,5429,5452,5973,6871,7480,8949,8750,9607,9535,10294,12260,15249,5393,9026,182219,112866,20385,6414,68204,5056,2014,26,17
2021-05-12T23:59:59+02:00,2,6,5405,5552,10863,11724,12504,14975,18638,21641,28929,30801,24896,27856,18636,23240,5799,9794,3076,3016,5423,5446,5963,6857,7456,8934,8711,9553,9351,10065,12030,14929,5390,9019,181271,112586,19749,5555,68201,5050,2014,26,17
2021-05-11T23:59:59+02:00,2,6,5269,5448,10617,11479,12139,14602,18030,21006,27999,29833,24703,27668,18578,23166,5794,9779,3034,2975,5334,5291,5863,6674,7326,8694,8551,9331,9171,9872,11884,14742,5381,9001,177207,111556,18862,5446,68069,4154,1954,26,17
2021-05-10T23:59:59+02:00,2,5,5145,5370,10404,11284,11880,14348,17705,20674,27579,29426,24594,27561,18540,23119,5786,9775,2965,2922,5217,5174,5749,6571,7202,8553,8424,9224,9067,9748,11794,14614,5378,8993,175207,111027,18174,5434,67844,3174,1946,26,17
2021-05-09T23:59:59+02:00,2,5,5072,5322,10305,11170,11781,14230,17365,20393,27189,29053,24508,27475,18511,23083,5783,9772,2897,2891,5071,5131,5574,6528,7034,8524,8296,9189,9055,9738,11776,14594,5378,8993,174813,110951,16898,5424,67351,2349,1931,26,17
2021-05-08T23:59:59+02:00,2,5,5071,5321,10303,11166,11781,14230,17361,20391,27186,29050,24508,27475,18511,23083,5783,9772,2897,2890,5070,5131,5574,6528,7034,8524,8294,9189,9054,9737,11776,14594,5378,8993,174796,110948,16898,5424,67348,2346,1931,26,17
2021-05-07T23:59:59+02:00,2,5,5037,5295,10235,11113,11653,14106,16961,20116,26550,28492,24460,27424,18494,23049,5776,9743,2887,2882,5053,5121,5563,6509,7022,8513,8286,9178,9048,9729,11765,14572,5370,8966,173964,110933,16894,5412,65825,2303,1802,26,17
2021-05-06T23:59:59+02:00,1,5,4767,5134,9773,10769,11093,13590,15876,19096,24144,26205,23962,26900,18388,22946,5771,9729,2845,2838,4986,5046,5523,6418,6939,8394,8156,9029,8948,9619,11741,14522,5367,8963,168942,110396,14446,5356,62946,1777,1791,24,17
2021-05-05T23:59:59+02:00,1,5,4689,5057,9480,10539,10752,13264,15296,18491,23302,25244,23701,26576,18319,22840,5761,9711,2825,2802,4936,4960,5464,6297,6855,8228,8032,8814,8842,9488,11664,14438,5366,8955,165282,109459,13138,5351,62796,1353,1788,24,17
2021-05-04T23:59:59+02:00,1,5,4605,4966,9306,10333,10545,13022,14909,18092,22759,24680,23487,26303,18247,22761,5753,9698,2816,2768,4908,4885,5431,6179,6801,8088,7939,8660,8739,9378,11590,14380,5364,8952,163027,108963,12016,5341,62637,791,1768,24,17
2021-05-03T23:59:59+02:00,1,5,4533,4892,9114,10196,10368,12847,14626,17846,22350,24265,23348,26154,18220,22714,5753,9692,2740,2698,4821,4811,5355,6094,6705,7982,7758,8495,8653,9292,11551,14331,5361,8947,161523,108743,12015,5338,62545,681,817,24,17
2021-05-02T23:59:59+02:00,1,5,4520,4878,9037,10138,10243,12735,14300,17539,22048,23979,23298,26095,18201,22689,5752,9691,2734,2691,4761,4778,5265,6010,6568,7853,7641,8395,8607,9250,11527,14297,5359,8942,160637,108628,12012,5336,62441,664,35,24,17
2021-05-01T23:59:59+02:00,1,5,4520,4876,9035,10137,10242,12735,14297,17536,22046,23979,23297,26094,18201,22689,5752,9691,2734,2691,4761,4778,5265,6010,6567,7853,7641,8395,8607,9250,11527,14297,5359,8942,160621,108628,12012,5335,62441,664,35,24,17
2021-04-30T23:59:59+02:00,0,5,4448,4785,8793,9923,9980,12492,13815,17111,21205,23211,23171,25958,18185,22661,5749,9688,2731,2689,4750,4771,5256,5976,6555,7823,7607,8358,8603,9247,11526,14294,5357,8941,157031,108601,12011,5333,62112,533,2,24,17
2021-04-29T23:59:59+02:00,0,5,4299,4641,8312,9515,9283,11889,12815,16215,19366,21534,22467,25202,18047,22452,5743,9671,2708,2668,4709,4699,5213,5902,6495,7717,7531,8240,8493,9133,11461,14218,5351,8932,147873,108118,11997,5061,61561,274,2,23,17
2021-04-28T23:59:59+02:00,0,5,4266,4622,8241,9441,9207,11803,12697,16096,19149,21320,22379,25110,18019,22411,5741,9666,2705,2657,4683,4639,5186,5858,6465,7644,7483,8158,8476,9109,11445,14196,5350,8926,147494,107928,11907,4989,60748,48,1,23,16
2021-04-27T23:59:59+02:00,0,5,4226,4576,8103,9301,9094,11652,12552,15927,18701,20823,22151,24852,17954,22333,5738,9657,2702,2653,4681,4635,5176,5850,6452,7625,7451,8121,8418,9030,11364,14116,5346,8923,146769,107673,10826,4817,60027,40,1,22,14
2021-04-26T23:59:59+02:00,0,5,4184,4548,7997,9206,8947,11547,12378,15754,18289,20459,22017,24706,17919,22305,5738,9656,2702,2651,4677,4632,5172,5840,6438,7605,7419,8093,8370,8982,11309,14038,5343,8906,146001,107569,10691,4561,58941,35,0,22,14
2021-04-25T23:59:59+02:00,0,5,4170,4533,7961,9176,8883,11485,12244,15624,17944,20129,21817,24469,17879,22250,5734,9651,2702,2651,4676,4631,5170,5836,6433,7602,7417,8089,8314,8923,11286,14010,5343,8905,144622,107548,10680,4394,58630,34,0,22,14
2021-04-24T23:59:59+02:00,0,5,4164,4525,7946,9172,8868,11475,12196,15594,17886,20091,21801,24456,17877,22245,5734,9651,2701,2651,4676,4631,5170,5836,6433,7602,7417,8089,8314,8923,11286,14010,5343,8905,144526,107548,10680,4394,58458,33,0,22,14
2021-04-23T23:59:59+02:00,0,5,4144,4492,7889,9109,8785,11374,11856,15269,17453,19694,21587,24223,17814,22168,5732,9643,2698,2649,4673,4628,5163,5829,6419,7593,7394,8058,8293,8896,11278,14002,5341,8902,143265,107536,10333,4236,57617,32,0,22,14
2021-04-22T23:59:59+02:00,0,5,4095,4427,7757,8917,8600,11115,11529,14849,16539,18710,21017,23517,17680,21988,5723,9624,2689,2643,4668,4608,5140,5803,6377,7557,7325,8012,8160,8741,11136,13850,5337,8893,139533,106919,10208,3983,56331,25,0,20,14
2021-04-21T23:59:59+02:00,0,5,4053,4384,7655,8798,8444,10957,11236,14570,15806,17953,20639,23069,17608,21883,5718,9611,2681,2632,4650,4589,5124,5782,6365,7540,7298,7991,8111,8680,11099,13811,5335,8891,136625,106640,10079,3905,55669,23,0,16,13
2021-04-20T23:59:59+02:00,0,5,4028,4358,7620,8746,8367,10877,11074,14395,15371,17476,20178,22555,17508,21731,5710,9600,2673,2623,4640,4576,5099,5762,6337,7516,7258,7951,8017,8548,11025,13724,5331,8887,134480,106069,9815,3865,55288,22,0,16,13
2021-04-19T23:59:59+02:00,0,5,3997,4308,7558,8642,8275,10738,10917,14213,15118,17182,19700,21991,17342,21517,5699,9588,2668,2622,4634,4572,5086,5747,6318,7499,7232,7907,7964,8494,10999,13678,5328,8882,132418,105735,9461,3862,54895,22,0,16,13
2021-04-18T23:59:59+02:00,0,5,3979,4279,7498,8591,8169,10611,10658,13971,14627,16643,19270,21481,17220,21331,5695,9582,2667,2622,4634,4572,5086,5747,6317,7496,7229,7906,7960,8491,10997,13674,5327,8879,130004,105712,9391,3860,54199,21,0,16,13
2021-04-17T23:59:59+02:00,0,5,3976,4271,7478,8585,8159,10593,10616,13925,14517,16555,19149,21357,17198,21303,5693,9580,2667,2622,4633,4570,5081,5742,6303,7491,7204,7883,7914,8445,10978,13651,5326,8879,129566,105703,9382,3654,53996,21,0,16,13
2021-04-16T23:59:59+02:00,0,5,3965,4228,7406,8463,8056,10435,10422,13664,13848,15795,18581,20714,17073,21128,5682,9563,2664,2619,4628,4565,5077,5730,6286,7480,7166,7848,7608,8058,10887,13513,5318,8863,126723,104913,9322,3365,52967,21,0,16,13
2021-04-15T23:59:59+02:00,0,4,3921,4174,7293,8332,7886,10197,10087,13274,13119,14937,17773,19848,16831,20805,5669,9542,2663,2611,4616,4549,5064,5700,6256,7444,7096,7779,7052,7418,10769,13361,5314,8852,123072,103286,9164,3228,51440,19,0,16,13
2021-04-14T23:59:59+02:00,0,3,3894,4145,7227,8226,7780,10047,9913,13075,12701,14491,17248,19237,16680,20595,5664,9529,2630,2592,4598,4517,5035,5653,6221,7411,7039,7718,6422,6665,10507,13074,5310,8844,121685,100983,8931,3228,49823,14,0,16,13
2021-04-13T23:59:59+02:00,0,3,3891,4139,7190,8210,7723,10014,9805,13023,12328,14199,16559,18391,16444,20294,5660,9523,2606,2565,4578,4491,5010,5619,6162,7343,6950,7617,6210,6416,9938,12426,5302,8825,120995,98814,8713,3220,47672,14,0,16,12
2021-04-12T23:59:59+02:00,0,3,3877,4121,7137,8164,7667,9945,9697,12921,12081,13986,16116,17874,16257,20080,5655,9520,2577,2554,4512,4449,4903,5550,6048,7267,6832,7518,5467,5597,9490,11890,5262,8783,120660,95463,8677,3212,45748,14,0,16,12
2021-04-11T23:59:59+02:00,0,3,3864,4113,7096,8112,7608,9901,9604,12843,11843,13779,15552,17186,15982,19739,5650,9510,2501,2471,4383,4327,4748,5417,5885,7115,6680,7412,5165,5236,9359,11731,5262,8779,120074,93285,8249,3163,44046,13,0,16,12
2021-04-10T23:59:59+02:00,0,3,3846,4094,7057,8065,7564,9845,9544,12784,11751,13694,15335,16994,15933,19671,5649,9503,1942,1904,3564,3606,3874,4652,4880,6195,5825,6627,4892,4930,9231,11578,5256,8770,119610,84540,8249,3163,43457,13,0,16,12
2021-04-09T23:59:59+02:00,0,3,3826,4074,7019,8036,7500,9789,9391,12656,11424,13409,14153,15464,15492,19140,5637,9493,1083,1077,2208,2415,2367,3281,3095,4554,4207,5165,4210,4198,8984,11225,5232,8741,117716,68859,8247,3160,40527,13,0,16,12
2021-04-08T23:59:59+02:00,0,3,3800,4058,6958,7983,7397,9695,9205,12537,11020,13055,13021,14210,15083,18619,5618,9463,582,588,1290,1710,1461,2349,1995,3470,2824,3779,2968,2800,8185,10251,5092,8521,116475,54687,8166,3157,37068,11,0,16,12
2021-04-07T23:59:59+02:00,0,3,3753,4033,6880,7929,7304,9625,9077,12408,10710,12747,12294,13439,14866,18354,5612,9444,351,371,939,1365,1056,1963,1485,3007,1880,2772,1786,1514,7282,9113,4938,8262,115513,44909,8015,3157,34935,8,0,15,12
2021-04-06T23:59:59+02:00,0,3,3737,4021,6858,7891,7249,9558,8984,12328,10499,12529,11909,12944,14645,18056,5601,9430,344,357,931,1355,1041,1942,1458,2979,1821,2713,1707,1448,6873,8561,4788,8025,114233,43170,7916,3156,34080,7,0,13,12
2021-04-05T23:59:59+02:00,0,3,3732,4020,6847,7879,7237,9548,8965,12300,10435,12470,11798,12799,14547,17964,5599,9427,342,351,920,1351,1035,1934,1448,2959,1800,2679,1654,1395,6647,8259,4666,7843,113898,42111,7895,3155,33764,7,0,13,12
2021-04-04T23:59:59+02:00,0,3,3732,4020,6845,7873,7236,9547,8962,12300,10425,12465,11795,12795,14544,17963,5599,9427,342,350,918,1351,1034,1932,1447,2958,1798,2676,1651,1390,6640,8246,4661,7840,113893,42063,7894,3154,33731,7,0,13,12
2021-04-03T23:59:59+02:00,0,3,3732,4020,6845,7872,7235,9547,8962,12300,10424,12465,11795,12794,14542,17961,5599,9427,342,349,916,1347,1032,1931,1446,2953,1796,2676,1646,1378,6597,8165,4626,7805,113889,41834,7894,3154,33727,7,0,13,12
2021-04-02T23:59:59+02:00,0,3,3730,4018,6843,7869,7229,9541,8950,12293,10408,12449,11668,12680,14499,17904,5595,9419,340,347,914,1340,1026,1920,1431,2928,1756,2637,1551,1292,5835,7267,4194,7243,113766,39172,7889,2832,33430,7,0,13,12
2021-04-01T23:59:59+02:00,0,2,3691,4006,6809,7847,7187,9510,8898,12254,10337,12379,11328,12273,14126,17395,5591,9406,335,344,898,1325,1014,1901,1399,2882,1697,2573,1428,1199,4905,6164,3644,6422,113383,35286,6487,2827,33156,7,0,13,12
2021-03-31T23:59:59+02:00,0,2,3685,4002,6794,7828,7170,9492,8863,12222,10249,12307,10998,11868,13782,16902,5585,9385,332,341,890,1317,1004,1886,1379,2854,1647,2538,1363,1147,4333,5499,3297,5964,112810,33020,5490,2754,32821,7,0,13,12
2021-03-30T23:59:59+02:00,0,2,3667,3978,6758,7789,7113,9425,8774,12118,10087,12152,10740,11591,13559,16636,5579,9371,328,334,884,1307,997,1880,1356,2848,1619,2512,1336,1121,4215,5377,3237,5872,111989,32648,5240,2558,32097,7,0,13,12
2021-03-29T23:59:59+02:00,0,2,3658,3956,6732,7767,7073,9372,8678,12023,9905,11945,10308,11123,13186,16170,5562,9338,323,330,880,1297,991,1872,1348,2837,1603,2503,1311,1107,4082,5234,3140,5741,110317,32031,4932,2552,31536,6,0,13,12
2021-03-28T23:59:59+02:00,0,2,3616,3901,6617,7610,6956,9231,8551,11830,9753,11755,10097,10863,13010,15984,5557,9328,323,330,880,1297,989,1871,1347,2837,1602,2501,1302,1104,4049,5192,3114,5716,109944,31989,4668,2450,30036,5,0,13,12
2021-03-27T23:59:59+01:00,0,2,3615,3890,6605,7545,6927,9117,8501,11659,9701,11601,9983,10740,12916,15896,5556,9328,323,329,880,1297,989,1868,1347,2835,1598,2500,1300,1102,4023,5157,3101,5701,109935,31886,4668,2449,28966,5,0,13,12
2021-03-26T23:59:59+01:00,0,2,3609,3882,6577,7508,6898,9044,8453,11547,9610,11473,9934,10677,12870,15842,5549,9308,318,327,879,1294,985,1856,1344,2814,1577,2487,1275,1086,3843,4936,2995,5548,109879,31141,4448,2408,28443,5,0,13,12
2021-03-25T23:59:59+01:00,0,2,3586,3851,6486,7381,6806,8880,8262,11315,9301,11157,9556,10295,12567,15527,5544,9299,318,326,877,1286,982,1845,1331,2801,1553,2468,1249,1067,3610,4694,2745,5214,109506,29944,4241,2408,26055,4,0,13,12
2021-03-24T23:59:59+01:00,0,2,3531,3800,6398,7195,6686,8654,8095,11080,9076,10832,9141,9808,12150,15068,5533,9289,318,325,876,1283,977,1843,1323,2797,1537,2452,1241,1057,3544,4621,2564,4993,108995,29332,4104,2408,23226,1,0,13,12
2021-03-23T23:59:59+01:00,0,2,3513,3767,6349,7139,6610,8595,7977,10951,8828,10599,8721,9339,11699,14549,5524,9274,318,325,875,1273,972,1834,1318,2788,1533,2445,1217,1032,3452,4545,2372,4676,108182,28556,4011,2408,21230,1,0,13,12
2021-03-22T23:59:59+01:00,0,2,3505,3747,6306,7110,6576,8548,7911,10875,8679,10463,8441,8986,11396,14224,5488,9235,316,320,869,1263,964,1827,1311,2777,1524,2435,1205,1023,3424,4510,2353,4643,107511,28346,4008,2407,19960,1,0,13,12
2021-03-21T23:59:59+01:00,0,2,3503,3745,6302,7099,6559,8532,7892,10856,8623,10406,8322,8869,11326,14122,5486,9232,314,319,860,1260,957,1820,1302,2775,1520,2431,1201,1020,3415,4495,2339,4634,107426,28244,4007,2407,19430,1,0,13,12
2021-03-20T23:59:59+01:00,0,2,3495,3707,6294,7027,6544,8395,7867,10672,8579,10270,8244,8783,11288,14083,5486,9232,314,319,860,1260,957,1820,1301,2775,1520,2429,1201,1020,3415,4494,2339,4633,107393,28240,3795,2406,18767,1,0,13,12
2021-03-19T23:59:59+01:00,0,2,3482,3677,6268,6944,6520,8302,7821,10555,8465,10109,7707,8177,11104,13842,5476,9214,311,318,855,1253,940,1810,1278,2744,1470,2384,1117,953,2752,3706,1928,4064,105781,25466,3495,2406,18376,1,0,13,12
2021-03-18T23:59:59+01:00,0,2,3471,3659,6227,6903,6487,8240,7758,10470,8350,9980,6752,7084,10825,13542,5466,9189,310,318,852,1248,934,1801,1259,2736,1445,2365,1080,936,2545,3467,1772,3843,102769,24494,3338,2406,18285,1,0,13,12
2021-03-17T23:59:59+01:00,0,2,3434,3621,6156,6819,6434,8137,7668,10342,8220,9822,6072,6244,10539,13239,5449,9163,309,318,845,1244,930,1789,1245,2714,1427,2340,1044,914,2426,3342,1693,3734,100004,23897,3337,2406,18007,1,0,13,12
2021-03-16T23:59:59+01:00,0,2,3416,3592,6117,6766,6389,8064,7615,10278,8130,9721,5895,6069,9844,12456,5410,9100,302,308,831,1228,918,1780,1239,2695,1414,2332,1030,895,2213,3104,1560,3540,97782,22974,3327,2404,17742,1,0,13,12
2021-03-15T23:59:59+01:00,0,2,3379,3560,6021,6687,6260,7972,7473,10159,8001,9596,5143,5236,9401,11908,5367,9030,301,307,828,1224,917,1773,1237,2682,1405,2323,1017,883,2071,2931,1474,3447,94274,22406,3320,2403,17588,1,0,13,12
2021-03-14T23:59:59+01:00,0,2,3254,3413,5743,6341,5984,7611,7159,9745,7716,9281,4810,4845,9244,11711,5363,9020,301,306,828,1224,916,1773,1235,2681,1403,2320,1015,881,2068,2928,1471,3446,91880,22385,3265,2400,16084,1,0,13,12
2021-03-13T23:59:59+01:00,0,2,2600,2751,4802,5473,4966,6682,5964,8627,6701,8338,4497,4462,8861,11192,5273,8912,301,306,827,1222,916,1768,1232,2679,1402,2320,1015,880,2044,2892,1441,3411,81193,22245,3265,2400,15632,1,0,13,12
2021-03-12T23:59:59+01:00,0,2,1774,1930,3465,4323,3460,5348,4217,6988,5067,6832,3831,3759,7614,9645,4773,8233,297,303,825,1218,910,1761,1224,2660,1376,2303,969,855,1696,2430,1173,3060,62383,20649,3262,2400,15603,1,0,13,12
2021-03-11T23:59:59+01:00,0,2,1274,1453,2561,3584,2556,4409,3124,5899,3705,5448,2656,2482,5919,7535,4010,7059,292,294,809,1209,897,1738,1206,2631,1351,2257,932,835,1539,2201,1050,2872,45104,19703,3260,2400,15299,1,0,13,11
2021-03-10T23:59:59+01:00,0,2,1050,1235,2194,3223,2182,4018,2673,5458,2802,4481,1528,1285,4571,5818,3455,6291,282,284,791,1190,875,1702,1172,2558,1312,2191,907,815,1360,2011,954,2699,34096,18800,3260,2293,14897,1,0,13,11
2021-03-09T23:59:59+01:00,0,2,1034,1208,2128,3082,2117,3903,2588,5324,2718,4355,1494,1255,4496,5745,3416,6234,278,277,777,1169,858,1675,1147,2518,1294,2163,892,803,1283,1887,883,2589,33691,18234,3257,2249,14138,1,0,13,11
2021-03-08T23:59:59+01:00,0,2,1012,1177,2071,2983,2077,3821,2529,5211,2662,4283,1456,1235,4350,5587,3315,6093,278,273,772,1161,856,1666,1139,2510,1287,2147,868,782,1117,1662,760,2425,33002,17448,3257,2245,13592,1,0,13,11
2021-03-07T23:59:59+01:00,0,2,1007,1158,2031,2940,2035,3780,2489,5146,2621,4246,1451,1232,4343,5579,3313,6093,278,273,772,1161,856,1666,1139,2510,1286,2147,865,782,1108,1652,752,2414,32972,17448,3251,2204,13230,0,0,13,11
2021-03-06T23:59:59+01:00,0,2,1007,1154,2020,2926,2023,3761,2473,5119,2603,4225,1438,1222,4309,5535,3299,6081,278,273,772,1161,856,1665,1139,2510,1286,2147,865,782,1108,1652,752,2413,32828,17447,3250,2203,13106,0,0,13,11
2021-03-05T23:59:59+01:00,0,2,1003,1150,2005,2906,1993,3738,2430,5067,2550,4188,1402,1194,4043,5210,3149,5860,277,270,765,1154,850,1657,1136,2501,1283,2137,851,778,1100,1643,751,2411,32089,17352,2919,2203,12869,0,0,13,11
2021-03-04T23:59:59+01:00,0,2,909,1003,1917,2778,1925,3601,2354,4913,2460,4030,1372,1173,3803,4951,2885,5511,277,268,763,1149,848,1649,1135,2490,1279,2129,820,764,1089,1632,744,2399,30843,17246,2915,2180,11816,0,0,13,11
2021-03-03T23:59:59+01:00,0,2,863,896,1852,2682,1854,3496,2285,4797,2386,3946,1360,1160,3693,4846,2663,5239,276,266,762,1140,845,1631,1129,2448,1269,2103,803,760,1081,1614,737,2392,30171,17220,2798,2027,11038,0,0,13,11
2021-03-02T23:59:59+01:00,0,2,818,821,1755,2558,1769,3372,2193,4673,2326,3868,1325,1138,3564,4711,2460,4893,276,265,761,1134,842,1628,1125,2443,1265,2093,801,758,1067,1593,726,2373,29447,17115,2609,2026,10177,0,0,13,11
2021-03-01T23:59:59+01:00,0,2,795,782,1655,2414,1698,3228,2093,4501,2246,3747,1307,1126,3513,4648,2416,4831,276,264,757,1130,841,1616,1121,2431,1260,2083,795,756,1062,1582,719,2366,29194,17024,2525,2026,9270,0,0,13,11
2021-02-28T23:59:59+01:00,0,2,789,759,1636,2348,1671,3156,2070,4401,2232,3680,1301,1120,3503,4634,2402,4821,275,263,757,1129,841,1611,1121,2429,1260,2078,792,754,1054,1569,715,2356,29088,17002,2523,1993,8901,0,0,13,11
2021-02-27T23:59:59+01:00,0,2,774,742,1614,2288,1654,3045,2051,4275,2211,3584,1298,1117,3503,4632,2401,4820,275,263,757,1129,841,1610,1121,2429,1260,2077,792,754,1054,1569,714,2354,29084,17000,2522,1990,8392,0,0,13,11
2021-02-26T23:59:59+01:00,0,2,646,661,1509,2175,1602,2886,1988,4038,2110,3348,1208,1046,2853,3839,1975,4238,275,263,756,1127,840,1609,1121,2427,1258,2074,790,749,1036,1556,704,2338,26295,16926,2522,1988,7294,0,0,13,11
2021-02-25T23:59:59+01:00,0,2,496,581,1390,2073,1535,2758,1927,3910,2010,3237,1159,1014,2623,3569,1811,3995,258,248,731,1103,798,1540,1074,2329,1184,1982,733,728,1004,1519,692,2310,25230,16833,2495,1391,6352,0,0,13,11
2021-02-24T23:59:59+01:00,0,2,466,550,1321,1960,1462,2614,1857,3757,1933,3088,1121,984,2484,3432,1732,3876,229,235,704,1058,772,1478,1045,2269,1130,1932,706,705,958,1490,681,2280,24579,16647,2484,1016,5563,0,0,13,11
2021-02-23T23:59:59+01:00,0,2,410,510,1239,1820,1388,2468,1780,3546,1862,2966,1096,950,2281,3204,1607,3690,224,229,689,1035,761,1439,1023,2226,1105,1891,697,693,949,1476,678,2276,23658,16562,2474,820,4674,0,0,13,11
2021-02-22T23:59:59+01:00,0,2,397,477,1140,1709,1286,2371,1671,3440,1781,2895,1075,937,2140,3032,1522,3595,213,220,667,984,730,1376,998,2132,1061,1810,654,661,880,1400,642,2220,23086,16374,2470,265,3901,0,0,13,11
2021-02-21T23:59:59+01:00,0,2,378,461,1039,1677,1134,2347,1516,3417,1678,2877,1067,935,2139,3031,1522,3595,186,214,636,976,719,1368,984,2127,1056,1808,651,658,877,1396,634,2213,23057,16243,2470,251,3275,0,0,13,11
2021-02-20T23:59:59+01:00,0,2,378,459,1038,1677,1133,2347,1514,3415,1678,2875,1067,934,2138,3031,1521,3594,185,212,633,976,716,1367,978,2124,1054,1808,651,658,877,1396,634,2213,23050,16222,2469,251,3269,0,0,13,11
2021-02-19T23:59:59+01:00,0,2,373,450,1026,1673,1123,2337,1501,3397,1646,2860,1017,906,1767,2524,1224,3212,164,202,607,972,698,1359,961,2122,1048,1806,648,657,875,1396,633,2212,21311,16100,2469,251,3245,0,0,13,11
2021-02-18T23:59:59+01:00,0,2,353,430,986,1591,1085,2250,1448,3279,1605,2770,987,883,1594,2281,1095,3008,144,191,568,961,678,1347,927,2106,1024,1786,637,638,854,1368,619,2191,20331,15779,2469,251,2834,0,0,13,11
2021-02-17T23:59:59+01:00,0,2,330,377,902,1448,978,2050,1314,3025,1493,2550,950,853,1405,2069,994,2831,138,184,556,930,652,1296,894,2028,974,1710,603,606,847,1342,614,2172,19258,15286,2469,251,1831,0,0,13,11
2021-02-16T23:59:59+01:00,0,2,324,338,858,1310,926,1862,1253,2800,1427,2389,938,836,1342,1973,927,2735,132,171,542,887,637,1242,866,1965,944,1668,593,596,825,1311,601,2112,18887,14968,2468,115,872,0,0,13,11
2021-02-15T23:59:59+01:00,0,2,308,298,830,1279,909,1806,1213,2716,1389,2333,910,804,1165,1741,798,2559,123,163,521,859,619,1180,842,1892,921,1591,572,559,807,1274,592,2070,17976,14501,2467,75,604,0,0,13,11
2021-02-14T23:59:59+01:00,0,2,308,298,829,1279,908,1806,1211,2716,1389,2333,910,804,1165,1741,798,2559,123,163,520,852,615,1175,836,1886,917,1588,571,559,805,1273,591,2067,17975,14457,2467,75,601,0,0,13,11
2021-02-13T23:59:59+01:00,0,2,308,298,829,1279,908,1803,1211,2714,1389,2331,910,804,1165,1741,798,2559,123,163,520,852,615,1175,834,1883,915,1584,569,559,790,1253,579,2051,17968,14455,2467,1,601,0,0,13,11
2021-02-12T23:59:59+01:00,0,2,304,297,819,1274,904,1773,1205,2686,1361,2302,908,802,1164,1738,798,2559,123,163,518,849,614,1168,828,1871,909,1571,566,557,776,1242,573,2038,17959,14356,2467,1,457,0,0,13,11
2021-02-11T23:59:59+01:00,0,2,285,288,804,1239,898,1739,1189,2620,1339,2247,873,789,1153,1726,797,2549,121,149,500,808,592,1103,794,1771,886,1511,552,543,752,1207,559,2006,17846,13845,2466,0,212,0,0,13,11
2021-02-10T23:59:59+01:00,0,2,282,282,785,1201,885,1709,1177,2574,1324,2205,868,787,1138,1710,792,2533,117,140,433,724,547,1010,716,1646,828,1427,537,527,738,1187,549,1978,17822,13106,2361,0,58,0,0,13,0
2021-02-09T23:59:59+01:00,0,2,282,279,781,1187,874,1692,1163,2555,1310,2181,853,782,1124,1693,781,2517,100,121,378,637,495,880,637,1447,739,1239,485,449,617,1025,481,1738,17725,11470,2315,0,3,0,0,13,0
2021-02-08T23:59:59+01:00,0,2,282,278,779,1182,874,1685,1161,2551,1304,2173,847,779,1108,1671,764,2496,90,99,334,544,443,781,548,1240,633,1074,410,375,535,838,388,1432,17610,9766,2312,0,1,0,0,13,0
2021-02-07T23:59:59+01:00,0,2,281,277,777,1181,873,1685,1161,2550,1304,2170,841,777,1106,1668,763,2494,88,98,332,539,441,777,546,1231,629,1068,405,370,514,815,382,1418,17585,9655,2312,0,0,0,0,13,0
2021-02-06T23:59:59+01:00,0,2,281,276,777,1180,873,1684,1161,2550,1304,2169,840,776,1104,1662,762,2492,88,97,332,536,440,776,545,1227,627,1067,401,365,466,746,354,1373,17569,9442,2311,0,0,0,0,13,0
2021-02-05T23:59:59+01:00,0,2,281,276,777,1179,872,1683,1160,2549,1303,2166,833,770,1081,1652,755,2476,82,95,324,530,424,758,519,1193,598,1025,378,338,446,723,340,1333,17491,9107,2311,0,0,0,0,13,0
2021-02-04T23:59:59+01:00,0,2,278,269,774,1158,860,1661,1147,2521,1289,2142,811,757,1053,1622,748,2460,68,77,254,409,329,592,402,965,485,823,305,274,335,578,277,1114,17251,7287,2288,0,0,0,0,13,0
2021-02-03T23:59:59+01:00,0,2,277,264,770,1137,858,1635,1140,2471,1276,2112,792,743,1036,1599,739,2446,54,54,168,280,255,441,282,715,361,584,209,194,237,425,194,837,17155,5290,2129,0,0,0,0,13,0
2021-02-02T23:59:59+01:00,0,2,276,259,766,1129,852,1613,1131,2447,1264,2095,788,736,1027,1588,737,2438,35,34,91,139,147,252,171,448,233,366,135,124,160,256,136,539,17006,3266,2129,0,0,0,0,13,0
2021-02-01T23:59:59+01:00,0,2,274,256,761,1110,844,1592,1126,2418,1260,2062,780,723,1020,1578,733,2425,11,12,14,26,25,63,44,88,70,101,49,45,57,74,39,178,16823,896,2129,0,0,0,0,12,0
2021-01-31T23:59:59+01:00,0,2,268,254,745,1108,836,1581,1116,2407,1249,2053,774,717,1010,1561,726,2412,10,12,13,25,23,60,38,83,63,93,46,45,53,67,36,165,16788,832,2019,0,0,0,0,12,0
2021-01-30T23:59:59+01:00,0,2,268,254,745,1107,835,1581,1116,2407,1249,2053,773,717,1010,1560,725,2410,10,10,13,25,23,60,38,83,62,91,45,44,52,67,36,164,16784,823,2016,0,0,0,0,12,0
2021-01-29T23:59:59+01:00,0,2,268,254,745,1106,835,1581,1116,2407,1249,2052,772,716,1009,1558,725,2408,9,5,12,24,23,59,36,81,61,91,44,43,52,67,36,164,16777,807,2014,0,0,0,0,12,0
2021-01-28T23:59:59+01:00,0,2,264,249,733,1081,800,1526,1079,2347,1172,1994,731,702,980,1538,709,2386,4,0,3,6,9,24,18,36,20,45,21,22,23,45,15,97,16598,388,1683,0,0,0,0,12,0
2021-01-27T23:59:59+01:00,0,2,258,242,710,1049,752,1471,1022,2266,1099,1913,696,675,966,1517,706,2379,3,0,3,4,6,20,14,22,13,32,6,9,10,10,4,27,16150,183,1561,0,0,0,0,12,0
2021-01-26T23:59:59+01:00,0,2,234,233,693,1025,744,1421,1002,2192,1072,1848,684,661,943,1501,696,2360,3,0,1,4,5,10,12,12,6,11,3,5,6,7,1,16,16099,102,1200,0,0,0,0,12,0
2021-01-25T23:59:59+01:00,0,2,202,218,641,951,692,1298,960,2046,1014,1713,636,606,866,1406,653,2287,3,0,1,4,5,10,12,12,6,11,3,5,6,7,1,16,15873,102,306,0,0,0,0,12,0
2021-01-24T23:59:59+01:00,0,2,185,212,615,939,673,1284,942,2030,999,1703,629,600,856,1386,644,2274,3,0,1,4,5,10,11,12,5,11,3,5,6,7,1,16,15700,100,261,0,0,0,0,12,0
2021-01-23T23:59:59+01:00,0,2,185,212,615,939,673,1284,942,2030,999,1703,629,600,856,1386,644,2274,3,0,1,4,5,10,9,12,5,11,3,5,6,7,1,16,15700,98,261,0,0,0,0,12,0
2021-01-22T23:59:59+01:00,0,2,138,194,557,929,655,1270,908,2020,988,1692,624,599,855,1386,644,2274,3,0,0,4,5,10,9,12,5,11,3,5,6,7,1,16,15462,97,261,0,0,0,0,12,0
2021-01-21T23:59:59+01:00,0,2,133,186,542,906,634,1229,875,1966,966,1644,613,578,843,1355,637,2255,3,0,0,4,4,10,9,12,5,11,3,5,6,7,1,15,15091,95,261,0,0,0,0,12,0
2021-01-20T23:59:59+01:00,0,2,128,170,495,840,611,1153,812,1856,929,1573,592,561,825,1332,627,2227,3,0,0,4,4,10,9,12,5,11,3,5,6,7,1,15,14462,95,259,0,0,0,0,12,0
2021-01-19T23:59:59+01:00,0,2,115,150,422,753,545,1023,727,1657,824,1408,546,507,723,1173,554,1978,3,0,0,4,4,8,9,12,5,11,3,5,6,7,1,15,12903,93,192,0,0,0,0,12,0
2021-01-18T23:59:59+01:00,0,2,97,118,353,600,454,851,597,1396,698,1202,478,441,639,1016,487,1711,1,0,0,1,0,0,0,0,0,0,0,0,0,1,0,0,11046,3,82,0,0,0,0,12,0
2021-01-17T23:59:59+01:00,0,2,93,116,349,595,453,846,595,1377,690,1192,473,432,612,987,471,1670,1,0,0,1,0,0,0,0,0,0,0,0,0,1,0,0,10859,3,82,0,0,0,0,12,0
2021-01-16T23:59:59+01:00,0,2,93,113,347,587,450,841,584,1364,679,1180,458,418,517,861,410,1573,0,0,0,1,0,0,0,0,0,0,0,0,0,0,0,0,10462,1,3,0,0,0,0,12,0
2021-01-15T23:59:59+01:00,0,2,92,111,342,585,444,836,578,1357,662,1164,442,400,509,849,402,1550,0,0,0,0,0,0,0,0,0,0,0,0,0,0,0,0,10312,0,1,0,0,0,0,12,0
2021-01-14T23:59:59+01:00,0,0,75,89,285,483,366,673,461,1103,542,982,363,320,399,695,332,1320,0,0,0,0,0,0,0,0,0,0,0,0,0,0,0,0,8476,0,0,0,0,0,0,12,0
2021-01-13T23:59:59+01:00,0,0,61,66,201,365,290,500,347,821,416,701,253,224,291,520,250,1014,0,0,0,0,0,0,0,0,0,0,0,0,0,0,0,0,6309,0,0,0,0,0,0,11,0
2021-01-12T23:59:59+01:00,0,0,40,43,121,216,177,310,206,528,277,434,159,142,186,337,171,682,0,0,0,0,0,0,0,0,0,0,0,0,0,0,0,0,4029,0,0,0,0,0,0,0,0
2021-01-11T23:59:59+01:00,0,0,11,14,41,57,41,91,59,119,92,128,65,58,83,103,49,223,0,0,0,0,0,0,0,0,0,0,0,0,0,0,0,0,1234,0,0,0,0,0,0,0,0
2021-01-10T23:59:59+01:00,0,0,11,14,29,47,34,73,50,110,79,118,57,54,77,93,46,209,0,0,0,0,0,0,0,0,0,0,0,0,0,0,0,0,1101,0,0,0,0,0,0,0,0
2021-01-09T23:59:59+01:00,0,0,11,13,26,46,34,73,49,109,77,115,56,53,76,92,45,208,0,0,0,0,0,0,0,0,0,0,0,0,0,0,0,0,1083,0,0,0,0,0,0,0,0
2021-01-08T23:59:59+01:00,0,0,7,6,26,41,32,70,46,107,76,114,53,49,71,87,41,208,0,0,0,0,0,0,0,0,0,0,0,0,0,0,0,0,1034,0,0,0,0,0,0,0,0
2021-01-07T23:59:59+01:00,0,0,5,1,9,20,15,37,28,77,33,77,32,27,47,74,28,162,0,0,0,0,0,0,0,0,0,0,0,0,0,0,0,0,672,0,0,0,0,0,0,0,0
2021-01-06T23:59:59+01:00,0,0,5,0,4,8,10,29,25,43,19,47,26,24,34,51,19,120,0,0,0,0,0,0,0,0,0,0,0,0,0,0,0,0,464,0,0,0,0,0,0,0,0
2021-01-05T23:59:59+01:00,0,0,5,0,4,8,10,29,25,43,19,47,26,24,34,50,19,120,0,0,0,0,0,0,0,0,0,0,0,0,0,0,0,0,463,0,0,0,0,0,0,0,0
2021-01-04T23:59:59+01:00,0,0,4,0,1,3,4,10,13,12,5,11,3,5,6,8,1,17,0,0,0,0,0,0,0,0,0,0,0,0,0,0,0,0,103,0,0,0,0,0,0,0,0
2021-01-03T23:59:59+01:00,0,0,3,0,1,3,4,10,12,12,5,11,3,5,6,8,1,16,0,0,0,0,0,0,0,0,0,0,0,0,0,0,0,0,100,0,0,0,0,0,0,0,0
2021-01-02T23:59:59+01:00,0,0,3,0,1,3,4,10,10,12,5,11,3,5,6,8,1,16,0,0,0,0,0,0,0,0,0,0,0,0,0,0,0,0,98,0,0,0,0,0,0,0,0
2021-01-01T23:59:59+01:00,0,0,3,0,0,3,4,10,10,12,5,11,3,5,6,7,1,16,0,0,0,0,0,0,0,0,0,0,0,0,0,0,0,0,96,0,0,0,0,0,0,0,0
2020-12-31T23:59:59+01:00,0,0,3,0,0,3,4,10,9,12,5,11,3,5,6,7,1,16,0,0,0,0,0,0,0,0,0,0,0,0,0,0,0,0,95,0,0,0,0,0,0,0,0
2020-12-30T23:59:59+01:00,0,0,3,0,0,3,4,10,9,12,5,11,3,5,6,7,1,16,0,0,0,0,0,0,0,0,0,0,0,0,0,0,0,0,95,0,0,0,0,0,0,0,0
2020-12-29T23:59:59+01:00,0,0,3,0,0,3,4,8,9,12,5,11,3,5,6,7,1,16,0,0,0,0,0,0,0,0,0,0,0,0,0,0,0,0,93,0,0,0,0,0,0,0,0
2020-12-28T23:59:59+01:00,0,0,3,0,0,3,4,8,9,12,5,11,3,5,6,7,1,16,0,0,0,0,0,0,0,0,0,0,0,0,0,0,0,0,93,0,0,0,0,0,0,0,0
2020-12-27T23:59:59+01:00,0,0,1,0,0,0,0,0,0,0,0,0,0,0,1,3,0,7,0,0,0,0,0,0,0,0,0,0,0,0,0,0,0,0,12,0,0,0,0,0,0,0,0
