Datum,<15_m,<15_w,15-24_1_m,15-24_1_w,25-34_1_m,25-34_1_w,35-44_1_m,35-44_1_w,45-54_1_m,45-54_1_w,55-64_1_m,55-64_1_w,65-74_1_m,65-74_1_w,75-84_1_m,75-84_1_w,>84_1_m,>84_1_w,<24_2_m,<24_2_w,25-34_2_m,25-34_2_w,35-44_2_m,35-44_2_w,45-54_2_m,45-54_2_w,55-64_2_m,55-64_2_w,65-74_2_m,65-74_2_w,75-84_2_m,75-84_2_w,>84_2_m,>84_2_w,bp_1,bp_2,mo_1,mo_2,az_1,az_2,ja,unb_1,unb_2
2021-09-14T23:59:59+02:00,3030,2742,24078,23065,33388,30878,33735,33732,39308,39716,42933,43092,28221,31427,20030,25188,6110,10362,21463,20484,31101,28182,31797,31406,37209,37259,40843,41009,27094,30144,19235,24017,5835,9756,328446,306736,45200,43509,77788,71283,19537,67,31
2021-09-13T23:59:59+02:00,3012,2722,24028,23013,33346,30822,33705,33681,39282,39686,42903,43068,28215,31415,20025,25187,6109,10359,21413,20441,31061,28133,31769,31374,37185,37238,40830,40987,27088,30138,19231,24013,5834,9755,328077,306447,45183,43495,77788,71282,19466,67,31
2021-09-12T23:59:59+02:00,3008,2715,24023,23005,33342,30819,33695,33675,39277,39683,42900,43066,28213,31413,20024,25186,6109,10358,21398,20434,31052,28116,31750,31366,37180,37233,40824,40981,27083,30137,19229,24010,5834,9753,328012,306333,45183,43495,77787,71281,19465,67,31
2021-09-11T23:59:59+02:00,3006,2714,24021,23003,33340,30817,33693,33674,39277,39681,42899,43066,28210,31411,20024,25186,6109,10358,21393,20433,31051,28113,31750,31366,37180,37232,40823,40980,27081,30137,19229,24010,5834,9753,327991,306316,45183,43495,77787,71281,19464,67,31
2021-09-10T23:59:59+02:00,2964,2669,23888,22877,33219,30704,33592,33598,39203,39599,42852,43026,28194,31394,20019,25178,6108,10356,21278,20334,30945,28024,31660,31311,37116,37192,40778,40947,27073,30127,19223,24000,5832,9752,327258,305786,45164,43477,77787,71280,19167,67,31
2021-09-09T23:59:59+02:00,2916,2630,23713,22727,33117,30578,33498,33497,39133,39531,42812,42979,28167,31376,20010,25172,6106,10354,21159,20203,30849,27928,31583,31219,37053,37137,40729,40898,27049,30111,19215,23992,5827,9749,326398,305041,45140,43457,77784,71277,18937,60,30
2021-09-08T23:59:59+02:00,2895,2600,23675,22678,33086,30538,33482,33470,39113,39511,42797,42964,28161,31367,20007,25167,6105,10354,21126,20171,30818,27910,31567,31195,37036,37114,40719,40885,27042,30104,19209,23987,5826,9748,326089,304810,45134,43453,77784,71276,18906,60,30
2021-09-07T23:59:59+02:00,2842,2546,23524,22536,32969,30432,33406,33385,39058,39449,42754,42930,28144,31349,20004,25162,6104,10351,20990,20036,30704,27826,31490,31131,36989,37063,40680,40857,27026,30078,19203,23976,5825,9746,325346,304162,45111,43433,77783,71270,18647,60,30
2021-09-06T23:59:59+02:00,2819,2532,23493,22492,32938,30399,33385,33365,39038,39436,42738,42915,28141,31345,20002,25160,6103,10348,20949,19993,30674,27799,31469,31105,36970,37045,40666,40845,27018,30070,19201,23967,5822,9744,325083,303863,45095,43425,77782,71269,18631,60,30
2021-09-05T23:59:59+02:00,2808,2529,23485,22486,32937,30394,33384,33361,39035,39433,42734,42909,28139,31341,20000,25159,6102,10347,20936,19985,30667,27794,31467,31102,36967,37044,40661,40842,27013,30068,19199,23963,5821,9744,325019,303794,45094,43425,77782,71268,18630,60,30
2021-09-04T23:59:59+02:00,2808,2529,23482,22486,32936,30394,33384,33359,39034,39432,42733,42908,28139,31341,20000,25159,6102,10347,20934,19985,30667,27793,31466,31100,36966,37044,40660,40842,27013,30068,19199,23963,5821,9744,325014,303786,45094,43425,77782,71268,18625,60,30
2021-09-03T23:59:59+02:00,2785,2494,23408,22412,32868,30326,33345,33316,38990,39403,42703,42896,28131,31328,19999,25157,6100,10346,20885,19929,30620,27754,31434,31065,36938,37019,40631,40830,27005,30060,19197,23961,5820,9744,324532,303447,45066,43417,77778,71260,18573,60,30
2021-09-02T23:59:59+02:00,2755,2462,23302,22316,32812,30238,33291,33261,38953,39369,42665,42864,28111,31317,19995,25143,6098,10343,20810,19870,30567,27694,31399,31036,36900,36982,40601,40801,26995,30048,19194,23950,5820,9744,323942,303035,45035,43401,77776,71255,18484,60,30
2021-09-01T23:59:59+02:00,2734,2448,23280,22280,32784,30207,33271,33233,38927,39348,42652,42849,28102,31309,19990,25141,6098,10343,20769,19829,30539,27668,31379,31014,36881,36966,40584,40785,26986,30039,19193,23944,5820,9744,323692,302775,45024,43397,77775,71255,18447,60,30
2021-08-31T23:59:59+02:00,2689,2405,23162,22175,32705,30108,33217,33174,38881,39307,42626,42824,28091,31303,19984,25137,6097,10340,20682,19736,30467,27610,31332,30970,36841,36934,40556,40761,26977,30028,19187,23939,5820,9742,323120,302361,44993,43382,77774,71249,18280,60,30
2021-08-30T23:59:59+02:00,2667,2381,23110,22132,32665,30068,33194,33137,38852,39289,42606,42806,28086,31297,19977,25129,6096,10336,20558,19637,30373,27518,31275,30919,36808,36906,40536,40727,26962,30015,19186,23930,5820,9740,322788,301667,44978,43374,77774,71244,18230,60,30
2021-08-29T23:59:59+02:00,2636,2351,23028,22068,32606,30013,33150,33108,38806,39253,42576,42785,28076,31290,19974,25124,6096,10335,20454,19570,30308,27470,31238,30886,36767,36876,40511,40708,26949,30004,19185,23925,5820,9740,322341,301238,44962,43351,77772,71234,18142,60,30
2021-08-28T23:59:59+02:00,2630,2349,23028,22068,32604,30013,33148,33108,38803,39252,42575,42785,28075,31290,19974,25124,6096,10335,20453,19569,30304,27469,31238,30883,36764,36874,40511,40708,26949,30004,19185,23925,5820,9740,322328,301226,44961,43350,77772,71234,18138,60,30
2021-08-27T23:59:59+02:00,2630,2349,23023,22064,32600,30013,33147,33106,38801,39250,42571,42785,28074,31290,19974,25124,6095,10335,20448,19567,30292,27467,31237,30881,36762,36873,40509,40708,26949,30004,19185,23924,5820,9740,322314,301209,44961,43350,77772,71231,18126,60,30
2021-08-26T23:59:59+02:00,2548,2265,22840,21858,32474,29874,33032,33003,38714,39161,42507,42717,28049,31257,19961,25106,6094,10329,20176,19300,30151,27301,31100,30759,36653,36778,40427,40635,26907,29962,19166,23900,5814,9739,321114,299703,44941,43327,77771,71215,17905,60,30
2021-08-25T23:59:59+02:00,2542,2257,22820,21832,32464,29855,33019,32988,38703,39147,42497,42712,28044,31255,19954,25100,6091,10327,20128,19259,30112,27271,31079,30723,36627,36745,40408,40619,26894,29949,19163,23891,5813,9738,320934,299338,44941,43326,77771,71214,17903,60,30
2021-08-24T23:59:59+02:00,2524,2246,22782,21790,32437,29813,33000,32955,38695,39127,42479,42698,28038,31244,19949,25092,6090,10326,20090,19216,30078,27231,31058,30687,36613,36724,40388,40602,26888,29939,19159,23888,5813,9734,320651,299048,44931,43320,77771,71209,17874,60,30
2021-08-23T23:59:59+02:00,2504,2214,22712,21719,32373,29756,32964,32924,38654,39096,42448,42685,28022,31235,19946,25081,6090,10324,19968,19093,29961,27153,30993,30639,36564,36681,40346,40573,26876,29926,19153,23878,5813,9728,320215,298317,44920,43295,77768,71204,17786,60,30
2021-08-22T23:59:59+02:00,2495,2205,22678,21686,32354,29738,32947,32916,38638,39080,42443,42676,28018,31230,19941,25081,6090,10323,19929,19056,29926,27120,30962,30603,36543,36665,40327,40551,26868,29922,19150,23875,5813,9726,320048,298030,44913,43292,77767,71195,17753,60,30
2021-08-21T23:59:59+02:00,2476,2192,22624,21637,32315,29701,32923,32892,38624,39058,42426,42666,28011,31222,19939,25078,6090,10322,19827,18959,29855,27064,30928,30560,36509,36623,40303,40530,26857,29913,19145,23871,5811,9726,319806,297528,44900,43277,77765,71189,17667,60,30
2021-08-20T23:59:59+02:00,2439,2152,22536,21534,32240,29620,32861,32845,38576,39018,42383,42638,28004,31208,19935,25064,6089,10318,19656,18834,29728,26960,30852,30501,36449,36579,40257,40493,26842,29893,19136,23863,5810,9722,319232,296715,44877,43255,77762,71171,17531,60,30
2021-08-19T23:59:59+02:00,2350,2085,22375,21399,32109,29501,32771,32763,38475,38940,42312,42584,27978,31175,19928,25052,6084,10309,19397,18629,29524,26811,30735,30393,36329,36483,40155,40407,26815,29863,19125,23847,5806,9717,318307,295449,44857,43225,77762,71145,17207,59,30
2021-08-18T23:59:59+02:00,2341,2076,22349,21377,32088,29481,32750,32741,38447,38921,42299,42568,27963,31165,19922,25047,6084,10307,19343,18570,29485,26777,30710,30362,36300,36462,40131,40375,26798,29851,19120,23835,5801,9713,318050,295014,44857,43225,77762,71143,17200,59,30
2021-08-17T23:59:59+02:00,2324,2060,22322,21349,32071,29453,32725,32717,38435,38909,42275,42549,27958,31153,19917,25042,6084,10307,19300,18517,29452,26736,30666,30335,36272,36427,40103,40351,26776,29836,19113,23818,5797,9709,317811,294609,44857,43222,77762,71139,17163,59,30
2021-08-16T23:59:59+02:00,2288,2043,22256,21306,32032,29407,32701,32695,38411,38889,42244,42532,27949,31146,19915,25032,6084,10306,19093,18374,29310,26621,30588,30247,36225,36375,40063,40309,26757,29821,19106,23799,5791,9707,317467,293614,44857,43216,77760,71138,17095,59,30
2021-08-15T23:59:59+02:00,2261,2021,22201,21249,31988,29367,32677,32662,38383,38870,42225,42519,27942,31141,19908,25025,6083,10306,18976,18257,29153,26491,30506,30164,36157,36324,40006,40254,26738,29797,19097,23790,5788,9706,317137,292686,44849,43200,77758,71130,17027,59,30
2021-08-14T23:59:59+02:00,2255,2018,22175,21233,31976,29350,32673,32656,38375,38865,42219,42516,27941,31140,19907,25024,6083,10305,18863,18164,29092,26426,30471,30117,36133,36293,39985,40240,26730,29791,19094,23789,5787,9703,317047,292149,44846,43181,77758,71126,17003,59,30
2021-08-13T23:59:59+02:00,2238,2007,22130,21197,31939,29326,32637,32629,38359,38851,42209,42506,27939,31136,19904,25021,6082,10305,18607,17905,28912,26269,30356,30023,36080,36223,39940,40204,26714,29779,19089,23780,5784,9699,316818,290780,44841,43167,77756,71116,16943,59,30
2021-08-12T23:59:59+02:00,2201,1970,22044,21104,31868,29251,32584,32579,38312,38808,42172,42472,27922,31117,19897,25011,6080,10305,18301,17590,28656,26045,30211,29896,35985,36129,39864,40135,26678,29733,19069,23758,5782,9696,316251,289030,44829,43112,77753,71070,16807,59,30
2021-08-11T23:59:59+02:00,2199,1965,22025,21086,31851,29229,32569,32563,38304,38799,42161,42456,27914,31114,19893,25006,6079,10301,18245,17533,28618,25999,30162,29859,35963,36092,39827,40102,26666,29707,19062,23748,5782,9694,316070,288548,44829,43109,77753,71067,16805,59,30
2021-08-10T23:59:59+02:00,2191,1944,21998,21050,31819,29207,32555,32543,38279,38773,42143,42449,27908,31106,19892,25003,6078,10297,17722,17081,28445,25842,30066,29768,35794,35969,39776,40060,26642,29684,19054,23732,5778,9693,315833,286840,44824,43080,77751,70817,16770,59,30
2021-08-09T23:59:59+02:00,2167,1930,21946,21000,31763,29163,32522,32514,38254,38752,42130,42425,27897,31097,19891,24994,6077,10295,17250,16623,28310,25737,30011,29714,35749,35923,39742,40025,26633,29670,19049,23726,5778,9691,315464,285358,44819,43061,77750,70804,16727,59,30
2021-08-08T23:59:59+02:00,2152,1913,21893,20957,31719,29128,32488,32489,38230,38744,42110,42405,27890,31093,19885,24990,6077,10292,16906,16279,28198,25653,29955,29642,35701,35885,39721,39999,26621,29657,19040,23717,5776,9686,315157,284117,44818,43040,77749,70797,16674,59,30
2021-08-07T23:59:59+02:00,2107,1870,21760,20874,31637,29061,32414,32428,38174,38692,42077,42377,27881,31066,19880,24981,6075,10290,16397,15825,27896,25370,29726,29457,35523,35728,39581,39889,26564,29594,19021,23688,5773,9682,314531,281481,44786,42918,77743,70708,16527,59,30
2021-08-06T23:59:59+02:00,2097,1860,21710,20837,31596,29028,32379,32409,38148,38672,42065,42361,27875,31057,19876,24981,6075,10290,15367,14845,26748,24477,29434,29225,35274,35530,39266,39648,26520,29548,19011,23678,5772,9679,314300,276482,44782,42896,77743,69905,16434,59,29
2021-08-05T23:59:59+02:00,2058,1831,21602,20751,31538,28951,32321,32353,38090,38621,42020,42324,27858,31038,19867,24968,6073,10287,14476,14098,25727,23700,28720,28711,34744,35096,38950,39402,26452,29469,18979,23644,5769,9669,313750,271603,44759,42843,77742,68407,16243,59,29
2021-08-04T23:59:59+02:00,2037,1812,21529,20698,31491,28879,32289,32311,38055,38598,41986,42297,27846,31022,19862,24955,6071,10284,14106,13757,25322,23393,28506,28487,34602,34970,38853,39309,26413,29424,18956,23621,5764,9664,313296,269159,44753,42815,77742,68365,16174,59,29
2021-08-03T23:59:59+02:00,2028,1796,21502,20672,31474,28864,32276,32301,38045,38584,41970,42285,27836,31016,19858,24948,6070,10282,14022,13666,25243,23317,28438,28429,34554,34923,38802,39269,26387,29397,18944,23609,5761,9658,313090,268428,44749,42814,77741,68339,16170,59,29
2021-08-02T23:59:59+02:00,2018,1775,21457,20636,31431,28843,32249,32270,38019,38569,41957,42270,27827,31004,19858,24940,6069,10278,13818,13457,24534,22767,28158,28208,34404,34811,38722,39206,26360,29365,18936,23605,5761,9656,312807,266007,44746,42800,77741,68114,16119,59,29
2021-08-01T23:59:59+02:00,1998,1759,21406,20588,31379,28804,32224,32251,38000,38550,41935,42253,27821,30997,19855,24931,6069,10277,13647,13298,24232,22513,27917,27990,34312,34702,38652,39134,26344,29346,18930,23599,5761,9654,312507,264304,44740,42788,77740,68091,16053,59,29
2021-07-31T23:59:59+02:00,1973,1729,21324,20510,31312,28768,32169,32213,37963,38522,41912,42232,27817,30989,19850,24927,6069,10277,12701,12270,23711,22070,27571,27636,34002,34405,38220,38791,26274,29261,18904,23555,5756,9648,312092,259264,44728,42753,77738,67519,15940,59,29
2021-07-30T23:59:59+02:00,1948,1710,21303,20488,31280,28749,32154,32195,37957,38515,41904,42224,27812,30986,19849,24927,6068,10277,12614,12193,23380,21782,27287,27423,33783,34242,38059,38657,26250,29243,18902,23547,5756,9646,311910,257829,44727,42745,77738,66963,15913,59,29
2021-07-29T23:59:59+02:00,1879,1641,21070,20252,31141,28603,32053,32086,37864,38426,41811,42164,27784,30961,19836,24908,6061,10269,11984,11658,22249,20940,26246,26585,32800,33548,37674,38366,26168,29142,18873,23500,5750,9637,310708,252208,44700,42654,77730,65204,15613,59,29
2021-07-28T23:59:59+02:00,1859,1626,21030,20202,31121,28574,32038,32064,37843,38407,41788,42143,27773,30949,19831,24898,6061,10267,11705,11357,21838,20557,25810,26155,32636,33395,37563,38275,26131,29091,18854,23477,5749,9632,310393,249283,44699,42654,77718,65144,15607,58,29
2021-07-27T23:59:59+02:00,1849,1620,20989,20160,31097,28541,32005,32048,37822,38373,41764,42129,27766,30942,19830,24893,6061,10264,11456,11143,21636,20367,25668,26033,32524,33289,37474,38191,26099,29052,18844,23465,5746,9628,310155,247803,44699,42618,77717,65069,15525,58,29
2021-07-26T23:59:59+02:00,1823,1585,20863,20036,30991,28441,31946,31984,37767,38305,41721,42097,27742,30924,19819,24879,6055,10261,11162,10816,21130,19925,25420,25824,32362,33136,37342,38103,26064,29018,18831,23442,5745,9620,309398,245506,44668,42504,77712,64864,15404,58,29
2021-07-25T23:59:59+02:00,1816,1576,20841,20025,30981,28431,31935,31969,37760,38298,41711,42087,27738,30922,19818,24877,6055,10260,11057,10710,20979,19817,25186,25631,32124,32928,37199,37970,26046,29004,18825,23434,5744,9617,309283,244246,44658,42489,77704,64452,15398,58,29
2021-07-24T23:59:59+02:00,1796,1561,20760,19951,30938,28393,31900,31933,37734,38270,41688,42075,27731,30916,19815,24875,6055,10260,10994,10655,20899,19755,25114,25570,32071,32897,37170,37949,26040,28999,18823,23432,5744,9617,308939,243873,44647,42466,77700,64385,15308,58,29
2021-07-23T23:59:59+02:00,1741,1526,20568,19807,30773,28279,31812,31861,37665,38218,41648,42032,27720,30898,19810,24869,6054,10255,10737,10451,20533,19448,24308,24924,31587,32566,36603,37492,25997,28957,18807,23415,5743,9615,308105,240996,44638,42420,77682,62994,15054,58,28
2021-07-22T23:59:59+02:00,1676,1469,20257,19534,30530,28094,31681,31745,37533,38111,41549,41949,27694,30874,19799,24845,6050,10254,10277,10075,19788,18937,23350,24255,30878,31978,35569,36731,25886,28859,18774,23382,5741,9611,306617,237392,44602,41753,77676,60471,14692,58,28
2021-07-21T23:59:59+02:00,1661,1461,20218,19484,30500,28064,31657,31722,37513,38086,41528,41925,27685,30866,19794,24839,6045,10250,9966,9740,19327,18484,22476,23489,30542,31643,35334,36533,25803,28762,18743,23329,5733,9601,306288,234642,44594,40061,77674,60298,14685,58,25
2021-07-20T23:59:59+02:00,1655,1455,20184,19457,30472,28039,31632,31703,37496,38069,41516,41911,27670,30851,19794,24832,6045,10247,9698,9461,18995,18215,22206,23202,30366,31489,35170,36389,25757,28717,18727,23294,5732,9597,306033,232251,44592,40052,77673,60197,14673,58,25
2021-07-19T23:59:59+02:00,1644,1447,20072,19369,30390,27967,31574,31650,37477,38050,41501,41892,27665,30840,19788,24825,6044,10244,9498,9264,18680,17939,21742,22783,30112,31257,35050,36287,25723,28678,18709,23278,5732,9594,305459,230618,44586,39108,77672,60082,14665,58,25
2021-07-18T23:59:59+02:00,1633,1441,20004,19303,30263,27867,31508,31585,37415,37998,41459,41840,27644,30809,19779,24810,6040,10241,9388,9149,18512,17786,21551,22593,29944,31059,34936,36186,25691,28654,18698,23261,5732,9588,304670,229356,44586,38808,77670,60041,14656,58,25
2021-07-17T23:59:59+02:00,1632,1437,19997,19301,30263,27864,31508,31581,37410,37996,41455,41838,27643,30808,19778,24810,6040,10241,9367,9134,18479,17764,21532,22580,29934,31052,34917,36182,25688,28652,18698,23260,5732,9588,304637,229201,44586,38805,77670,60030,14652,58,25
2021-07-16T23:59:59+02:00,1579,1392,19722,19053,30138,27767,31424,31508,37353,37933,41414,41806,27624,30791,19771,24800,6038,10235,9249,9019,18104,17461,21227,22306,29543,30695,34782,36076,25664,28628,18691,23247,5730,9586,303636,227932,44564,38083,77668,59697,14423,58,24
2021-07-15T23:59:59+02:00,1521,1349,19460,18804,29956,27621,31316,31409,37269,37850,41345,41738,27581,30761,19755,24786,6034,10232,8884,8715,17186,16627,19680,21078,28624,29771,34160,35496,25496,28445,18636,23198,5724,9573,302355,221810,44522,36627,77660,58769,14193,58,24
2021-07-14T23:59:59+02:00,1507,1336,19431,18768,29933,27595,31292,31377,37256,37837,41325,41731,27573,30754,19746,24779,6033,10228,8597,8417,16633,16027,19186,20558,28058,29272,33768,35119,25384,28316,18597,23132,5719,9562,302077,217639,44519,36269,77657,58339,14191,58,24
2021-07-13T23:59:59+02:00,1495,1326,19393,18743,29915,27571,31269,31362,37241,37809,41301,41703,27564,30740,19744,24774,6032,10222,8291,8156,16234,15672,18912,20280,27795,29023,33496,34863,25285,28196,18564,23091,5717,9557,301790,214937,44518,36234,77656,57847,14183,58,24
2021-07-12T23:59:59+02:00,1479,1316,19346,18726,29881,27542,31252,31341,37229,37792,41284,41688,27561,30736,19742,24768,6031,10222,8031,7939,15954,15395,18209,19732,27482,28703,33081,34501,25117,28001,18504,23016,5711,9552,301532,213655,44517,34294,77656,56868,14174,58,24
2021-07-11T23:59:59+02:00,1469,1308,19314,18696,29851,27511,31236,31310,37221,37771,41270,41676,27552,30727,19740,24768,6030,10221,7987,7892,15889,15324,18121,19678,27398,28641,32969,34439,25063,27956,18484,22994,5711,9549,301280,213081,44514,34283,77654,56625,14166,58,24
2021-07-10T23:59:59+02:00,1340,1191,18808,18278,29408,27218,30948,31076,36974,37612,41069,41525,27478,30667,19714,24736,6027,10218,7856,7822,15606,15189,17900,19526,27156,28501,32802,34322,24997,27910,18468,22981,5710,9549,299079,212659,44375,34161,77625,56383,13151,58,24
2021-07-09T23:59:59+02:00,1329,1185,18780,18247,29386,27201,30936,31063,36963,37600,41058,41517,27474,30663,19712,24732,6027,10217,7814,7775,15536,15123,17835,19432,26935,28271,32553,34109,24933,27847,18446,22955,5710,9546,298933,212378,44356,34158,77624,55218,13120,58,24
2021-07-08T23:59:59+02:00,1251,1103,18512,18031,29237,27049,30798,30945,36860,37498,40959,41439,27439,30628,19693,24713,6022,10211,7646,7639,15238,14876,17404,19071,26240,27669,32281,33842,24764,27690,18387,22893,5707,9538,297657,211242,44302,32732,77616,54200,12756,58,24
2021-07-07T23:59:59+02:00,1152,1011,18201,17706,29036,26865,30666,30821,36747,37378,40853,41353,27405,30579,19679,24696,6019,10208,7449,7428,14797,14508,16938,18628,25484,27057,31873,33462,24498,27366,18292,22798,5698,9529,296077,208319,44251,31894,77605,53241,12385,58,24
2021-07-06T23:59:59+02:00,1129,995,18123,17640,28991,26815,30614,30773,36711,37343,40817,41320,27388,30554,19668,24682,6017,10205,7233,7195,14453,14150,16585,18278,24732,26409,31574,33198,24308,27152,18244,22727,5691,9522,295495,206255,44248,30488,77603,52346,12382,58,24
2021-07-05T23:59:59+02:00,1086,967,18049,17576,28948,26759,30575,30738,36685,37298,40789,41294,27382,30540,19662,24676,6017,10200,7004,7005,14150,13877,16233,17912,24179,25900,31005,32630,24028,26853,18136,22587,5683,9512,295008,204760,44246,28387,77599,51213,12331,58,24
2021-07-04T23:59:59+02:00,1064,951,17978,17527,28909,26738,30554,30709,36675,37288,40774,41282,27376,30529,19657,24673,6017,10199,6978,6988,14096,13831,16158,17854,24095,25844,30852,32539,23936,26764,18104,22546,5681,9508,294692,204369,44245,28378,77588,50706,12318,58,24
2021-07-03T23:59:59+02:00,648,579,16244,15805,27735,25812,29754,29990,36033,36677,40272,40851,27218,30361,19589,24586,6008,10182,6592,6748,13580,13528,15756,17550,23734,25567,30546,32343,23839,26669,18070,22506,5677,9504,287164,204077,44206,28301,77504,50415,9413,58,24
2021-07-02T23:59:59+02:00,609,540,16112,15659,27574,25664,29674,29930,36002,36649,40253,40838,27212,30352,19586,24583,6008,10182,6544,6677,13506,13427,15668,17419,23591,25385,30392,32178,23646,26457,17981,22428,5675,9501,286255,203394,44206,28142,77502,49529,9407,58,24
2021-07-01T23:59:59+02:00,551,492,15934,15504,27357,25510,29596,29852,35947,36598,40187,40792,27191,30334,19575,24571,6006,10178,6404,6548,13165,13155,15139,16977,22325,24396,29628,31494,23365,26169,17862,22294,5668,9485,285063,199861,44201,26466,77489,48380,9365,58,22
2021-06-30T23:59:59+02:00,521,472,15830,15397,27245,25425,29528,29779,35891,36547,40144,40756,27176,30303,19564,24554,6002,10178,6209,6369,12734,12770,14571,16429,21700,23799,29031,30961,22943,25700,17730,22110,5661,9473,284236,195603,44198,26442,77483,46802,9338,58,22
2021-06-29T23:59:59+02:00,464,422,15067,14728,26982,25201,29434,29679,35812,36466,40076,40709,27157,30278,19556,24541,6002,10176,6097,6242,12473,12507,14175,16032,20908,23179,28447,30407,22494,25174,17577,21936,5653,9463,281728,192447,44197,25932,77474,45084,9294,58,22
2021-06-28T23:59:59+02:00,428,391,14438,14088,26825,25096,29359,29613,35754,36401,40032,40675,27139,30257,19548,24530,6002,10172,6030,6147,12294,12368,13987,15855,20288,22627,28046,30033,22157,24815,17448,21773,5648,9458,279790,190763,44193,25272,77468,43691,9240,58,22
2021-06-27T23:59:59+02:00,351,324,14091,13710,26761,25036,29319,29577,35732,36378,40013,40661,27128,30250,19545,24526,6001,10171,5993,6104,12180,12252,13840,15725,19736,22149,27436,29534,21880,24477,17327,21650,5644,9457,278666,189927,44188,23749,77456,42493,9207,58,22
2021-06-26T23:59:59+02:00,350,323,14080,13699,26745,25025,29313,29571,35726,36377,40010,40660,27127,30249,19545,24526,6001,10171,5988,6101,12169,12249,13834,15722,19723,22138,27391,29499,21735,24347,17287,21594,5643,9455,278593,189902,44186,23745,77456,42014,9206,58,22
2021-06-25T23:59:59+02:00,226,210,12813,12479,25277,23878,29011,29337,35620,36294,39943,40598,27103,30222,19534,24514,5998,10169,5945,6054,12073,12169,13692,15600,19413,21899,27006,29140,21412,23953,17113,21397,5640,9446,272351,188678,44182,23462,77435,40603,9201,58,22
2021-06-24T23:59:59+02:00,161,156,11838,11648,24164,22995,28644,28985,35470,36128,39826,40493,27064,30172,19523,24490,5996,10165,5728,5822,11614,11753,13113,15008,17876,20500,25358,27543,20642,23094,16795,20989,5630,9436,267103,183693,44162,19838,77430,38194,9167,57,22
2021-06-23T23:59:59+02:00,125,130,11476,11323,23661,22622,28396,28742,35291,36000,39736,40404,27034,30145,19515,24453,5994,10153,5654,5709,11401,11538,12813,14657,17486,20088,24609,26775,19847,22343,16601,20736,5622,9420,264476,181339,44155,19222,77425,35641,9088,57,22
2021-06-22T23:59:59+02:00,104,117,11293,11111,23501,22480,28316,28670,35215,35938,39690,40359,27019,30121,19507,24444,5994,10152,5545,5588,11134,11277,12446,14286,16884,19492,23877,26009,19467,21919,16438,20557,5615,9404,263329,178310,44152,18354,77423,34191,9071,57,22
2021-06-21T23:59:59+02:00,91,105,11041,10925,22665,21807,28061,28442,35149,35874,39626,40316,27001,30102,19501,24434,5994,10151,5426,5484,10919,11056,12139,13964,16491,19146,23428,25542,19177,21605,16333,20438,5609,9402,260726,176849,44142,17336,77414,33014,8947,57,22
2021-06-20T23:59:59+02:00,85,104,10977,10833,22414,21590,27803,28241,35069,35796,39581,40272,26991,30087,19499,24429,5992,10148,5385,5430,10831,10955,12043,13861,16294,18962,23157,25301,19076,21498,16280,20380,5603,9398,259438,176540,44140,16268,77408,32764,8868,57,22
2021-06-19T23:59:59+02:00,84,100,10953,10808,22381,21566,27785,28228,35057,35792,39571,40268,26989,30086,19499,24427,5992,10148,5354,5398,10749,10865,11951,13740,16146,18810,22850,24939,18990,21411,16268,20367,5602,9398,259284,176436,44117,14769,77408,32751,8868,57,22
2021-06-18T23:59:59+02:00,81,98,10904,10757,22061,21244,27520,28012,35002,35755,39540,40246,26980,30077,19498,24424,5992,10146,5339,5389,10718,10834,11911,13692,16084,18747,22765,24843,18824,21230,16223,20301,5601,9393,257890,176038,44115,14768,77407,32206,8868,57,22
2021-06-17T23:59:59+02:00,72,90,10324,10325,20786,20283,26659,27276,34632,35431,39281,40053,26916,29995,19477,24387,5985,10141,5140,5248,10343,10580,11467,13290,15403,18135,21397,23529,18369,20743,16060,20129,5597,9378,252102,170738,44095,14195,77395,31397,8464,57,22
2021-06-16T23:59:59+02:00,64,78,9986,10012,20104,19651,26021,26673,34383,35229,39118,39901,26870,29942,19453,24362,5984,10137,4996,5103,9953,10244,11007,12837,14699,17444,20547,22595,17966,20297,15890,19916,5587,9366,248254,166956,44079,12923,77381,30357,8197,57,22
2021-06-15T23:59:59+02:00,49,72,9741,9771,19807,19401,25798,26476,34253,35122,39020,39821,26838,29906,19446,24347,5979,10133,4890,4992,9713,10026,10774,12577,14275,17016,19948,22017,17643,19905,15668,19686,5578,9355,246480,164873,44067,11830,77375,29346,8001,57,21
2021-06-14T23:59:59+02:00,45,67,9608,9646,19507,19140,25622,26333,34132,35042,38958,39782,26820,29886,19440,24336,5979,10130,4809,4929,9522,9887,10600,12441,14013,16800,19630,21722,17474,19743,15566,19553,5577,9351,245280,163415,44065,11828,77371,28661,7700,57,21
2021-06-13T23:59:59+02:00,43,63,9448,9517,19216,18954,25270,26079,33931,34874,38852,39715,26804,29874,19430,24328,5979,10127,4725,4861,9310,9712,10433,12266,13687,16454,19282,21391,17347,19594,15519,19486,5575,9349,243634,162554,44065,11828,77367,27214,7381,57,21
2021-06-12T23:59:59+02:00,43,63,9439,9503,19203,18940,25270,26074,33931,34869,38849,39714,26804,29874,19430,24328,5979,10127,4722,4847,9300,9651,10401,12164,13638,16300,19227,21255,17238,19469,15402,19384,5573,9347,243588,162526,44065,11826,77360,26182,7370,57,21
2021-06-11T23:59:59+02:00,38,59,9280,9320,18969,18727,24469,25398,33751,34713,38714,39601,26771,29840,19419,24304,5979,10122,4642,4732,9079,9395,10141,11865,13117,15749,18251,20361,17052,19272,15362,19340,5570,9344,240658,158499,44063,11825,77356,25594,7340,57,21
2021-06-10T23:59:59+02:00,36,55,8886,8986,18317,18233,23616,24719,33430,34432,38509,39436,26712,29784,19395,24276,5976,10115,4467,4555,8497,8900,9333,11144,11968,14644,16261,18447,16161,18309,15077,18973,5561,9322,237022,148818,43402,11792,77330,23893,7103,56,20
2021-06-09T23:59:59+02:00,19,36,8437,8479,17479,17503,22464,23674,32940,33964,38222,39216,26599,29679,19347,24218,5966,10102,4331,4438,8208,8634,9089,10890,11635,14276,15774,17899,15789,17878,14836,18688,5554,9312,233012,146989,41507,11750,77289,21976,6503,33,20
2021-06-08T23:59:59+02:00,11,24,8118,8162,17008,17085,22043,23307,32695,33771,38059,39084,26554,29638,19337,24195,5963,10097,4211,4356,7954,8379,8784,10544,11276,13929,15131,17195,15331,17354,14574,18410,5549,9294,230278,145283,41474,10624,77277,20262,6089,33,20
2021-06-07T23:59:59+02:00,8,20,7920,7930,16650,16759,21499,22850,32413,33500,37941,38966,26524,29590,19317,24165,5958,10096,4134,4276,7773,8235,8624,10401,11105,13757,14817,16868,15132,17097,14398,18219,5545,9289,228651,144198,40498,10531,77254,19257,5671,32,20
2021-06-06T23:59:59+02:00,6,17,7812,7821,16515,16612,21304,22641,32186,33276,37805,38860,26497,29565,19304,24149,5958,10090,4105,4241,7725,8117,8570,10270,10998,13610,14621,16649,14947,16917,14309,18098,5538,9283,227415,143710,40198,10521,77236,18217,5537,32,20
2021-06-05T23:59:59+02:00,6,17,7790,7807,16486,16585,21296,22638,32176,33270,37802,38859,26496,29565,19303,24148,5958,10090,4096,4202,7710,8052,8556,10137,10984,13439,14602,16544,14910,16862,14300,18088,5538,9282,227305,143629,40198,10521,77235,17617,5522,32,20
2021-06-04T23:59:59+02:00,6,15,7676,7704,16208,16347,21019,22390,31752,32896,37687,38738,26463,29525,19291,24135,5956,10088,4089,4193,7684,8029,8530,10106,10917,13366,14497,16413,14828,16769,14263,18044,5538,9280,225704,143293,39422,10192,77216,17526,5522,32,20
2021-06-03T23:59:59+02:00,4,15,7417,7476,15330,15559,19384,20996,30839,31965,37181,38277,26330,29388,19247,24084,5950,10069,4028,4154,7595,7955,8407,10007,10747,13185,13925,15843,14563,16453,14178,17935,5535,9268,219061,141070,37840,10075,77205,17247,5373,32,20
2021-06-02T23:59:59+02:00,4,15,7282,7332,14944,15130,18952,20593,30369,31510,36955,38012,26266,29324,19227,24055,5947,10067,3998,4124,7530,7867,8319,9913,10606,13054,13477,15408,14439,16270,14150,17897,5532,9263,215970,139269,37409,9981,77204,17215,5369,32,20
2021-06-01T23:59:59+02:00,4,12,7006,7087,14543,14818,18606,20274,30041,31199,36732,37778,26210,29242,19203,24025,5945,10056,3896,4038,7287,7690,8087,9720,10339,12778,13072,14984,14005,15817,14034,17744,5525,9255,213213,137139,37364,9726,77183,16404,4989,32,20
2021-05-31T23:59:59+02:00,4,12,6842,6897,14324,14584,17902,19671,29700,30857,36435,37514,26119,29145,19175,23971,5935,10043,3817,3926,7078,7440,7864,9433,9995,12395,12631,14464,13476,15204,13831,17510,5517,9240,211780,133948,35312,9402,77166,15618,4840,32,20
2021-05-30T23:59:59+02:00,4,12,6819,6882,14278,14545,17825,19612,29650,30819,36403,37488,26107,29133,19172,23965,5934,10041,3773,3852,6921,7225,7716,9197,9788,12074,12373,14109,13354,15034,13761,17428,5514,9233,211484,133212,35300,9301,77108,14061,4765,32,20
2021-05-29T23:59:59+02:00,4,12,6817,6881,14269,14539,17820,19606,29645,30815,36400,37487,26105,29130,19172,23964,5934,10041,3764,3839,6892,7192,7683,9145,9752,12027,12300,14011,13313,14965,13731,17404,5513,9228,211452,133073,35300,9300,77093,13609,4764,32,20
2021-05-28T23:59:59+02:00,4,12,6807,6869,14253,14522,17803,19584,29632,30802,36388,37468,26102,29125,19169,23960,5934,10041,3750,3816,6871,7152,7649,9091,9699,11923,12059,13741,13122,14773,13701,17363,5510,9225,211291,131779,35299,9299,77090,13590,4763,32,20
2021-05-27T23:59:59+02:00,4,12,6716,6787,13985,14304,17316,19235,28951,30258,36228,37333,26052,29087,19153,23943,5933,10035,3625,3656,6584,6900,7272,8784,9201,11364,11349,12846,12570,14203,13571,17171,5502,9213,210191,128262,33855,8967,77048,12362,4206,32,20
2021-05-26T23:59:59+02:00,4,12,6645,6679,13770,14101,17063,18926,28405,29745,36049,37154,26011,29035,19135,23914,5932,10028,3533,3512,6359,6611,6984,8358,8858,10885,10694,12045,12006,13587,13425,16955,5497,9191,208566,124642,33101,8784,77034,11185,3875,32,20
2021-05-25T23:59:59+02:00,4,12,6564,6584,13565,13880,16799,18714,27679,29096,35956,37057,25987,29004,19123,23898,5927,10027,3484,3421,6214,6442,6838,8168,8632,10594,10347,11679,11660,13111,13320,16794,5494,9183,207848,122800,31645,8645,76549,10119,3803,31,20
2021-05-24T23:59:59+02:00,4,12,6494,6487,13388,13678,16576,18431,27266,28667,35610,36655,25930,28936,19104,23874,5926,10025,3470,3399,6156,6360,6792,8084,8573,10499,10274,11582,11485,12878,13272,16702,5486,9163,207313,122172,29413,8598,76542,9627,3764,31,20
2021-05-23T23:59:59+02:00,4,12,6492,6486,13383,13669,16573,18421,27247,28657,35580,36621,25927,28929,19104,23868,5926,10025,3465,3395,6150,6350,6782,8077,8545,10468,10234,11525,11402,12777,13252,16671,5486,9162,207198,122160,29396,8186,76541,9620,3758,31,20
2021-05-22T23:59:59+02:00,4,12,6485,6482,13376,13658,16566,18417,27244,28656,35577,36615,25927,28929,19104,23868,5926,10025,3464,3395,6147,6347,6781,8073,8541,10466,10229,11522,11391,12763,13247,16667,5485,9162,207148,122120,29396,8186,76538,9599,3758,31,20
2021-05-21T23:59:59+02:00,4,12,6423,6422,13223,13552,16392,18267,26972,28478,35145,36347,25901,28891,19096,23862,5925,10021,3455,3385,6113,6326,6750,8039,8502,10417,10175,11472,10873,12050,13106,16507,5482,9157,206458,120359,29271,8183,75487,9564,3686,31,20
2021-05-20T23:59:59+02:00,3,11,6130,6221,12612,13134,15195,17344,25056,26976,34190,35575,25796,28746,19042,23780,5919,10006,3395,3340,6019,6209,6637,7883,8354,10256,9937,11164,10534,11591,12993,16324,5472,9144,201682,118354,27525,8102,72942,9222,3557,30,20
2021-05-19T23:59:59+02:00,3,11,5923,5980,12098,12674,14485,16636,24108,26160,33562,34972,25683,28655,19007,23720,5911,9994,3318,3265,5857,6039,6444,7642,8078,9974,9634,10783,10222,11176,12914,16179,5470,9136,195970,116439,27486,7906,72927,8600,3169,30,20
2021-05-18T23:59:59+02:00,3,10,5753,5870,11698,12351,13861,16136,22951,25212,32894,34364,25567,28519,18959,23666,5906,9985,3274,3233,5744,5928,6279,7483,7872,9755,9436,10543,10052,10925,12768,15957,5461,9127,191007,115285,26979,7838,72882,7890,2807,30,20
2021-05-17T23:59:59+02:00,3,9,5700,5825,11535,12244,13588,15914,22134,24575,32582,34048,25486,28459,18937,23636,5897,9976,3157,3157,5553,5743,6104,7267,7662,9526,9211,10298,9962,10801,12710,15893,5458,9122,189233,114525,26277,7831,72488,6731,2520,30,20
2021-05-16T23:59:59+02:00,3,9,5672,5805,11474,12186,13503,15834,21523,24024,31968,33518,25445,28415,18927,23621,5896,9976,3152,3133,5539,5673,6076,7207,7634,9426,9179,10214,9945,10782,12707,15890,5458,9122,188464,114413,24730,7824,72067,6376,2508,30,19
2021-05-15T23:59:59+02:00,3,9,5663,5795,11441,12177,13474,15824,21448,23953,31427,33142,25434,28410,18926,23618,5895,9975,3138,3118,5520,5630,6062,7131,7594,9311,8940,9960,9912,10751,12673,15839,5458,9121,188414,114408,24717,7686,71415,6010,2038,30,19
2021-05-14T23:59:59+02:00,3,9,5623,5770,11379,12139,13402,15759,21037,23641,30996,32795,25398,28364,18915,23601,5895,9973,3106,3078,5484,5541,6041,6995,7554,9109,8880,9765,9839,10641,12586,15712,5458,9118,187691,114239,24398,7352,70543,5263,2037,30,19
2021-05-13T23:59:59+02:00,3,9,5465,5611,10996,11843,12688,15170,18847,21892,29445,31326,25168,28119,18847,23529,5893,9970,3094,3043,5459,5502,6024,6937,7530,9038,8836,9705,9622,10397,12387,15407,5453,9108,183723,113879,20593,6532,68453,5093,2022,30,19
2021-05-12T23:59:59+02:00,2,9,5436,5584,10924,11785,12586,15082,18725,21768,29082,30961,25075,28024,18830,23499,5892,9965,3094,3039,5453,5496,6014,6923,7505,9023,8797,9651,9434,10165,12155,15084,5450,9101,182773,113595,19955,5664,68450,5087,2022,29,19
2021-05-11T23:59:59+02:00,2,9,5299,5480,10676,11535,12220,14709,18113,21130,28149,29990,24882,27835,18770,23422,5887,9950,3052,2998,5364,5340,5914,6738,7375,8781,8635,9428,9251,9969,12007,14894,5441,9083,178689,112550,19061,5555,68317,4187,1962,29,19
2021-05-10T23:59:59+02:00,2,8,5176,5402,10463,11340,11961,14453,17787,20795,27729,29583,24773,27727,18731,23375,5879,9946,2984,2944,5246,5222,5799,6634,7251,8638,8507,9321,9147,9845,11917,14766,5438,9075,176686,112021,18369,5543,68091,3199,1955,29,19
2021-05-09T23:59:59+02:00,2,8,5102,5354,10362,11226,11861,14334,17447,20512,27338,29206,24687,27640,18702,23339,5876,9943,2915,2913,5098,5178,5622,6591,7081,8609,8378,9285,9135,9835,11899,14746,5438,9075,176291,111945,17083,5533,67596,2364,1940,29,19
2021-05-08T23:59:59+02:00,2,8,5101,5353,10360,11222,11861,14334,17443,20510,27335,29203,24687,27640,18702,23339,5876,9943,2915,2912,5097,5178,5622,6591,7081,8609,8375,9285,9134,9834,11899,14746,5438,9075,176274,111942,17083,5533,67593,2360,1940,29,19
2021-05-07T23:59:59+02:00,2,8,5067,5327,10290,11169,11732,14210,17042,20235,26698,28645,24638,27589,18685,23305,5869,9914,2905,2905,5081,5169,5611,6575,7069,8598,8367,9274,9128,9826,11888,14724,5430,9048,175438,111927,17080,5527,66067,2317,1811,29,19
2021-05-06T23:59:59+02:00,1,8,4796,5165,9827,10824,11170,13688,15953,19209,24288,26351,24139,27061,18579,23202,5864,9900,2862,2860,5014,5093,5571,6485,6983,8478,8237,9124,9028,9714,11864,14673,5427,9045,170398,111386,14626,5471,63174,1785,1800,27,19
2021-05-05T23:59:59+02:00,1,8,4718,5087,9533,10594,10828,13362,15372,18602,23444,25384,23878,26737,18510,23096,5854,9882,2842,2824,4964,5008,5512,6364,6899,8313,8113,8908,8921,9583,11786,14588,5426,9037,166729,110445,13313,5466,63024,1363,1797,27,19
2021-05-04T23:59:59+02:00,1,8,4633,4996,9359,10387,10618,13118,14984,18202,22899,24818,23664,26462,18438,23014,5846,9868,2833,2790,4936,4932,5479,6244,6845,8171,8020,8752,8817,9471,11710,14529,5424,9034,164465,109943,12186,5455,62861,796,1776,27,19
2021-05-03T23:59:59+02:00,1,8,4560,4922,9166,10250,10441,12942,14701,17955,22490,24403,23525,26312,18410,22966,5846,9862,2756,2720,4848,4858,5403,6158,6748,8065,7839,8586,8730,9384,11671,14480,5421,9029,162958,109720,12185,5452,62769,686,821,27,19
2021-05-02T23:59:59+02:00,1,8,4547,4908,9089,10192,10315,12830,14374,17648,22186,24116,23475,26252,18391,22941,5845,9861,2750,2713,4788,4824,5312,6074,6610,7936,7721,8485,8684,9343,11647,14446,5419,9024,162069,109604,12182,5450,62665,669,36,27,19
2021-05-01T23:59:59+02:00,1,8,4547,4906,9087,10191,10314,12830,14370,17645,22184,24116,23474,26251,18391,22941,5845,9861,2750,2713,4788,4824,5312,6074,6609,7936,7721,8485,8684,9343,11647,14446,5419,9024,162052,109604,12182,5449,62665,669,36,27,19
2021-04-30T23:59:59+02:00,0,8,4473,4815,8844,9977,10052,12588,13888,17217,21343,23347,23348,26115,18375,22911,5842,9858,2746,2711,4777,4816,5303,6040,6597,7905,7687,8447,8680,9340,11646,14443,5417,9023,158455,109575,12181,5447,62336,537,2,27,19
2021-04-29T23:59:59+02:00,0,8,4324,4671,8359,9564,9348,11984,12884,16316,19498,21666,22640,25354,18236,22700,5836,9841,2723,2690,4735,4744,5259,5964,6534,7798,7606,8329,8569,9224,11580,14367,5411,9014,149249,109078,12167,5173,61785,277,2,26,19
2021-04-28T23:59:59+02:00,0,8,4291,4652,8288,9490,9272,11897,12765,16196,19280,21452,22551,25262,18208,22659,5834,9836,2720,2679,4709,4684,5231,5920,6503,7724,7558,8247,8552,9200,11563,14344,5408,9008,148865,108881,12077,5101,60972,51,1,26,18
2021-04-27T23:59:59+02:00,0,8,4251,4606,8150,9350,9159,11746,12619,16027,18829,20955,22322,25004,18142,22581,5831,9827,2717,2675,4707,4680,5221,5912,6490,7705,7524,8210,8494,9121,11482,14262,5404,9004,148137,108623,10992,4928,60251,43,1,26,15
2021-04-26T23:59:59+02:00,0,8,4209,4578,8044,9255,9012,11641,12445,15853,18416,20591,22188,24857,18106,22549,5830,9825,2717,2673,4703,4675,5216,5903,6476,7685,7489,8182,8446,9073,11426,14183,5400,8987,147359,108513,10857,4670,59165,38,0,26,15
2021-04-25T23:59:59+02:00,0,8,4195,4562,8008,9225,8947,11578,12310,15723,18071,20260,21988,24619,18066,22494,5826,9820,2717,2673,4702,4674,5214,5899,6471,7682,7487,8178,8390,9014,11402,14155,5400,8985,145973,108491,10846,4502,58855,37,0,26,15
2021-04-24T23:59:59+02:00,0,8,4189,4554,7993,9221,8932,11568,12262,15693,18012,20222,21972,24606,18064,22489,5826,9820,2716,2673,4702,4674,5214,5899,6471,7682,7487,8178,8390,9012,11402,14155,5400,8985,145877,108491,10846,4502,58682,36,0,26,13
2021-04-23T23:59:59+02:00,0,8,4169,4521,7936,9158,8847,11466,11919,15367,17578,19823,21758,24373,18000,22412,5824,9812,2713,2671,4699,4671,5208,5891,6457,7673,7464,8147,8369,8985,11394,14147,5398,8982,144608,108479,10497,4344,57840,35,0,26,13
2021-04-22T23:59:59+02:00,0,8,4120,4456,7804,8967,8660,11206,11592,14947,16664,18837,21183,23661,17865,22230,5814,9793,2704,2665,4693,4649,5185,5865,6413,7637,7389,8099,8236,8827,11251,13996,5393,8973,140868,107859,10367,4078,56548,27,0,24,13
2021-04-21T23:59:59+02:00,0,8,4078,4413,7701,8846,8504,11046,11295,14667,15926,18074,20804,23213,17793,22124,5809,9780,2696,2654,4675,4628,5169,5844,6401,7619,7361,8077,8186,8766,11214,13957,5391,8971,137941,107576,10237,3998,55883,25,0,20,12
2021-04-20T23:59:59+02:00,0,8,4053,4386,7666,8794,8428,10966,11132,14492,15491,17597,20340,22696,17691,21971,5801,9769,2688,2645,4665,4615,5144,5824,6373,7595,7321,8037,8092,8634,11139,13870,5387,8967,135789,107004,9971,3958,55501,24,0,20,12
2021-04-19T23:59:59+02:00,0,8,4022,4335,7604,8689,8336,10826,10974,14309,15238,17303,19861,22131,17525,21756,5790,9757,2683,2644,4659,4611,5131,5809,6354,7578,7295,7993,8039,8580,11113,13824,5384,8962,133720,106670,9617,3955,55107,24,0,20,12
2021-04-18T23:59:59+02:00,0,5,4002,4306,7544,8638,8230,10699,10715,14066,14746,16764,19431,21618,17403,21569,5786,9751,2682,2644,4659,4611,5131,5809,6352,7575,7292,7992,8035,8577,11111,13820,5383,8959,131296,106646,9546,3953,54411,23,0,20,12
2021-04-17T23:59:59+02:00,0,5,3999,4298,7524,8632,8220,10681,10673,14020,14636,16676,19310,21494,17381,21541,5785,9749,2682,2644,4658,4609,5125,5804,6338,7570,7267,7968,7989,8531,11092,13797,5381,8959,130859,106635,9537,3746,54208,23,0,20,12
2021-04-16T23:59:59+02:00,0,5,3988,4255,7451,8510,8117,10523,10478,13758,13966,15913,18741,20847,17255,21366,5774,9732,2679,2641,4653,4604,5120,5791,6321,7559,7229,7933,7679,8142,11001,13657,5373,8943,128007,105837,9477,3455,53175,23,0,20,12
2021-04-15T23:59:59+02:00,0,4,3944,4201,7338,8379,7944,10285,10141,13368,13235,15053,17932,19981,17011,21040,5760,9711,2678,2633,4641,4586,5107,5759,6290,7523,7158,7860,7117,7481,10877,13497,5369,8932,124347,104166,9318,3311,51642,21,0,20,12
2021-04-14T23:59:59+02:00,0,3,3917,4171,7272,8273,7838,10135,9966,13167,12815,14607,17400,19367,16859,20828,5755,9698,2645,2614,4623,4554,5078,5712,6255,7490,7101,7799,6481,6717,10613,13205,5365,8924,122953,101839,9082,3311,50016,16,0,20,12
2021-04-13T23:59:59+02:00,0,3,3914,4165,7234,8257,7781,10101,9858,13113,12439,14312,16708,18517,16623,20525,5751,9692,2621,2587,4603,4528,5053,5678,6196,7422,7012,7697,6268,6465,10029,12542,5357,8905,122251,99635,8862,3303,47860,16,0,20,11
2021-04-12T23:59:59+02:00,0,3,3900,4147,7181,8211,7724,10032,9750,13011,12192,14100,16263,17998,16434,20311,5746,9689,2592,2576,4535,4486,4946,5608,6081,7346,6894,7598,5520,5640,9580,12005,5317,8863,121917,96267,8826,3295,45929,16,0,20,11
2021-04-11T23:59:59+02:00,0,3,3885,4139,7139,8158,7663,9987,9657,12933,11952,13892,15697,17307,16157,19968,5741,9679,2516,2492,4405,4363,4791,5474,5918,7194,6741,7491,5217,5277,9449,11843,5317,8859,121322,94078,8397,3245,44218,15,0,20,11
2021-04-10T23:59:59+02:00,0,3,3867,4119,7100,8111,7619,9930,9595,12874,11860,13807,15479,17115,16108,19900,5740,9672,1955,1922,3585,3639,3911,4705,4909,6268,5886,6703,4942,4969,9321,11691,5311,8850,120854,85298,8397,3245,43628,15,0,20,11
2021-04-09T23:59:59+02:00,0,3,3847,4099,7060,8082,7555,9873,9442,12745,11531,13521,14289,15578,15664,19369,5727,9661,1094,1093,2222,2440,2393,3323,3118,4619,4253,5232,4251,4233,9072,11334,5286,8821,118945,69518,8395,3242,40686,15,0,20,11
2021-04-08T23:59:59+02:00,0,3,3821,4083,6999,8029,7452,9778,9254,12625,11127,13166,13155,14311,15242,18825,5697,9614,589,598,1302,1731,1482,2387,2016,3525,2862,3835,2997,2824,8263,10348,5141,8600,117632,55239,8314,3239,37215,13,0,20,11
2021-04-07T23:59:59+02:00,0,3,3773,4058,6921,7975,7359,9708,9125,12494,10818,12857,12426,13538,15023,18557,5691,9594,358,377,950,1386,1074,2000,1503,3062,1912,2826,1813,1534,7357,9206,4986,8341,116657,45427,8163,3239,35081,10,0,19,11
2021-04-06T23:59:59+02:00,0,3,3757,4046,6899,7937,7304,9641,9032,12414,10604,12638,12041,13043,14801,18259,5680,9580,351,363,940,1376,1059,1979,1476,3034,1850,2767,1733,1467,6944,8648,4835,8103,115375,43669,8064,3238,34223,9,0,17,11
2021-04-05T23:59:59+02:00,0,3,3752,4045,6888,7924,7291,9630,9012,12386,10540,12579,11930,12895,14702,18166,5678,9577,349,357,929,1372,1053,1971,1466,3013,1829,2733,1680,1414,6715,8342,4713,7919,115035,42600,8043,3237,33903,9,0,17,11
2021-04-04T23:59:59+02:00,0,3,3752,4045,6886,7918,7290,9629,9009,12386,10529,12574,11927,12891,14699,18165,5678,9577,349,356,927,1372,1052,1969,1465,3012,1827,2730,1677,1409,6708,8329,4708,7916,115030,42552,8042,3236,33869,9,0,17,11
2021-04-03T23:59:59+02:00,0,3,3752,4045,6886,7917,7289,9629,9009,12386,10528,12574,11927,12890,14697,18163,5678,9577,349,355,925,1368,1050,1968,1464,3007,1825,2730,1672,1397,6665,8248,4673,7881,115026,42323,8042,3236,33865,9,0,17,11
2021-04-02T23:59:59+02:00,0,3,3750,4043,6884,7914,7283,9623,8997,12379,10512,12558,11800,12775,14654,18102,5674,9568,347,353,923,1361,1043,1956,1449,2981,1784,2691,1576,1310,5898,7339,4237,7315,114897,39643,8037,2902,33568,9,0,17,11
2021-04-01T23:59:59+02:00,0,2,3710,4031,6850,7892,7241,9592,8945,12339,10441,12487,11453,12364,14264,17570,5661,9541,342,350,907,1346,1031,1935,1417,2935,1725,2623,1452,1217,4961,6230,3687,6491,114452,35734,6623,2897,33291,9,0,17,11
2021-03-31T23:59:59+02:00,0,2,3704,4027,6835,7872,7223,9573,8909,12307,10353,12415,11121,11957,13913,17071,5653,9512,339,347,899,1336,1021,1920,1397,2906,1675,2587,1386,1164,4379,5548,3333,6022,113855,33417,5619,2824,32956,9,0,17,11
2021-03-30T23:59:59+02:00,0,2,3686,4003,6797,7833,7163,9504,8819,12203,10190,12259,10861,11678,13689,16805,5646,9497,335,340,893,1325,1014,1914,1374,2899,1647,2561,1359,1138,4254,5424,3271,5926,113028,33029,5360,2627,32230,9,0,17,11
2021-03-29T23:59:59+02:00,0,2,3677,3981,6771,7810,7123,9451,8723,12107,10007,12051,10427,11210,13312,16336,5629,9462,330,336,889,1315,1008,1906,1366,2889,1631,2552,1334,1124,4121,5279,3174,5795,111346,32411,5051,2621,31665,8,0,17,11
2021-03-28T23:59:59+02:00,0,2,3634,3925,6656,7651,7006,9309,8596,11913,9855,11860,10215,10950,13136,16150,5624,9452,330,336,889,1315,1006,1905,1364,2889,1630,2550,1325,1121,4088,5237,3148,5769,110973,32368,4787,2519,30157,6,0,17,11
2021-03-27T23:59:59+01:00,0,2,3633,3914,6644,7586,6976,9195,8546,11741,9803,11706,10101,10827,13041,16062,5623,9452,330,335,889,1315,1006,1902,1364,2887,1626,2549,1323,1119,4062,5202,3135,5754,110964,32265,4787,2518,29084,6,0,17,11
2021-03-26T23:59:59+01:00,0,2,3627,3906,6616,7549,6948,9120,8498,11628,9711,11578,10052,10763,12995,16006,5614,9430,325,333,888,1312,1002,1890,1361,2866,1605,2535,1297,1103,3881,4976,3029,5601,110904,31512,4564,2477,28558,6,0,17,11
2021-03-25T23:59:59+01:00,0,2,3604,3875,6525,7422,6856,8955,8306,11395,9402,11261,9671,10379,12692,15690,5609,9420,325,332,886,1304,999,1879,1348,2853,1581,2516,1271,1084,3647,4734,2777,5266,110527,30311,4356,2477,26164,5,0,17,11
2021-03-24T23:59:59+01:00,0,2,3548,3823,6436,7236,6734,8727,8138,11158,9172,10934,9252,9890,12273,15230,5598,9410,325,331,885,1301,994,1877,1340,2849,1565,2500,1262,1074,3580,4661,2596,5044,110013,29696,4210,2477,23321,2,0,17,11
2021-03-23T23:59:59+01:00,0,2,3530,3790,6387,7180,6656,8667,8020,11029,8917,10699,8826,9416,11821,14708,5589,9395,325,331,884,1291,989,1868,1335,2840,1561,2492,1238,1049,3484,4585,2403,4724,109192,28911,4104,2477,21319,2,0,17,11
2021-03-22T23:59:59+01:00,0,2,3522,3770,6344,7151,6622,8620,7954,10953,8767,10563,8543,9062,11518,14378,5553,9356,323,326,878,1281,981,1861,1328,2829,1551,2482,1226,1039,3455,4550,2384,4691,108520,28698,4101,2476,20040,2,0,17,11
2021-03-21T23:59:59+01:00,0,2,3520,3768,6340,7140,6605,8604,7935,10934,8711,10505,8423,8945,11446,14275,5551,9353,321,325,869,1278,974,1854,1319,2827,1547,2478,1222,1036,3446,4535,2370,4682,108435,28596,4100,2476,19505,2,0,17,11
2021-03-20T23:59:59+01:00,0,2,3512,3730,6332,7068,6590,8467,7910,10750,8667,10369,8345,8859,11408,14236,5551,9353,321,325,869,1278,974,1853,1318,2827,1547,2476,1222,1036,3446,4534,2370,4681,108402,28591,3888,2475,18842,2,0,17,11
2021-03-19T23:59:59+01:00,0,2,3499,3700,6306,6984,6566,8374,7864,10633,8552,10208,7804,8252,11224,13994,5541,9334,318,324,864,1271,957,1843,1295,2794,1497,2431,1138,968,2779,3744,1957,4111,106782,25805,3588,2475,18450,2,0,17,11
2021-03-18T23:59:59+01:00,0,2,3488,3682,6264,6943,6533,8312,7801,10546,8435,10079,6843,7150,10945,13693,5531,9309,317,324,861,1266,951,1834,1275,2786,1472,2411,1100,951,2572,3505,1801,3890,103751,24830,3429,2475,18359,2,0,17,11
2021-03-17T23:59:59+01:00,0,2,3451,3644,6193,6858,6478,8206,7710,10415,8303,9920,6158,6301,10651,13377,5513,9277,316,324,854,1260,946,1822,1261,2764,1452,2384,1063,926,2453,3379,1722,3780,100931,24220,3428,2475,18081,2,0,17,11
2021-03-16T23:59:59+01:00,0,2,3433,3615,6154,6805,6433,8133,7657,10350,8209,9818,5981,6125,9944,12580,5473,9213,309,314,840,1244,934,1813,1255,2744,1438,2376,1048,905,2238,3137,1588,3584,98675,23283,3418,2473,17815,2,0,17,11
2021-03-15T23:59:59+01:00,0,2,3396,3582,6055,6725,6303,8041,7515,10231,8080,9693,5225,5289,9499,12032,5430,9143,308,313,836,1240,932,1806,1253,2731,1429,2367,1035,892,2095,2964,1502,3490,95153,22710,3411,2472,17660,2,0,17,11
2021-03-14T23:59:59+01:00,0,2,3270,3435,5774,6377,6026,7678,7200,9816,7792,9370,4891,4896,9342,11834,5426,9133,308,312,836,1240,931,1806,1251,2730,1427,2364,1033,890,2092,2961,1499,3489,92746,22689,3356,2469,16143,2,0,17,11
2021-03-13T23:59:59+01:00,0,2,2615,2773,4831,5507,5007,6746,6001,8694,6776,8423,4575,4512,8958,11312,5336,9025,308,312,835,1238,931,1801,1248,2728,1426,2364,1033,889,2068,2925,1469,3454,82031,22549,3356,2469,15689,2,0,17,11
2021-03-12T23:59:59+01:00,0,2,1788,1951,3488,4350,3489,5400,4250,7047,5127,6904,3898,3802,7701,9753,4832,8342,304,309,833,1234,925,1794,1239,2708,1400,2347,987,864,1718,2461,1200,3102,63095,20945,3353,2469,15659,2,0,17,11
2021-03-11T23:59:59+01:00,0,2,1284,1466,2581,3608,2579,4456,3155,5951,3757,5509,2711,2516,5994,7628,4063,7163,299,300,817,1225,912,1771,1221,2679,1375,2301,950,844,1560,2230,1077,2913,45701,19995,3351,2469,15354,2,0,17,10
2021-03-10T23:59:59+01:00,0,2,1060,1245,2212,3244,2203,4063,2701,5509,2846,4539,1576,1311,4637,5900,3504,6393,289,290,799,1206,890,1735,1187,2606,1336,2235,925,824,1380,2040,981,2739,34632,19091,3351,2361,14947,2,0,15,10
2021-03-09T23:59:59+01:00,0,2,1044,1217,2145,3101,2138,3948,2616,5375,2762,4413,1541,1280,4554,5821,3462,6332,285,283,785,1185,872,1709,1162,2565,1318,2206,910,812,1302,1916,910,2628,34206,18521,3348,2317,14182,2,0,15,10
2021-03-08T23:59:59+01:00,0,2,1022,1186,2088,3000,2098,3866,2557,5262,2706,4341,1500,1259,4405,5658,3360,6186,285,279,780,1177,870,1700,1154,2557,1310,2190,885,791,1135,1691,785,2464,33497,17731,3348,2313,13636,1,0,15,10
2021-03-07T23:59:59+01:00,0,2,1017,1167,2048,2957,2056,3825,2517,5197,2665,4304,1495,1256,4398,5650,3358,6186,285,279,780,1177,870,1700,1154,2557,1309,2190,882,791,1126,1681,777,2453,33466,17731,3342,2272,13275,0,0,15,10
2021-03-06T23:59:59+01:00,0,2,1017,1163,2037,2943,2044,3806,2501,5170,2647,4283,1482,1246,4364,5605,3344,6174,285,279,780,1177,870,1699,1154,2557,1309,2190,882,791,1126,1681,777,2452,33321,17730,3341,2271,13151,0,0,15,10
2021-03-05T23:59:59+01:00,0,2,1013,1159,2022,2923,2013,3783,2458,5118,2593,4245,1442,1218,4096,5273,3192,5952,284,276,773,1170,864,1690,1151,2548,1306,2180,868,787,1118,1672,776,2450,32580,17634,2993,2271,12914,0,0,15,10
2021-03-04T23:59:59+01:00,0,2,919,1012,1934,2795,1945,3645,2382,4962,2502,4086,1411,1197,3855,5013,2927,5603,284,274,771,1165,861,1682,1150,2534,1302,2171,835,772,1106,1661,769,2438,31327,17519,2989,2248,11859,0,0,15,10
2021-03-03T23:59:59+01:00,0,2,872,904,1869,2699,1874,3540,2312,4846,2428,4002,1398,1184,3745,4907,2705,5331,283,272,770,1155,858,1664,1144,2492,1292,2144,815,768,1098,1643,762,2431,30651,17493,2872,2090,11080,0,0,15,10
2021-03-02T23:59:59+01:00,0,2,827,829,1772,2575,1789,3416,2222,4722,2368,3922,1363,1162,3611,4772,2502,4983,283,271,769,1149,854,1661,1139,2487,1288,2134,813,766,1084,1622,751,2412,29918,17386,2683,2089,10221,0,0,15,10
2021-03-01T23:59:59+01:00,0,2,804,790,1672,2431,1718,3272,2122,4550,2288,3801,1345,1150,3559,4709,2458,4921,283,269,765,1145,853,1649,1135,2475,1283,2124,805,762,1079,1611,744,2405,29664,17290,2599,2089,9314,0,0,15,10
2021-02-28T23:59:59+01:00,0,2,798,766,1653,2365,1690,3200,2099,4450,2274,3734,1339,1144,3549,4694,2444,4911,282,268,765,1144,853,1644,1135,2473,1283,2119,801,760,1071,1598,740,2395,29557,17267,2597,2056,8943,0,0,15,10
2021-02-27T23:59:59+01:00,0,2,783,749,1631,2304,1673,3086,2080,4324,2252,3638,1336,1141,3549,4692,2443,4910,282,268,765,1144,853,1643,1135,2473,1283,2118,801,760,1061,1592,723,2381,29552,17265,2596,2009,8430,0,0,15,10
2021-02-26T23:59:59+01:00,0,2,655,668,1524,2191,1620,2926,2016,4085,2150,3400,1243,1070,2894,3898,2016,4326,282,268,764,1142,852,1642,1135,2471,1281,2115,799,755,1043,1579,713,2365,26746,17191,2596,2007,7327,0,0,15,10
2021-02-25T23:59:59+01:00,0,2,505,588,1405,2088,1552,2797,1952,3955,2050,3286,1193,1038,2663,3628,1850,4083,265,253,739,1118,810,1572,1087,2369,1207,2022,743,733,1011,1542,701,2337,25673,17098,2564,1403,6383,0,0,15,10
2021-02-24T23:59:59+01:00,0,2,475,557,1336,1975,1479,2653,1882,3801,1971,3135,1153,1008,2524,3490,1771,3964,236,240,712,1073,783,1509,1057,2308,1152,1971,716,710,964,1513,690,2307,25015,16910,2552,1023,5594,0,0,15,10
2021-02-23T23:59:59+01:00,0,2,418,516,1253,1835,1403,2505,1805,3590,1899,3013,1127,972,2319,3259,1644,3773,231,234,697,1049,771,1470,1035,2260,1126,1930,707,698,954,1499,687,2303,24078,16817,2542,826,4698,0,0,15,10
2021-02-22T23:59:59+01:00,0,2,405,482,1153,1723,1300,2408,1695,3483,1818,2942,1105,958,2176,3086,1559,3677,220,225,675,997,740,1407,1009,2166,1082,1848,664,666,885,1422,651,2246,23498,16627,2538,268,3921,0,0,15,10
2021-02-21T23:59:59+01:00,0,2,386,466,1050,1690,1147,2384,1537,3459,1713,2923,1097,956,2175,3085,1559,3677,193,219,644,989,729,1399,995,2161,1073,1846,661,663,882,1417,643,2239,23468,16491,2538,254,3285,0,0,15,10
2021-02-20T23:59:59+01:00,0,2,386,464,1049,1690,1146,2384,1535,3457,1713,2921,1097,955,2174,3085,1558,3676,191,217,641,989,725,1398,989,2158,1071,1846,661,663,882,1417,643,2239,23461,16468,2537,254,3279,0,0,15,10
2021-02-19T23:59:59+01:00,0,2,381,455,1037,1686,1136,2374,1520,3438,1679,2906,1046,927,1802,2577,1261,3293,170,207,615,984,707,1390,972,2156,1065,1844,658,662,879,1417,642,2238,21714,16344,2537,254,3254,0,0,15,10
2021-02-18T23:59:59+01:00,0,2,361,435,997,1603,1098,2287,1467,3319,1638,2816,1015,904,1626,2333,1131,3085,150,196,576,973,687,1377,938,2139,1040,1824,647,643,858,1389,628,2217,20722,16020,2537,254,2843,0,0,15,10
2021-02-17T23:59:59+01:00,0,2,338,382,912,1460,989,2087,1332,3063,1526,2595,978,873,1437,2121,1030,2907,144,189,564,942,661,1326,905,2061,987,1748,612,611,851,1363,623,2198,19641,15523,2537,254,1839,0,0,15,10
2021-02-16T23:59:59+01:00,0,2,332,343,868,1322,937,1899,1270,2838,1458,2433,966,856,1374,2025,963,2811,138,176,550,899,646,1272,877,1997,957,1706,602,601,829,1332,610,2138,19271,15204,2536,118,875,0,0,15,10
2021-02-15T23:59:59+01:00,0,2,316,303,840,1291,920,1843,1230,2754,1420,2376,937,823,1196,1791,832,2634,129,168,528,872,628,1210,850,1923,934,1629,581,564,811,1295,601,2096,18353,14733,2535,78,607,0,0,13,10
2021-02-14T23:59:59+01:00,0,2,316,303,839,1291,919,1843,1228,2754,1420,2376,937,823,1196,1791,832,2633,129,168,527,864,624,1205,844,1917,930,1626,580,563,809,1294,600,2093,18351,14688,2535,77,604,0,0,13,10
2021-02-13T23:59:59+01:00,0,2,316,303,839,1291,919,1840,1228,2752,1420,2374,936,823,1196,1790,830,2633,129,168,527,864,624,1205,842,1914,928,1622,578,563,794,1274,588,2077,18344,14686,2531,3,604,0,0,13,10
2021-02-12T23:59:59+01:00,0,2,312,302,829,1286,915,1810,1222,2725,1392,2345,934,821,1195,1787,830,2633,129,168,525,861,623,1198,836,1902,922,1609,575,561,780,1262,582,2063,18336,14585,2531,3,460,0,0,13,10
2021-02-11T23:59:59+01:00,0,2,293,293,814,1251,909,1775,1205,2659,1370,2290,899,807,1184,1775,829,2623,127,154,507,819,600,1132,802,1802,899,1549,561,547,756,1226,568,2031,18222,14070,2530,2,213,0,0,13,10
2021-02-10T23:59:59+01:00,0,2,290,287,795,1213,896,1745,1193,2613,1355,2248,894,805,1169,1759,824,2606,123,145,440,732,554,1038,723,1675,840,1463,542,531,741,1205,558,2004,18198,13314,2425,2,59,0,0,12,0
2021-02-09T23:59:59+01:00,0,2,290,284,790,1199,884,1727,1178,2594,1340,2224,879,798,1155,1738,813,2581,106,125,384,643,500,904,644,1469,749,1268,490,452,622,1042,489,1764,18082,11653,2379,0,3,0,0,12,0
2021-02-08T23:59:59+01:00,0,2,289,283,788,1194,883,1720,1176,2590,1333,2216,873,794,1138,1716,796,2555,95,102,338,546,447,798,554,1252,641,1102,414,378,538,846,392,1445,17957,9890,2376,0,1,0,0,12,0
2021-02-07T23:59:59+01:00,0,2,288,282,786,1193,882,1720,1176,2589,1333,2213,866,792,1135,1713,795,2553,93,101,336,541,445,794,552,1243,637,1096,409,373,518,820,385,1430,17930,9775,2376,0,0,0,0,12,0
2021-02-06T23:59:59+01:00,0,2,288,281,785,1192,882,1719,1176,2589,1333,2212,865,791,1133,1707,793,2551,93,100,336,538,444,793,551,1239,635,1095,405,368,468,750,356,1384,17913,9557,2374,0,0,0,0,12,0
2021-02-05T23:59:59+01:00,0,2,288,281,785,1191,881,1717,1175,2588,1332,2207,858,784,1109,1696,786,2535,87,97,328,532,427,775,525,1204,606,1052,382,340,446,724,339,1338,17829,9203,2374,0,0,0,0,12,0
2021-02-04T23:59:59+01:00,0,2,285,273,782,1169,869,1694,1161,2560,1316,2184,835,770,1081,1666,779,2517,72,79,256,411,332,606,407,976,494,843,309,276,341,587,279,1125,17580,7393,2351,0,0,0,0,12,0
2021-02-03T23:59:59+01:00,0,2,284,268,778,1147,866,1665,1154,2509,1303,2151,812,756,1064,1643,769,2501,58,56,170,282,258,450,286,726,368,594,209,194,242,430,195,845,17473,5363,2187,0,0,0,0,12,0
2021-02-02T23:59:59+01:00,0,2,283,262,774,1138,859,1643,1146,2482,1292,2133,805,748,1055,1631,766,2489,36,36,92,140,149,260,173,453,235,374,135,124,165,261,136,542,17309,3311,2187,0,0,0,0,12,0
2021-02-01T23:59:59+01:00,0,2,281,259,769,1119,851,1623,1139,2451,1287,2098,796,734,1048,1620,762,2473,11,13,15,28,26,66,46,89,71,106,49,45,58,75,39,178,17114,915,2187,0,0,0,0,11,0
2021-01-31T23:59:59+01:00,0,2,275,257,753,1117,843,1612,1129,2440,1276,2089,790,728,1038,1602,755,2460,10,13,14,27,24,63,40,84,64,98,46,45,53,68,36,165,17078,850,2077,0,0,0,0,11,0
2021-01-30T23:59:59+01:00,0,2,275,257,753,1116,842,1612,1129,2440,1276,2089,789,728,1028,1595,738,2446,10,11,14,27,24,63,40,84,63,96,45,44,52,68,36,164,17074,841,2030,0,0,0,0,11,0
2021-01-29T23:59:59+01:00,0,2,275,257,753,1115,842,1612,1129,2440,1276,2088,788,727,1027,1593,738,2444,9,6,12,25,24,62,38,82,62,96,44,43,52,68,36,164,17067,823,2028,0,0,0,0,11,0
2021-01-28T23:59:59+01:00,0,2,271,252,741,1090,807,1557,1092,2379,1198,2029,747,713,998,1573,722,2422,4,0,3,6,9,26,19,37,20,48,21,22,23,45,15,97,16886,395,1696,0,0,0,0,11,0
2021-01-27T23:59:59+01:00,0,2,265,245,718,1058,759,1502,1032,2298,1116,1948,712,686,983,1552,719,2414,3,0,3,4,6,22,15,23,13,35,6,9,10,10,4,27,16425,190,1573,0,0,0,0,11,0
2021-01-26T23:59:59+01:00,0,2,241,236,701,1032,751,1452,1012,2222,1088,1883,700,672,960,1536,709,2395,3,0,1,4,5,12,13,12,6,11,3,5,6,7,1,16,16372,105,1209,0,0,0,0,11,0
2021-01-25T23:59:59+01:00,0,2,208,221,648,959,698,1329,968,2073,1029,1746,652,616,882,1441,665,2322,3,0,1,4,5,12,13,12,6,11,3,5,6,7,1,16,16139,105,309,0,0,0,0,11,0
2021-01-24T23:59:59+01:00,0,2,191,215,622,947,679,1315,950,2057,1014,1736,644,610,872,1421,656,2309,3,0,1,4,5,11,12,12,5,11,3,5,6,7,1,16,15965,102,264,0,0,0,0,11,0
2021-01-23T23:59:59+01:00,0,2,191,215,622,947,679,1315,950,2057,1014,1736,644,610,872,1421,656,2309,3,0,1,4,5,11,10,12,5,11,3,5,6,7,1,16,15965,100,264,0,0,0,0,11,0
2021-01-22T23:59:59+01:00,0,2,144,197,564,937,661,1300,916,2047,1001,1725,639,609,871,1421,656,2309,3,0,0,4,5,11,10,12,5,11,3,5,6,7,1,16,15724,99,264,0,0,0,0,11,0
2021-01-21T23:59:59+01:00,0,2,139,189,549,913,639,1259,883,1993,979,1677,625,588,859,1389,649,2290,3,0,0,4,4,11,9,12,5,11,3,5,6,7,1,15,15347,96,264,0,0,0,0,11,0
2021-01-20T23:59:59+01:00,0,2,134,173,502,847,616,1178,820,1883,942,1606,604,571,842,1366,639,2262,3,0,0,4,4,11,9,12,5,11,3,5,6,7,1,15,14714,96,262,0,0,0,0,11,0
2021-01-19T23:59:59+01:00,0,2,123,154,430,760,553,1044,736,1692,841,1444,556,521,743,1206,562,2008,3,0,0,4,4,9,9,12,5,11,3,5,6,7,1,15,13171,94,193,0,0,0,0,11,0
2021-01-18T23:59:59+01:00,0,2,104,122,361,606,462,870,605,1424,715,1235,488,455,659,1045,495,1736,1,0,0,1,0,1,0,0,0,0,0,0,0,1,0,0,11290,4,83,0,0,0,0,11,0
2021-01-17T23:59:59+01:00,0,2,100,120,357,600,460,865,603,1405,707,1225,483,444,632,1014,478,1694,1,0,0,1,0,1,0,0,0,0,0,0,0,1,0,0,11096,4,82,0,0,0,0,11,0
2021-01-16T23:59:59+01:00,0,2,100,117,355,592,457,860,592,1392,696,1213,466,429,535,885,416,1595,0,0,0,1,0,1,0,0,0,0,0,0,0,0,0,0,10688,2,3,0,0,0,0,11,0
2021-01-15T23:59:59+01:00,0,2,99,115,350,590,451,856,586,1385,679,1197,450,411,527,873,408,1572,0,0,0,0,0,0,0,0,0,0,0,0,0,0,0,0,10539,0,1,0,0,0,0,11,0
2021-01-14T23:59:59+01:00,0,0,81,93,292,488,372,691,467,1130,558,1012,370,327,412,715,335,1332,0,0,0,0,0,0,0,0,0,0,0,0,0,0,0,0,8664,0,0,0,0,0,0,11,0
2021-01-13T23:59:59+01:00,0,0,67,70,208,370,296,513,352,847,431,718,256,228,303,536,252,1023,0,0,0,0,0,0,0,0,0,0,0,0,0,0,0,0,6460,0,0,0,0,0,0,10,0
2021-01-12T23:59:59+01:00,0,0,45,47,126,218,182,319,211,538,285,447,161,145,196,351,172,686,0,0,0,0,0,0,0,0,0,0,0,0,0,0,0,0,4129,0,0,0,0,0,0,0,0
2021-01-11T23:59:59+01:00,0,0,11,15,42,60,42,94,60,119,94,134,65,58,83,103,49,223,0,0,0,0,0,0,0,0,0,0,0,0,0,0,0,0,1252,0,0,0,0,0,0,0,0
2021-01-10T23:59:59+01:00,0,0,11,15,29,49,35,76,51,110,81,124,57,54,77,93,46,209,0,0,0,0,0,0,0,0,0,0,0,0,0,0,0,0,1117,0,0,0,0,0,0,0,0
2021-01-09T23:59:59+01:00,0,0,11,14,26,48,35,76,50,109,79,121,56,53,76,92,45,208,0,0,0,0,0,0,0,0,0,0,0,0,0,0,0,0,1099,0,0,0,0,0,0,0,0
2021-01-08T23:59:59+01:00,0,0,7,7,26,42,33,73,47,107,78,120,53,49,71,87,41,208,0,0,0,0,0,0,0,0,0,0,0,0,0,0,0,0,1049,0,0,0,0,0,0,0,0
2021-01-07T23:59:59+01:00,0,0,5,1,9,21,15,39,28,77,34,82,32,27,47,74,28,162,0,0,0,0,0,0,0,0,0,0,0,0,0,0,0,0,681,0,0,0,0,0,0,0,0
2021-01-06T23:59:59+01:00,0,0,5,0,4,8,10,31,25,43,19,52,26,24,34,51,19,120,0,0,0,0,0,0,0,0,0,0,0,0,0,0,0,0,471,0,0,0,0,0,0,0,0
2021-01-05T23:59:59+01:00,0,0,5,0,4,8,10,31,25,43,19,52,26,24,34,50,19,120,0,0,0,0,0,0,0,0,0,0,0,0,0,0,0,0,470,0,0,0,0,0,0,0,0
2021-01-04T23:59:59+01:00,0,0,4,0,1,3,4,12,13,12,5,12,3,5,6,8,1,17,0,0,0,0,0,0,0,0,0,0,0,0,0,0,0,0,106,0,0,0,0,0,0,0,0
2021-01-03T23:59:59+01:00,0,0,3,0,1,3,4,10,12,12,5,12,3,5,6,8,1,16,0,0,0,0,0,0,0,0,0,0,0,0,0,0,0,0,101,0,0,0,0,0,0,0,0
2021-01-02T23:59:59+01:00,0,0,3,0,1,3,4,10,10,12,5,12,3,5,6,8,1,16,0,0,0,0,0,0,0,0,0,0,0,0,0,0,0,0,99,0,0,0,0,0,0,0,0
2021-01-01T23:59:59+01:00,0,0,3,0,0,3,4,10,10,12,5,12,3,5,6,7,1,16,0,0,0,0,0,0,0,0,0,0,0,0,0,0,0,0,97,0,0,0,0,0,0,0,0
2020-12-31T23:59:59+01:00,0,0,3,0,0,3,4,10,9,12,5,12,3,5,6,7,1,16,0,0,0,0,0,0,0,0,0,0,0,0,0,0,0,0,96,0,0,0,0,0,0,0,0
2020-12-30T23:59:59+01:00,0,0,3,0,0,3,4,10,9,12,5,12,3,5,6,7,1,16,0,0,0,0,0,0,0,0,0,0,0,0,0,0,0,0,96,0,0,0,0,0,0,0,0
2020-12-29T23:59:59+01:00,0,0,3,0,0,3,4,8,9,12,5,12,3,5,6,7,1,16,0,0,0,0,0,0,0,0,0,0,0,0,0,0,0,0,94,0,0,0,0,0,0,0,0
2020-12-28T23:59:59+01:00,0,0,3,0,0,3,4,8,9,12,5,12,3,5,6,7,1,16,0,0,0,0,0,0,0,0,0,0,0,0,0,0,0,0,94,0,0,0,0,0,0,0,0
2020-12-27T23:59:59+01:00,0,0,1,0,0,0,0,0,0,0,0,0,0,0,1,3,0,7,0,0,0,0,0,0,0,0,0,0,0,0,0,0,0,0,12,0,0,0,0,0,0,0,0
