Datum,<15_m,<15_w,15-24_1_m,15-24_1_w,25-34_1_m,25-34_1_w,35-44_1_m,35-44_1_w,45-54_1_m,45-54_1_w,55-64_1_m,55-64_1_w,65-74_1_m,65-74_1_w,75-84_1_m,75-84_1_w,>84_1_m,>84_1_w,<24_2_m,<24_2_w,25-34_2_m,25-34_2_w,35-44_2_m,35-44_2_w,45-54_2_m,45-54_2_w,55-64_2_m,55-64_2_w,65-74_2_m,65-74_2_w,75-84_2_m,75-84_2_w,>84_2_m,>84_2_w,bp_1,bp_2,mo_1,mo_2,az_1,az_2,ja,unb_1,unb_2
2021-07-18T23:59:59+02:00,1615,1410,19825,19150,29992,27623,31255,31310,37158,37744,41140,41524,27376,30556,19530,24484,5939,10052,9254,9047,18260,17528,21286,22277,29617,30683,34566,35792,25432,28353,18467,22998,5657,9485,301693,226844,44172,38166,77196,59193,14553,69,95
2021-07-17T23:59:59+02:00,1614,1406,19818,19148,29992,27621,31255,31307,37153,37743,41136,41522,27376,30555,19529,24484,5939,10052,9233,9032,18229,17507,21268,22265,29607,30677,34547,35788,25430,28351,18467,22997,5657,9485,301661,226692,44172,38164,77196,59182,14552,69,95
2021-07-16T23:59:59+02:00,1561,1361,19545,18900,29867,27524,31172,31236,37098,37681,41096,41490,27358,30538,19522,24474,5937,10046,9123,8928,17890,17243,20990,22029,29270,30387,34440,35720,25408,28331,18460,22985,5655,9484,300671,225517,44149,37577,77194,59052,14323,69,17
2021-07-15T23:59:59+02:00,1503,1318,19285,18655,29688,27377,31065,31138,37016,37600,41032,41423,27316,30509,19506,24460,5933,10043,8764,8630,16994,16421,19468,20820,28362,29474,33826,35147,25242,28153,18407,22936,5649,9472,299415,219499,44106,36143,77185,58137,14092,69,17
2021-07-14T23:59:59+02:00,1491,1306,19256,18619,29665,27354,31043,31109,37005,37588,41013,41417,27308,30502,19497,24453,5932,10040,8478,8335,16446,15825,18978,20311,27803,28979,33434,34775,25131,28028,18368,22871,5644,9462,299153,215373,44104,35786,77182,57712,14090,69,17
2021-07-13T23:59:59+02:00,1479,1297,19219,18594,29648,27330,31022,31094,36991,37562,40990,41389,27299,30488,19495,24448,5931,10034,8177,8076,16048,15472,18706,20035,27542,28731,33163,34520,25034,27910,18335,22830,5642,9457,298875,212689,44103,35752,77181,57225,14082,69,17
2021-07-12T23:59:59+02:00,1464,1288,19177,18577,29616,27302,31005,31073,36979,37545,40973,41374,27296,30484,19493,24442,5930,10034,7917,7860,15772,15200,18013,19493,27232,28415,32754,34163,24867,27718,18276,22755,5636,9452,298627,211422,44102,33843,77181,56249,14073,69,17
2021-07-11T23:59:59+02:00,1456,1280,19147,18550,29586,27274,30990,31045,36971,37524,40960,41362,27287,30475,19491,24442,5929,10033,7874,7814,15708,15132,17927,19439,27149,28354,32643,34102,24814,27674,18256,22733,5636,9449,298387,210858,44101,33833,77179,56008,14066,69,17
2021-07-10T23:59:59+02:00,1327,1165,18647,18133,29146,26983,30709,30816,36728,37365,40761,41212,27215,30415,19465,24410,5926,10030,7746,7745,15431,15001,17714,19294,26909,28217,32479,33985,24749,27628,18240,22721,5635,9449,296203,210450,43968,33717,77150,55773,13063,69,17
2021-07-09T23:59:59+02:00,1317,1159,18620,18103,29126,26966,30697,30803,36718,37353,40750,41204,27211,30411,19463,24406,5926,10029,7704,7699,15362,14936,17652,19201,26690,27987,32231,33772,24687,27565,18218,22695,5635,9446,296063,210176,43949,33714,77149,54613,13032,69,17
2021-07-08T23:59:59+02:00,1241,1079,18355,17894,28982,26817,30563,30688,36617,37251,40652,41128,27178,30376,19444,24388,5921,10025,7538,7567,15068,14690,17225,18842,26006,27391,31961,33508,24520,27408,18160,22633,5632,9440,294817,209057,43896,32305,77141,53597,12676,69,17
2021-07-07T23:59:59+02:00,1145,987,18046,17575,28787,26635,30438,30568,36505,37132,40546,41044,27145,30329,19430,24371,5918,10022,7344,7356,14631,14325,16764,18402,25254,26787,31555,33131,24257,27087,18067,22539,5623,9431,293266,206158,43848,31472,77130,52648,12310,69,17
2021-07-06T23:59:59+02:00,1122,971,17969,17514,28744,26587,30389,30522,36469,37097,40512,41012,27128,30304,19419,24358,5916,10019,7128,7125,14289,13972,16422,18055,24511,26141,31258,32868,24067,26873,18019,22468,5616,9424,292702,204116,43845,30072,77129,51764,12307,69,17
2021-07-05T23:59:59+02:00,1080,943,17896,17451,28701,26531,30351,30488,36445,37053,40486,40987,27123,30290,19413,24352,5916,10014,6901,6935,13989,13705,16072,17692,23970,25637,30696,32305,23789,26575,17911,22329,5608,9414,292225,202625,43843,28001,77125,50644,12258,69,17
2021-07-04T23:59:59+02:00,1058,928,17827,17402,28663,26510,30330,30459,36435,37043,40471,40975,27117,30280,19408,24349,5916,10013,6875,6918,13936,13659,15999,17634,23886,25583,30543,32214,23697,26487,17879,22288,5606,9410,291913,202237,43842,27992,77114,50139,12246,69,17
2021-07-03T23:59:59+02:00,644,559,16106,15687,27496,25590,29537,29745,35796,36435,39975,40549,26960,30114,19341,24263,5907,9996,6493,6677,13424,13356,15599,17333,23526,25306,30241,32020,23601,26394,17846,22251,5602,9406,284443,201948,43800,27916,77031,49854,9357,69,17
2021-07-02T23:59:59+02:00,605,521,15977,15542,27335,25444,29458,29686,35766,36408,39956,40536,26954,30104,19338,24260,5907,9996,6445,6607,13351,13256,15511,17203,23383,25124,30088,31857,23408,26184,17757,22173,5600,9403,283544,201270,43800,27758,77029,48971,9351,69,17
2021-07-01T23:59:59+02:00,547,476,15802,15390,27117,25291,29381,29609,35711,36357,39891,40492,26934,30087,19327,24248,5905,9992,6306,6478,13014,12987,14988,16770,22132,24142,29333,31185,23130,25897,17640,22042,5593,9388,282367,197753,43795,26111,77017,47851,9309,69,17
2021-06-30T23:59:59+02:00,517,456,15700,15287,27010,25209,29315,29540,35658,36306,39849,40457,26919,30056,19317,24231,5901,9992,6114,6301,12587,12607,14421,16224,21512,23551,28743,30659,22711,25433,17510,21858,5586,9376,281565,193527,43792,26087,77011,46292,9283,69,17
2021-06-29T23:59:59+02:00,460,408,14941,14621,26751,24990,29222,29442,35579,36226,39781,40410,26898,30033,19310,24218,5901,9990,6002,6178,12331,12344,14028,15830,20726,22933,28162,30111,22264,24910,17358,21685,5578,9366,279078,190395,43791,25583,77003,44582,9240,69,17
2021-06-28T23:59:59+02:00,424,377,14317,13987,26595,24887,29148,29376,35523,36162,39737,40377,26880,30013,19302,24207,5901,9986,5936,6083,12154,12205,13840,15654,20112,22387,27763,29741,21928,24553,17230,21522,5573,9362,277157,188715,43787,24936,76999,43198,9187,69,17
2021-06-27T23:59:59+02:00,347,310,13976,13612,26531,24829,29108,29341,35501,36140,39720,40364,26869,30006,19300,24204,5900,9985,5900,6041,12040,12092,13697,15528,19564,21917,27159,29244,21651,24218,17110,21399,5569,9361,276047,187886,43785,23426,76988,42017,9154,69,17
2021-06-26T23:59:59+02:00,347,310,13965,13601,26515,24818,29102,29335,35496,36139,39717,40363,26868,30005,19300,24204,5900,9985,5894,6038,12028,12089,13691,15524,19551,21906,27114,29209,21506,24090,17070,21343,5568,9359,275977,187859,43783,23422,76988,41539,9153,69,17
2021-06-25T23:59:59+02:00,224,198,12710,12387,25058,23679,28804,29101,35390,36057,39652,40302,26844,29978,19291,24193,5898,9983,5851,5991,11932,12010,13550,15402,19242,21668,26731,28851,21184,23698,16897,21146,5565,9350,269776,186640,43779,23139,76975,40132,9150,69,17
2021-06-24T23:59:59+02:00,160,144,11742,11562,23952,22806,28442,28754,35243,35894,39540,40199,26810,29928,19280,24171,5896,9979,5636,5763,11475,11596,12976,14812,17719,20281,25102,27264,20420,22848,16582,20741,5555,9340,264582,181689,43763,19548,76971,37747,9118,68,17
2021-06-23T23:59:59+02:00,124,120,11386,11244,23459,22444,28200,28514,35066,35769,39453,40113,26780,29902,19272,24134,5894,9968,5563,5651,11263,11382,12678,14462,17331,19875,24356,26500,19631,22104,16390,20490,5547,9324,262012,179345,43757,18937,76966,35218,9039,68,17
2021-06-22T23:59:59+02:00,102,108,11206,11032,23306,22302,28121,28444,34990,35707,39407,40069,26765,29878,19264,24126,5894,9967,5454,5531,10999,11128,12312,14093,16730,19281,23629,25737,19252,21681,16227,20312,5540,9308,260877,176326,43756,18083,76964,33772,9023,68,17
2021-06-21T23:59:59+02:00,89,96,10956,10848,22481,21634,27872,28223,34925,35647,39344,40028,26749,29860,19258,24117,5894,9966,5335,5427,10787,10908,12007,13776,16339,18937,23184,25272,18963,21371,16123,20193,5534,9306,258311,174876,43751,17076,76958,32600,8899,68,17
2021-06-20T23:59:59+02:00,83,95,10892,10759,22236,21419,27615,28026,34845,35569,39299,39984,26740,29847,19256,24113,5892,9963,5294,5373,10704,10809,11912,13676,16146,18754,22914,25034,18862,21265,16070,20135,5528,9302,257037,174573,43749,16021,76957,32350,8822,68,17
2021-06-19T23:59:59+02:00,82,91,10868,10735,22204,21395,27598,28012,34833,35565,39289,39980,26739,29846,19256,24111,5892,9963,5263,5341,10623,10719,11820,13555,15998,18602,22607,24675,18777,21178,16058,20123,5527,9302,256886,174469,43726,14528,76957,32337,8822,68,17
2021-06-18T23:59:59+02:00,79,89,10823,10685,21895,21079,27334,27801,34781,35529,39259,39958,26731,29837,19255,24108,5892,9961,5248,5332,10594,10690,11780,13507,15937,18541,22522,24580,18611,20997,16013,20057,5526,9297,255525,174079,43725,14527,76956,31792,8822,68,17
2021-06-17T23:59:59+02:00,70,81,10245,10260,20628,20124,26476,27071,34413,35204,39007,39770,26667,29758,19235,24072,5885,9957,5050,5195,10221,10438,11343,13111,15262,17934,21164,23277,18158,20513,15850,19886,5522,9282,249784,168816,43707,13955,76945,31004,8419,68,17
2021-06-16T23:59:59+02:00,62,69,9911,9951,19952,19497,25840,26472,34168,35005,38849,39622,26625,29708,19212,24049,5884,9953,4908,5049,9834,10101,10883,12662,14558,17241,20317,22354,17757,20069,15684,19676,5512,9270,245979,165066,43695,12664,76932,29978,8155,68,17
2021-06-15T23:59:59+02:00,48,64,9668,9709,19660,19253,25619,26278,34039,34900,38753,39543,26597,29673,19205,24034,5879,9949,4803,4940,9595,9892,10655,12408,14138,16816,19722,21782,17443,19686,15466,19450,5503,9259,244230,163013,43687,11594,76926,28979,7960,68,17
2021-06-14T23:59:59+02:00,44,60,9537,9586,19364,18996,25444,26135,33920,34821,38692,39505,26580,29653,19199,24023,5879,9946,4734,4878,9417,9754,10486,12273,13882,16603,19406,21489,17279,19531,15365,19319,5502,9255,243049,161564,43685,11592,76922,28344,7661,67,17
2021-06-13T23:59:59+02:00,42,56,9379,9457,19079,18813,25096,25882,33720,34654,38587,39438,26565,29641,19189,24016,5879,9943,4654,4812,9208,9589,10322,12104,13559,16267,19060,21162,17154,19383,15318,19254,5500,9253,241420,160722,43685,11592,76919,26927,7345,67,17
2021-06-12T23:59:59+02:00,42,56,9370,9443,19066,18800,25096,25877,33720,34651,38584,39437,26565,29641,19189,24016,5879,9943,4651,4798,9198,9529,10290,12002,13511,16113,19005,21026,17045,19258,15202,19152,5498,9251,241374,160695,43685,11590,76915,25897,7334,67,17
2021-06-11T23:59:59+02:00,37,52,9214,9262,18835,18590,24304,25209,33544,34498,38452,39325,26532,29608,19179,23993,5879,9938,4574,4683,8983,9275,10034,11710,12994,15566,18038,20137,16860,19062,15162,19108,5495,9248,238483,156705,43684,11589,76912,25317,7305,67,17
2021-06-10T23:59:59+02:00,35,48,8822,8929,18188,18107,23458,24537,33226,34218,38254,39163,26475,29553,19156,23964,5876,9931,4399,4505,8408,8789,9233,10995,11851,14474,16067,18241,15976,18108,14877,18743,5486,9226,234890,147112,43028,11556,76886,23627,7070,66,17
2021-06-09T23:59:59+02:00,18,30,8378,8425,17366,17382,22313,23499,32741,33753,37971,38946,26366,29450,19110,23908,5866,9918,4264,4392,8122,8523,8990,10744,11522,14110,15585,17698,15607,17679,14636,18459,5479,9216,230946,145301,41145,11514,76850,21725,6473,26,17
2021-06-08T23:59:59+02:00,10,20,8060,8111,16897,16965,21896,23135,32498,33561,37809,38817,26322,29409,19100,23885,5863,9913,4144,4310,7868,8271,8686,10400,11169,13763,14946,17001,15155,17158,14375,18182,5474,9198,228232,143610,41113,10403,76841,20015,6059,26,17
2021-06-07T23:59:59+02:00,7,16,7865,7879,16540,16641,21353,22685,32219,33295,37693,38702,26296,29361,19083,23859,5858,9912,4069,4229,7688,8131,8526,10258,11001,13591,14638,16680,14959,16905,14202,17991,5470,9193,226621,142542,40147,10311,76830,19024,5641,25,17
2021-06-06T23:59:59+02:00,5,13,7758,7770,16407,16496,21160,22479,31995,33072,37561,38598,26268,29338,19070,23843,5858,9906,4040,4194,7642,8014,8475,10130,10897,13448,14443,16465,14777,16727,14113,17871,5463,9187,225403,142065,39848,10301,76813,17999,5508,25,17
2021-06-05T23:59:59+02:00,5,13,7736,7756,16378,16469,21153,22476,31985,33066,37559,38597,26267,29338,19069,23842,5858,9906,4031,4155,7627,7949,8461,9997,10883,13277,14425,16360,14740,16672,14104,17861,5463,9186,225294,141984,39848,10301,76812,17399,5494,25,17
2021-06-04T23:59:59+02:00,5,11,7623,7654,16099,16233,20878,22231,31565,32694,37446,38476,26234,29300,19058,23829,5856,9904,4024,4146,7601,7926,8435,9967,10816,13204,14320,16229,14659,16579,14068,17817,5463,9184,223710,141652,39074,9971,76793,17308,5494,25,17
2021-06-03T23:59:59+02:00,3,11,7371,7427,15225,15453,19249,20844,30656,31768,36943,38017,26103,29167,19014,23778,5850,9886,3965,4108,7513,7856,8313,9869,10649,13023,13754,15661,14400,16270,13984,17714,5460,9171,217109,139450,37502,9868,76784,17034,5345,25,17
2021-06-02T23:59:59+02:00,3,11,7236,7285,14842,15025,18818,20444,30188,31315,36717,37753,26039,29103,18994,23750,5847,9885,3935,4078,7449,7770,8226,9779,10510,12893,13310,15231,14277,16087,13957,17677,5457,9166,214033,137670,37071,9775,76784,17002,5342,25,17
2021-06-01T23:59:59+02:00,3,9,6960,7043,14447,14714,18477,20126,29862,31004,36494,37519,25983,29023,18970,23721,5845,9874,3834,3992,7207,7594,7995,9586,10247,12619,12909,14810,13846,15640,13841,17525,5450,9158,211298,135563,37026,9521,76763,16194,4962,25,17
2021-05-31T23:59:59+02:00,3,9,6797,6853,14229,14481,17774,19525,29522,30668,36197,37256,25893,28926,18944,23667,5835,9861,3756,3882,7001,7348,7772,9302,9906,12240,12471,14294,13318,15027,13642,17296,5442,9143,209876,132401,34979,9198,76746,15414,4814,25,17
2021-05-30T23:59:59+02:00,3,9,6774,6839,14183,14443,17697,19466,29472,30630,36166,37233,25881,28914,18941,23661,5834,9859,3713,3808,6854,7142,7624,9074,9705,11931,12215,13953,13197,14858,13574,17214,5439,9136,209582,131685,34967,9098,76692,13902,4739,25,17
2021-05-29T23:59:59+02:00,3,9,6772,6838,14175,14437,17692,19460,29467,30626,36163,37232,25879,28911,18941,23660,5834,9859,3704,3795,6826,7109,7591,9023,9669,11885,12142,13855,13156,14790,13544,17190,5438,9131,209551,131547,34967,9097,76677,13453,4738,25,17
2021-05-28T23:59:59+02:00,3,9,6762,6826,14160,14421,17675,19439,29456,30614,36152,37214,25878,28907,18939,23656,5834,9859,3690,3772,6804,7069,7557,8971,9616,11781,11902,13586,12968,14599,13514,17150,5435,9128,209402,130261,34966,9096,76674,13434,4737,25,17
2021-05-27T23:59:59+02:00,3,9,6671,6746,13892,14204,17191,19092,28779,30073,35993,37084,25832,28873,18924,23642,5833,9853,3566,3612,6517,6819,7181,8667,9119,11223,11195,12692,12420,14036,13385,16959,5428,9116,208328,126761,33529,8767,76632,12213,4180,25,17
2021-05-26T23:59:59+02:00,3,9,6600,6638,13679,14003,16940,18785,28237,29562,35818,36909,25795,28828,18909,23618,5832,9848,3476,3469,6292,6530,6895,8241,8781,10746,10548,11897,11863,13425,13240,16744,5423,9094,206743,123173,32776,8585,76619,11042,3850,25,17
2021-05-25T23:59:59+02:00,3,9,6519,6543,13474,13782,16678,18575,27514,28916,35726,36814,25772,28799,18897,23602,5827,9847,3427,3378,6148,6362,6749,8052,8557,10454,10205,11533,11516,12950,13135,16582,5420,9086,206033,121338,31324,8445,76137,9979,3778,25,17
2021-05-24T23:59:59+02:00,3,9,6448,6446,13297,13582,16457,18292,27106,28491,35381,36416,25715,28731,18878,23579,5826,9845,3414,3356,6090,6280,6704,7970,8498,10358,10132,11436,11343,12721,13089,16491,5412,9066,205502,120720,29107,8400,76129,9487,3739,25,17
2021-05-23T23:59:59+02:00,3,9,6446,6445,13292,13573,16454,18282,27087,28481,35351,36382,25712,28725,18878,23573,5826,9845,3411,3352,6084,6270,6694,7963,8470,10328,10092,11380,11260,12620,13069,16460,5412,9065,205387,120715,29091,7988,76128,9480,3733,25,17
2021-05-22T23:59:59+02:00,3,9,6438,6441,13285,13562,16448,18278,27084,28480,35348,36376,25712,28725,18878,23573,5826,9845,3410,3352,6081,6267,6693,7959,8466,10326,10087,11377,11249,12606,13064,16456,5411,9065,205336,120675,29091,7988,76126,9459,3733,25,17
2021-05-21T23:59:59+02:00,3,9,6379,6381,13133,13456,16276,18127,26815,28304,34920,36109,25687,28689,18870,23567,5825,9841,3401,3342,6048,6246,6663,7926,8427,10277,10033,11327,10735,11895,12925,16297,5408,9060,204650,118923,28966,7985,75088,9426,3662,25,17
2021-05-20T23:59:59+02:00,2,8,6087,6180,12524,13040,15083,17204,24908,26810,33972,35343,25582,28544,18816,23486,5819,9826,3341,3297,5955,6130,6551,7772,8280,10119,9799,11022,10402,11450,12818,16119,5398,9047,199890,116957,27232,7912,72554,9083,3534,24,17
2021-05-19T23:59:59+02:00,2,8,5882,5939,12010,12582,14376,16502,23962,25999,33348,34748,25473,28454,18780,23430,5812,9814,3265,3224,5793,5960,6361,7534,8005,9840,9497,10643,10090,11036,12740,15974,5396,9039,194215,115056,27194,7717,72541,8463,3147,24,17
2021-05-18T23:59:59+02:00,2,7,5712,5830,11609,12260,13753,16004,22807,25050,32683,34143,25357,28319,18734,23380,5807,9805,3222,3196,5683,5854,6201,7376,7800,9630,9304,10406,9923,10788,12596,15755,5387,9030,189265,113931,26691,7649,72497,7772,2785,24,17
2021-05-17T23:59:59+02:00,2,6,5659,5785,11446,12153,13481,15782,21997,24416,32376,33830,25278,28260,18712,23350,5798,9796,3129,3126,5506,5675,6035,7170,7593,9412,9086,10170,9836,10666,12538,15692,5384,9025,187503,113223,25997,7643,72104,6664,2499,24,17
2021-05-16T23:59:59+02:00,2,6,5632,5765,11385,12098,13396,15702,21390,23870,31762,33301,25237,28217,18702,23335,5797,9796,3125,3104,5492,5606,6008,7112,7565,9311,9054,10086,9821,10648,12535,15689,5384,9025,186737,113115,24456,7637,71687,6311,2489,24,16
2021-05-15T23:59:59+02:00,2,6,5623,5756,11352,12089,13366,15692,21317,23799,31229,32927,25226,28212,18701,23332,5796,9795,3111,3089,5473,5564,5994,7037,7525,9196,8822,9833,9788,10617,12501,15638,5384,9024,186688,113110,24444,7499,71040,5950,2024,24,16
2021-05-14T23:59:59+02:00,2,6,5583,5731,11289,12051,13295,15627,20906,23489,30800,32582,25190,28167,18690,23315,5796,9793,3079,3049,5437,5475,5973,6903,7486,8994,8762,9639,9718,10508,12415,15513,5384,9020,185966,112943,24125,7171,70174,5205,2023,24,16
2021-05-13T23:59:59+02:00,2,6,5427,5575,10912,11756,12581,15040,18728,21748,29259,31122,24960,27923,18623,23243,5794,9790,3068,3016,5413,5436,5956,6846,7462,8924,8719,9580,9505,10268,12219,15217,5379,9011,182023,112593,20339,6368,68095,5037,2008,24,16
2021-05-12T23:59:59+02:00,1,6,5398,5548,10840,11698,12480,14952,18607,21625,28896,30758,24869,27828,18606,23214,5793,9785,3068,3012,5407,5430,5946,6832,7438,8909,8681,9526,9322,10039,11991,14897,5376,9004,181077,112314,19703,5512,68092,5031,2008,24,16
2021-05-11T23:59:59+02:00,1,6,5262,5445,10596,11455,12116,14579,18001,20989,27968,29793,24677,27640,18548,23140,5788,9770,3026,2971,5318,5275,5847,6649,7308,8670,8522,9305,9145,9848,11845,14711,5367,8986,177023,111292,18817,5405,67962,4135,1948,24,16
2021-05-10T23:59:59+02:00,1,5,5138,5367,10384,11261,11858,14325,17676,20657,27548,29386,24568,27533,18510,23093,5780,9766,2957,2918,5201,5158,5734,6547,7185,8529,8396,9198,9041,9724,11755,14584,5364,8978,175023,110764,18131,5394,67738,3158,1940,24,16
2021-05-09T23:59:59+02:00,1,5,5066,5319,10286,11149,11759,14208,17337,20376,27158,29013,24482,27447,18481,23057,5777,9763,2891,2887,5055,5115,5559,6504,7019,8500,8271,9163,9029,9714,11737,14564,5364,8978,174629,110688,16857,5384,67248,2339,1926,24,16
2021-05-08T23:59:59+02:00,1,5,5065,5318,10284,11145,11759,14208,17333,20374,27155,29010,24482,27447,18481,23057,5777,9763,2891,2886,5054,5115,5559,6504,7019,8500,8269,9163,9028,9713,11737,14564,5364,8978,174612,110685,16857,5384,67245,2336,1926,24,16
2021-05-07T23:59:59+02:00,1,5,5031,5292,10216,11092,11631,14085,16937,20101,26519,28455,24434,27396,18464,23023,5770,9734,2882,2879,5039,5109,5549,6490,7007,8489,8261,9152,9022,9705,11726,14542,5356,8951,173780,110670,16854,5383,65731,2296,1797,24,16
2021-05-06T23:59:59+02:00,1,5,4761,5131,9755,10749,11074,13571,15856,19084,24121,26175,23936,26874,18358,22921,5765,9720,2840,2835,4972,5034,5506,6399,6923,8370,8130,9005,8922,9595,11702,14492,5353,8948,168763,110129,14407,5328,62879,1770,1786,22,16
2021-05-05T23:59:59+02:00,1,5,4684,5054,9463,10521,10736,13245,15277,18478,23280,25216,23676,26550,18289,22815,5755,9702,2820,2799,4923,4947,5447,6278,6839,8205,8006,8791,8817,9464,11625,14408,5352,8940,165108,109195,13105,5322,62729,1347,1783,22,16
2021-05-04T23:59:59+02:00,1,5,4600,4963,9289,10317,10529,13005,14891,18081,22739,24653,23463,26277,18217,22736,5747,9689,2811,2765,4895,4872,5414,6160,6786,8065,7914,8638,8714,9354,11552,14350,5350,8937,162856,108700,11988,5313,62573,787,1763,22,16
2021-05-03T23:59:59+02:00,1,5,4528,4889,9097,10180,10353,12830,14608,17835,22330,24238,23324,26128,18190,22689,5747,9683,2735,2695,4808,4798,5339,6075,6690,7959,7733,8473,8628,9268,11513,14301,5347,8932,161352,108480,11987,5310,62481,677,813,22,16
2021-05-02T23:59:59+02:00,1,5,4515,4875,9020,10122,10229,12717,14282,17527,22028,23953,23274,26070,18171,22664,5746,9682,2729,2688,4748,4765,5250,5991,6553,7830,7616,8374,8582,9228,11489,14267,5345,8927,160464,108366,11984,5308,62377,660,34,22,16
2021-05-01T23:59:59+02:00,1,5,4515,4873,9018,10121,10228,12717,14279,17524,22026,23953,23273,26069,18171,22664,5746,9682,2729,2688,4748,4765,5250,5991,6553,7830,7616,8374,8582,9228,11489,14267,5345,8927,160448,108366,11984,5308,62377,660,34,22,16
2021-04-30T23:59:59+02:00,0,5,4443,4782,8776,9908,9966,12474,13797,17099,21185,23185,23147,25933,18155,22636,5743,9679,2726,2686,4738,4758,5241,5957,6541,7800,7583,8337,8578,9226,11488,14264,5343,8926,156859,108341,11983,5306,62048,530,1,22,16
2021-04-29T23:59:59+02:00,0,5,4294,4638,8297,9503,9269,11872,12798,16204,19347,21512,22445,25178,18018,22427,5737,9662,2703,2665,4697,4687,5198,5883,6483,7694,7507,8221,8469,9112,11423,14188,5337,8917,147717,107862,11969,5034,61498,273,1,21,16
2021-04-28T23:59:59+02:00,0,5,4261,4619,8226,9429,9193,11787,12680,16085,19130,21298,22357,25086,17990,22386,5735,9657,2700,2654,4671,4628,5171,5840,6453,7621,7458,8139,8452,9088,11407,14166,5336,8911,147338,107670,11879,4962,60685,48,1,21,16
2021-04-27T23:59:59+02:00,0,5,4221,4573,8088,9291,9080,11636,12536,15916,18683,20801,22129,24828,17926,22309,5732,9648,2697,2650,4669,4624,5161,5832,6440,7602,7426,8102,8395,9010,11326,14086,5332,8908,146613,107417,10803,4790,59965,40,1,20,14
2021-04-26T23:59:59+02:00,0,5,4179,4545,7982,9196,8934,11531,12362,15743,18273,20437,21995,24682,17891,22281,5732,9647,2697,2648,4665,4621,5157,5822,6424,7583,7394,8071,8347,8962,11271,14008,5329,8891,145846,107309,10668,4534,58881,35,0,20,14
2021-04-25T23:59:59+02:00,0,5,4165,4530,7946,9166,8870,11469,12228,15613,17928,20109,21797,24446,17851,22226,5728,9642,2697,2648,4664,4620,5155,5818,6419,7580,7392,8067,8291,8903,11249,13980,5329,8890,144472,107288,10657,4368,58570,34,0,20,14
2021-04-24T23:59:59+02:00,0,5,4159,4522,7931,9162,8855,11459,12180,15583,17870,20071,21781,24433,17849,22221,5728,9642,2696,2648,4664,4620,5155,5818,6419,7580,7392,8067,8291,8903,11249,13980,5329,8890,144376,107288,10657,4368,58398,33,0,20,14
2021-04-23T23:59:59+02:00,0,5,4139,4489,7875,9099,8772,11357,11840,15258,17437,19674,21567,24200,17787,22144,5726,9634,2693,2646,4661,4617,5148,5811,6405,7571,7369,8036,8270,8876,11241,13972,5327,8887,143117,107276,10310,4210,57556,32,0,20,14
2021-04-22T23:59:59+02:00,0,5,4090,4424,7743,8907,8587,11098,11514,14839,16524,18690,20998,23496,17653,21964,5717,9615,2684,2640,4656,4597,5125,5784,6364,7535,7300,7990,8137,8722,11099,13821,5323,8878,139386,106658,10188,3960,56271,25,0,19,14
2021-04-21T23:59:59+02:00,0,5,4048,4381,7641,8788,8432,10940,11221,14560,15791,17934,20620,23048,17581,21859,5712,9602,2676,2629,4638,4578,5109,5763,6352,7520,7276,7969,8088,8661,11062,13782,5321,8876,136480,106382,10059,3884,55609,23,0,15,13
2021-04-20T23:59:59+02:00,0,5,4022,4355,7606,8736,8355,10861,11059,14386,15358,17459,20159,22534,17481,21707,5704,9591,2669,2620,4629,4565,5084,5743,6324,7496,7236,7930,7994,8529,10988,13695,5317,8872,134340,105813,9794,3845,55229,22,0,15,13
2021-04-19T23:59:59+02:00,0,5,3992,4305,7545,8632,8263,10722,10902,14205,15105,17165,19681,21969,17316,21493,5693,9579,2664,2619,4623,4561,5071,5728,6305,7479,7211,7886,7941,8475,10962,13649,5314,8867,132281,105480,9440,3842,54836,22,0,15,13
2021-04-18T23:59:59+02:00,0,5,3974,4276,7485,8581,8157,10595,10643,13963,14614,16627,19253,21461,17194,21307,5689,9573,2664,2619,4623,4561,5071,5728,6304,7476,7209,7885,7938,8472,10960,13645,5313,8864,129872,105459,9370,3840,54140,22,0,15,13
2021-04-17T23:59:59+02:00,0,5,3970,4268,7465,8575,8147,10577,10602,13917,14504,16539,19132,21337,17172,21279,5687,9571,2664,2619,4622,4559,5066,5723,6290,7471,7184,7862,7892,8426,10941,13622,5312,8864,129434,105450,9361,3634,53937,22,0,15,13
2021-04-16T23:59:59+02:00,0,5,3959,4225,7393,8453,8044,10420,10408,13656,13835,15782,18565,20694,17047,21104,5676,9554,2661,2616,4617,4554,5062,5712,6274,7460,7146,7827,7586,8040,10851,13484,5304,8848,126593,104663,9301,3346,52911,22,0,15,13
2021-04-15T23:59:59+02:00,0,4,3915,4171,7281,8323,7879,10182,10075,13266,13106,14924,17757,19831,16805,20782,5663,9533,2660,2608,4606,4538,5049,5682,6244,7425,7077,7759,7034,7407,10737,13332,5300,8837,122947,103052,9143,3212,51392,20,0,15,13
2021-04-14T23:59:59+02:00,0,3,3888,4142,7216,8217,7773,10032,9901,13067,12688,14478,17233,19221,16654,20573,5658,9520,2627,2589,4588,4507,5020,5635,6209,7392,7020,7698,6406,6659,10475,13047,5296,8829,121563,100759,8910,3212,49776,15,0,15,13
2021-04-13T23:59:59+02:00,0,3,3885,4136,7179,8201,7716,9999,9793,13015,12315,14187,16544,18377,16418,20273,5654,9514,2603,2562,4568,4482,4996,5602,6150,7324,6931,7597,6196,6410,9917,12400,5288,8810,120875,98606,8693,3205,47626,15,0,15,12
2021-04-12T23:59:59+02:00,0,3,3871,4118,7127,8155,7660,9931,9685,12914,12068,13974,16101,17860,16231,20059,5649,9511,2574,2551,4502,4440,4889,5533,6036,7248,6813,7498,5453,5592,9469,11864,5248,8768,120542,95256,8658,3197,45702,15,0,15,12
2021-04-11T23:59:59+02:00,0,3,3859,4111,7086,8103,7602,9887,9592,12835,11831,13767,15538,17173,15956,19719,5644,9501,2499,2468,4373,4318,4735,5400,5873,7096,6662,7392,5151,5231,9338,11705,5248,8764,119958,93081,8231,3148,44003,14,0,15,12
2021-04-10T23:59:59+02:00,0,3,3841,4092,7047,8056,7558,9831,9532,12776,11739,13682,15321,16982,15907,19651,5643,9494,1942,1901,3556,3598,3861,4635,4868,6176,5807,6607,4878,4925,9210,11552,5242,8755,119494,84341,8231,3148,43415,14,0,15,12
2021-04-09T23:59:59+02:00,0,3,3821,4072,7008,8027,7494,9776,9379,12648,11412,13397,14139,15452,15466,19121,5631,9484,1083,1074,2202,2407,2354,3266,3085,4536,4189,5146,4197,4193,8964,11200,5218,8726,117601,68671,8229,3145,40485,14,0,15,12
2021-04-08T23:59:59+02:00,0,3,3795,4056,6947,7974,7391,9682,9193,12529,11007,13043,13008,14199,15059,18601,5612,9454,582,585,1285,1702,1448,2336,1986,3453,2808,3760,2955,2795,8166,10227,5079,8506,116363,54508,8149,3142,37026,13,0,15,12
2021-04-07T23:59:59+02:00,0,3,3748,4031,6869,7920,7298,9613,9066,12400,10697,12736,12281,13432,14843,18336,5606,9435,351,368,934,1357,1044,1951,1476,2992,1864,2754,1773,1511,7263,9090,4926,8247,115402,44740,7998,3142,34899,9,0,15,12
2021-04-06T23:59:59+02:00,0,3,3732,4019,6847,7882,7243,9546,8973,12320,10486,12518,11896,12937,14622,18040,5595,9421,344,354,926,1347,1029,1930,1449,2964,1805,2695,1694,1445,6856,8539,4776,8010,114124,43004,7899,3141,34044,8,0,13,12
2021-04-05T23:59:59+02:00,0,3,3728,4018,6836,7870,7231,9536,8954,12292,10421,12459,11785,12792,14524,17948,5593,9418,342,348,915,1343,1023,1922,1439,2944,1784,2661,1641,1392,6632,8239,4654,7828,113789,41949,7878,3140,33728,8,0,13,12
2021-04-04T23:59:59+02:00,0,3,3728,4018,6834,7864,7230,9535,8952,12292,10411,12454,11782,12788,14521,17947,5593,9418,342,347,915,1343,1022,1920,1437,2943,1782,2658,1638,1387,6625,8226,4649,7825,113784,41903,7878,3138,33695,8,0,13,12
2021-04-03T23:59:59+02:00,0,3,3728,4018,6834,7863,7229,9535,8952,12292,10410,12454,11782,12787,14519,17945,5593,9418,342,346,913,1339,1020,1919,1436,2938,1780,2658,1633,1375,6582,8145,4614,7790,113780,41674,7878,3138,33691,8,0,13,12
2021-04-02T23:59:59+02:00,0,3,3726,4016,6832,7860,7223,9529,8941,12285,10395,12438,11655,12673,14476,17889,5589,9410,340,344,911,1332,1014,1908,1421,2913,1740,2619,1538,1289,5820,7248,4182,7228,113659,39013,7874,2816,33394,8,0,13,12
2021-04-01T23:59:59+02:00,0,2,3687,4004,6798,7838,7181,9499,8889,12246,10325,12368,11317,12267,14103,17381,5585,9397,335,341,895,1317,1002,1889,1389,2867,1681,2555,1415,1196,4894,6146,3632,6407,113277,35132,6475,2811,33122,8,0,13,12
2021-03-31T23:59:59+02:00,0,2,3681,4000,6783,7819,7165,9481,8854,12215,10240,12297,10987,11863,13761,16888,5579,9376,332,338,887,1309,992,1874,1369,2839,1631,2520,1350,1144,4322,5482,3286,5949,112707,32868,5480,2738,32791,8,0,13,12
2021-03-30T23:59:59+02:00,0,2,3663,3976,6747,7781,7108,9415,8766,12111,10078,12142,10729,11586,13538,16622,5573,9362,328,332,881,1299,985,1868,1346,2833,1605,2494,1324,1118,4204,5360,3226,5857,111886,32499,5230,2543,32070,8,0,13,12
2021-03-29T23:59:59+02:00,0,2,3654,3954,6721,7759,7068,9362,8670,12016,9897,11935,10297,11118,13165,16156,5556,9329,323,328,877,1289,979,1860,1338,2822,1589,2485,1299,1104,4071,5217,3129,5727,110215,31883,4922,2537,31509,7,0,13,12
2021-03-28T23:59:59+02:00,0,2,3614,3899,6606,7602,6951,9222,8543,11823,9745,11746,10086,10858,12990,15970,5551,9319,323,328,877,1289,977,1859,1337,2822,1588,2483,1291,1101,4038,5175,3103,5702,109843,31841,4659,2436,30012,6,0,13,12
2021-03-27T23:59:59+01:00,0,2,3613,3888,6594,7537,6922,9108,8494,11652,9693,11592,9972,10735,12896,15882,5550,9319,323,327,877,1289,977,1856,1337,2820,1584,2482,1289,1099,4012,5140,3090,5687,109834,31738,4659,2435,28943,6,0,13,12
2021-03-26T23:59:59+01:00,0,2,3607,3880,6566,7500,6893,9035,8446,11540,9602,11464,9923,10672,12850,15828,5543,9299,318,325,876,1286,973,1844,1334,2799,1564,2470,1264,1083,3832,4919,2984,5534,109778,30995,4439,2394,28420,6,0,13,12
2021-03-25T23:59:59+01:00,0,2,3584,3849,6475,7374,6801,8871,8255,11308,9293,11148,9546,10290,12547,15514,5538,9290,318,324,874,1278,970,1833,1321,2786,1540,2451,1238,1064,3600,4678,2735,5200,109406,29801,4232,2394,26034,5,0,13,12
2021-03-24T23:59:59+01:00,0,2,3530,3798,6388,7189,6681,8645,8088,11073,9068,10824,9131,9803,12130,15055,5527,9280,318,323,873,1275,965,1831,1314,2782,1524,2435,1230,1054,3535,4605,2555,4980,108896,29192,4096,2394,23207,3,0,13,12
2021-03-23T23:59:59+01:00,0,2,3512,3765,6339,7133,6606,8587,7970,10944,8820,10591,8711,9334,11679,14536,5518,9265,318,323,872,1265,960,1822,1309,2773,1520,2428,1207,1029,3443,4529,2364,4667,108084,28422,4003,2394,21212,3,0,13,12
2021-03-22T23:59:59+01:00,0,2,3504,3745,6296,7104,6572,8540,7904,10868,8671,10455,8432,8981,11376,14211,5482,9226,316,318,866,1255,952,1815,1302,2762,1511,2418,1196,1020,3415,4494,2345,4634,107414,28213,4000,2393,19942,3,0,13,12
2021-03-21T23:59:59+01:00,0,2,3502,3743,6292,7093,6555,8524,7885,10849,8615,10398,8313,8864,11306,14109,5480,9223,314,317,857,1252,945,1809,1293,2760,1507,2414,1192,1017,3406,4479,2331,4625,107329,28112,3999,2393,19412,3,0,13,12
2021-03-20T23:59:59+01:00,0,2,3494,3705,6284,7022,6540,8387,7860,10665,8571,10262,8235,8778,11268,14070,5480,9223,314,317,857,1252,945,1809,1292,2760,1507,2412,1192,1017,3406,4478,2331,4624,107297,28108,3787,2392,18749,3,0,13,12
2021-03-19T23:59:59+01:00,0,2,3481,3676,6258,6940,6516,8295,7815,10548,8458,10102,7699,8173,11085,13829,5470,9205,311,316,852,1245,928,1799,1269,2729,1457,2367,1108,950,2743,3692,1922,4056,105687,25339,3488,2392,18364,3,0,13,12
2021-03-18T23:59:59+01:00,0,2,3470,3658,6217,6899,6483,8234,7752,10463,8343,9973,6744,7082,10808,13529,5460,9180,310,316,849,1240,922,1791,1250,2721,1432,2348,1071,933,2536,3453,1766,3835,102679,24368,3331,2392,18274,3,0,13,12
2021-03-17T23:59:59+01:00,0,2,3433,3620,6146,6815,6430,8131,7662,10337,8213,9815,6065,6243,10522,13226,5443,9154,309,316,842,1236,918,1779,1236,2699,1414,2324,1035,911,2417,3329,1687,3726,99917,23773,3330,2392,17997,3,0,13,12
2021-03-16T23:59:59+01:00,0,2,3415,3591,6107,6762,6385,8058,7609,10273,8123,9714,5889,6067,9833,12444,5404,9091,302,307,828,1220,906,1770,1230,2680,1401,2316,1021,892,2205,3091,1554,3532,97702,22852,3320,2390,17732,3,0,13,12
2021-03-15T23:59:59+01:00,0,2,3378,3559,6011,6683,6256,7966,7467,10154,7994,9589,5137,5234,9391,11897,5361,9021,301,306,825,1216,905,1763,1228,2667,1392,2307,1008,880,2063,2919,1468,3439,94196,22286,3313,2389,17578,2,0,13,12
2021-03-14T23:59:59+01:00,0,2,3253,3412,5735,6337,5980,7605,7155,9740,7710,9276,4804,4843,9234,11700,5357,9011,301,306,825,1216,904,1763,1226,2666,1390,2304,1006,878,2060,2916,1465,3438,91805,22266,3258,2386,16078,2,0,13,12
2021-03-13T23:59:59+01:00,0,2,2599,2750,4797,5469,4962,6676,5960,8622,6695,8333,4491,4460,8851,11181,5267,8903,301,306,824,1214,904,1758,1223,2664,1389,2304,1006,877,2036,2880,1435,3403,81121,22126,3258,2386,15626,2,0,13,12
2021-03-12T23:59:59+01:00,0,2,1773,1929,3461,4319,3456,5344,4214,6983,5061,6827,3826,3757,7604,9635,4767,8224,297,303,822,1210,898,1751,1214,2645,1363,2287,960,852,1688,2419,1167,3052,62317,20530,3255,2386,15597,2,0,13,12
2021-03-11T23:59:59+01:00,0,2,1273,1452,2558,3580,2552,4405,3121,5894,3699,5443,2651,2480,5913,7526,4004,7050,292,294,806,1201,885,1728,1196,2616,1338,2241,923,832,1531,2190,1044,2864,45044,19584,3253,2386,15293,2,0,13,11
2021-03-10T23:59:59+01:00,0,2,1049,1234,2191,3220,2178,4014,2670,5454,2796,4476,1523,1283,4565,5811,3449,6282,282,284,788,1182,863,1692,1163,2543,1300,2176,898,812,1352,2000,948,2691,34040,18684,3253,2279,14891,2,0,13,11
2021-03-09T23:59:59+01:00,0,2,1033,1207,2125,3079,2113,3899,2585,5320,2713,4350,1489,1253,4490,5738,3410,6225,278,277,774,1161,846,1665,1138,2503,1282,2148,884,800,1275,1876,877,2581,33636,18119,3250,2235,14132,2,0,13,11
2021-03-08T23:59:59+01:00,0,2,1012,1176,2068,2980,2073,3817,2526,5207,2657,4278,1451,1233,4344,5580,3309,6084,278,273,769,1153,844,1656,1130,2495,1275,2132,860,779,1109,1651,754,2417,32947,17334,3250,2231,13587,1,0,13,11
2021-03-07T23:59:59+01:00,0,2,1007,1157,2029,2937,2031,3776,2486,5142,2616,4241,1446,1230,4337,5572,3307,6084,278,273,769,1153,844,1656,1130,2495,1274,2132,857,779,1100,1641,746,2406,32917,17334,3244,2190,13226,0,0,13,11
2021-03-06T23:59:59+01:00,0,2,1007,1153,2018,2923,2019,3757,2470,5115,2598,4220,1433,1220,4303,5528,3293,6072,278,273,769,1153,844,1656,1130,2495,1274,2132,857,779,1100,1641,746,2405,32773,17334,3243,2189,13102,0,0,13,11
2021-03-05T23:59:59+01:00,0,2,1003,1149,2003,2903,1989,3734,2427,5063,2545,4183,1397,1192,4037,5203,3143,5851,277,270,762,1146,839,1649,1127,2486,1271,2122,843,775,1093,1632,745,2403,32034,17242,2912,2189,12865,0,0,13,11
2021-03-04T23:59:59+01:00,0,2,909,1002,1916,2775,1921,3597,2351,4908,2455,4025,1367,1171,3797,4944,2879,5502,277,268,760,1141,837,1642,1126,2477,1267,2116,815,761,1083,1621,738,2391,30787,17145,2908,2166,11813,0,0,13,11
2021-03-03T23:59:59+01:00,0,2,863,895,1852,2679,1851,3492,2282,4792,2381,3941,1355,1158,3687,4839,2657,5230,276,266,759,1132,834,1624,1120,2435,1257,2090,798,757,1075,1603,731,2384,30115,17119,2792,2013,11036,0,0,13,11
2021-03-02T23:59:59+01:00,0,2,818,820,1755,2555,1766,3368,2191,4668,2320,3863,1320,1136,3558,4704,2454,4886,276,265,758,1126,831,1621,1116,2430,1253,2080,796,755,1061,1582,720,2365,29393,17014,2603,2012,10175,0,0,13,11
2021-03-01T23:59:59+01:00,0,2,795,781,1655,2411,1695,3224,2091,4496,2240,3742,1302,1124,3507,4641,2410,4824,276,264,754,1122,830,1609,1112,2418,1248,2070,790,753,1057,1575,718,2362,29140,16937,2519,2012,9268,0,0,13,11
2021-02-28T23:59:59+01:00,0,2,789,758,1636,2345,1668,3152,2068,4396,2226,3675,1296,1118,3497,4627,2396,4814,275,263,754,1121,830,1604,1112,2416,1248,2065,787,751,1049,1562,714,2352,29034,16915,2517,1979,8899,0,0,13,11
2021-02-27T23:59:59+01:00,0,2,774,741,1614,2285,1651,3041,2049,4270,2205,3579,1293,1115,3497,4625,2395,4813,275,263,754,1121,830,1603,1112,2416,1248,2064,787,751,1049,1562,714,2351,29030,16913,2516,1978,8390,0,0,13,11
2021-02-26T23:59:59+01:00,0,2,646,660,1509,2172,1599,2882,1986,4033,2104,3343,1203,1044,2847,3832,1970,4231,275,263,753,1119,829,1602,1112,2414,1246,2061,785,746,1031,1549,704,2335,26242,16839,2516,1976,7292,0,0,13,11
2021-02-25T23:59:59+01:00,0,2,496,580,1390,2070,1532,2754,1925,3904,2004,3232,1154,1012,2617,3562,1806,3988,258,248,728,1095,787,1534,1066,2316,1173,1970,729,725,1000,1512,692,2307,25177,16746,2489,1385,6349,0,0,13,11
2021-02-24T23:59:59+01:00,0,2,466,549,1321,1957,1459,2610,1855,3751,1927,3083,1116,982,2478,3425,1727,3869,229,235,701,1050,763,1472,1038,2256,1120,1920,702,702,954,1483,681,2277,24526,16560,2478,1014,5560,0,0,13,11
2021-02-23T23:59:59+01:00,0,2,410,509,1239,1817,1385,2464,1778,3540,1856,2961,1091,948,2275,3197,1602,3683,224,229,686,1027,752,1433,1016,2213,1095,1879,693,690,945,1469,678,2273,23605,16475,2468,818,4671,0,0,13,11
2021-02-22T23:59:59+01:00,0,2,397,476,1140,1706,1283,2367,1669,3434,1775,2890,1070,935,2134,3025,1517,3588,213,220,664,976,721,1370,991,2119,1051,1798,651,658,876,1393,642,2217,23033,16287,2464,264,3898,0,0,13,11
2021-02-21T23:59:59+01:00,0,2,378,460,1039,1674,1131,2343,1514,3411,1674,2872,1062,933,2133,3024,1517,3588,186,214,633,968,710,1362,977,2114,1046,1796,648,655,873,1389,634,2210,23004,16156,2464,250,3274,0,0,13,11
2021-02-20T23:59:59+01:00,0,2,378,458,1038,1674,1130,2343,1512,3409,1674,2870,1062,932,2132,3024,1516,3587,185,212,630,968,707,1361,971,2111,1044,1796,648,655,873,1389,634,2210,22997,16135,2463,250,3268,0,0,13,11
2021-02-19T23:59:59+01:00,0,2,373,449,1026,1670,1120,2333,1499,3391,1642,2855,1012,904,1761,2518,1219,3205,164,202,604,964,690,1353,954,2109,1038,1794,645,654,871,1389,633,2209,21259,16014,2463,250,3244,0,0,13,11
2021-02-18T23:59:59+01:00,0,2,353,429,986,1588,1082,2246,1446,3273,1601,2765,982,881,1588,2275,1090,3001,144,191,565,953,670,1342,920,2093,1014,1774,634,635,850,1361,619,2188,20279,15694,2463,250,2833,0,0,13,11
2021-02-17T23:59:59+01:00,0,2,330,376,902,1446,975,2046,1312,3019,1489,2545,945,851,1399,2063,989,2824,138,184,553,922,644,1291,887,2015,964,1698,600,603,843,1335,614,2169,19206,15201,2463,250,1831,0,0,13,11
2021-02-16T23:59:59+01:00,0,2,324,338,858,1308,923,1857,1251,2794,1423,2384,934,834,1336,1967,922,2728,132,171,539,879,629,1237,861,1952,934,1656,590,593,821,1304,601,2109,18836,14885,2462,114,872,0,0,13,11
2021-02-15T23:59:59+01:00,0,2,308,298,830,1277,906,1801,1211,2710,1385,2328,906,802,1159,1735,793,2552,123,163,518,851,611,1175,837,1879,911,1579,569,556,803,1267,592,2067,17925,14418,2461,74,604,0,0,13,11
2021-02-14T23:59:59+01:00,0,2,308,298,829,1277,905,1801,1209,2710,1385,2328,906,802,1159,1735,793,2552,123,163,517,844,607,1170,831,1873,907,1576,568,556,801,1266,591,2064,17924,14374,2461,74,601,0,0,13,11
2021-02-13T23:59:59+01:00,0,2,308,298,829,1277,905,1798,1209,2708,1385,2326,906,802,1159,1735,793,2552,123,163,517,844,607,1170,829,1870,905,1572,566,556,786,1246,579,2048,17917,14372,2461,0,601,0,0,13,11
2021-02-12T23:59:59+01:00,0,2,304,297,819,1272,901,1769,1203,2680,1357,2297,904,800,1158,1732,793,2552,123,163,515,841,606,1163,823,1858,899,1559,563,554,772,1235,573,2035,17909,14273,2461,0,457,0,0,13,11
2021-02-11T23:59:59+01:00,0,2,285,288,804,1237,895,1735,1187,2613,1335,2242,869,787,1148,1720,792,2542,121,149,497,800,584,1098,789,1758,876,1499,550,540,748,1200,559,2004,17796,13763,2460,0,212,0,0,13,11
2021-02-10T23:59:59+01:00,0,2,282,282,785,1199,882,1705,1175,2567,1320,2200,864,785,1133,1704,787,2526,117,140,432,718,544,1006,714,1639,824,1419,536,524,734,1180,549,1976,17772,13054,2355,0,58,0,0,13,0
2021-02-09T23:59:59+01:00,0,2,282,279,781,1184,871,1689,1161,2548,1306,2176,849,780,1119,1687,776,2510,100,121,378,632,493,877,636,1442,735,1232,484,446,613,1019,481,1736,17675,11427,2309,0,3,0,0,13,0
2021-02-08T23:59:59+01:00,0,2,282,278,779,1179,871,1682,1159,2544,1300,2167,843,777,1104,1667,763,2493,90,99,334,543,442,778,547,1236,631,1069,410,375,535,836,389,1432,17570,9748,2306,0,1,0,0,13,0
2021-02-07T23:59:59+01:00,0,2,281,277,777,1178,870,1682,1159,2543,1300,2164,837,775,1102,1664,762,2491,88,98,332,538,440,774,545,1227,627,1064,405,370,514,813,383,1418,17545,9638,2306,0,0,0,0,13,0
2021-02-06T23:59:59+01:00,0,2,281,276,777,1177,870,1681,1159,2543,1300,2163,836,774,1100,1658,761,2489,88,97,332,535,439,773,544,1223,625,1063,401,365,466,744,355,1373,17529,9425,2305,0,0,0,0,13,0
2021-02-05T23:59:59+01:00,0,2,281,276,777,1176,869,1680,1158,2542,1299,2160,829,768,1077,1648,754,2473,82,95,324,529,423,755,518,1191,597,1022,378,338,446,721,341,1333,17451,9094,2305,0,0,0,0,13,0
2021-02-04T23:59:59+01:00,0,2,278,269,774,1155,857,1658,1145,2514,1285,2136,807,755,1049,1618,747,2457,68,77,254,408,329,590,402,963,484,820,305,274,335,577,277,1114,17211,7277,2282,0,0,0,0,13,0
2021-02-03T23:59:59+01:00,0,2,277,264,770,1134,855,1632,1138,2464,1272,2106,788,741,1032,1595,738,2443,54,54,168,279,255,440,282,714,360,581,209,194,237,424,194,837,17115,5282,2123,0,0,0,0,13,0
2021-02-02T23:59:59+01:00,0,2,276,259,766,1126,850,1610,1129,2440,1260,2089,784,734,1023,1584,736,2435,35,34,91,138,147,251,171,446,232,364,135,124,160,255,136,539,16967,3258,2123,0,0,0,0,13,0
2021-02-01T23:59:59+01:00,0,2,274,256,761,1107,842,1589,1124,2410,1256,2056,776,721,1016,1574,732,2422,11,12,14,26,25,62,44,88,69,100,49,45,57,73,39,178,16783,892,2123,0,0,0,0,12,0
2021-01-31T23:59:59+01:00,0,2,268,254,745,1105,834,1578,1114,2399,1245,2047,770,715,1006,1557,725,2409,10,12,13,25,23,59,38,83,62,92,46,45,53,66,36,165,16748,828,2013,0,0,0,0,12,0
2021-01-30T23:59:59+01:00,0,2,268,254,745,1105,833,1578,1114,2399,1245,2047,769,715,1006,1556,725,2408,10,10,13,25,23,59,38,83,61,90,45,44,52,66,36,164,16745,819,2012,0,0,0,0,12,0
2021-01-29T23:59:59+01:00,0,2,268,254,745,1104,833,1578,1114,2399,1245,2046,768,714,1005,1554,725,2406,9,5,12,24,23,58,36,81,60,90,44,43,52,66,36,164,16738,803,2010,0,0,0,0,12,0
2021-01-28T23:59:59+01:00,0,2,264,249,733,1079,798,1523,1077,2339,1169,1989,728,700,976,1534,709,2384,4,0,3,6,9,23,18,36,20,45,21,22,23,44,15,97,16559,386,1682,0,0,0,0,12,0
2021-01-27T23:59:59+01:00,0,2,258,242,710,1047,750,1467,1020,2258,1096,1908,693,673,962,1513,706,2377,3,0,3,4,6,19,14,22,13,32,6,9,10,9,4,27,16110,181,1560,0,0,0,0,12,0
2021-01-26T23:59:59+01:00,0,2,234,233,693,1023,742,1417,1000,2184,1069,1843,681,659,939,1497,696,2358,3,0,1,4,5,9,12,12,6,11,3,5,6,7,1,16,16059,101,1199,0,0,0,0,12,0
2021-01-25T23:59:59+01:00,0,2,202,218,641,949,690,1294,958,2038,1011,1708,633,604,862,1402,653,2285,3,0,1,4,5,9,12,12,6,11,3,5,6,7,1,16,15833,101,305,0,0,0,0,12,0
2021-01-24T23:59:59+01:00,0,2,185,212,615,937,672,1280,940,2022,996,1698,626,598,852,1382,644,2272,3,0,1,4,5,9,11,12,5,11,3,5,6,7,1,16,15661,99,260,0,0,0,0,12,0
2021-01-23T23:59:59+01:00,0,2,185,212,615,937,672,1280,940,2022,996,1698,626,598,852,1382,644,2272,3,0,1,4,5,9,9,12,5,11,3,5,6,7,1,16,15661,97,260,0,0,0,0,12,0
2021-01-22T23:59:59+01:00,0,2,138,194,557,927,654,1267,906,2012,985,1687,621,597,851,1382,644,2272,3,0,0,4,5,9,9,12,5,11,3,5,6,7,1,16,15424,96,260,0,0,0,0,12,0
2021-01-21T23:59:59+01:00,0,2,133,186,542,904,633,1226,873,1958,963,1639,610,576,839,1351,637,2253,3,0,0,4,4,9,9,12,5,11,3,5,6,7,1,15,15053,94,260,0,0,0,0,12,0
2021-01-20T23:59:59+01:00,0,2,128,170,495,838,610,1150,810,1848,927,1566,589,559,821,1328,627,2225,3,0,0,4,4,9,9,12,5,11,3,5,6,7,1,15,14423,94,258,0,0,0,0,12,0
2021-01-19T23:59:59+01:00,0,2,115,149,422,752,545,1020,725,1649,822,1401,543,504,719,1167,554,1976,3,0,0,4,4,8,9,12,5,11,3,5,6,7,1,15,12862,93,191,0,0,0,0,12,0
2021-01-18T23:59:59+01:00,0,2,97,117,353,599,454,848,595,1388,696,1195,476,438,635,1010,487,1709,1,0,0,1,0,0,0,0,0,0,0,0,0,1,0,0,11006,3,81,0,0,0,0,12,0
2021-01-17T23:59:59+01:00,0,2,93,115,349,594,453,843,593,1369,688,1186,471,429,608,981,471,1668,1,0,0,1,0,0,0,0,0,0,0,0,0,1,0,0,10820,3,81,0,0,0,0,12,0
2021-01-16T23:59:59+01:00,0,2,93,112,347,586,450,838,582,1356,677,1174,456,415,513,855,410,1571,0,0,0,1,0,0,0,0,0,0,0,0,0,0,0,0,10423,1,2,0,0,0,0,12,0
2021-01-15T23:59:59+01:00,0,2,92,110,342,584,444,833,576,1349,660,1158,440,397,505,843,402,1548,0,0,0,0,0,0,0,0,0,0,0,0,0,0,0,0,10273,0,0,0,0,0,0,12,0
2021-01-14T23:59:59+01:00,0,0,75,88,285,482,366,671,459,1099,541,976,363,319,399,693,332,1320,0,0,0,0,0,0,0,0,0,0,0,0,0,0,0,0,8456,0,0,0,0,0,0,12,0
2021-01-13T23:59:59+01:00,0,0,61,65,201,364,290,499,346,817,415,695,253,223,291,518,250,1014,0,0,0,0,0,0,0,0,0,0,0,0,0,0,0,0,6291,0,0,0,0,0,0,11,0
2021-01-12T23:59:59+01:00,0,0,40,42,121,215,177,309,206,525,276,429,159,141,186,335,171,682,0,0,0,0,0,0,0,0,0,0,0,0,0,0,0,0,4014,0,0,0,0,0,0,0,0
2021-01-11T23:59:59+01:00,0,0,11,14,41,57,41,90,59,119,91,127,65,58,83,103,49,223,0,0,0,0,0,0,0,0,0,0,0,0,0,0,0,0,1231,0,0,0,0,0,0,0,0
2021-01-10T23:59:59+01:00,0,0,11,14,29,47,34,72,50,110,78,117,57,54,77,93,46,209,0,0,0,0,0,0,0,0,0,0,0,0,0,0,0,0,1098,0,0,0,0,0,0,0,0
2021-01-09T23:59:59+01:00,0,0,11,13,26,46,34,72,49,109,76,114,56,53,76,92,45,208,0,0,0,0,0,0,0,0,0,0,0,0,0,0,0,0,1080,0,0,0,0,0,0,0,0
2021-01-08T23:59:59+01:00,0,0,7,6,26,41,32,69,46,107,75,113,53,49,71,87,41,208,0,0,0,0,0,0,0,0,0,0,0,0,0,0,0,0,1031,0,0,0,0,0,0,0,0
2021-01-07T23:59:59+01:00,0,0,5,1,9,20,15,36,28,77,33,77,32,27,47,74,28,162,0,0,0,0,0,0,0,0,0,0,0,0,0,0,0,0,671,0,0,0,0,0,0,0,0
2021-01-06T23:59:59+01:00,0,0,5,0,4,8,10,28,25,43,19,47,26,24,34,51,19,120,0,0,0,0,0,0,0,0,0,0,0,0,0,0,0,0,463,0,0,0,0,0,0,0,0
2021-01-05T23:59:59+01:00,0,0,5,0,4,8,10,28,25,43,19,47,26,24,34,50,19,120,0,0,0,0,0,0,0,0,0,0,0,0,0,0,0,0,462,0,0,0,0,0,0,0,0
2021-01-04T23:59:59+01:00,0,0,4,0,1,3,4,9,13,12,5,11,3,5,6,8,1,17,0,0,0,0,0,0,0,0,0,0,0,0,0,0,0,0,102,0,0,0,0,0,0,0,0
2021-01-03T23:59:59+01:00,0,0,3,0,1,3,4,9,12,12,5,11,3,5,6,8,1,16,0,0,0,0,0,0,0,0,0,0,0,0,0,0,0,0,99,0,0,0,0,0,0,0,0
2021-01-02T23:59:59+01:00,0,0,3,0,1,3,4,9,10,12,5,11,3,5,6,8,1,16,0,0,0,0,0,0,0,0,0,0,0,0,0,0,0,0,97,0,0,0,0,0,0,0,0
2021-01-01T23:59:59+01:00,0,0,3,0,0,3,4,9,10,12,5,11,3,5,6,7,1,16,0,0,0,0,0,0,0,0,0,0,0,0,0,0,0,0,95,0,0,0,0,0,0,0,0
2020-12-31T23:59:59+01:00,0,0,3,0,0,3,4,9,9,12,5,11,3,5,6,7,1,16,0,0,0,0,0,0,0,0,0,0,0,0,0,0,0,0,94,0,0,0,0,0,0,0,0
2020-12-30T23:59:59+01:00,0,0,3,0,0,3,4,9,9,12,5,11,3,5,6,7,1,16,0,0,0,0,0,0,0,0,0,0,0,0,0,0,0,0,94,0,0,0,0,0,0,0,0
2020-12-29T23:59:59+01:00,0,0,3,0,0,3,4,8,9,12,5,11,3,5,6,7,1,16,0,0,0,0,0,0,0,0,0,0,0,0,0,0,0,0,93,0,0,0,0,0,0,0,0
2020-12-28T23:59:59+01:00,0,0,3,0,0,3,4,8,9,12,5,11,3,5,6,7,1,16,0,0,0,0,0,0,0,0,0,0,0,0,0,0,0,0,93,0,0,0,0,0,0,0,0
2020-12-27T23:59:59+01:00,0,0,1,0,0,0,0,0,0,0,0,0,0,0,1,3,0,7,0,0,0,0,0,0,0,0,0,0,0,0,0,0,0,0,12,0,0,0,0,0,0,0,0
