Datum,<24_1_m,<24_1_w,25-34_1_m,25-34_1_w,35-44_1_m,35-44_1_w,45-54_1_m,45-54_1_w,55-64_1_m,55-64_1_w,65-74_1_m,65-74_1_w,75-84_1_m,75-84_1_w,>84_1_m,>84_1_w,<24_2_m,<24_2_w,25-34_2_m,25-34_2_w,35-44_2_m,35-44_2_w,45-54_2_m,45-54_2_w,55-64_2_m,55-64_2_w,65-74_2_m,65-74_2_w,75-84_2_m,75-84_2_w,>84_2_m,>84_2_w,bp_1,bp_2,mo_1,mo_2,az_1,az_2,ja
2021-06-26T23:59:59+02:00,16043,15741,26128,24501,29152,29539,36542,37305,38477,39240,26004,29357,17882,22780,4933,8560,6869,7114,12178,12162,13743,15712,20443,22879,26536,28626,20801,23497,15935,20221,4638,8011,272697,186550,43638,22893,76768,40841,9081
2021-06-25T23:59:59+02:00,14886,14634,25372,23867,28928,29361,36466,37252,38430,39193,25984,29340,17877,22775,4932,8559,6829,7073,12095,12107,13654,15636,20134,22656,26320,28394,20537,23173,15821,20103,4636,8006,268381,185515,43638,22891,76756,39687,9081
2021-06-24T23:59:59+02:00,13828,13720,24502,23171,28592,29046,36340,37115,38327,39102,25959,29297,17866,22756,4930,8555,6580,6804,11622,11694,13075,15053,18457,21105,24855,26934,19823,22390,15579,19771,4628,7999,263683,180593,43622,19364,76752,37363,9049
2021-06-23T23:59:59+02:00,13403,13364,24035,22813,28372,28837,36174,36992,38237,39027,25944,29270,17858,22723,4928,8545,6491,6676,11410,11466,12769,14708,18089,20701,24083,26155,19086,21695,15439,19579,4621,7986,261189,178337,43616,18766,76746,34880,8971
2021-06-22T23:59:59+02:00,13181,13129,23894,22688,28298,28765,36104,36933,38200,38995,25931,29250,17853,22714,4928,8545,6360,6535,11153,11207,12410,14325,17470,20091,23387,25401,18720,21307,15317,19429,4614,7971,260093,175389,43615,17917,76744,33435,8956
2021-06-21T23:59:59+02:00,12833,12858,23065,22029,28140,28620,36041,36872,38144,38952,25916,29234,17847,22706,4928,8544,6228,6409,10928,10984,12112,14015,17080,19748,22962,24949,18457,21016,15235,19343,4611,7970,257547,173969,43610,16931,76738,32313,8834
2021-06-20T23:59:59+02:00,12714,12717,22790,21799,27960,28478,35972,36809,38106,38910,25907,29224,17846,22702,4926,8541,6177,6339,10848,10890,12021,13909,16868,19553,22721,24728,18360,20916,15183,19296,4607,7967,256297,173668,43608,15891,76737,32065,8759
2021-06-19T23:59:59+02:00,12682,12690,22766,21777,27946,28465,35960,36805,38099,38906,25906,29223,17846,22700,4926,8541,6142,6295,10758,10799,11929,13791,16714,19396,22421,24371,18301,20853,15175,19288,4606,7967,256157,173590,43585,14405,76737,32052,8759
2021-06-18T23:59:59+02:00,12621,12616,22426,21450,27722,28285,35908,36770,38074,38884,25899,29216,17845,22696,4926,8540,6126,6283,10729,10771,11885,13743,16649,19331,22339,24266,18132,20676,15143,19237,4605,7962,254800,173204,43583,14405,76736,31509,8759
2021-06-17T23:59:59+02:00,11962,12118,21153,20497,26905,27585,35557,36464,37841,38711,25840,29139,17826,22668,4920,8536,5899,6122,10353,10503,11428,13355,15937,18705,20993,22901,17748,20289,15013,19092,4601,7948,249073,167961,43565,13837,76724,30729,8360
2021-06-16T23:59:59+02:00,11563,11739,20454,19844,26324,27054,35320,36268,37701,38576,25799,29090,17807,22648,4919,8532,5733,5945,9954,10171,10969,12900,15215,17974,20179,22025,17368,19870,14883,18914,4593,7939,245275,164234,43554,12590,76711,29710,8098
2021-06-15T23:59:59+02:00,11280,11463,20169,19609,26116,26875,35185,36165,37617,38503,25776,29058,17800,22633,4915,8529,5607,5815,9719,9973,10727,12628,14790,17538,19602,21449,17061,19501,14690,18729,4584,7930,243537,162199,43546,11527,76705,28712,7905
2021-06-14T23:59:59+02:00,11118,11324,19883,19354,25957,26745,35063,36085,37566,38467,25762,29043,17794,22623,4915,8526,5527,5744,9544,9837,10560,12491,14522,17316,19297,21167,16902,19349,14607,18623,4583,7928,242373,160779,43544,11526,76701,28085,7607
2021-06-13T23:59:59+02:00,10926,11175,19586,19160,25630,26489,34878,35931,37469,38415,25750,29033,17785,22615,4915,8523,5427,5664,9340,9670,10402,12322,14164,16946,18989,20874,16789,19208,14566,18572,4582,7926,240746,159941,43544,11526,76697,26681,7293
2021-06-12T23:59:59+02:00,10916,11160,19574,19150,25630,26484,34878,35927,37466,38414,25750,29033,17785,22615,4915,8523,5423,5651,9330,9621,10369,12220,14112,16806,18936,20773,16687,19091,14484,18504,4581,7924,240701,159915,43544,11524,76693,25791,7282
2021-06-11T23:59:59+02:00,10735,10957,19333,18940,24850,25825,34704,35784,37349,38306,25722,29003,17776,22593,4915,8520,5335,5515,9096,9364,10121,11925,13529,16210,18002,19904,16558,18953,14452,18467,4579,7921,237827,155941,43543,11523,76689,25214,7253
2021-06-10T23:59:59+02:00,10269,10572,18702,18460,24033,25181,34390,35511,37182,38170,25670,28951,17755,22567,4912,8514,5116,5297,8499,8855,9310,11204,12311,15013,16065,18047,15755,18071,14227,18183,4572,7902,234268,146383,42887,11491,76664,23533,7020
2021-06-09T23:59:59+02:00,9742,9970,17879,17725,22901,24180,33955,35102,36930,37971,25575,28851,17716,22520,4903,8504,4961,5150,8210,8603,9075,10949,11947,14622,15601,17530,15385,17648,14031,17950,4567,7894,230361,144610,41006,11450,76629,21635,6428
2021-06-08T23:59:59+02:00,9385,9615,17414,17311,22498,23823,33726,34919,36769,37864,25544,28810,17707,22500,4901,8500,4814,5037,7969,8356,8768,10606,11588,14258,14954,16833,14939,17120,13810,17735,4562,7879,227675,142938,40974,10348,76621,19926,6016
2021-06-07T23:59:59+02:00,9152,9338,16942,16927,22074,23452,33478,34668,36665,37758,25518,28765,17692,22477,4896,8499,4726,4951,7786,8217,8617,10463,11400,14083,14666,16507,14735,16871,13671,17582,4560,7875,226077,141906,40013,10258,76610,18945,5601
2021-06-06T23:59:59+02:00,9034,9212,16800,16783,21890,23243,33251,34451,36552,37658,25490,28748,17681,22460,4896,8495,4698,4904,7735,8108,8567,10331,11289,13928,14470,16300,14564,16693,13588,17477,4556,7870,224864,141433,39713,10248,76593,17923,5474
2021-06-05T23:59:59+02:00,9006,9195,16777,16758,21882,23240,33242,34445,36550,37657,25489,28748,17680,22459,4896,8495,4686,4855,7722,8044,8553,10193,11273,13749,14452,16215,14528,16640,13581,17467,4556,7869,224754,141352,39713,10248,76592,17323,5460
2021-06-04T23:59:59+02:00,8884,9088,16492,16515,21423,22814,33020,34254,36441,37549,25457,28712,17670,22447,4894,8494,4676,4845,7696,8018,8526,10164,11199,13668,14349,16081,14455,16555,13549,17431,4556,7867,223176,141023,38945,9920,76573,17232,5460
2021-06-03T23:59:59+02:00,8599,8827,15583,15688,19725,21373,32188,33415,35997,37135,25338,28593,17635,22402,4888,8479,4609,4804,7611,7940,8399,10058,11018,13473,13774,15484,14229,16297,13479,17343,4554,7857,216610,138839,37378,9818,76564,16959,5313
2021-06-02T23:59:59+02:00,8439,8648,15194,15272,19269,20956,31748,32980,35825,36932,25278,28538,17617,22378,4886,8478,4575,4767,7543,7852,8315,9969,10865,13340,13301,14997,14151,16184,13457,17310,4551,7854,213614,137068,36950,9725,76564,16928,5310
2021-06-01T23:59:59+02:00,8116,8369,14816,14975,18931,20634,31433,32664,35629,36725,25227,28468,17595,22353,4884,8467,4453,4668,7302,7675,8079,9776,10600,13051,12871,14546,13761,15770,13363,17190,4546,7846,210905,134970,36905,9472,76543,16122,4933
2021-05-31T23:59:59+02:00,7944,8161,14603,14741,18212,20034,31110,32343,35335,36472,25153,28382,17572,22302,4875,8456,4352,4538,7101,7427,7850,9485,10245,12668,12423,14022,13247,15167,13206,16999,4537,7838,209519,131823,34862,9152,76527,15343,4787
2021-05-30T23:59:59+02:00,7917,8141,14559,14708,18137,19975,31056,32304,35312,36452,25139,28369,17571,22297,4874,8454,4293,4444,6963,7226,7693,9257,10025,12346,12186,13700,13130,15004,13152,16930,4535,7832,209227,131110,34851,9051,76474,13842,4713
2021-05-29T23:59:59+02:00,7914,8140,14552,14703,18131,19971,31051,32301,35310,36451,25137,28365,17571,22297,4874,8454,4283,4427,6931,7193,7660,9205,9992,12290,12113,13609,13086,14939,13128,16911,4534,7827,209200,130972,34851,9051,76459,13393,4712
2021-05-28T23:59:59+02:00,7905,8125,14535,14685,18115,19951,31041,32289,35300,36434,25136,28360,17569,22295,4874,8454,4267,4395,6908,7154,7629,9150,9929,12171,11854,13348,12922,14748,13102,16887,4532,7824,209051,129685,34850,9050,76456,13374,4711
2021-05-27T23:59:59+02:00,7800,8020,14228,14461,17641,19600,30402,31774,35151,36317,25095,28327,17556,22285,4873,8448,4114,4210,6614,6904,7257,8842,9414,11578,11134,12438,12421,14234,13003,16740,4527,7816,207987,126205,33418,8722,76416,12162,4157
2021-05-26T23:59:59+02:00,7713,7891,14019,14247,17384,19296,29863,31267,34993,36170,25063,28284,17544,22265,4872,8443,4008,4044,6383,6609,6966,8410,9053,11090,10487,11638,11908,13672,12898,16566,4524,7797,206409,122690,32672,8540,76403,10993,3830
2021-05-25T23:59:59+02:00,7621,7784,13813,14032,17091,19059,29173,30651,34911,36077,25044,28264,17534,22250,4867,8442,3942,3941,6247,6438,6811,8215,8832,10796,10124,11258,11591,13207,12806,16439,4522,7789,205707,120864,31231,8403,75917,9933,3758
2021-05-24T23:59:59+02:00,7531,7669,13648,13825,16854,18780,28772,30226,34595,35706,25000,28204,17515,22231,4867,8440,3927,3910,6189,6357,6765,8130,8773,10706,10002,11107,11465,13030,12765,16361,4515,7771,205204,120253,29029,8357,75909,9442,3721
2021-05-23T23:59:59+02:00,7528,7668,13643,13815,16851,18771,28752,30216,34566,35671,24999,28197,17515,22227,4867,8440,3923,3906,6182,6346,6757,8123,8744,10673,9960,11042,11382,12930,12749,16339,4515,7771,205090,120248,29013,7944,75908,9435,3715
2021-05-22T23:59:59+02:00,7519,7663,13631,13800,16843,18767,28750,30215,34563,35665,24999,28197,17515,22227,4867,8440,3921,3905,6180,6344,6756,8118,8740,10672,9954,11039,11372,12917,12743,16335,4515,7771,205027,120208,29013,7944,75906,9415,3715
2021-05-21T23:59:59+02:00,7445,7589,13479,13696,16663,18614,28469,30037,34171,35413,24980,28169,17507,22219,4866,8438,3910,3893,6146,6323,6727,8085,8702,10623,9866,10956,10868,12210,12635,16212,4512,7767,204353,118467,28888,7941,74870,9383,3644
2021-05-20T23:59:59+02:00,7095,7344,12876,13284,15382,17650,26407,28364,33533,34915,24883,28027,17465,22150,4860,8426,3841,3830,6061,6208,6616,7930,8534,10467,9617,10621,10556,11784,12546,16068,4506,7756,199637,116516,27160,7868,72347,9040,3517
2021-05-19T23:59:59+02:00,6852,7059,12346,12819,14617,16936,25498,27541,32964,34387,24798,27941,17432,22105,4856,8417,3747,3739,5899,6040,6422,7683,8251,10174,9312,10236,10258,11398,12490,15944,4504,7749,193980,114620,27122,7673,72334,8421,3132
2021-05-18T23:59:59+02:00,6645,6920,11935,12489,13958,16418,24327,26561,32386,33849,24697,27830,17392,22061,4851,8409,3696,3703,5784,5931,6256,7518,8047,9959,9118,10002,10080,11130,12375,15770,4494,7742,189046,113501,26620,7604,72292,7730,2770
2021-05-17T23:59:59+02:00,6583,6869,11759,12378,13673,16184,23501,25893,32112,33595,24637,27780,17370,22033,4844,8403,3586,3605,5600,5759,6093,7321,7840,9729,8910,9775,10004,11027,12330,15716,4491,7740,187298,112818,25932,7597,71900,6627,2484
2021-05-16T23:59:59+02:00,6552,6846,11696,12323,13581,16095,22816,25291,31584,33135,24601,27743,17363,22018,4843,8403,3580,3575,5586,5698,6067,7257,7812,9638,8879,9691,9993,11014,12327,15714,4491,7740,186538,112710,24397,7591,71481,6287,2474
2021-05-15T23:59:59+02:00,6539,6837,11664,12312,13550,16085,22745,25221,31054,32760,24594,27741,17362,22015,4842,8402,3564,3558,5569,5654,6053,7182,7771,9512,8652,9454,9956,10972,12298,15675,4491,7739,186489,112706,24385,7453,70834,5926,2015
2021-05-14T23:59:59+02:00,6497,6805,11598,12274,13477,16012,22306,24890,30664,32451,24569,27700,17350,22001,4842,8400,3528,3514,5533,5559,6034,7047,7728,9291,8596,9287,9873,10845,12229,15574,4491,7738,185774,112542,24069,7128,69979,5183,2014
2021-05-13T23:59:59+02:00,6316,6618,11204,11966,12712,15410,19989,23015,29307,31118,24389,27516,17290,21941,4841,8397,3514,3478,5511,5516,6016,6990,7699,9223,8555,9229,9634,10566,12067,15325,4487,7730,181842,112193,20288,6331,67900,5017,1999
2021-05-12T23:59:59+02:00,6282,6589,11130,11905,12608,15312,19860,22888,28910,30718,24337,27465,17276,21915,4840,8392,3514,3474,5504,5510,6007,6975,7672,9203,8516,9176,9411,10293,11887,15059,4484,7723,180876,111918,19655,5480,67897,5011,1999
2021-05-11T23:59:59+02:00,6123,6472,10887,11646,12234,14926,19211,22216,28022,29799,24195,27319,17229,21847,4835,8377,3466,3422,5417,5351,5905,6791,7531,8959,8355,8964,9230,10090,11767,14896,4475,7709,176860,110900,18772,5373,67769,4118,1937
2021-05-10T23:59:59+02:00,5979,6376,10671,11443,11975,14673,18876,21855,27621,29425,24100,27229,17192,21803,4831,8374,3385,3357,5305,5241,5789,6681,7408,8821,8230,8863,9122,9957,11689,14784,4473,7702,174861,110374,18088,5362,67545,3142,1929
2021-05-09T23:59:59+02:00,5899,6312,10572,11335,11867,14553,18505,21534,27271,29092,24025,27149,17164,21777,4829,8371,3308,3322,5157,5198,5611,6640,7248,8790,8112,8830,9114,9945,11673,14769,4473,7702,174468,110299,16816,5353,67056,2325,1915
2021-05-08T23:59:59+02:00,5897,6310,10571,11333,11867,14553,18502,21531,27269,29090,24025,27149,17164,21777,4829,8371,3308,3321,5156,5198,5611,6640,7248,8790,8110,8830,9113,9944,11673,14769,4473,7702,174453,110296,16816,5353,67054,2322,1915
2021-05-07T23:59:59+02:00,5859,6283,10493,11272,11739,14432,18038,21209,26701,28574,23991,27112,17150,21741,4822,8345,3294,3314,5146,5192,5602,6627,7234,8776,8104,8822,9107,9934,11663,14744,4465,7679,173621,110282,16814,5352,65541,2284,1785
2021-05-06T23:59:59+02:00,5566,6088,9991,10909,11181,13915,16842,20113,24352,26273,23618,26738,17063,21655,4817,8335,3242,3268,5086,5109,5555,6536,7144,8645,7975,8684,9011,9829,11643,14703,4462,7676,168612,109734,14375,5297,62695,1763,1774
2021-05-05T23:59:59+02:00,5471,5990,9671,10681,10853,13572,16222,19462,23542,25341,23396,26454,17005,21568,4808,8321,3219,3228,5034,5015,5496,6407,7053,8477,7851,8483,8912,9691,11580,14635,4461,7668,164961,108809,13080,5291,62545,1339,1771
2021-05-04T23:59:59+02:00,5367,5883,9498,10479,10643,13319,15818,19037,23013,24786,23200,26207,16947,21510,4800,8312,3209,3185,5006,4945,5460,6286,7003,8337,7766,8331,8814,9586,11519,14591,4459,7666,162713,108349,11964,5282,62391,781,1751
2021-05-03T23:59:59+02:00,5278,5796,9309,10344,10470,13131,15511,18782,22622,24377,23080,26084,16923,21471,4800,8307,3124,3107,4918,4873,5393,6194,6902,8233,7580,8166,8746,9508,11482,14550,4456,7662,161212,108133,11963,5279,62299,671,811
2021-05-02T23:59:59+02:00,5260,5780,9226,10282,10339,13007,15145,18443,22371,24130,23034,26040,16910,21446,4799,8306,3114,3100,4850,4834,5300,6102,6757,8100,7483,8082,8701,9472,11462,14518,4454,7657,160328,108021,11960,5277,62196,654,34
2021-05-01T23:59:59+02:00,5260,5778,9224,10281,10338,13007,15142,18440,22369,24130,23033,26039,16910,21446,4799,8306,3114,3100,4850,4834,5300,6102,6757,8100,7483,8082,8701,9472,11462,14518,4454,7657,160312,108021,11960,5277,62196,654,34
2021-04-30T23:59:59+02:00,5175,5671,8962,10057,10083,12766,14609,17971,21547,23373,22966,25957,16894,21422,4797,8303,3110,3098,4841,4824,5291,6070,6744,8064,7451,8052,8699,9470,11462,14516,4452,7656,156725,107998,11959,5275,61868,526,1
2021-04-29T23:59:59+02:00,4997,5494,8443,9626,9395,12168,13506,16969,19756,21743,22355,25286,16793,21254,4792,8289,3082,3068,4801,4757,5247,5988,6683,7961,7375,7938,8591,9353,11404,14454,4446,7650,147602,107522,11945,5005,61318,270,1
2021-04-28T23:59:59+02:00,4958,5471,8366,9550,9315,12080,13386,16830,19544,21551,22277,25195,16769,21219,4790,8286,3077,3048,4774,4705,5219,5940,6653,7885,7325,7863,8577,9329,11391,14434,4445,7645,147224,107331,11855,4933,60507,45,1
2021-04-27T23:59:59+02:00,4903,5407,8229,9417,9208,11929,13222,16651,19098,21035,22074,24971,16719,21159,4787,8279,3073,3042,4772,4703,5212,5930,6638,7868,7291,7827,8506,9235,11329,14371,4441,7642,146502,107079,10785,4763,59800,37,1
2021-04-26T23:59:59+02:00,4849,5369,8120,9328,9069,11820,13018,16468,18702,20670,21955,24839,16698,21141,4787,8279,3073,3040,4767,4698,5206,5922,6622,7848,7263,7796,8455,9184,11282,14300,4438,7629,145738,106984,10650,4507,58724,32,0
2021-04-25T23:59:59+02:00,4834,5353,8080,9294,9002,11755,12864,16330,18359,20324,21779,24628,16664,21098,4783,8274,3073,3040,4766,4697,5202,5918,6619,7845,7259,7791,8400,9120,11261,14278,4438,7628,144367,106963,10639,4341,58415,31,0
2021-04-24T23:59:59+02:00,4827,5345,8063,9289,8988,11746,12811,16296,18304,20286,21766,24619,16662,21093,4783,8274,3072,3040,4766,4697,5202,5918,6619,7845,7259,7791,8400,9120,11261,14278,4438,7628,144270,106963,10639,4341,58243,30,0
2021-04-23T23:59:59+02:00,4806,5307,8004,9220,8896,11643,12416,15927,17909,19900,21578,24426,16606,21024,4782,8267,3069,3038,4762,4694,5193,5910,6607,7834,7233,7758,8381,9096,11255,14271,4436,7625,143013,106951,10292,4182,57406,29,0
2021-04-22T23:59:59+02:00,4745,5227,7875,9021,8689,11373,12075,15477,16949,18843,21075,23827,16506,20876,4774,8254,3059,3030,4757,4675,5168,5885,6563,7795,7167,7713,8247,8936,11126,14129,4432,7619,139285,106334,10172,3944,56129,23,0
2021-04-21T23:59:59+02:00,4697,5175,7769,8897,8523,11216,11749,15170,16172,18004,20779,23493,16457,20786,4769,8244,3047,3017,4742,4658,5149,5864,6553,7780,7142,7692,8195,8873,11095,14094,4430,7618,136385,106059,10043,3868,55472,22,0
2021-04-20T23:59:59+02:00,4671,5146,7733,8839,8437,11132,11578,14991,15688,17481,20366,23013,16382,20667,4762,8233,3040,3007,4735,4644,5121,5843,6526,7760,7099,7652,8087,8730,11041,14024,4426,7615,134247,105500,9779,3829,55093,21,0
2021-04-19T23:59:59+02:00,4638,5081,7672,8740,8337,10987,11418,14804,15404,17166,19906,22454,16246,20489,4751,8225,3035,3006,4729,4637,5107,5828,6508,7744,7073,7606,8027,8667,11023,13991,4424,7612,132192,105170,9423,3826,54703,21,0
2021-04-18T23:59:59+02:00,4616,5051,7610,8683,8221,10849,11119,14544,14921,16601,19501,21981,16148,20331,4749,8220,3035,3006,4729,4637,5107,5828,6507,7741,7070,7605,8025,8663,11020,13988,4424,7609,129783,105149,9353,3824,54009,21,0
2021-04-17T23:59:59+02:00,4610,5043,7591,8676,8211,10830,11075,14495,14808,16501,19386,21870,16130,20308,4748,8218,3035,3006,4728,4634,5101,5824,6491,7733,7047,7582,7977,8617,11004,13968,4423,7609,129345,105140,9345,3618,53810,21,0
2021-04-16T23:59:59+02:00,4594,4987,7515,8550,8114,10666,10839,14211,14111,15710,18872,21273,16029,20175,4740,8202,3032,3003,4722,4629,5098,5812,6471,7723,6995,7528,7682,8234,10925,13846,4416,7596,126503,104361,9284,3330,52801,21,0
2021-04-15T23:59:59+02:00,4542,4921,7396,8417,7940,10415,10491,13780,13312,14804,18118,20470,15845,19908,4727,8189,3031,2995,4711,4611,5085,5781,6439,7687,6911,7441,7116,7578,10853,13752,4412,7586,122862,102773,9127,3197,51286,19,0
2021-04-14T23:59:59+02:00,4511,4880,7330,8306,7835,10270,10301,13568,12871,14322,17614,19876,15726,19751,4724,8175,2993,2974,4694,4576,5059,5740,6402,7651,6856,7379,6383,6694,10713,13611,4408,7579,121481,100501,8893,3197,49686,14,0
2021-04-13T23:59:59+02:00,4507,4872,7286,8289,7781,10236,10186,13510,12443,13977,16933,19025,15555,19528,4720,8169,2967,2943,4675,4552,5030,5702,6344,7581,6761,7280,6156,6417,10208,13004,4401,7563,120795,98380,8676,3190,47546,14,0
2021-04-12T23:59:59+02:00,4490,4853,7232,8238,7725,10162,10068,13407,12163,13717,16501,18520,15412,19367,4715,8166,2936,2928,4600,4509,4929,5631,6232,7509,6616,7159,5369,5554,9827,12537,4373,7526,120461,95039,8641,3182,45634,14,0
2021-04-11T23:59:59+02:00,4473,4844,7188,8186,7669,10116,9968,13318,11904,13479,15907,17806,15206,19104,4711,8158,2850,2836,4461,4384,4788,5506,6056,7339,6474,7057,5048,5185,9727,12408,4373,7522,119883,92867,8213,3134,43941,13,0
2021-04-10T23:59:59+02:00,4451,4819,7150,8138,7621,10064,9903,13259,11816,13379,15686,17618,15170,19051,4710,8153,2209,2200,3634,3679,3924,4716,5012,6397,5701,6344,4791,4890,9624,12276,4368,7514,119420,84132,8213,3134,43355,13,0
2021-04-09T23:59:59+02:00,4428,4798,7110,8109,7551,10002,9738,13120,11407,12999,14514,16084,14822,18638,4701,8146,1236,1275,2267,2451,2395,3337,3156,4718,4250,4993,4140,4186,9412,11981,4349,7490,117529,68491,8211,3132,40427,13,0
2021-04-08T23:59:59+02:00,4399,4779,7046,8056,7453,9899,9532,12989,10940,12583,13386,14826,14503,18208,4684,8120,652,727,1344,1729,1478,2387,2039,3605,2861,3579,2943,2840,8675,11076,4249,7322,116301,54365,8131,3129,36971,12,0
2021-04-07T23:59:59+02:00,4347,4746,6963,8002,7360,9833,9390,12838,10602,12246,12660,14071,14342,17996,4679,8102,399,477,973,1382,1063,2001,1520,3136,1837,2472,1799,1574,7837,10001,4136,7132,115342,44601,7980,3129,34855,9,0
2021-04-06T23:59:59+02:00,4331,4731,6938,7965,7304,9759,9287,12754,10368,12001,12263,13553,14171,17766,4669,8091,391,461,965,1374,1047,1978,1489,3103,1775,2414,1720,1499,7392,9406,4033,6958,114066,42869,7882,3128,34003,8,0
2021-04-05T23:59:59+02:00,4325,4729,6927,7954,7293,9748,9264,12725,10304,11935,12142,13403,14089,17688,4667,8090,389,456,953,1370,1042,1969,1477,3083,1754,2376,1665,1445,7136,9066,3950,6825,113734,41821,7861,3127,33688,8,0
2021-04-04T23:59:59+02:00,4325,4729,6924,7948,7292,9747,9263,12725,10293,11930,12139,13400,14087,17687,4667,8090,389,455,953,1370,1041,1967,1476,3082,1753,2372,1662,1441,7128,9052,3946,6823,113729,41775,7861,3127,33656,8,0
2021-04-03T23:59:59+02:00,4325,4729,6924,7947,7291,9747,9263,12725,10292,11930,12139,13399,14085,17685,4667,8090,389,454,950,1366,1040,1966,1475,3077,1751,2370,1655,1428,7082,8967,3916,6796,113725,41547,7861,3127,33652,8,0
2021-04-02T23:59:59+02:00,4322,4727,6923,7944,7283,9740,9254,12718,10272,11909,12011,13281,14049,17638,4663,8083,387,451,948,1359,1033,1955,1459,3050,1708,2329,1544,1333,6259,7985,3563,6333,113604,38882,7857,2806,33356,8,0
2021-04-01T23:59:59+02:00,4280,4712,6883,7924,7246,9710,9203,12677,10199,11828,11623,12799,13736,17222,4659,8073,382,445,930,1342,1022,1938,1423,2999,1642,2266,1424,1240,5234,6759,3127,5649,113220,35013,6464,2801,33090,8,0
2021-03-31T23:59:59+02:00,4272,4706,6869,7906,7230,9691,9165,12641,10103,11755,11245,12322,13460,16808,4653,8056,379,442,920,1334,1015,1924,1400,2971,1591,2227,1345,1175,4623,6023,2838,5281,112651,32752,5471,2728,32760,8,0
2021-03-30T23:59:59+02:00,4249,4677,6831,7868,7177,9625,9066,12529,9938,11599,10969,12010,13273,16590,4646,8044,374,436,915,1323,1004,1918,1379,2963,1564,2203,1319,1149,4494,5892,2792,5198,111831,32382,5222,2533,32038,8,0
2021-03-29T23:59:59+02:00,4239,4654,6803,7843,7133,9569,8967,12428,9726,11378,10506,11487,12969,16204,4632,8017,369,431,911,1314,998,1910,1368,2952,1546,2194,1296,1133,4352,5722,2707,5097,110164,31766,4914,2527,31477,7,0
2021-03-28T23:59:59+02:00,4186,4587,6688,7687,7019,9429,8839,12229,9571,11193,10285,11204,12817,16057,4629,8009,369,431,911,1314,996,1909,1367,2952,1545,2192,1288,1131,4318,5678,2685,5077,109794,31731,4651,2426,29984,6,0
2021-03-27T23:59:59+01:00,4184,4569,6676,7623,6988,9302,8787,12055,9519,11055,10157,11073,12742,15984,4629,8009,369,430,911,1314,996,1907,1366,2950,1542,2191,1285,1128,4291,5643,2674,5063,109785,31629,4651,2425,28916,6,0
2021-03-26T23:59:59+01:00,4178,4559,6645,7586,6957,9222,8737,11935,9428,10932,10106,11015,12707,15932,4622,7993,364,428,909,1311,992,1894,1360,2926,1524,2183,1257,1109,4103,5404,2582,4931,109729,30887,4430,2384,28395,6,0
2021-03-25T23:59:59+01:00,4149,4518,6553,7455,6857,9052,8537,11699,9119,10613,9708,10605,12451,15675,4618,7985,364,426,907,1303,988,1883,1346,2907,1499,2167,1228,1092,3850,5134,2360,4628,109357,29693,4223,2384,26014,5,0
2021-03-24T23:59:59+01:00,4083,4445,6468,7276,6734,8820,8364,11450,8878,10293,9259,10075,12104,15288,4609,7978,364,425,906,1300,982,1881,1340,2899,1482,2154,1221,1082,3775,5058,2191,4415,108846,29088,4089,2384,23189,3,0
2021-03-23T23:59:59+01:00,4062,4408,6419,7222,6651,8750,8245,11317,8615,10056,8804,9539,11712,14856,4601,7966,364,424,904,1289,977,1873,1335,2889,1479,2142,1195,1064,3679,4964,2006,4119,108036,28316,3996,2384,21191,3,0
2021-03-22T23:59:59+01:00,4048,4387,6381,7189,6618,8705,8171,11238,8459,9896,8492,9169,11449,14574,4575,7931,361,418,899,1277,969,1867,1327,2880,1471,2131,1183,1055,3647,4924,1992,4092,107367,28107,3993,2383,19922,3,0
2021-03-21T23:59:59+01:00,4046,4383,6376,7178,6602,8690,8148,11218,8394,9835,8381,9038,11384,14492,4574,7928,359,417,890,1273,960,1862,1320,2878,1467,2126,1179,1053,3638,4908,1978,4084,107282,28006,3992,2383,19393,3,0
2021-03-20T23:59:59+01:00,4038,4336,6367,7105,6588,8547,8121,11025,8349,9723,8300,8951,11353,14457,4574,7928,359,417,890,1273,960,1862,1319,2878,1467,2124,1179,1053,3638,4906,1978,4084,107251,28002,3780,2382,18731,3,0
2021-03-19T23:59:59+01:00,4025,4301,6340,7021,6562,8453,8071,10911,8213,9535,7765,8348,11200,14250,4566,7914,354,416,884,1265,944,1851,1293,2847,1413,2077,1091,977,2916,4035,1636,3615,105645,25229,3481,2382,18349,3,0
2021-03-18T23:59:59+01:00,4013,4281,6298,6981,6530,8385,7999,10824,8068,9374,6780,7220,11000,14035,4556,7896,353,416,880,1261,937,1843,1276,2837,1388,2057,1050,961,2690,3756,1505,3437,102657,24262,3324,2382,18259,3,0
2021-03-17T23:59:59+01:00,3970,4236,6229,6894,6471,8281,7903,10695,7941,9215,5990,6241,10844,13880,4540,7875,352,416,872,1255,934,1830,1262,2816,1363,2034,1020,937,2554,3619,1445,3344,99900,23668,3323,2382,17982,3,0
2021-03-16T23:59:59+01:00,3950,4200,6190,6840,6423,8214,7844,10623,7853,9122,5797,6024,10196,13143,4505,7820,344,406,859,1239,922,1821,1256,2799,1349,2026,1006,915,2323,3352,1332,3182,97713,22748,3313,2380,17718,3,0
2021-03-15T23:59:59+01:00,3911,4163,6085,6759,6297,8115,7702,10505,7696,8980,5010,5145,9821,12659,4468,7764,343,405,856,1235,921,1812,1253,2787,1341,2017,991,901,2168,3167,1262,3106,94210,22184,3306,2379,17564,2,0
2021-03-14T23:59:59+01:00,3759,3977,5803,6423,6034,7771,7375,10055,7425,8692,4664,4747,9695,12497,4465,7753,343,405,856,1235,920,1812,1251,2786,1339,2014,990,899,2165,3163,1259,3106,91819,22165,3252,2376,16064,2,0
2021-03-13T23:59:59+01:00,3015,3235,4850,5560,5023,6821,6135,8899,6510,7832,4363,4382,9320,11985,4402,7670,343,405,855,1233,919,1807,1250,2784,1338,2014,990,898,2133,3122,1237,3076,81137,22026,3252,2376,15613,2,0
2021-03-12T23:59:59+01:00,2071,2317,3491,4376,3508,5477,4318,7208,5037,6444,3701,3696,8025,10359,4008,7135,339,401,851,1229,915,1801,1241,2762,1310,1996,943,872,1734,2605,1023,2781,62337,20425,3250,2376,15584,2,0
2021-03-11T23:59:59+01:00,1488,1774,2577,3620,2592,4525,3207,6086,3659,5034,2588,2472,6242,8132,3421,6188,334,393,835,1219,902,1777,1222,2732,1286,1954,905,849,1560,2350,921,2621,45077,19482,3248,2376,15280,2,0
2021-03-10T23:59:59+01:00,1239,1525,2203,3250,2208,4133,2739,5657,2678,3961,1495,1287,4879,6380,2980,5585,324,383,817,1198,879,1734,1186,2666,1250,1891,880,830,1370,2129,838,2480,34073,18583,3248,2270,14878,2,0
2021-03-09T23:59:59+01:00,1217,1482,2135,3113,2143,4019,2654,5515,2597,3848,1463,1260,4802,6301,2948,5536,317,374,806,1177,858,1703,1162,2627,1234,1866,865,815,1277,1998,785,2380,33669,18016,3245,2226,14119,2,0
2021-03-08T23:59:59+01:00,1189,1443,2082,3015,2099,3933,2594,5400,2544,3789,1423,1238,4649,6115,2860,5425,317,368,801,1171,855,1694,1154,2619,1223,1847,846,790,1088,1753,683,2241,32979,17226,3245,2223,13574,1,0
2021-03-07T23:59:59+01:00,1182,1422,2041,2971,2058,3889,2555,5331,2507,3762,1417,1235,4643,6107,2857,5425,317,368,801,1171,855,1694,1154,2619,1222,1847,842,790,1080,1742,675,2231,32949,17226,3240,2182,13213,0,0
2021-03-06T23:59:59+01:00,1180,1418,2032,2956,2045,3870,2540,5301,2488,3744,1403,1221,4609,6067,2846,5414,317,368,801,1171,855,1694,1154,2619,1222,1847,842,790,1080,1742,675,2230,32806,17226,3239,2181,13089,0,0
2021-03-05T23:59:59+01:00,1174,1413,2014,2935,2015,3842,2497,5247,2437,3715,1362,1190,4328,5716,2719,5224,315,365,793,1165,851,1686,1151,2611,1219,1838,829,786,1073,1733,674,2228,32067,17136,2909,2181,12852,0,0
2021-03-04T23:59:59+01:00,1071,1247,1928,2815,1947,3703,2421,5080,2349,3579,1331,1170,4065,5426,2483,4907,315,363,791,1159,849,1680,1150,2602,1214,1834,807,777,1063,1721,667,2217,30817,17051,2905,2158,11800,0,0
2021-03-03T23:59:59+01:00,1015,1129,1867,2718,1880,3601,2351,4966,2279,3504,1321,1158,3940,5313,2277,4645,314,358,790,1152,846,1658,1144,2560,1200,1814,794,773,1054,1702,661,2211,30149,17026,2790,2005,11025,0,0
2021-03-02T23:59:59+01:00,962,1041,1773,2594,1790,3479,2265,4842,2215,3433,1293,1139,3797,5158,2087,4321,314,356,789,1146,843,1656,1140,2555,1195,1804,792,770,1039,1679,652,2195,29425,16921,2601,2004,10163,0,0
2021-03-01T23:59:59+01:00,928,977,1676,2460,1718,3334,2162,4671,2146,3325,1274,1129,3742,5087,2049,4268,313,355,786,1142,842,1641,1135,2543,1190,1797,787,767,1034,1671,651,2194,29172,16844,2517,2004,9257,0,0
2021-02-28T23:59:59+01:00,919,948,1658,2396,1689,3255,2142,4579,2132,3259,1269,1125,3732,5072,2035,4259,313,355,786,1141,842,1640,1135,2543,1189,1796,785,765,1025,1656,648,2186,29066,16834,2515,1971,8888,0,0
2021-02-27T23:59:59+01:00,901,926,1637,2332,1674,3143,2119,4442,2113,3183,1267,1123,3732,5070,2034,4258,313,355,786,1141,842,1639,1135,2543,1189,1795,785,765,1025,1656,648,2186,29061,16832,2514,1971,8379,0,0
2021-02-26T23:59:59+01:00,753,837,1546,2213,1621,2987,2055,4185,2009,2968,1174,1049,3023,4192,1678,3776,313,355,784,1139,842,1638,1135,2539,1187,1794,782,760,1005,1639,641,2174,26269,16758,2514,1969,7283,0,0
2021-02-25T23:59:59+01:00,578,749,1446,2105,1553,2862,1989,4053,1915,2859,1124,1025,2772,3877,1540,3581,295,337,756,1114,800,1568,1086,2434,1117,1713,732,743,974,1597,631,2152,25202,16666,2486,1383,6340,0,0
2021-02-24T23:59:59+01:00,541,709,1372,1993,1490,2708,1910,3901,1842,2724,1090,994,2616,3727,1482,3480,264,317,731,1073,778,1505,1053,2373,1067,1668,702,720,934,1564,619,2127,24553,16480,2475,1015,5551,0,0
2021-02-23T23:59:59+01:00,479,659,1290,1849,1420,2556,1824,3693,1780,2613,1066,964,2393,3468,1378,3328,258,308,717,1049,766,1469,1029,2328,1045,1628,693,710,923,1550,618,2123,23632,16395,2465,819,4663,0,0
2021-02-22T23:59:59+01:00,464,619,1186,1738,1313,2463,1724,3582,1698,2550,1048,949,2239,3283,1308,3250,246,293,689,997,738,1401,1002,2235,1001,1553,656,683,850,1469,588,2072,23061,16209,2461,264,3892,0,0
2021-02-21T23:59:59+01:00,440,600,1077,1708,1161,2439,1570,3560,1605,2534,1044,947,2238,3282,1308,3250,215,286,662,990,727,1392,988,2230,998,1551,653,681,845,1465,582,2065,23032,16079,2461,251,3270,0,0
2021-02-20T23:59:59+01:00,440,599,1076,1708,1160,2438,1569,3559,1605,2532,1044,946,2237,3282,1307,3249,214,284,659,990,724,1391,981,2227,997,1551,653,681,845,1465,582,2065,23026,16058,2460,251,3265,0,0
2021-02-19T23:59:59+01:00,433,589,1066,1705,1149,2428,1555,3540,1573,2514,992,917,1812,2717,1067,2926,191,274,633,986,707,1382,967,2225,991,1550,650,680,843,1465,581,2064,21282,15938,2460,251,3241,0,0
2021-02-18T23:59:59+01:00,413,566,1021,1619,1113,2343,1505,3418,1535,2436,961,892,1614,2447,964,2750,170,262,593,975,682,1371,933,2207,970,1531,639,663,821,1433,572,2048,20301,15619,2460,251,2836,0,0
2021-02-17T23:59:59+01:00,382,498,936,1478,1002,2121,1371,3175,1429,2232,928,868,1414,2202,877,2606,163,255,577,940,660,1315,895,2131,923,1457,606,633,815,1410,568,2030,19227,15127,2460,251,1832,0,0
2021-02-16T23:59:59+01:00,374,449,892,1336,949,1925,1303,2954,1368,2084,920,853,1339,2096,824,2521,154,239,566,897,641,1261,871,2067,892,1420,596,620,795,1379,555,1972,18855,14811,2459,114,873,0,0
2021-02-15T23:59:59+01:00,355,405,867,1305,929,1865,1258,2870,1334,2029,895,823,1140,1842,716,2370,145,229,544,867,622,1199,848,1992,868,1345,576,585,777,1340,547,1935,17940,14345,2458,74,605,0,0
2021-02-14T23:59:59+01:00,354,405,867,1305,928,1865,1256,2870,1334,2029,895,823,1140,1842,716,2370,145,228,543,861,617,1194,844,1988,865,1342,574,585,776,1339,547,1932,17939,14306,2458,74,602,0,0
2021-02-13T23:59:59+01:00,354,405,867,1304,928,1862,1256,2868,1334,2027,895,823,1140,1842,716,2370,145,228,543,861,617,1194,842,1984,863,1339,571,585,762,1318,535,1917,17931,14304,2458,0,602,0,0
2021-02-12T23:59:59+01:00,347,404,860,1296,924,1834,1248,2833,1307,2004,895,822,1139,1839,716,2370,145,227,541,858,615,1186,835,1974,859,1325,568,583,748,1306,529,1906,17923,14205,2458,0,457,0,0
2021-02-11T23:59:59+01:00,326,394,846,1261,918,1793,1230,2768,1286,1955,863,808,1129,1828,715,2360,141,208,525,815,592,1121,800,1868,834,1278,558,569,724,1267,516,1880,17811,13696,2457,0,212,0,0
2021-02-10T23:59:59+01:00,323,381,826,1227,904,1762,1217,2719,1273,1919,859,807,1113,1810,711,2346,135,192,459,737,555,1028,730,1751,795,1217,542,555,715,1247,506,1862,17787,13026,2352,0,58,0,0
2021-02-09T23:59:59+01:00,323,377,820,1213,894,1744,1202,2701,1259,1895,845,802,1098,1793,703,2330,116,168,402,649,509,884,650,1560,713,1049,481,465,602,1078,441,1639,17689,11406,2307,0,3,0,0
2021-02-08T23:59:59+01:00,322,376,818,1208,894,1738,1200,2696,1252,1887,840,799,1079,1769,694,2316,102,143,359,562,456,784,559,1335,611,916,406,384,528,884,353,1352,17583,9734,2304,0,1,0,0
2021-02-07T23:59:59+01:00,321,375,816,1207,893,1738,1200,2694,1252,1885,834,797,1077,1765,693,2315,100,142,357,557,454,780,556,1324,607,913,402,381,506,860,349,1339,17558,9627,2304,0,0,0,0
2021-02-06T23:59:59+01:00,321,374,816,1207,893,1737,1200,2694,1252,1884,833,794,1074,1761,693,2313,100,141,357,554,453,778,555,1321,604,911,399,377,455,785,322,1301,17543,9413,2303,0,0,0,0
2021-02-05T23:59:59+01:00,321,374,815,1205,893,1737,1199,2692,1251,1882,825,788,1050,1748,688,2300,92,137,350,547,436,759,530,1284,574,877,377,351,436,761,309,1266,17465,9086,2303,0,0,0,0
2021-02-04T23:59:59+01:00,318,366,811,1183,883,1714,1182,2664,1238,1861,802,772,1023,1718,683,2287,74,106,273,421,338,597,418,1044,465,704,300,285,333,603,249,1061,17225,7271,2280,0,0,0,0
2021-02-03T23:59:59+01:00,317,356,808,1166,881,1682,1175,2613,1220,1838,788,759,1004,1694,676,2274,58,73,184,292,258,447,299,760,342,507,201,203,236,446,176,794,17130,5276,2121,0,0,0,0
2021-02-02T23:59:59+01:00,315,351,804,1157,877,1659,1162,2589,1211,1822,784,753,994,1682,675,2267,37,43,100,149,152,250,187,487,213,315,132,124,158,266,126,519,16981,3258,2121,0,0,0,0
2021-02-01T23:59:59+01:00,314,346,795,1142,872,1637,1157,2561,1208,1794,775,740,989,1674,671,2254,12,13,16,27,28,64,49,95,61,89,46,43,56,80,39,173,16808,891,2121,0,0,0,0
2021-01-31T23:59:59+01:00,307,344,780,1140,864,1626,1145,2549,1198,1786,770,734,979,1655,664,2243,11,13,14,26,26,61,42,89,57,82,42,43,52,72,36,162,16773,828,2011,0,0,0,0
2021-01-30T23:59:59+01:00,307,344,780,1140,863,1626,1145,2549,1198,1786,769,734,979,1654,664,2243,11,11,14,26,26,61,41,89,56,80,42,42,51,72,36,161,16770,819,2011,0,0,0,0
2021-01-29T23:59:59+01:00,307,344,780,1139,863,1626,1145,2549,1198,1785,768,732,978,1653,664,2241,10,6,13,26,26,59,39,88,55,80,41,41,51,72,36,161,16763,804,2009,0,0,0,0
2021-01-28T23:59:59+01:00,303,337,764,1114,828,1569,1106,2485,1126,1735,727,721,949,1627,654,2225,4,0,3,9,11,21,18,42,19,39,20,21,23,47,16,96,16586,389,1684,0,0,0,0
2021-01-27T23:59:59+01:00,297,330,735,1076,782,1509,1045,2406,1056,1659,695,694,938,1609,651,2218,3,0,3,6,8,17,13,27,13,28,5,7,10,10,5,25,16137,180,1563,0,0,0,0
2021-01-26T23:59:59+01:00,271,316,720,1052,772,1461,1023,2327,1032,1599,682,683,917,1591,641,2201,3,0,1,6,6,7,12,11,5,12,3,3,6,7,2,16,16086,100,1202,0,0,0,0
2021-01-25T23:59:59+01:00,237,296,664,970,718,1341,981,2174,972,1476,638,631,837,1487,605,2139,3,0,1,6,6,7,12,11,5,12,3,3,6,7,2,16,15861,100,305,0,0,0,0
2021-01-24T23:59:59+01:00,218,285,639,963,701,1326,961,2158,960,1466,630,625,828,1467,596,2127,3,0,1,6,5,7,12,11,4,12,3,3,6,7,2,16,15689,98,261,0,0,0,0
2021-01-23T23:59:59+01:00,218,285,639,963,701,1326,961,2158,960,1466,630,625,828,1467,596,2127,3,0,1,6,5,7,10,11,4,12,3,3,6,7,2,16,15689,96,261,0,0,0,0
2021-01-22T23:59:59+01:00,166,266,585,954,680,1312,931,2146,949,1458,625,624,828,1467,596,2127,3,0,0,6,5,7,10,11,4,12,3,3,6,7,2,16,15453,95,261,0,0,0,0
2021-01-21T23:59:59+01:00,160,255,570,930,658,1272,893,2088,930,1416,618,603,814,1434,591,2112,3,0,0,6,4,7,10,11,4,12,3,3,6,7,2,15,15083,93,261,0,0,0,0
2021-01-20T23:59:59+01:00,151,234,526,862,634,1193,827,1975,897,1353,597,587,797,1411,583,2087,3,0,0,6,4,7,10,11,4,12,3,3,6,7,2,15,14455,93,259,0,0,0,0
2021-01-19T23:59:59+01:00,134,206,448,774,568,1045,741,1777,798,1209,543,523,698,1239,514,1855,3,0,0,6,4,7,10,11,4,12,3,3,6,7,2,15,12881,93,191,0,0,0,0
2021-01-18T23:59:59+01:00,112,167,378,620,473,869,609,1493,677,1035,476,456,621,1067,451,1608,1,0,0,0,0,0,0,0,0,0,0,0,0,1,0,0,11031,2,81,0,0,0,0
2021-01-17T23:59:59+01:00,108,165,374,615,472,862,606,1474,668,1027,473,449,593,1036,437,1567,1,0,0,0,0,0,0,0,0,0,0,0,0,1,0,0,10845,2,81,0,0,0,0
2021-01-16T23:59:59+01:00,108,162,372,607,469,854,595,1460,655,1018,458,435,495,898,378,1483,0,0,0,0,0,0,0,0,0,0,0,0,0,0,0,0,10445,0,2,0,0,0,0
2021-01-15T23:59:59+01:00,106,160,368,605,463,848,589,1451,636,1003,444,419,486,884,371,1462,0,0,0,0,0,0,0,0,0,0,0,0,0,0,0,0,10295,0,0,0,0,0,0
2021-01-14T23:59:59+01:00,82,126,306,498,381,685,471,1189,526,842,361,338,389,729,304,1247,0,0,0,0,0,0,0,0,0,0,0,0,0,0,0,0,8474,0,0,0,0,0,0
2021-01-13T23:59:59+01:00,65,93,219,372,301,515,362,869,396,609,247,238,285,546,228,955,0,0,0,0,0,0,0,0,0,0,0,0,0,0,0,0,6300,0,0,0,0,0,0
2021-01-12T23:59:59+01:00,43,59,131,221,183,310,226,565,251,377,155,145,184,356,157,649,0,0,0,0,0,0,0,0,0,0,0,0,0,0,0,0,4012,0,0,0,0,0,0
2021-01-11T23:59:59+01:00,13,18,44,58,43,91,70,131,76,112,64,56,82,114,46,215,0,0,0,0,0,0,0,0,0,0,0,0,0,0,0,0,1233,0,0,0,0,0,0
2021-01-10T23:59:59+01:00,13,17,32,48,35,73,57,123,69,102,55,52,77,102,43,204,0,0,0,0,0,0,0,0,0,0,0,0,0,0,0,0,1102,0,0,0,0,0,0
2021-01-09T23:59:59+01:00,13,16,29,47,35,73,54,122,68,99,55,51,76,101,41,203,0,0,0,0,0,0,0,0,0,0,0,0,0,0,0,0,1083,0,0,0,0,0,0
2021-01-08T23:59:59+01:00,9,9,29,43,33,69,51,121,67,98,52,46,70,97,38,203,0,0,0,0,0,0,0,0,0,0,0,0,0,0,0,0,1035,0,0,0,0,0,0
2021-01-07T23:59:59+01:00,5,2,10,23,18,35,28,90,31,63,32,27,47,81,27,159,0,0,0,0,0,0,0,0,0,0,0,0,0,0,0,0,678,0,0,0,0,0,0
2021-01-06T23:59:59+01:00,5,0,4,11,13,28,24,50,18,39,26,24,33,56,20,116,0,0,0,0,0,0,0,0,0,0,0,0,0,0,0,0,467,0,0,0,0,0,0
2021-01-05T23:59:59+01:00,5,0,4,11,13,28,24,50,18,39,26,24,33,55,20,116,0,0,0,0,0,0,0,0,0,0,0,0,0,0,0,0,466,0,0,0,0,0,0
2021-01-04T23:59:59+01:00,4,0,1,6,4,7,14,11,4,12,3,3,6,8,2,17,0,0,0,0,0,0,0,0,0,0,0,0,0,0,0,0,102,0,0,0,0,0,0
2021-01-03T23:59:59+01:00,3,0,1,6,4,7,13,11,4,12,3,3,6,8,2,16,0,0,0,0,0,0,0,0,0,0,0,0,0,0,0,0,99,0,0,0,0,0,0
2021-01-02T23:59:59+01:00,3,0,1,6,4,7,11,11,4,12,3,3,6,8,2,16,0,0,0,0,0,0,0,0,0,0,0,0,0,0,0,0,97,0,0,0,0,0,0
2021-01-01T23:59:59+01:00,3,0,0,6,4,7,11,11,4,12,3,3,6,7,2,16,0,0,0,0,0,0,0,0,0,0,0,0,0,0,0,0,95,0,0,0,0,0,0
2020-12-31T23:59:59+01:00,3,0,0,6,4,7,10,11,4,12,3,3,6,7,2,16,0,0,0,0,0,0,0,0,0,0,0,0,0,0,0,0,94,0,0,0,0,0,0
2020-12-30T23:59:59+01:00,3,0,0,6,4,7,10,11,4,12,3,3,6,7,2,16,0,0,0,0,0,0,0,0,0,0,0,0,0,0,0,0,94,0,0,0,0,0,0
2020-12-29T23:59:59+01:00,3,0,0,6,4,7,10,11,4,12,3,3,6,7,2,16,0,0,0,0,0,0,0,0,0,0,0,0,0,0,0,0,94,0,0,0,0,0,0
2020-12-28T23:59:59+01:00,3,0,0,6,4,7,10,11,4,12,3,3,6,7,2,16,0,0,0,0,0,0,0,0,0,0,0,0,0,0,0,0,94,0,0,0,0,0,0
2020-12-27T23:59:59+01:00,1,0,0,0,0,0,0,0,0,0,0,0,1,3,0,7,0,0,0,0,0,0,0,0,0,0,0,0,0,0,0,0,12,0,0,0,0,0,0
