Datum,<15_m,<15_w,15-24_1_m,15-24_1_w,25-34_1_m,25-34_1_w,35-44_1_m,35-44_1_w,45-54_1_m,45-54_1_w,55-64_1_m,55-64_1_w,65-74_1_m,65-74_1_w,75-84_1_m,75-84_1_w,>84_1_m,>84_1_w,<24_2_m,<24_2_w,25-34_2_m,25-34_2_w,35-44_2_m,35-44_2_w,45-54_2_m,45-54_2_w,55-64_2_m,55-64_2_w,65-74_2_m,65-74_2_w,75-84_2_m,75-84_2_w,>84_2_m,>84_2_w,bp_1,bp_2,mo_1,mo_2,az_1,az_2,ja,unb_1,unb_2
2021-08-01T23:59:59+02:00,1979,1729,21254,20430,31170,28606,32022,32029,37784,38326,41666,41984,27579,30768,19627,24628,5971,10097,13334,12995,23881,22193,27598,27690,33986,34324,38075,38652,26110,29083,18728,23355,5695,9562,309862,260988,44398,42325,77381,67113,15938,70,25
2021-07-31T23:59:59+02:00,1954,1703,21181,20363,31113,28573,31974,31995,37755,38299,41645,41965,27575,30760,19622,24624,5971,10097,12555,12149,23496,21847,27332,27401,33755,34111,37913,38493,26056,29017,18710,23326,5693,9558,309497,256966,44387,42295,77379,66993,15836,70,25
2021-07-30T23:59:59+02:00,1929,1684,21160,20341,31083,28554,31959,31979,37749,38293,41637,41957,27570,30757,19621,24624,5970,10097,12468,12074,23168,21560,27049,27190,33541,33953,37752,38362,26033,29000,18708,23318,5693,9556,309319,255546,44386,42287,77379,66446,15810,70,25
2021-07-29T23:59:59+02:00,1860,1615,20930,20110,30944,28410,31858,31871,37659,38207,41548,41897,27542,30734,19608,24606,5965,10089,11847,11551,22052,20730,26018,26356,32570,33265,37375,38075,25951,28899,18679,23272,5688,9549,308138,250007,44360,42203,77372,64697,15513,70,25
2021-07-28T23:59:59+02:00,1841,1600,20890,20061,30926,28383,31844,31850,37640,38187,41527,41877,27531,30722,19603,24596,5965,10087,11575,11259,21651,20354,25589,25929,32412,33119,37265,37988,25915,28850,18663,23252,5687,9544,307835,247155,44359,42203,77360,64638,15507,69,25
2021-07-27T23:59:59+02:00,1833,1595,20854,20025,30903,28352,31812,31837,37620,38155,41503,41863,27524,30715,19602,24591,5965,10084,11329,11051,21454,20167,25451,25811,32306,33019,37185,37907,25891,28813,18655,23243,5684,9540,307619,245710,44359,42198,77359,64566,15427,69,25
2021-07-26T23:59:59+02:00,1807,1561,20731,19912,30801,28255,31758,31775,37570,38089,41460,41833,27500,30697,19592,24578,5959,10081,11045,10731,20957,19733,25208,25609,32148,32870,37056,37822,25857,28778,18642,23221,5683,9532,306890,243456,44330,42091,77354,64362,15316,69,25
2021-07-25T23:59:59+02:00,1800,1552,20709,19901,30793,28246,31748,31761,37564,38083,41450,41824,27496,30695,19591,24576,5959,10080,10941,10625,20807,19625,24974,25416,31910,32665,36914,37690,25840,28764,18636,23214,5682,9529,306782,242204,44320,42075,77347,63953,15310,69,25
2021-07-24T23:59:59+02:00,1780,1537,20629,19828,30751,28208,31713,31725,37538,38055,41427,41812,27489,30690,19588,24574,5959,10080,10879,10572,20731,19563,24903,25355,31857,32634,36885,37670,25834,28760,18634,23212,5682,9529,306441,241839,44309,42052,77343,63887,15221,69,25
2021-07-23T23:59:59+02:00,1725,1502,20440,19687,30589,28097,31625,31656,37471,38004,41388,41770,27478,30674,19583,24568,5958,10075,10624,10369,20368,19261,24107,24713,31379,32306,36325,37214,25791,28718,18618,23195,5681,9527,305626,238996,44300,42008,77326,62500,14969,69,24
2021-07-22T23:59:59+02:00,1662,1446,20131,19420,30351,27919,31494,31543,37343,37900,41290,41688,27452,30651,19572,24545,5954,10074,10174,9995,19629,18753,23161,24046,30676,31721,35296,36456,25680,28622,18585,23163,5679,9523,304165,235412,44267,41347,77322,60002,14612,69,24
2021-07-21T23:59:59+02:00,1647,1438,20095,19373,30324,27890,31472,31520,37323,37875,41269,41666,27443,30643,19567,24539,5949,10070,9864,9663,19172,18303,22295,23285,30342,31388,35067,36261,25597,28525,18555,23111,5671,9513,303848,232686,44261,39669,77320,59830,14605,69,21
2021-07-20T23:59:59+02:00,1641,1433,20063,19346,30297,27869,31448,31502,37307,37860,41259,41655,27428,30629,19567,24532,5949,10067,9598,9385,18842,18034,22027,23000,30167,31234,34903,36116,25551,28480,18540,23077,5670,9509,303612,230304,44259,39660,77319,59731,14593,69,21
2021-07-19T23:59:59+02:00,1630,1425,19950,19258,30217,27797,31390,31449,37288,37841,41244,41637,27423,30618,19561,24525,5948,10064,9399,9189,18529,17760,21566,22582,29914,31003,34783,36015,25517,28442,18522,23061,5670,9506,303040,228677,44253,38723,77318,59617,14585,69,21
2021-07-18T23:59:59+02:00,1619,1420,19883,19194,30092,27698,31327,31386,37226,37790,41203,41586,27403,30588,19552,24510,5944,10061,9290,9075,18365,17612,21377,22392,29747,30805,34670,35915,25487,28419,18511,23044,5670,9500,302268,227433,44253,38424,77316,59576,14576,69,21
2021-07-17T23:59:59+02:00,1618,1416,19876,19192,30092,27696,31327,31382,37221,37788,41199,41584,27402,30587,19551,24510,5944,10061,9269,9060,18333,17591,21359,22379,29737,30798,34651,35911,25484,28417,18511,23043,5670,9500,302236,227281,44253,38421,77316,59565,14572,69,21
2021-07-16T23:59:59+02:00,1565,1371,19603,18944,29967,27600,31244,31311,37166,37726,41159,41552,27383,30570,19544,24500,5942,10055,9156,8947,17964,17296,21058,22113,29353,30446,34520,35808,25461,28394,18504,23030,5668,9498,301245,226043,44231,37721,77314,59234,14343,69,19
2021-07-15T23:59:59+02:00,1507,1328,19342,18699,29788,27453,31137,31212,37085,37645,41093,41485,27341,30541,19528,24486,5938,10052,8797,8645,17059,16472,19527,20897,28441,29530,33904,35232,25295,28216,18451,22981,5662,9486,299984,219991,44189,36283,77306,58314,14112,69,19
2021-07-14T23:59:59+02:00,1494,1316,19313,18663,29765,27427,31114,31181,37074,37632,41074,41479,27333,30534,19519,24479,5937,10049,8511,8348,16508,15873,19036,20383,27879,29032,33512,34857,25183,28089,18412,22915,5657,9475,299714,215839,44187,35925,77303,57888,14110,69,19
2021-07-13T23:59:59+02:00,1482,1307,19276,18638,29748,27403,31093,31166,37059,37605,41051,41451,27324,30520,19517,24474,5936,10043,8209,8089,16111,15518,18762,20106,27617,28784,33242,34601,25085,27969,18379,22874,5655,9470,299434,213151,44186,35890,77302,57397,14102,69,19
2021-07-12T23:59:59+02:00,1467,1298,19235,18621,29715,27375,31076,31145,37047,37588,41034,41436,27321,30516,19515,24468,5935,10043,7949,7873,15833,15244,18064,19561,27304,28465,32831,34240,24918,27777,18320,22799,5649,9465,299186,211876,44185,33964,77302,56422,14093,69,19
2021-07-11T23:59:59+02:00,1459,1290,19205,18592,29685,27346,31061,31117,37039,37567,41020,41424,27312,30507,19513,24468,5934,10042,7906,7826,15768,15173,17976,19507,27221,28403,32719,34178,24865,27732,18300,22777,5649,9462,298944,211304,44183,33953,77300,56180,14085,69,19
2021-07-10T23:59:59+02:00,1330,1175,18705,18175,29244,27055,30779,30888,36796,37408,40821,41274,27240,30447,19487,24436,5931,10039,7777,7757,15488,15039,17761,19361,26981,28264,32555,34061,24800,27686,18284,22764,5648,9462,296760,210890,44050,33837,77271,55940,13080,69,19
2021-07-09T23:59:59+02:00,1320,1169,18678,18145,29224,27038,30767,30875,36786,37396,40810,41266,27236,30443,19485,24432,5931,10038,7735,7710,15419,14974,17699,19268,26762,28034,32306,33848,24738,27623,18262,22738,5648,9459,296620,210615,44031,33834,77270,54779,13049,69,19
2021-07-08T23:59:59+02:00,1244,1089,18412,17935,29079,26889,30633,30759,36684,37294,40712,41189,27203,30408,19466,24414,5926,10034,7569,7578,15123,14728,17271,18910,26073,27437,32036,33583,24571,27466,18204,22676,5645,9453,295367,209492,43978,32419,77262,53763,12694,69,19
2021-07-07T23:59:59+02:00,1147,997,18102,17614,28884,26707,30507,30638,36572,37174,40606,41105,27170,30361,19452,24397,5923,10031,7374,7367,14685,14362,16807,18468,25321,26832,31629,33204,24308,27143,18110,22582,5636,9444,293810,206585,43930,31585,77251,52809,12327,69,19
2021-07-06T23:59:59+02:00,1124,981,18025,17551,28840,26658,30457,30592,36536,37139,40572,41073,27153,30336,19441,24384,5921,10028,7158,7135,14342,14006,16459,18119,24577,26186,31331,32940,24118,26929,18062,22511,5629,9437,293241,204534,43927,30183,77250,51920,12324,69,19
2021-07-05T23:59:59+02:00,1082,953,17952,17488,28797,26602,30419,30558,36512,37095,40544,41048,27148,30322,19435,24379,5921,10023,6929,6945,14039,13737,16107,17754,24031,25681,30767,32376,23840,26630,17954,22372,5621,9427,292764,203041,43925,28104,77246,50790,12274,69,19
2021-07-04T23:59:59+02:00,1060,938,17883,17439,28759,26581,30398,30529,36502,37085,40529,41036,27142,30311,19430,24376,5921,10022,6903,6928,13986,13691,16033,17696,23947,25626,30614,32285,23748,26542,17922,22331,5619,9423,292451,202652,43924,28095,77235,50284,12262,69,19
2021-07-03T23:59:59+02:00,645,566,16156,15721,27590,25660,29604,29814,35862,36475,40032,40607,26985,30145,19363,24290,5912,10005,6519,6687,13473,13388,15633,17395,23586,25349,30310,32092,23652,26449,17889,22294,5615,9419,284955,202362,43885,28019,77152,49997,9371,69,19
2021-07-02T23:59:59+02:00,606,528,16026,15576,27429,25514,29525,29754,35832,36448,40013,40594,26979,30135,19360,24287,5912,10005,6471,6616,13399,13287,15545,17265,23443,25166,30157,31927,23459,26239,17800,22216,5613,9416,284054,201680,43885,27861,77150,49112,9365,69,19
2021-07-01T23:59:59+02:00,548,483,15849,15422,27211,25360,29448,29677,35777,36397,39948,40550,26959,30118,19349,24275,5910,10001,6332,6487,13060,13016,15020,16830,22182,24183,29397,31249,23181,25952,17682,22082,5606,9401,282872,198159,43880,26200,77138,47976,9323,69,19
2021-06-30T23:59:59+02:00,518,463,15745,15319,27103,25277,29382,29608,35722,36347,39905,40514,26944,30087,19339,24258,5906,10001,6140,6310,12631,12635,14453,16284,21560,23591,28807,30721,22762,25488,17552,21898,5599,9389,282063,193927,43877,26176,77132,46415,9297,69,19
2021-06-29T23:59:59+02:00,461,413,14985,14653,26842,25057,29288,29509,35643,36266,39837,40467,26923,30064,19332,24245,5906,9999,6028,6186,12375,12372,14059,15888,20773,22972,28225,30172,22315,24965,17400,21723,5591,9379,279568,190789,43876,25669,77124,44705,9253,69,19
2021-06-28T23:59:59+02:00,425,382,14358,14017,26686,24953,29214,29443,35587,36201,39793,40434,26905,30044,19324,24234,5906,9995,5962,6091,12196,12233,13871,15712,20156,22426,27826,29802,21979,24608,17272,21560,5586,9375,277641,189109,43872,25019,77120,43320,9199,69,19
2021-06-27T23:59:59+02:00,348,315,14013,13642,26622,24895,29174,29408,35565,36179,39776,40421,26894,30037,19322,24231,5905,9994,5926,6049,12082,12119,13728,15584,19606,21955,27220,29305,21702,24273,17152,21437,5582,9374,276527,188278,43870,23505,77109,42137,9166,69,19
2021-06-26T23:59:59+02:00,348,315,14002,13631,26606,24884,29168,29402,35560,36178,39773,40420,26893,30036,19322,24231,5905,9994,5921,6046,12070,12116,13722,15580,19593,21944,27175,29270,21557,24144,17112,21381,5581,9372,276457,188252,43868,23501,77109,41658,9165,69,19
2021-06-25T23:59:59+02:00,225,202,12745,12414,25147,23743,28869,29168,35454,36096,39708,40358,26869,30009,19313,24220,5903,9992,5878,5999,11974,12037,13580,15458,19284,21706,26791,28911,21235,23752,16939,21184,5578,9363,270246,187030,43864,23218,77094,40251,9162,69,19
2021-06-24T23:59:59+02:00,161,148,11777,11587,24037,22866,28506,28821,35307,35932,39596,40255,26834,29959,19302,24196,5901,9988,5662,5769,11516,11622,13004,14868,17757,20316,25154,27321,20468,22901,16624,20778,5568,9353,265038,182066,43847,19615,77090,37861,9130,68,19
2021-06-23T23:59:59+02:00,125,123,11417,11265,23540,22497,28261,28579,35130,35806,39507,40168,26804,29933,19294,24159,5899,9977,5589,5656,11305,11407,12706,14517,17367,19908,24407,26557,19679,22153,16432,20526,5560,9337,262439,179718,43841,19003,77085,35325,9051,68,19
2021-06-22T23:59:59+02:00,104,110,11236,11053,23384,22354,28182,28507,35054,35744,39461,40124,26789,29909,19286,24151,5899,9976,5480,5536,11040,11152,12339,14147,16765,19314,23680,25792,19300,21730,16269,20348,5553,9321,261299,176695,43838,18146,77083,33878,9035,68,19
2021-06-21T23:59:59+02:00,91,98,10985,10869,22555,21683,27932,28283,34989,35683,39397,40083,26773,29891,19280,24142,5899,9975,5361,5432,10825,10932,12033,13827,16374,18969,23235,25326,19010,21419,16165,20229,5547,9319,258720,175239,43832,17134,77077,32706,8911,68,19
2021-06-20T23:59:59+02:00,85,97,10921,10780,22309,21468,27675,28086,34909,35605,39352,40039,26764,29877,19278,24138,5897,9972,5320,5378,10740,10833,11938,13727,16180,18786,22965,25088,18909,21313,16112,20171,5541,9315,257444,174936,43830,16076,77076,32456,8834,68,19
2021-06-19T23:59:59+02:00,84,93,10897,10756,22276,21444,27657,28073,34897,35601,39342,40035,26763,29876,19278,24136,5897,9972,5289,5346,10659,10743,11846,13606,16032,18634,22658,24729,18823,21226,16100,20158,5540,9315,257290,174832,43809,14581,77076,32443,8834,68,19
2021-06-18T23:59:59+02:00,81,91,10850,10705,21959,21122,27393,27858,34844,35564,39311,40013,26755,29867,19277,24133,5897,9970,5274,5337,10629,10713,11806,13558,15971,18572,22573,24633,18657,21045,16055,20092,5539,9310,255905,174438,43808,14580,77075,31898,8834,68,19
2021-06-17T23:59:59+02:00,72,83,10272,10278,20688,20167,26534,27127,34476,35239,39058,39825,26691,29786,19257,24097,5890,9966,5076,5198,10253,10460,11365,13159,15291,17963,21214,23328,18204,20560,15892,19921,5535,9295,250153,169168,43790,14008,77064,31093,8431,68,19
2021-06-16T23:59:59+02:00,64,71,9938,9966,20009,19538,25896,26526,34230,35040,38900,39677,26649,29733,19234,24074,5889,9962,4933,5052,9867,10127,10908,12710,14592,17273,20367,22402,17802,20116,15725,19710,5525,9283,246332,165412,43778,12734,77051,30065,8167,68,19
2021-06-15T23:59:59+02:00,49,66,9693,9725,19713,19290,25673,26328,34103,34935,38804,39597,26620,29697,19227,24059,5884,9958,4828,4943,9628,9911,10679,12452,14172,16847,19771,21828,17487,19732,15507,19483,5516,9272,244570,163355,43766,11650,77045,29066,7972,68,18
2021-06-14T23:59:59+02:00,45,62,9560,9600,19415,19030,25498,26185,33983,34856,38743,39558,26603,29677,19221,24048,5884,9955,4747,4881,9440,9773,10506,12316,13911,16633,19455,21535,17323,19577,15406,19351,5515,9268,243378,161905,43764,11648,77041,28398,7673,67,18
2021-06-13T23:59:59+02:00,43,58,9400,9470,19126,18845,25147,25931,33782,34689,38638,39491,26588,29665,19211,24041,5884,9952,4666,4815,9231,9608,10342,12146,13588,16297,19107,21206,17198,19429,15359,19286,5513,9266,241736,161060,43764,11648,77038,26979,7356,67,18
2021-06-12T23:59:59+02:00,43,58,9391,9456,19113,18832,25147,25926,33782,34686,38635,39490,26588,29665,19211,24041,5884,9952,4663,4801,9221,9548,10310,12044,13539,16143,19052,21070,17089,19304,15243,19184,5511,9264,241690,161033,43764,11646,77034,25948,7345,67,18
2021-06-11T23:59:59+02:00,38,54,9234,9274,18880,18621,24349,25254,33605,34533,38502,39378,26555,29632,19201,24018,5884,9947,4586,4686,9004,9293,10051,11751,13021,15596,18082,20181,16903,19108,15203,19140,5508,9261,238783,157035,43763,11645,77031,25365,7315,67,18
2021-06-10T23:59:59+02:00,36,50,8840,8940,18230,18132,23501,24576,33286,34253,38301,39214,26498,29577,19178,23990,5881,9940,4411,4509,8427,8802,9250,11033,11876,14500,16105,18278,16017,18151,14918,18775,5499,9239,235168,147411,43104,11612,77005,23673,7080,66,18
2021-06-09T23:59:59+02:00,19,32,8391,8436,17398,17406,22349,23534,32797,33787,38016,38997,26389,29473,19132,23933,5871,9927,4275,4396,8140,8538,9007,10780,11546,14134,15622,17733,15647,17722,14677,18491,5492,9229,231192,145593,41216,11570,76969,21770,6482,28,18
2021-06-08T23:59:59+02:00,11,20,8073,8121,16927,16989,21931,23169,32552,33595,37854,38867,26345,29433,19122,23910,5868,9922,4155,4314,7886,8285,8703,10435,11193,13787,14982,17035,15194,17201,14416,18214,5487,9211,228469,143901,41184,10455,76960,20060,6068,28,18
2021-06-07T23:59:59+02:00,8,16,7878,7888,16569,16665,21387,22715,32272,33325,37737,38751,26319,29385,19105,23884,5863,9921,4080,4233,7705,8144,8543,10293,11023,13615,14673,16711,14998,16948,14243,18023,5483,9206,226850,142826,40212,10363,76949,19068,5650,27,18
2021-06-06T23:59:59+02:00,6,13,7771,7779,16435,16520,21193,22509,32046,33101,37603,38645,26291,29360,19092,23868,5863,9915,4051,4198,7659,8026,8492,10165,10919,13470,14478,16496,14816,16770,14154,17903,5476,9200,225622,142349,39913,10353,76931,18040,5517,27,18
2021-06-05T23:59:59+02:00,6,13,7749,7765,16406,16493,21186,22506,32036,33095,37601,38644,26290,29360,19091,23867,5863,9915,4042,4159,7644,7961,8478,10032,10905,13299,14460,16391,14779,16715,14145,17893,5476,9199,225513,142268,39913,10353,76930,17440,5503,27,18
2021-06-04T23:59:59+02:00,6,11,7635,7663,16127,16257,20910,22260,31616,32722,37488,38523,26257,29321,19080,23854,5861,9913,4035,4150,7618,7938,8452,10002,10838,13226,14355,16261,14698,16622,14109,17849,5476,9197,223924,141936,39139,10024,76911,17349,5503,27,18
2021-06-03T23:59:59+02:00,4,11,7380,7436,15251,15475,19276,20869,30705,31794,36985,38064,26126,29188,19036,23803,5855,9895,3976,4112,7530,7867,8330,9904,10670,13045,13788,15692,14438,16312,14025,17744,5473,9184,217309,139730,37562,9917,76901,17075,5354,27,18
2021-06-02T23:59:59+02:00,4,11,7245,7292,14866,15047,18844,20468,30236,31340,36759,37800,26062,29124,19016,23774,5852,9893,3946,4082,7466,7781,8242,9813,10530,12914,13343,15262,14315,16129,13998,17707,5470,9179,214224,137945,37131,9824,76900,17043,5351,27,18
2021-06-01T23:59:59+02:00,4,9,6969,7048,14470,14735,18502,20150,29909,31029,36536,37566,26006,29045,18992,23745,5850,9882,3844,3996,7224,7605,8011,9620,10267,12640,12941,14840,13884,15681,13882,17555,5463,9171,211484,135834,37086,9570,76879,16235,4971,27,18
2021-05-31T23:59:59+02:00,4,9,6806,6858,14251,14502,17799,19548,29568,30691,36239,37303,25916,28948,18966,23691,5840,9869,3765,3885,7016,7359,7788,9335,9926,12259,12502,14323,13356,15068,13683,17326,5455,9156,210058,132663,35038,9247,76862,15455,4823,27,18
2021-05-30T23:59:59+02:00,4,9,6783,6843,14205,14464,17722,19489,29518,30653,36208,37280,25904,28936,18963,23685,5839,9867,3722,3811,6868,7153,7640,9105,9722,11949,12246,13978,13235,14899,13615,17244,5452,9149,209763,131946,35026,9146,76808,13934,4748,27,18
2021-05-29T23:59:59+02:00,4,9,6781,6842,14196,14458,17717,19483,29513,30649,36205,37279,25902,28933,18963,23684,5839,9867,3713,3798,6839,7120,7607,9054,9686,11903,12173,13880,13194,14831,13585,17220,5451,9144,209731,131807,35026,9145,76793,13485,4747,27,18
2021-05-28T23:59:59+02:00,4,9,6771,6830,14181,14441,17700,19462,29502,30636,36194,37261,25901,28929,18961,23680,5839,9867,3699,3775,6817,7080,7573,9000,9633,11799,11933,13611,13006,14640,13555,17180,5448,9141,209580,130519,35025,9144,76790,13466,4746,27,18
2021-05-27T23:59:59+02:00,4,9,6680,6749,13913,14224,17215,19115,28824,30095,36035,37130,25855,28895,18946,23666,5838,9861,3574,3615,6530,6829,7197,8694,9135,11241,11225,12716,12456,14072,13425,16988,5441,9129,208504,127010,33586,8815,76748,12238,4189,27,18
2021-05-26T23:59:59+02:00,4,9,6609,6641,13700,14022,16962,18808,28282,29584,35860,36955,25818,28850,18931,23642,5837,9856,3484,3472,6305,6540,6910,8268,8796,10764,10576,11919,11895,13457,13280,16773,5436,9107,206917,123409,32833,8633,76735,11067,3858,27,18
2021-05-25T23:59:59+02:00,4,9,6528,6546,13495,13801,16699,18598,27558,28938,35767,36858,25795,28822,18919,23626,5832,9855,3435,3381,6160,6372,6764,8078,8571,10473,10231,11554,11548,12982,13175,16611,5433,9099,206207,121571,31381,8494,76250,10001,3786,26,18
2021-05-24T23:59:59+02:00,4,9,6458,6449,13318,13601,16477,18315,27148,28513,35421,36460,25738,28754,18900,23603,5831,9853,3421,3359,6102,6290,6719,7995,8512,10378,10158,11457,11375,12750,13128,16520,5425,9079,205676,120948,29160,8449,76243,9509,3747,26,18
2021-05-23T23:59:59+02:00,4,9,6456,6448,13313,13592,16474,18305,27129,28503,35391,36426,25735,28748,18900,23597,5831,9853,3418,3355,6096,6280,6709,7988,8484,10348,10118,11401,11292,12649,13108,16489,5425,9078,205561,120943,29144,8037,76242,9502,3741,26,18
2021-05-22T23:59:59+02:00,4,9,6449,6444,13306,13581,16468,18301,27126,28502,35388,36420,25735,28748,18900,23597,5831,9853,3417,3355,6093,6277,6708,7984,8480,10346,10113,11398,11281,12635,13103,16485,5424,9078,205511,120903,29144,8037,76240,9481,3741,26,18
2021-05-21T23:59:59+02:00,4,9,6389,6384,13154,13475,16295,18150,26857,28326,34960,36153,25710,28712,18892,23591,5830,9849,3408,3345,6060,6256,6678,7950,8441,10297,10059,11348,10767,11923,12964,16326,5421,9073,204823,119150,29019,8034,75202,9447,3670,26,18
2021-05-20T23:59:59+02:00,3,8,6097,6183,12545,13058,15102,17227,24946,26832,34009,35385,25605,28567,18838,23510,5824,9834,3348,3300,5967,6139,6566,7796,8294,10138,9823,11043,10432,11475,12853,16145,5411,9060,200063,117171,27278,7958,72666,9105,3541,25,18
2021-05-19T23:59:59+02:00,3,8,5891,5942,12031,12600,14394,16523,23999,26019,33385,34789,25496,28477,18803,23454,5817,9822,3271,3227,5805,5969,6376,7556,8019,9858,9521,10664,10120,11061,12775,16000,5409,9052,194383,115266,27240,7763,72651,8485,3154,25,18
2021-05-18T23:59:59+02:00,3,7,5721,5833,11630,12278,13771,16024,22843,25070,32720,34183,25380,28342,18757,23404,5812,9813,3228,3199,5695,5863,6215,7398,7814,9648,9328,10427,9953,10813,12631,15780,5400,9043,189432,114139,26735,7695,72607,7794,2792,25,18
2021-05-17T23:59:59+02:00,3,6,5668,5788,11467,12171,13500,15802,22030,24436,32412,33869,25301,28283,18735,23374,5803,9804,3134,3129,5518,5684,6049,7192,7607,9430,9110,10190,9865,10690,12573,15717,5397,9038,187669,113430,26037,7689,72215,6683,2506,25,18
2021-05-16T23:59:59+02:00,3,6,5641,5768,11406,12116,13415,15722,21422,23889,31798,33340,25260,28240,18725,23359,5802,9804,3130,3107,5504,5615,6022,7133,7579,9327,9078,10106,9849,10671,12570,15714,5397,9038,186903,113320,24494,7682,71798,6328,2496,25,17
2021-05-15T23:59:59+02:00,3,6,5632,5759,11373,12107,13386,15712,21349,23818,31263,32966,25249,28235,18724,23356,5801,9803,3116,3092,5485,5573,6008,7058,7539,9212,8844,9852,9816,10640,12536,15663,5397,9037,186854,113315,24482,7544,71152,5966,2029,25,17
2021-05-14T23:59:59+02:00,3,6,5592,5734,11310,12069,13314,15647,20938,23507,30833,32621,25213,28189,18713,23339,5801,9801,3084,3052,5449,5484,5987,6924,7499,9010,8784,9658,9746,10531,12450,15538,5397,9033,186131,113147,24163,7216,70283,5221,2028,25,17
2021-05-13T23:59:59+02:00,3,6,5435,5577,10931,11774,12600,15059,18756,21761,29289,31158,24983,27945,18646,23267,5799,9798,3073,3019,5425,5445,5970,6867,7475,8940,8740,9599,9532,10289,12253,15240,5392,9024,182186,112796,20369,6407,68194,5053,2013,25,17
2021-05-12T23:59:59+02:00,2,6,5406,5550,10859,11716,12499,14971,18634,21637,28926,30794,24892,27850,18629,23238,5798,9793,3073,3015,5419,5439,5960,6853,7451,8925,8701,9545,9348,10060,12024,14920,5389,9017,181238,112516,19733,5549,68191,5047,2013,25,17
2021-05-11T23:59:59+02:00,2,6,5270,5446,10613,11471,12134,14598,18027,21002,27996,29827,24699,27662,18571,23164,5793,9778,3031,2974,5330,5284,5860,6670,7321,8685,8541,9323,9169,9867,11878,14733,5380,8999,177176,111487,18846,5440,68059,4151,1953,25,17
2021-05-10T23:59:59+02:00,2,5,5146,5368,10400,11276,11876,14344,17702,20670,27576,29420,24590,27555,18533,23117,5785,9774,2962,2921,5213,5167,5747,6568,7197,8544,8414,9216,9065,9743,11788,14605,5377,8991,175176,110958,18158,5429,67835,3172,1945,25,17
2021-05-09T23:59:59+02:00,2,5,5073,5320,10301,11163,11777,14226,17362,20389,27186,29047,24504,27469,18504,23081,5782,9771,2895,2890,5067,5124,5572,6525,7030,8515,8286,9181,9053,9733,11770,14585,5377,8991,174782,110882,16883,5419,67342,2349,1930,25,17
2021-05-08T23:59:59+02:00,2,5,5072,5319,10299,11159,11777,14226,17358,20387,27183,29044,24504,27469,18504,23081,5782,9771,2895,2889,5066,5124,5572,6525,7030,8515,8284,9181,9052,9732,11770,14585,5377,8991,174765,110879,16883,5419,67339,2346,1930,25,17
2021-05-07T23:59:59+02:00,2,5,5038,5293,10231,11106,11649,14102,16958,20112,26547,28486,24456,27418,18487,23047,5775,9742,2885,2881,5049,5114,5561,6506,7018,8504,8276,9170,9046,9724,11759,14563,5369,8964,173933,110864,16879,5407,65816,2303,1801,25,17
2021-05-06T23:59:59+02:00,1,5,4768,5132,9769,10762,11089,13587,15873,19092,24142,26200,23958,26894,18381,22944,5770,9728,2843,2837,4982,5039,5521,6415,6935,8385,8146,9022,8946,9614,11735,14513,5366,8961,168913,110328,14431,5351,62938,1777,1790,23,17
2021-05-05T23:59:59+02:00,1,5,4690,5055,9476,10533,10750,13261,15293,18487,23300,25239,23697,26570,18312,22838,5760,9710,2823,2801,4932,4953,5462,6294,6851,8219,8022,8807,8840,9483,11658,14429,5365,8953,165254,109391,13125,5346,62788,1353,1787,23,17
2021-05-04T23:59:59+02:00,1,5,4606,4964,9302,10329,10543,13019,14906,18088,22757,24675,23484,26297,18240,22759,5752,9697,2814,2767,4904,4878,5429,6176,6797,8079,7929,8653,8737,9373,11584,14371,5363,8950,163000,108895,12005,5336,62629,791,1767,23,17
2021-05-03T23:59:59+02:00,1,5,4534,4890,9110,10192,10366,12844,14623,17842,22348,24260,23345,26148,18213,22712,5752,9691,2738,2697,4817,4804,5353,6091,6701,7973,7748,8488,8651,9287,11545,14322,5360,8945,161496,108675,12004,5333,62537,681,816,23,17
2021-05-02T23:59:59+02:00,1,5,4521,4876,9033,10134,10241,12731,14297,17534,22046,23974,23295,26090,18194,22687,5751,9690,2732,2690,4757,4771,5263,6007,6564,7844,7631,8388,8605,9246,11521,14288,5358,8940,160608,108560,12001,5331,62433,664,35,23,17
2021-05-01T23:59:59+02:00,1,5,4521,4874,9031,10133,10240,12731,14294,17531,22044,23974,23294,26089,18194,22687,5751,9690,2732,2690,4757,4771,5263,6007,6563,7844,7631,8388,8605,9246,11521,14288,5358,8940,160592,108560,12001,5330,62433,664,35,23,17
2021-04-30T23:59:59+02:00,0,5,4449,4783,8789,9919,9978,12488,13812,17106,21203,23206,23168,25953,18178,22659,5748,9687,2729,2688,4746,4764,5254,5973,6551,7814,7597,8351,8601,9243,11520,14285,5356,8939,157002,108533,12000,5328,62104,533,2,23,17
2021-04-29T23:59:59+02:00,0,5,4300,4640,8308,9511,9281,11885,12812,16210,19364,21529,22465,25197,18040,22450,5742,9670,2706,2667,4705,4692,5211,5899,6492,7708,7521,8233,8491,9129,11455,14209,5350,8930,147846,108051,11986,5056,61553,274,2,22,17
2021-04-28T23:59:59+02:00,0,5,4267,4621,8237,9437,9205,11799,12694,16091,19147,21315,22377,25105,18012,22409,5740,9665,2703,2656,4679,4632,5184,5855,6462,7635,7473,8151,8474,9105,11439,14187,5349,8924,147467,107861,11896,4984,60740,48,1,22,16
2021-04-27T23:59:59+02:00,0,5,4227,4575,8099,9298,9092,11648,12550,15922,18699,20818,22149,24847,17947,22331,5737,9656,2700,2652,4677,4628,5174,5847,6449,7616,7441,8114,8416,9026,11358,14107,5345,8921,146742,107606,10817,4812,60019,40,1,21,14
2021-04-26T23:59:59+02:00,0,5,4185,4547,7993,9203,8945,11543,12376,15749,18287,20454,22015,24701,17912,22303,5737,9655,2700,2650,4673,4625,5170,5837,6435,7596,7409,8086,8368,8978,11303,14029,5342,8904,145974,107502,10682,4556,58933,35,0,21,14
2021-04-25T23:59:59+02:00,0,5,4171,4532,7957,9173,8881,11481,12242,15619,17942,20124,21815,24464,17872,22248,5733,9650,2700,2650,4672,4624,5168,5833,6430,7593,7407,8082,8312,8919,11280,14001,5342,8903,144595,107481,10671,4389,58622,34,0,21,14
2021-04-24T23:59:59+02:00,0,5,4165,4524,7942,9169,8866,11471,12194,15589,17884,20086,21799,24451,17870,22243,5733,9650,2699,2650,4672,4624,5168,5833,6430,7593,7407,8082,8312,8919,11280,14001,5342,8903,144499,107481,10671,4389,58450,33,0,21,14
2021-04-23T23:59:59+02:00,0,5,4145,4491,7885,9106,8783,11370,11854,15264,17451,19689,21585,24218,17808,22166,5731,9642,2696,2648,4669,4621,5161,5826,6416,7584,7384,8051,8291,8892,11272,13993,5340,8900,143239,107469,10324,4231,57609,32,0,21,14
2021-04-22T23:59:59+02:00,0,5,4096,4426,7753,8914,8598,11111,11527,14845,16537,18705,21015,23513,17674,21986,5722,9623,2687,2642,4664,4601,5138,5800,6374,7548,7315,8005,8158,8737,11130,13841,5336,8891,139507,106852,10200,3978,56323,25,0,20,14
2021-04-21T23:59:59+02:00,0,5,4054,4383,7651,8795,8442,10953,11234,14566,15804,17949,20637,23065,17602,21881,5717,9610,2679,2631,4646,4582,5122,5779,6362,7531,7289,7984,8109,8676,11093,13802,5334,8889,136600,106574,10071,3900,55661,23,0,16,13
2021-04-20T23:59:59+02:00,0,5,4029,4357,7616,8743,8365,10873,11072,14391,15369,17472,20176,22551,17502,21729,5709,9599,2671,2622,4636,4569,5097,5759,6334,7507,7249,7945,8015,8544,11019,13715,5330,8885,134455,106004,9807,3860,55280,22,0,16,13
2021-04-19T23:59:59+02:00,0,5,3998,4307,7554,8639,8273,10734,10915,14210,15116,17178,19698,21987,17337,21515,5698,9587,2666,2621,4630,4565,5084,5744,6315,7490,7224,7901,7962,8490,10993,13669,5327,8880,132395,105671,9453,3857,54887,22,0,16,13
2021-04-18T23:59:59+02:00,0,5,3980,4278,7494,8588,8167,10607,10656,13968,14625,16639,19268,21479,17215,21329,5694,9581,2665,2621,4630,4565,5084,5744,6314,7487,7222,7900,7958,8487,10991,13665,5326,8877,129983,105649,9383,3855,54191,21,0,16,13
2021-04-17T23:59:59+02:00,0,5,3976,4270,7474,8582,8157,10589,10614,13922,14515,16551,19147,21355,17193,21301,5692,9579,2665,2621,4629,4563,5079,5739,6300,7482,7197,7877,7912,8441,10972,13642,5325,8877,129544,105640,9374,3649,53988,21,0,16,13
2021-04-16T23:59:59+02:00,0,5,3965,4227,7402,8460,8054,10431,10420,13661,13846,15791,18579,20712,17068,21126,5681,9562,2662,2618,4624,4558,5075,5727,6283,7471,7159,7842,7606,8054,10882,13504,5317,8861,126701,104850,9314,3361,52959,21,0,16,13
2021-04-15T23:59:59+02:00,0,4,3921,4173,7289,8329,7884,10193,10085,13271,13117,14933,17771,19846,16826,20803,5668,9541,2661,2610,4612,4542,5062,5697,6253,7436,7089,7773,7050,7416,10765,13352,5313,8850,123050,103227,9156,3224,51432,19,0,16,13
2021-04-14T23:59:59+02:00,0,3,3894,4144,7223,8223,7778,10043,9911,13072,12699,14487,17246,19235,16675,20593,5663,9528,2628,2591,4594,4510,5033,5650,6218,7403,7032,7712,6421,6664,10503,13066,5309,8842,121663,100927,8923,3224,49815,14,0,16,13
2021-04-13T23:59:59+02:00,0,3,3891,4138,7186,8207,7721,10010,9803,13020,12326,14195,16557,18389,16439,20292,5659,9522,2604,2564,4574,4485,5008,5616,6159,7335,6943,7611,6209,6415,9937,12418,5301,8823,120973,98762,8705,3216,47664,14,0,16,12
2021-04-12T23:59:59+02:00,0,3,3877,4120,7134,8161,7665,9942,9695,12918,12079,13982,16114,17872,16252,20078,5654,9519,2575,2553,4508,4443,4901,5547,6045,7259,6825,7512,5466,5596,9489,11882,5261,8781,120639,95411,8670,3208,45740,14,0,16,12
2021-04-11T23:59:59+02:00,0,3,3864,4113,7093,8109,7606,9898,9602,12840,11841,13775,15550,17184,15977,19737,5649,9509,2499,2470,4379,4321,4746,5414,5882,7107,6673,7406,5164,5235,9358,11723,5261,8777,120053,93233,8242,3159,44039,13,0,16,12
2021-04-10T23:59:59+02:00,0,3,3846,4094,7054,8062,7562,9842,9542,12781,11749,13690,15333,16993,15928,19669,5648,9502,1942,1903,3560,3601,3872,4649,4877,6187,5818,6621,4891,4929,9230,11570,5255,8768,119589,84491,8242,3159,43451,13,0,16,12
2021-04-09T23:59:59+02:00,0,3,3826,4074,7016,8033,7498,9786,9389,12653,11422,13405,14151,15463,15487,19138,5636,9492,1083,1076,2204,2410,2365,3278,3092,4546,4200,5160,4209,4197,8983,11217,5231,8739,117695,68811,8240,3156,40521,13,0,16,12
2021-04-08T23:59:59+02:00,0,3,3800,4058,6955,7980,7395,9692,9203,12534,11018,13051,13019,14209,15078,18617,5617,9462,582,587,1287,1705,1459,2347,1992,3463,2817,3774,2967,2799,8184,10244,5091,8519,116454,54643,8159,3153,37062,11,0,16,12
2021-04-07T23:59:59+02:00,0,3,3753,4033,6877,7926,7302,9622,9076,12405,10708,12744,12292,13438,14861,18352,5611,9443,351,370,936,1360,1054,1961,1482,3000,1873,2767,1785,1514,7281,9106,4937,8260,115494,44866,8008,3153,34929,8,0,15,12
2021-04-06T23:59:59+02:00,0,3,3737,4021,6855,7888,7247,9555,8983,12325,10497,12526,11907,12943,14640,18054,5600,9429,344,356,928,1350,1039,1940,1455,2972,1814,2708,1706,1448,6873,8554,4787,8023,114214,43128,7909,3152,34074,7,0,13,12
2021-04-05T23:59:59+02:00,0,3,3732,4020,6844,7876,7235,9545,8964,12297,10433,12467,11796,12798,14542,17962,5598,9426,342,350,917,1346,1033,1932,1445,2952,1793,2674,1653,1395,6647,8254,4665,7841,113879,42071,7888,3151,33758,7,0,13,12
2021-04-04T23:59:59+02:00,0,3,3732,4020,6842,7870,7234,9544,8961,12297,10423,12462,11793,12794,14539,17961,5598,9426,342,349,916,1346,1032,1930,1444,2951,1791,2671,1650,1390,6640,8241,4660,7838,113874,42024,7887,3150,33725,7,0,13,12
2021-04-03T23:59:59+02:00,0,3,3732,4020,6842,7869,7233,9544,8961,12297,10422,12462,11793,12793,14537,17959,5598,9426,342,348,914,1342,1030,1929,1443,2946,1789,2671,1645,1378,6597,8160,4625,7803,113870,41795,7887,3150,33721,7,0,13,12
2021-04-02T23:59:59+02:00,0,3,3730,4018,6840,7866,7227,9538,8949,12290,10406,12446,11666,12679,14494,17902,5594,9418,340,346,912,1335,1024,1918,1428,2921,1749,2632,1550,1292,5835,7262,4193,7241,113747,39133,7882,2828,33424,7,0,13,12
2021-04-01T23:59:59+02:00,0,2,3691,4006,6806,7844,7185,9507,8897,12251,10335,12376,11327,12273,14121,17393,5590,9405,335,343,896,1320,1012,1899,1396,2875,1690,2568,1427,1199,4905,6160,3643,6420,113364,35248,6482,2823,33150,7,0,13,12
2021-03-31T23:59:59+02:00,0,2,3685,4002,6791,7825,7169,9489,8862,12219,10247,12305,10997,11868,13778,16900,5584,9384,332,340,888,1312,1002,1884,1376,2847,1640,2533,1362,1147,4333,5496,3296,5962,112792,32983,5486,2750,32816,7,0,13,12
2021-03-30T23:59:59+02:00,0,2,3667,3978,6755,7786,7112,9422,8773,12115,10085,12150,10739,11591,13555,16634,5578,9370,328,334,882,1302,995,1878,1353,2841,1612,2507,1335,1121,4215,5374,3236,5870,111971,32611,5236,2555,32092,7,0,13,12
2021-03-29T23:59:59+02:00,0,2,3658,3956,6729,7764,7072,9369,8677,12020,9903,11943,10307,11123,13182,16168,5561,9337,323,330,878,1292,989,1870,1345,2830,1596,2498,1310,1107,4082,5231,3139,5739,110299,31994,4928,2549,31531,6,0,13,12
2021-03-28T23:59:59+02:00,0,2,3616,3901,6614,7607,6955,9229,8550,11827,9751,11753,10096,10863,13006,15982,5556,9327,323,330,878,1292,987,1869,1344,2830,1595,2496,1301,1104,4049,5189,3113,5714,109926,31952,4664,2447,30032,5,0,13,12
2021-03-27T23:59:59+01:00,0,2,3615,3890,6602,7542,6926,9115,8500,11656,9699,11599,9982,10740,12912,15894,5555,9327,323,329,878,1292,987,1866,1344,2828,1591,2495,1299,1102,4023,5154,3100,5699,109917,31849,4664,2446,28962,5,0,13,12
2021-03-26T23:59:59+01:00,0,2,3609,3882,6574,7505,6897,9042,8452,11544,9608,11471,9933,10677,12866,15840,5548,9307,318,327,877,1289,983,1854,1341,2807,1570,2482,1274,1086,3843,4933,2994,5546,109861,31104,4444,2405,28439,5,0,13,12
2021-03-25T23:59:59+01:00,0,2,3586,3851,6483,7378,6805,8878,8261,11312,9299,11155,9555,10295,12563,15525,5543,9298,318,326,875,1281,980,1843,1328,2794,1546,2463,1248,1067,3610,4691,2744,5212,109488,29907,4237,2405,26051,4,0,13,12
2021-03-24T23:59:59+01:00,0,2,3531,3800,6395,7192,6685,8652,8094,11077,9074,10830,9140,9808,12146,15066,5532,9288,318,325,874,1278,975,1841,1320,2790,1530,2447,1240,1057,3544,4618,2563,4991,108977,29295,4100,2405,23222,1,0,13,12
2021-03-23T23:59:59+01:00,0,2,3513,3767,6346,7136,6610,8593,7976,10948,8826,10597,8720,9339,11695,14547,5523,9273,318,325,873,1268,970,1832,1315,2781,1526,2440,1216,1032,3452,4542,2371,4674,108164,28519,4007,2405,21227,1,0,13,12
2021-03-22T23:59:59+01:00,0,2,3505,3747,6303,7107,6576,8546,7910,10872,8677,10461,8440,8986,11392,14222,5487,9234,316,320,867,1258,962,1825,1308,2770,1517,2430,1204,1023,3424,4507,2352,4641,107493,28309,4004,2404,19957,1,0,13,12
2021-03-21T23:59:59+01:00,0,2,3503,3745,6299,7096,6559,8530,7891,10853,8621,10404,8321,8869,11322,14120,5485,9231,314,319,858,1255,955,1818,1299,2768,1513,2426,1200,1020,3415,4492,2338,4632,107408,28207,4003,2404,19427,1,0,13,12
2021-03-20T23:59:59+01:00,0,2,3495,3707,6291,7025,6544,8393,7866,10669,8577,10268,8243,8783,11284,14081,5485,9231,314,319,858,1255,955,1818,1298,2768,1513,2424,1200,1020,3415,4491,2338,4631,107376,28203,3791,2403,18764,1,0,13,12
2021-03-19T23:59:59+01:00,0,2,3482,3677,6265,6942,6520,8300,7821,10552,8463,10108,7706,8177,11101,13840,5475,9213,311,318,853,1248,938,1808,1275,2737,1463,2379,1116,953,2752,3703,1927,4063,105764,25430,3492,2403,18375,1,0,13,12
2021-03-18T23:59:59+01:00,0,2,3471,3659,6224,6901,6487,8238,7758,10467,8348,9979,6751,7084,10822,13540,5465,9188,310,318,850,1243,932,1799,1256,2729,1438,2360,1079,936,2545,3464,1771,3842,102752,24458,3335,2403,18284,1,0,13,12
2021-03-17T23:59:59+01:00,0,2,3434,3621,6153,6817,6434,8135,7668,10339,8218,9821,6072,6244,10536,13237,5448,9162,309,318,843,1239,928,1787,1242,2707,1420,2335,1043,914,2426,3340,1692,3733,99988,23862,3334,2403,18006,1,0,13,12
2021-03-16T23:59:59+01:00,0,2,3416,3592,6114,6764,6389,8062,7615,10275,8128,9720,5895,6069,9843,12454,5409,9099,302,308,829,1223,916,1778,1236,2688,1407,2327,1029,895,2213,3102,1559,3539,97768,22939,3324,2401,17741,1,0,13,12
2021-03-15T23:59:59+01:00,0,2,3379,3560,6018,6685,6260,7970,7473,10156,7999,9595,5143,5236,9400,11906,5366,9029,301,307,826,1219,915,1771,1234,2675,1398,2318,1016,883,2071,2929,1473,3446,94260,22371,3317,2400,17587,1,0,13,12
2021-03-14T23:59:59+01:00,0,2,3254,3413,5741,6339,5984,7609,7159,9742,7714,9280,4810,4845,9243,11709,5362,9019,301,306,826,1219,914,1771,1232,2674,1396,2315,1014,881,2068,2926,1470,3445,91867,22350,3262,2397,16083,1,0,13,12
2021-03-13T23:59:59+01:00,0,2,2600,2751,4800,5471,4966,6680,5964,8624,6699,8337,4497,4462,8860,11190,5272,8911,301,306,825,1217,914,1766,1229,2672,1395,2315,1014,880,2044,2890,1440,3410,81180,22210,3262,2397,15631,1,0,13,12
2021-03-12T23:59:59+01:00,0,2,1774,1930,3463,4321,3460,5346,4217,6985,5065,6831,3831,3759,7613,9643,4772,8232,297,303,823,1213,908,1759,1221,2653,1369,2298,968,855,1696,2428,1172,3059,62370,20614,3259,2397,15602,1,0,13,12
2021-03-11T23:59:59+01:00,0,2,1274,1453,2560,3582,2556,4407,3124,5896,3703,5447,2656,2482,5919,7534,4009,7058,292,294,807,1204,895,1736,1203,2624,1344,2252,931,835,1539,2199,1049,2871,45094,19668,3257,2397,15298,1,0,13,11
2021-03-10T23:59:59+01:00,0,2,1050,1235,2193,3222,2182,4016,2673,5455,2800,4480,1528,1285,4571,5818,3454,6290,282,284,789,1185,873,1700,1170,2551,1306,2186,906,815,1360,2009,953,2698,34088,18767,3257,2290,14896,1,0,13,11
2021-03-09T23:59:59+01:00,0,2,1034,1208,2127,3081,2117,3901,2588,5321,2716,4354,1494,1255,4496,5745,3415,6233,278,277,775,1164,856,1673,1145,2511,1288,2158,891,803,1283,1885,882,2588,33683,18201,3254,2246,14137,1,0,13,11
2021-03-08T23:59:59+01:00,0,2,1012,1177,2070,2982,2077,3819,2529,5208,2660,4282,1456,1235,4350,5587,3314,6092,278,273,770,1156,854,1664,1137,2503,1281,2142,867,782,1117,1660,759,2424,32994,17415,3254,2242,13591,1,0,13,11
2021-03-07T23:59:59+01:00,0,2,1007,1158,2030,2939,2035,3778,2489,5143,2619,4245,1451,1232,4343,5579,3312,6092,278,273,770,1156,854,1664,1137,2503,1280,2142,864,782,1108,1650,751,2413,32964,17415,3248,2201,13229,0,0,13,11
2021-03-06T23:59:59+01:00,0,2,1007,1154,2019,2925,2023,3759,2473,5116,2601,4224,1438,1222,4309,5535,3298,6080,278,273,770,1156,854,1663,1137,2503,1280,2142,864,782,1108,1650,751,2412,32820,17414,3247,2200,13105,0,0,13,11
2021-03-05T23:59:59+01:00,0,2,1003,1150,2004,2905,1993,3736,2430,5064,2548,4187,1402,1194,4043,5210,3148,5859,277,270,763,1149,848,1655,1134,2494,1277,2132,850,778,1100,1641,750,2410,32081,17319,2916,2200,12868,0,0,13,11
2021-03-04T23:59:59+01:00,0,2,909,1003,1917,2777,1925,3599,2354,4910,2458,4029,1372,1173,3803,4951,2884,5510,277,268,761,1144,846,1647,1133,2483,1273,2124,820,764,1089,1630,743,2398,30835,17214,2912,2177,11816,0,0,13,11
2021-03-03T23:59:59+01:00,0,2,863,896,1852,2681,1854,3494,2285,4794,2384,3945,1360,1160,3693,4846,2662,5238,276,266,760,1135,843,1629,1127,2441,1263,2098,803,760,1081,1612,736,2391,30163,17188,2795,2024,11038,0,0,13,11
2021-03-02T23:59:59+01:00,0,2,818,821,1755,2557,1769,3370,2193,4670,2323,3867,1325,1138,3564,4711,2459,4892,276,265,759,1129,840,1626,1123,2436,1259,2088,801,758,1067,1591,725,2372,29439,17083,2606,2023,10176,0,0,13,11
2021-03-01T23:59:59+01:00,0,2,795,782,1655,2413,1698,3226,2093,4498,2243,3746,1307,1126,3513,4648,2415,4830,276,264,755,1125,839,1614,1119,2424,1254,2078,795,756,1062,1580,718,2365,29186,16992,2522,2023,9269,0,0,13,11
2021-02-28T23:59:59+01:00,0,2,789,759,1636,2347,1671,3154,2070,4398,2229,3679,1301,1120,3503,4634,2401,4820,275,263,755,1124,839,1609,1119,2422,1254,2073,792,754,1054,1567,714,2355,29080,16970,2520,1990,8900,0,0,13,11
2021-02-27T23:59:59+01:00,0,2,774,742,1614,2287,1654,3043,2051,4272,2208,3583,1298,1117,3503,4632,2400,4819,275,263,755,1124,839,1608,1119,2422,1254,2072,792,754,1054,1567,714,2354,29076,16968,2519,1989,8391,0,0,13,11
2021-02-26T23:59:59+01:00,0,2,646,661,1509,2174,1602,2884,1988,4035,2107,3347,1208,1046,2853,3839,1974,4237,275,263,754,1122,838,1607,1119,2420,1252,2069,790,749,1036,1554,704,2338,26287,16894,2519,1987,7293,0,0,13,11
2021-02-25T23:59:59+01:00,0,2,496,581,1390,2072,1535,2756,1927,3907,2007,3236,1159,1014,2623,3569,1810,3994,258,248,729,1098,796,1538,1072,2322,1179,1977,733,728,1004,1517,692,2310,25222,16801,2492,1391,6351,0,0,13,11
2021-02-24T23:59:59+01:00,0,2,466,550,1321,1959,1462,2612,1857,3754,1930,3087,1121,984,2484,3432,1731,3875,229,235,702,1053,770,1476,1043,2262,1125,1927,706,705,958,1488,681,2280,24571,16615,2481,1016,5562,0,0,13,11
2021-02-23T23:59:59+01:00,0,2,410,510,1239,1819,1388,2466,1780,3543,1859,2965,1096,950,2281,3204,1606,3689,224,229,687,1030,759,1437,1021,2219,1100,1886,697,693,949,1474,678,2276,23650,16530,2471,820,4673,0,0,13,11
2021-02-22T23:59:59+01:00,0,2,397,477,1140,1708,1286,2369,1671,3437,1778,2894,1075,937,2140,3032,1521,3594,213,220,665,979,728,1374,996,2125,1056,1805,654,661,880,1398,642,2220,23078,16342,2467,265,3900,0,0,13,11
2021-02-21T23:59:59+01:00,0,2,378,461,1039,1676,1134,2345,1516,3414,1676,2876,1067,935,2139,3031,1521,3594,186,214,634,971,717,1366,982,2120,1051,1803,651,658,877,1394,634,2213,23049,16211,2467,251,3275,0,0,13,11
2021-02-20T23:59:59+01:00,0,2,378,459,1038,1676,1133,2345,1514,3412,1676,2874,1067,934,2138,3031,1520,3593,185,212,631,971,714,1365,976,2117,1049,1803,651,658,877,1394,634,2213,23042,16190,2466,251,3269,0,0,13,11
2021-02-19T23:59:59+01:00,0,2,373,450,1026,1672,1123,2335,1501,3394,1644,2859,1017,906,1767,2524,1223,3211,164,202,605,967,696,1357,959,2115,1043,1801,648,657,875,1394,633,2212,21303,16068,2466,251,3245,0,0,13,11
2021-02-18T23:59:59+01:00,0,2,353,430,986,1590,1085,2248,1448,3276,1603,2769,987,883,1594,2281,1094,3007,144,191,566,956,676,1345,925,2099,1019,1781,637,638,854,1366,619,2191,20323,15747,2466,251,2834,0,0,13,11
2021-02-17T23:59:59+01:00,0,2,330,377,902,1447,978,2048,1314,3022,1491,2549,950,853,1405,2069,993,2830,138,184,554,925,650,1294,892,2021,969,1705,603,606,847,1340,614,2172,19250,15254,2466,251,1831,0,0,13,11
2021-02-16T23:59:59+01:00,0,2,324,338,858,1309,926,1860,1253,2797,1425,2388,938,836,1342,1973,926,2734,132,171,540,882,635,1240,864,1958,939,1663,593,596,825,1309,601,2112,18879,14936,2465,115,872,0,0,13,11
2021-02-15T23:59:59+01:00,0,2,308,298,830,1278,909,1804,1213,2713,1387,2332,910,804,1165,1741,797,2558,123,163,519,854,617,1178,840,1885,916,1586,572,559,807,1272,592,2070,17968,14469,2464,75,604,0,0,13,11
2021-02-14T23:59:59+01:00,0,2,308,298,829,1278,908,1804,1211,2713,1387,2332,910,804,1165,1741,797,2558,123,163,518,847,613,1173,834,1879,912,1583,571,559,805,1271,591,2067,17967,14425,2464,75,601,0,0,13,11
2021-02-13T23:59:59+01:00,0,2,308,298,829,1278,908,1801,1211,2711,1387,2330,910,804,1165,1741,797,2558,123,163,518,847,613,1173,832,1876,910,1579,569,559,790,1251,579,2051,17960,14423,2464,1,601,0,0,13,11
2021-02-12T23:59:59+01:00,0,2,304,297,819,1273,904,1771,1205,2683,1359,2301,908,802,1164,1738,797,2558,123,163,516,844,612,1166,826,1864,904,1566,566,557,776,1240,573,2038,17951,14324,2464,1,457,0,0,13,11
2021-02-11T23:59:59+01:00,0,2,285,288,804,1238,898,1737,1189,2617,1337,2246,873,789,1153,1726,796,2548,121,149,498,803,590,1101,792,1764,881,1506,552,543,752,1205,559,2006,17838,13813,2463,0,212,0,0,13,11
2021-02-10T23:59:59+01:00,0,2,282,282,785,1200,885,1707,1177,2571,1322,2204,868,787,1138,1710,791,2532,117,140,433,721,547,1008,716,1642,827,1425,537,527,738,1185,549,1978,17814,13092,2358,0,58,0,0,13,0
2021-02-09T23:59:59+01:00,0,2,282,279,781,1186,874,1690,1163,2552,1308,2180,853,782,1124,1693,780,2516,100,121,378,634,495,878,637,1444,738,1237,485,449,617,1024,481,1738,17717,11458,2312,0,3,0,0,13,0
2021-02-08T23:59:59+01:00,0,2,282,278,779,1181,874,1683,1161,2548,1302,2172,847,779,1108,1671,763,2495,90,99,334,543,443,779,548,1237,632,1073,410,375,535,837,388,1432,17602,9757,2309,0,1,0,0,13,0
2021-02-07T23:59:59+01:00,0,2,281,277,777,1180,873,1683,1161,2547,1302,2169,841,777,1106,1668,762,2493,88,98,332,538,441,775,546,1228,628,1067,405,370,514,814,382,1418,17577,9646,2309,0,0,0,0,13,0
2021-02-06T23:59:59+01:00,0,2,281,276,777,1179,873,1682,1161,2547,1302,2168,840,776,1104,1662,761,2491,88,97,332,535,440,774,545,1224,626,1066,401,365,466,745,354,1373,17561,9433,2308,0,0,0,0,13,0
2021-02-05T23:59:59+01:00,0,2,281,276,777,1178,872,1681,1160,2546,1301,2165,833,770,1081,1652,754,2475,82,95,324,529,424,756,519,1191,597,1024,378,338,446,722,340,1333,17483,9099,2308,0,0,0,0,13,0
2021-02-04T23:59:59+01:00,0,2,278,269,774,1157,860,1659,1147,2518,1287,2141,811,757,1053,1622,747,2459,68,77,254,408,329,591,402,963,484,822,305,274,335,578,277,1114,17243,7281,2285,0,0,0,0,13,0
2021-02-03T23:59:59+01:00,0,2,277,264,770,1136,858,1633,1140,2468,1274,2111,792,743,1036,1599,738,2445,54,54,168,279,255,440,282,713,360,583,209,194,237,425,194,837,17147,5284,2126,0,0,0,0,13,0
2021-02-02T23:59:59+01:00,0,2,276,259,766,1128,852,1611,1131,2444,1262,2094,788,736,1027,1588,736,2437,35,34,91,138,147,251,171,446,232,366,135,124,160,256,136,539,16998,3261,2126,0,0,0,0,13,0
2021-02-01T23:59:59+01:00,0,2,274,256,761,1109,844,1590,1126,2414,1258,2061,780,723,1020,1578,732,2424,11,12,14,26,25,62,44,88,69,101,49,45,57,74,39,178,16814,894,2126,0,0,0,0,12,0
2021-01-31T23:59:59+01:00,0,2,268,254,745,1107,836,1579,1116,2403,1247,2052,774,717,1010,1561,725,2411,10,12,13,25,23,59,38,83,62,93,46,45,53,67,36,165,16779,830,2016,0,0,0,0,12,0
2021-01-30T23:59:59+01:00,0,2,268,254,745,1106,835,1579,1116,2403,1247,2052,773,717,1010,1560,725,2410,10,10,13,25,23,59,38,83,61,91,45,44,52,67,36,164,16775,821,2015,0,0,0,0,12,0
2021-01-29T23:59:59+01:00,0,2,268,254,745,1105,835,1579,1116,2403,1247,2051,772,716,1009,1558,725,2408,9,5,12,24,23,58,36,81,60,91,44,43,52,67,36,164,16768,805,2013,0,0,0,0,12,0
2021-01-28T23:59:59+01:00,0,2,264,249,733,1080,800,1524,1079,2343,1171,1993,731,702,980,1538,709,2386,4,0,3,6,9,23,18,36,20,45,21,22,23,45,15,97,16589,387,1683,0,0,0,0,12,0
2021-01-27T23:59:59+01:00,0,2,258,242,710,1048,752,1469,1022,2262,1098,1912,696,675,966,1517,706,2379,3,0,3,4,6,19,14,22,13,32,6,9,10,10,4,27,16141,182,1561,0,0,0,0,12,0
2021-01-26T23:59:59+01:00,0,2,234,233,693,1024,744,1419,1002,2188,1071,1847,684,661,943,1501,696,2360,3,0,1,4,5,9,12,12,6,11,3,5,6,7,1,16,16090,101,1200,0,0,0,0,12,0
2021-01-25T23:59:59+01:00,0,2,202,218,641,950,692,1296,960,2042,1013,1712,636,606,866,1406,653,2287,3,0,1,4,5,9,12,12,6,11,3,5,6,7,1,16,15864,101,306,0,0,0,0,12,0
2021-01-24T23:59:59+01:00,0,2,185,212,615,938,673,1282,942,2026,998,1702,629,600,856,1386,644,2274,3,0,1,4,5,9,11,12,5,11,3,5,6,7,1,16,15691,99,261,0,0,0,0,12,0
2021-01-23T23:59:59+01:00,0,2,185,212,615,938,673,1282,942,2026,998,1702,629,600,856,1386,644,2274,3,0,1,4,5,9,9,12,5,11,3,5,6,7,1,16,15691,97,261,0,0,0,0,12,0
2021-01-22T23:59:59+01:00,0,2,138,194,557,928,655,1268,908,2016,987,1691,624,599,855,1386,644,2274,3,0,0,4,5,9,9,12,5,11,3,5,6,7,1,16,15453,96,261,0,0,0,0,12,0
2021-01-21T23:59:59+01:00,0,2,133,186,542,905,634,1227,875,1962,965,1643,613,578,843,1355,637,2255,3,0,0,4,4,9,9,12,5,11,3,5,6,7,1,15,15082,94,261,0,0,0,0,12,0
2021-01-20T23:59:59+01:00,0,2,128,170,495,839,611,1151,812,1852,928,1572,592,561,825,1332,627,2227,3,0,0,4,4,9,9,12,5,11,3,5,6,7,1,15,14453,94,259,0,0,0,0,12,0
2021-01-19T23:59:59+01:00,0,2,115,150,422,752,545,1021,727,1653,823,1407,546,507,723,1173,554,1978,3,0,0,4,4,8,9,12,5,11,3,5,6,7,1,15,12894,93,192,0,0,0,0,12,0
2021-01-18T23:59:59+01:00,0,2,97,118,353,599,454,849,597,1392,697,1201,478,441,639,1016,487,1711,1,0,0,1,0,0,0,0,0,0,0,0,0,1,0,0,11037,3,82,0,0,0,0,12,0
2021-01-17T23:59:59+01:00,0,2,93,116,349,594,453,844,595,1373,689,1191,473,432,612,987,471,1670,1,0,0,1,0,0,0,0,0,0,0,0,0,1,0,0,10850,3,82,0,0,0,0,12,0
2021-01-16T23:59:59+01:00,0,2,93,113,347,586,450,839,584,1360,678,1179,458,418,517,861,410,1573,0,0,0,1,0,0,0,0,0,0,0,0,0,0,0,0,10453,1,3,0,0,0,0,12,0
2021-01-15T23:59:59+01:00,0,2,92,111,342,584,444,834,578,1353,661,1163,442,400,509,849,402,1550,0,0,0,0,0,0,0,0,0,0,0,0,0,0,0,0,10303,0,1,0,0,0,0,12,0
2021-01-14T23:59:59+01:00,0,0,75,89,285,482,366,671,461,1100,541,981,363,320,399,695,332,1320,0,0,0,0,0,0,0,0,0,0,0,0,0,0,0,0,8468,0,0,0,0,0,0,12,0
2021-01-13T23:59:59+01:00,0,0,61,66,201,364,290,499,347,818,415,700,253,224,291,520,250,1014,0,0,0,0,0,0,0,0,0,0,0,0,0,0,0,0,6302,0,0,0,0,0,0,11,0
2021-01-12T23:59:59+01:00,0,0,40,43,121,215,177,309,206,526,276,433,159,142,186,337,171,682,0,0,0,0,0,0,0,0,0,0,0,0,0,0,0,0,4023,0,0,0,0,0,0,0,0
2021-01-11T23:59:59+01:00,0,0,11,14,41,57,41,90,59,119,91,128,65,58,83,103,49,223,0,0,0,0,0,0,0,0,0,0,0,0,0,0,0,0,1232,0,0,0,0,0,0,0,0
2021-01-10T23:59:59+01:00,0,0,11,14,29,47,34,72,50,110,78,118,57,54,77,93,46,209,0,0,0,0,0,0,0,0,0,0,0,0,0,0,0,0,1099,0,0,0,0,0,0,0,0
2021-01-09T23:59:59+01:00,0,0,11,13,26,46,34,72,49,109,76,115,56,53,76,92,45,208,0,0,0,0,0,0,0,0,0,0,0,0,0,0,0,0,1081,0,0,0,0,0,0,0,0
2021-01-08T23:59:59+01:00,0,0,7,6,26,41,32,69,46,107,75,114,53,49,71,87,41,208,0,0,0,0,0,0,0,0,0,0,0,0,0,0,0,0,1032,0,0,0,0,0,0,0,0
2021-01-07T23:59:59+01:00,0,0,5,1,9,20,15,36,28,77,33,77,32,27,47,74,28,162,0,0,0,0,0,0,0,0,0,0,0,0,0,0,0,0,671,0,0,0,0,0,0,0,0
2021-01-06T23:59:59+01:00,0,0,5,0,4,8,10,28,25,43,19,47,26,24,34,51,19,120,0,0,0,0,0,0,0,0,0,0,0,0,0,0,0,0,463,0,0,0,0,0,0,0,0
2021-01-05T23:59:59+01:00,0,0,5,0,4,8,10,28,25,43,19,47,26,24,34,50,19,120,0,0,0,0,0,0,0,0,0,0,0,0,0,0,0,0,462,0,0,0,0,0,0,0,0
2021-01-04T23:59:59+01:00,0,0,4,0,1,3,4,9,13,12,5,11,3,5,6,8,1,17,0,0,0,0,0,0,0,0,0,0,0,0,0,0,0,0,102,0,0,0,0,0,0,0,0
2021-01-03T23:59:59+01:00,0,0,3,0,1,3,4,9,12,12,5,11,3,5,6,8,1,16,0,0,0,0,0,0,0,0,0,0,0,0,0,0,0,0,99,0,0,0,0,0,0,0,0
2021-01-02T23:59:59+01:00,0,0,3,0,1,3,4,9,10,12,5,11,3,5,6,8,1,16,0,0,0,0,0,0,0,0,0,0,0,0,0,0,0,0,97,0,0,0,0,0,0,0,0
2021-01-01T23:59:59+01:00,0,0,3,0,0,3,4,9,10,12,5,11,3,5,6,7,1,16,0,0,0,0,0,0,0,0,0,0,0,0,0,0,0,0,95,0,0,0,0,0,0,0,0
2020-12-31T23:59:59+01:00,0,0,3,0,0,3,4,9,9,12,5,11,3,5,6,7,1,16,0,0,0,0,0,0,0,0,0,0,0,0,0,0,0,0,94,0,0,0,0,0,0,0,0
2020-12-30T23:59:59+01:00,0,0,3,0,0,3,4,9,9,12,5,11,3,5,6,7,1,16,0,0,0,0,0,0,0,0,0,0,0,0,0,0,0,0,94,0,0,0,0,0,0,0,0
2020-12-29T23:59:59+01:00,0,0,3,0,0,3,4,8,9,12,5,11,3,5,6,7,1,16,0,0,0,0,0,0,0,0,0,0,0,0,0,0,0,0,93,0,0,0,0,0,0,0,0
2020-12-28T23:59:59+01:00,0,0,3,0,0,3,4,8,9,12,5,11,3,5,6,7,1,16,0,0,0,0,0,0,0,0,0,0,0,0,0,0,0,0,93,0,0,0,0,0,0,0,0
2020-12-27T23:59:59+01:00,0,0,1,0,0,0,0,0,0,0,0,0,0,0,1,3,0,7,0,0,0,0,0,0,0,0,0,0,0,0,0,0,0,0,12,0,0,0,0,0,0,0,0
