Datum,<15_m,<15_w,15-24_1_m,15-24_1_w,25-34_1_m,25-34_1_w,35-44_1_m,35-44_1_w,45-54_1_m,45-54_1_w,55-64_1_m,55-64_1_w,65-74_1_m,65-74_1_w,75-84_1_m,75-84_1_w,>84_1_m,>84_1_w,<24_2_m,<24_2_w,25-34_2_m,25-34_2_w,35-44_2_m,35-44_2_w,45-54_2_m,45-54_2_w,55-64_2_m,55-64_2_w,65-74_2_m,65-74_2_w,75-84_2_m,75-84_2_w,>84_2_m,>84_2_w,bp_1,bp_2,mo_1,mo_2,az_1,az_2,ja,unb_1,unb_2
2021-07-21T23:59:59+02:00,1643,1433,20047,19331,30243,27830,31415,31469,37272,37841,41216,41618,27426,30621,19557,24525,5948,10067,9836,9639,19106,18245,22178,23185,30271,31334,35002,36199,25563,28487,18531,23085,5669,9505,303413,232238,44212,39382,77216,59725,14592,70,96
2021-07-20T23:59:59+02:00,1637,1428,20016,19305,30216,27809,31391,31451,37255,37826,41206,41607,27411,30608,19557,24518,5948,10064,9573,9363,18779,17979,21912,22906,30096,31182,34839,36054,25517,28442,18516,23051,5668,9501,303178,229878,44211,39373,77215,59626,14580,70,96
2021-07-19T23:59:59+02:00,1627,1420,19906,19223,30138,27743,31334,31402,37237,37808,41191,41589,27406,30597,19551,24511,5947,10061,9385,9177,18486,17728,21520,22540,29847,30953,34723,35955,25483,28405,18498,23035,5668,9498,302631,228346,44205,38538,77214,59513,14572,70,96
2021-07-18T23:59:59+02:00,1616,1415,19840,19159,30015,27645,31271,31339,37176,37757,41150,41538,27386,30567,19543,24496,5943,10058,9277,9063,18327,17582,21333,22350,29681,30757,34611,35856,25453,28383,18487,23018,5668,9492,301863,227114,44205,38242,77214,59473,14563,70,96
2021-07-17T23:59:59+02:00,1615,1411,19833,19157,30015,27643,31271,31335,37171,37755,41146,41536,27385,30566,19542,24496,5943,10058,9256,9048,18295,17561,21315,22337,29671,30750,34592,35852,25450,28381,18487,23017,5668,9492,301831,226962,44205,38239,77214,59462,14559,70,96
2021-07-16T23:59:59+02:00,1562,1366,19559,18909,29890,27546,31188,31264,37116,37693,41106,41504,27366,30549,19535,24486,5941,10052,9143,8934,17930,17270,21018,22064,29302,30414,34461,35750,25427,28358,18480,23004,5666,9490,300839,225727,44182,37648,77212,59131,14330,70,18
2021-07-15T23:59:59+02:00,1504,1323,19298,18664,29711,27399,31081,31166,37035,37612,41041,41437,27324,30520,19519,24472,5937,10049,8784,8632,17030,16448,19494,20853,28391,29500,33847,35177,25261,28180,18427,22955,5660,9478,299581,219694,44140,36214,77203,58215,14099,70,18
2021-07-14T23:59:59+02:00,1491,1311,19269,18628,29688,27373,31059,31135,37024,37600,41022,41431,27316,30513,19510,24465,5936,10046,8498,8337,16480,15850,19003,20340,27830,29003,33455,34802,25149,28054,18388,22890,5655,9468,299313,215552,44138,35856,77200,57789,14097,70,18
2021-07-13T23:59:59+02:00,1479,1302,19232,18603,29671,27349,31038,31120,37010,37574,40999,41403,27307,30499,19508,24460,5935,10040,8196,8078,16082,15495,18730,20064,27569,28755,33184,34546,25051,27934,18355,22849,5653,9463,299035,212864,44137,35821,77199,57299,14089,70,18
2021-07-12T23:59:59+02:00,1464,1293,19190,18586,29639,27321,31021,31099,36998,37557,40982,41388,27304,30495,19506,24454,5934,10040,7936,7862,15804,15221,18033,19519,27256,28436,32773,34186,24884,27742,18296,22774,5647,9458,298787,211590,44136,33896,77199,56324,14080,70,18
2021-07-11T23:59:59+02:00,1456,1285,19160,18559,29609,27293,31006,31071,36990,37536,40968,41376,27295,30486,19504,24454,5933,10039,7893,7816,15740,15152,17946,19465,27173,28375,32661,34125,24831,27698,18276,22752,5647,9455,298547,211024,44135,33886,77197,56083,14072,70,18
2021-07-10T23:59:59+02:00,1327,1170,18660,18142,29169,27002,30724,30842,36747,37377,40769,41226,27223,30426,19478,24422,5930,10036,7765,7747,15462,15021,17732,19319,26933,28237,32497,34008,24766,27652,18260,22740,5646,9455,296363,210613,44002,33770,77168,55848,13068,70,18
2021-07-09T23:59:59+02:00,1317,1164,18633,18112,29149,26985,30712,30829,36737,37365,40758,41218,27219,30422,19476,24418,5930,10035,7723,7700,15393,14956,17670,19226,26714,28007,32248,33795,24704,27589,18238,22714,5646,9452,296223,210338,43983,33767,77167,54687,13037,70,18
2021-07-08T23:59:59+02:00,1241,1084,18367,17903,29005,26836,30578,30713,36635,37263,40660,41141,27186,30387,19457,24400,5925,10031,7557,7568,15097,14710,17243,18868,26028,27410,31978,33530,24537,27432,18180,22652,5643,9446,294972,209215,43930,32357,77159,53670,12682,70,18
2021-07-07T23:59:59+02:00,1145,992,18058,17584,28810,26654,30453,30592,36523,37144,40554,41057,27153,30340,19443,24383,5922,10028,7362,7357,14660,14345,16781,18426,25276,26806,31571,33152,24274,27111,18086,22558,5634,9437,293421,206313,43882,31524,77148,52718,12315,70,18
2021-07-06T23:59:59+02:00,1122,976,17981,17523,28767,26606,30404,30546,36487,37109,40520,41025,27136,30315,19432,24370,5920,10025,7146,7126,14317,13990,16434,18077,24533,26160,31274,32888,24084,26897,18038,22487,5627,9430,292857,204266,43879,30123,77147,51829,12312,70,18
2021-07-05T23:59:59+02:00,1080,948,17908,17460,28724,26550,30366,30512,36463,37065,40494,41000,27131,30301,19426,24364,5920,10020,6917,6936,14014,13723,16082,17714,23989,25655,30711,32324,23806,26599,17930,22348,5619,9420,292380,202775,43877,28048,77143,50700,12263,70,18
2021-07-04T23:59:59+02:00,1058,933,17839,17411,28686,26529,30345,30483,36453,37055,40479,40988,27125,30291,19421,24361,5920,10019,6891,6919,13961,13677,16009,17656,23905,25600,30558,32233,23714,26511,17898,22307,5617,9416,292068,202387,43876,28039,77132,50194,12251,70,18
2021-07-03T23:59:59+02:00,644,564,16118,15696,27519,25609,29552,29769,35814,36447,39983,40562,26968,30125,19354,24275,5911,10002,6509,6678,13448,13374,15609,17355,23545,25323,30256,32039,23618,26418,17865,22270,5613,9412,284597,202097,43835,27963,77049,49909,9362,70,18
2021-07-02T23:59:59+02:00,605,526,15989,15551,27358,25463,29473,29709,35784,36420,39964,40549,26962,30115,19351,24272,5911,10002,6461,6608,13375,13273,15521,17225,23402,25141,30103,31874,23425,26208,17776,22192,5611,9409,283697,201418,43835,27805,77047,49024,9356,70,18
2021-07-01T23:59:59+02:00,547,481,15814,15399,27140,25310,29396,29632,35729,36369,39899,40505,26942,30098,19340,24260,5909,9998,6322,6479,13038,13004,14998,16792,22150,24159,29348,31201,23147,25921,17658,22060,5604,9394,282520,197902,43830,26156,77035,47901,9314,70,18
2021-06-30T23:59:59+02:00,517,461,15712,15296,27033,25228,29330,29563,35676,36318,39857,40470,26927,30067,19330,24243,5905,9998,6130,6302,12610,12624,14431,16246,21528,23568,28758,30674,22728,25457,17528,21876,5597,9382,281718,193673,43827,26132,77029,46341,9288,70,18
2021-06-29T23:59:59+02:00,460,412,14952,14630,26774,25009,29237,29464,35597,36238,39789,40423,26906,30044,19323,24230,5905,9996,6018,6178,12354,12361,14038,15851,20741,22949,28177,30125,22281,24934,17376,21703,5589,9372,279228,190538,43826,25626,77021,44631,9245,70,18
2021-06-28T23:59:59+02:00,424,381,14329,13994,26618,24906,29163,29398,35541,36174,39745,40390,26888,30024,19315,24219,5905,9992,5952,6083,12177,12222,13850,15675,20125,22403,27778,29755,21945,24577,17248,21540,5584,9368,277306,188858,43822,24977,77017,43247,9192,70,18
2021-06-27T23:59:59+02:00,347,314,13985,13619,26554,24848,29123,29363,35519,36152,39728,40377,26877,30017,19313,24216,5904,9991,5916,6041,12063,12108,13707,15548,19577,21932,27174,29258,21668,24242,17128,21417,5580,9367,276193,188029,43820,23465,77006,42065,9159,70,18
2021-06-26T23:59:59+02:00,347,314,13974,13608,26538,24837,29117,29357,35514,36151,39725,40376,26876,30016,19313,24216,5904,9991,5911,6038,12051,12105,13701,15544,19564,21921,27129,29223,21523,24114,17088,21361,5579,9365,276123,188003,43818,23461,77006,41587,9158,70,18
2021-06-25T23:59:59+02:00,224,201,12719,12393,25081,23697,28819,29123,35408,36069,39660,40315,26852,29989,19304,24205,5902,9989,5868,5991,11955,12026,13560,15422,19255,21683,26746,28865,21201,23722,16915,21164,5576,9356,269919,186784,43814,23178,76993,40180,9155,70,18
2021-06-24T23:59:59+02:00,160,147,11751,11568,23975,22824,28456,28776,35261,35906,39548,40212,26818,29939,19293,24182,5900,9985,5653,5762,11498,11612,12985,14832,17731,20296,25115,27278,20436,22871,16600,20758,5566,9346,264724,181831,43797,19582,76989,37794,9123,69,18
2021-06-23T23:59:59+02:00,124,123,11395,11250,23482,22462,28213,28536,35084,35781,39461,40126,26788,29913,19285,24145,5898,9974,5580,5650,11286,11398,12687,14482,17343,19889,24369,26514,19647,22126,16408,20507,5558,9330,262153,179487,43791,18971,76984,35263,9044,69,18
2021-06-22T23:59:59+02:00,102,110,11214,11038,23328,22320,28134,28464,35008,35719,39415,40082,26773,29889,19277,24137,5898,9973,5471,5530,11022,11144,12321,14112,16741,19295,23642,25751,19268,21703,16245,20329,5551,9314,261015,176467,43788,18116,76982,33817,9028,69,18
2021-06-21T23:59:59+02:00,89,98,10964,10854,22501,21649,27885,28241,34943,35658,39352,40041,26757,29871,19271,24128,5898,9972,5352,5426,10810,10924,12016,13793,16350,18951,23197,25286,18978,21392,16141,20210,5545,9312,258441,175016,43783,17106,76976,32645,8904,69,18
2021-06-20T23:59:59+02:00,83,97,10900,10765,22256,21434,27628,28044,34863,35580,39307,39997,26748,29858,19269,24124,5896,9969,5311,5372,10725,10825,11921,13693,16157,18768,22927,25048,18877,21286,16088,20152,5539,9308,257167,174713,43781,16050,76975,32395,8826,69,18
2021-06-19T23:59:59+02:00,82,93,10876,10741,22224,21410,27611,28030,34851,35576,39297,39993,26747,29857,19269,24122,5896,9969,5280,5340,10644,10735,11829,13572,16009,18616,22620,24689,18792,21199,16076,20140,5538,9308,257016,174609,43758,14557,76975,32382,8826,69,18
2021-06-18T23:59:59+02:00,79,91,10831,10691,21915,21094,27347,27819,34799,35540,39267,39971,26739,29848,19268,24119,5896,9967,5265,5331,10615,10706,11788,13524,15948,18555,22535,24594,18626,21018,16031,20074,5537,9303,255655,174218,43757,14556,76974,31837,8826,69,18
2021-06-17T23:59:59+02:00,70,83,10253,10266,20648,20139,26489,27089,34431,35215,39015,39783,26675,29769,19248,24083,5889,9963,5067,5195,10242,10454,11351,13127,15273,17948,21176,23290,18173,20533,15868,19903,5533,9288,249914,168953,43739,13984,76963,31048,8423,69,18
2021-06-16T23:59:59+02:00,62,71,9919,9957,19971,19512,25852,26489,34185,35016,38857,39635,26633,29719,19225,24060,5888,9959,4925,5049,9854,10117,10891,12678,14570,17255,20329,22366,17771,20089,15701,19692,5523,9276,246105,165201,43727,12693,76950,30020,8159,69,18
2021-06-15T23:59:59+02:00,48,66,9675,9715,19679,19265,25631,26292,34057,34911,38761,39556,26605,29683,19218,24045,5883,9955,4820,4940,9615,9900,10662,12420,14150,16830,19733,21793,17457,19705,15483,19466,5514,9265,244352,163145,43716,11610,76944,29021,7964,69,18
2021-06-14T23:59:59+02:00,44,62,9544,9590,19383,19008,25456,26149,33938,34832,38700,39518,26588,29663,19212,24034,5883,9952,4739,4878,9429,9762,10493,12284,13890,16616,19417,21500,17293,19550,15382,19335,5513,9261,243169,161696,43714,11608,76940,28360,7665,68,18
2021-06-13T23:59:59+02:00,42,58,9386,9461,19097,18824,25106,25896,33738,34665,38595,39451,26573,29651,19202,24027,5883,9949,4658,4812,9220,9597,10329,12115,13567,16280,19071,21173,17168,19402,15335,19270,5511,9259,241536,160854,43714,11608,76937,26942,7349,68,18
2021-06-12T23:59:59+02:00,42,58,9377,9447,19084,18811,25106,25891,33738,34662,38592,39450,26573,29651,19202,24027,5883,9949,4655,4798,9210,9537,10297,12013,13519,16126,19016,21037,17059,19277,15219,19168,5509,9257,241490,160827,43714,11606,76933,25912,7338,68,18
2021-06-11T23:59:59+02:00,37,54,9221,9266,18852,18601,24314,25221,33562,34509,38460,39338,26540,29618,19192,24004,5883,9944,4578,4683,8994,9283,10041,11721,13002,15579,18049,20148,16874,19081,15179,19124,5506,9254,238596,156836,43713,11605,76930,25332,7309,68,18
2021-06-10T23:59:59+02:00,35,50,8829,8933,18204,18114,23468,24547,33244,34229,38262,39176,26483,29563,19169,23975,5880,9937,4403,4505,8417,8794,9240,11005,11858,14486,16077,18251,15989,18126,14894,18759,5497,9232,234997,147233,43056,11572,76904,23640,7074,67,18
2021-06-09T23:59:59+02:00,18,32,8384,8429,17381,17389,22321,23508,32759,33764,37979,38959,26374,29460,19123,23919,5870,9924,4268,4392,8131,8529,8997,10753,11529,14122,15595,17708,15620,17697,14653,18475,5490,9222,231047,145421,41173,11530,76868,21738,6478,27,18
2021-06-08T23:59:59+02:00,10,20,8066,8114,16910,16972,21904,23143,32514,33572,37817,38830,26330,29420,19113,23896,5867,9919,4148,4310,7877,8276,8693,10408,11176,13775,14955,17011,15168,17176,14392,18198,5485,9204,228326,143730,41141,10416,76859,20028,6064,27,18
2021-06-07T23:59:59+02:00,7,16,7871,7882,16553,16649,21360,22691,32235,33306,37700,38714,26304,29372,19096,23870,5862,9918,4073,4229,7697,8135,8533,10266,11007,13603,14646,16688,14972,16923,14219,18007,5481,9199,226713,142657,40173,10324,76848,19037,5646,26,18
2021-06-06T23:59:59+02:00,5,13,7764,7773,16419,16504,21166,22485,32009,33083,37568,38610,26276,29348,19083,23854,5862,9912,4044,4194,7651,8018,8482,10138,10903,13459,14451,16473,14790,16745,14130,17887,5474,9193,225491,142180,39874,10314,76830,18011,5513,26,18
2021-06-05T23:59:59+02:00,5,13,7742,7759,16390,16477,21159,22482,31999,33077,37566,38609,26275,29348,19082,23853,5862,9912,4035,4155,7636,7953,8468,10005,10889,13288,14433,16368,14753,16690,14121,17877,5474,9192,225382,142099,39874,10314,76829,17411,5499,26,18
2021-06-04T23:59:59+02:00,5,11,7628,7657,16111,16241,20884,22237,31578,32704,37453,38488,26242,29310,19071,23840,5860,9910,4028,4146,7610,7930,8442,9975,10822,13215,14328,16237,14672,16597,14085,17833,5474,9190,223796,141767,39099,9984,76810,17320,5499,26,18
2021-06-03T23:59:59+02:00,3,11,7375,7430,15236,15461,19254,20850,30669,31776,36950,38029,26111,29177,19027,23789,5854,9892,3969,4108,7522,7860,8320,9877,10654,13034,13762,15669,14412,16288,14001,17729,5471,9177,217190,139564,37527,9879,76801,17046,5350,26,18
2021-06-02T23:59:59+02:00,3,11,7240,7287,14853,15033,18823,20450,30201,31323,36724,37765,26047,29113,19007,23761,5851,9891,3939,4078,7458,7774,8233,9787,10514,12903,13317,15239,14289,16105,13974,17692,5468,9172,214114,137781,37096,9786,76800,17014,5347,26,18
2021-06-01T23:59:59+02:00,3,9,6964,7044,14458,14721,18482,20132,29875,31012,36501,37531,25991,29034,18983,23732,5849,9880,3838,3992,7216,7598,8002,9594,10251,12629,12916,14818,13858,15657,13858,17540,5461,9164,211378,135673,37051,9532,76779,16206,4967,26,18
2021-05-31T23:59:59+02:00,3,9,6801,6854,14240,14488,17779,19531,29534,30675,36204,37268,25901,28937,18957,23678,5839,9867,3759,3882,7009,7352,7779,9310,9910,12248,12478,14302,13330,15044,13659,17311,5453,9149,209955,132507,35003,9209,76762,15426,4819,26,18
2021-05-30T23:59:59+02:00,3,9,6778,6840,14194,14450,17702,19472,29484,30637,36173,37245,25889,28925,18954,23672,5838,9865,3716,3808,6861,7146,7631,9082,9709,11938,12222,13959,13209,14875,13591,17229,5450,9142,209661,131790,34991,9108,76708,13912,4744,26,18
2021-05-29T23:59:59+02:00,3,9,6776,6839,14185,14444,17697,19466,29479,30633,36170,37244,25887,28922,18954,23671,5838,9865,3707,3795,6832,7113,7598,9031,9673,11892,12149,13861,13168,14807,13561,17205,5449,9137,209629,131651,34991,9107,76693,13463,4743,26,18
2021-05-28T23:59:59+02:00,3,9,6766,6827,14170,14427,17680,19445,29468,30621,36159,37226,25886,28918,18952,23667,5838,9865,3693,3772,6810,7073,7564,8979,9620,11788,11909,13592,12980,14616,13531,17165,5446,9134,209479,130365,34990,9106,76690,13444,4742,26,18
2021-05-27T23:59:59+02:00,3,9,6675,6746,13902,14210,17196,19098,28791,30080,36000,37096,25840,28884,18937,23653,5837,9859,3568,3612,6523,6823,7188,8675,9123,11230,11202,12697,12431,14050,13402,16974,5439,9122,208404,126859,33553,8777,76648,12223,4185,26,18
2021-05-26T23:59:59+02:00,3,9,6604,6638,13689,14008,16945,18791,28249,29569,35825,36921,25803,28839,18922,23629,5836,9854,3478,3469,6298,6534,6902,8249,8785,10753,10554,11902,11873,13437,13257,16759,5434,9100,206818,123267,32800,8595,76635,11052,3855,26,18
2021-05-25T23:59:59+02:00,3,9,6523,6543,13484,13787,16683,18581,27525,28923,35733,36826,25780,28810,18910,23613,5831,9853,3429,3378,6154,6366,6756,8060,8561,10462,10211,11538,11526,12962,13152,16597,5431,9092,206108,121432,31348,8456,76152,9989,3783,26,18
2021-05-24T23:59:59+02:00,3,9,6452,6446,13307,13587,16461,18298,27116,28498,35387,36428,25723,28742,18891,23590,5830,9851,3416,3356,6096,6284,6711,7977,8502,10366,10138,11441,11353,12733,13106,16506,5423,9072,205577,120813,29128,8411,76144,9497,3744,26,18
2021-05-23T23:59:59+02:00,3,9,6450,6445,13302,13578,16458,18288,27097,28488,35357,36394,25720,28736,18891,23584,5830,9851,3413,3352,6090,6274,6701,7970,8474,10336,10098,11385,11270,12632,13086,16475,5423,9071,205462,120808,29112,7999,76143,9490,3738,26,18
2021-05-22T23:59:59+02:00,3,9,6442,6441,13295,13567,16452,18284,27094,28487,35354,36388,25720,28736,18891,23584,5830,9851,3412,3352,6087,6271,6700,7966,8470,10334,10093,11382,11259,12618,13081,16471,5422,9071,205411,120768,29112,7999,76141,9469,3738,26,18
2021-05-21T23:59:59+02:00,3,9,6383,6381,13143,13461,16280,18133,26825,28311,34926,36121,25695,28700,18883,23578,5829,9847,3403,3342,6054,6250,6670,7932,8431,10285,10039,11332,10745,11907,12942,16312,5419,9066,204725,119015,28987,7996,75103,9436,3667,26,18
2021-05-20T23:59:59+02:00,2,8,6091,6180,12534,13045,15087,17210,24917,26817,33978,35354,25590,28555,18829,23497,5823,9832,3343,3297,5961,6133,6558,7778,8284,10127,9805,11027,10411,11462,12834,16134,5409,9053,199965,117046,27251,7923,72569,9093,3539,25,18
2021-05-19T23:59:59+02:00,2,8,5886,5939,12020,12587,14380,16508,23971,26006,33354,34758,25481,28465,18793,23441,5816,9820,3267,3224,5799,5963,6368,7540,8009,9848,9503,10648,10099,11048,12756,15989,5407,9045,194290,115145,27213,7728,72555,8473,3152,25,18
2021-05-18T23:59:59+02:00,2,7,5716,5830,11619,12265,13757,16009,22815,25057,32689,34152,25365,28330,18747,23391,5811,9811,3224,3196,5689,5857,6208,7382,7804,9638,9310,10411,9932,10800,12612,15770,5398,9036,189339,114020,26708,7660,72511,7782,2790,25,18
2021-05-17T23:59:59+02:00,2,6,5663,5785,11456,12158,13485,15787,22003,24423,32382,33839,25286,28271,18725,23361,5802,9802,3130,3126,5512,5678,6042,7176,7597,9420,9092,10175,9845,10678,12554,15707,5395,9031,187577,113311,26012,7654,72118,6674,2504,25,18
2021-05-16T23:59:59+02:00,2,6,5636,5765,11395,12103,13400,15707,21396,23876,31768,33310,25245,28228,18715,23346,5801,9802,3126,3104,5498,5609,6015,7117,7569,9318,9060,10091,9830,10659,12551,15704,5395,9031,186811,113202,24470,7648,71701,6319,2494,25,17
2021-05-15T23:59:59+02:00,2,6,5627,5756,11362,12094,13371,15697,21323,23805,31235,32936,25234,28223,18714,23343,5800,9801,3112,3089,5479,5567,6001,7042,7529,9203,8828,9838,9797,10628,12517,15653,5395,9030,186762,113197,24458,7510,71055,5958,2029,25,17
2021-05-14T23:59:59+02:00,2,6,5587,5731,11299,12056,13299,15632,20912,23495,30806,32591,25198,28178,18703,23326,5800,9799,3080,3049,5443,5478,5980,6908,7490,9001,8768,9644,9727,10519,12431,15528,5395,9026,186040,113030,24139,7182,70188,5213,2028,25,17
2021-05-13T23:59:59+02:00,2,6,5431,5575,10921,11761,12585,15045,18733,21754,29264,31131,24968,27934,18636,23254,5798,9796,3069,3016,5419,5439,5963,6851,7466,8931,8725,9585,9514,10278,12234,15231,5390,9017,182096,112680,20351,6376,68109,5045,2013,25,17
2021-05-12T23:59:59+02:00,1,6,5402,5548,10849,11703,12484,14957,18612,21630,28901,30767,24877,27839,18619,23225,5797,9791,3069,3012,5413,5433,5953,6837,7442,8916,8687,9531,9331,10049,12005,14911,5387,9010,181149,112401,19715,5519,68106,5039,2013,25,17
2021-05-11T23:59:59+02:00,1,6,5266,5445,10605,11460,12120,14584,18006,20994,27972,29802,24685,27651,18561,23151,5792,9776,3027,2971,5324,5278,5854,6654,7312,8677,8528,9309,9153,9858,11859,14724,5378,8992,177095,111376,18829,5412,67975,4143,1953,25,17
2021-05-10T23:59:59+02:00,1,5,5142,5367,10393,11265,11862,14330,17681,20662,27552,29395,24576,27544,18523,23104,5784,9772,2958,2918,5207,5161,5741,6552,7189,8536,8402,9202,9049,9734,11769,14596,5375,8984,175095,110847,18142,5401,67751,3166,1945,25,17
2021-05-09T23:59:59+02:00,1,5,5069,5319,10294,11153,11763,14213,17342,20381,27162,29022,24490,27458,18494,23068,5781,9769,2891,2887,5061,5118,5566,6509,7023,8507,8276,9167,9037,9724,11751,14576,5375,8984,174701,110771,16867,5391,67261,2346,1930,25,17
2021-05-08T23:59:59+02:00,1,5,5068,5318,10292,11149,11763,14213,17338,20379,27159,29019,24490,27458,18494,23068,5781,9769,2891,2886,5060,5118,5566,6509,7023,8507,8274,9167,9036,9723,11751,14576,5375,8984,174684,110768,16867,5391,67258,2343,1930,25,17
2021-05-07T23:59:59+02:00,1,5,5034,5292,10224,11096,11635,14090,16941,20105,26524,28464,24442,27407,18477,23034,5774,9740,2882,2879,5045,5112,5556,6495,7011,8496,8266,9156,9030,9715,11740,14554,5367,8957,173853,110753,16864,5390,65742,2303,1801,25,17
2021-05-06T23:59:59+02:00,1,5,4764,5131,9763,10753,11078,13576,15860,19088,24125,26184,23944,26884,18371,22932,5769,9726,2840,2835,4978,5037,5513,6404,6927,8377,8135,9008,8930,9605,11716,14504,5364,8954,168835,110212,14416,5334,62890,1777,1790,23,17
2021-05-05T23:59:59+02:00,1,5,4687,5054,9470,10525,10740,13250,15280,18483,23284,25224,23683,26560,18302,22826,5759,9708,2820,2799,4928,4950,5454,6283,6843,8211,8011,8793,8825,9474,11639,14420,5363,8946,165177,109276,13114,5329,62740,1352,1787,23,17
2021-05-04T23:59:59+02:00,1,5,4603,4963,9296,10321,10533,13009,14894,18086,22743,24660,23470,26287,18230,22747,5751,9695,2811,2765,4900,4875,5421,6165,6789,8071,7919,8639,8722,9364,11565,14362,5361,8943,162924,108780,11996,5320,62584,790,1767,23,17
2021-05-03T23:59:59+02:00,1,5,4531,4889,9104,10184,10356,12834,14611,17840,22334,24245,23331,26138,18203,22700,5751,9689,2735,2695,4813,4801,5345,6080,6693,7965,7738,8474,8636,9278,11526,14313,5358,8938,161420,108560,11995,5317,62492,680,816,23,17
2021-05-02T23:59:59+02:00,1,5,4518,4875,9027,10126,10231,12721,14285,17532,22032,23959,23281,26080,18184,22675,5750,9688,2729,2688,4753,4768,5255,5996,6556,7836,7621,8374,8590,9238,11502,14279,5356,8933,160532,108446,11992,5315,62388,663,35,23,17
2021-05-01T23:59:59+02:00,1,5,4518,4873,9025,10125,10230,12721,14282,17529,22030,23959,23280,26079,18184,22675,5750,9688,2729,2688,4753,4768,5255,5996,6555,7836,7621,8374,8590,9238,11502,14279,5356,8933,160516,108446,11992,5314,62388,663,35,23,17
2021-04-30T23:59:59+02:00,0,5,4446,4782,8783,9912,9968,12478,13800,17104,21189,23191,23154,25943,18168,22647,5747,9685,2726,2686,4743,4761,5246,5962,6543,7806,7587,8337,8586,9236,11501,14276,5354,8932,156927,108421,11991,5312,62059,532,2,23,17
2021-04-29T23:59:59+02:00,0,5,4297,4638,8302,9505,9271,11875,12801,16209,19351,21518,22452,25187,18030,22438,5741,9668,2703,2665,4702,4689,5203,5888,6485,7700,7511,8221,8477,9122,11436,14200,5348,8923,147778,107941,11977,5040,61509,275,2,22,17
2021-04-28T23:59:59+02:00,0,5,4264,4619,8231,9431,9195,11789,12683,16090,19134,21304,22364,25095,18002,22397,5739,9663,2700,2654,4676,4630,5176,5844,6455,7626,7462,8139,8460,9098,11420,14178,5347,8917,147399,107749,11887,4968,60696,50,1,22,16
2021-04-27T23:59:59+02:00,0,5,4224,4573,8093,9292,9082,11638,12539,15921,18686,20807,22136,24837,17937,22320,5736,9654,2697,2650,4674,4626,5166,5836,6442,7607,7430,8102,8402,9019,11339,14098,5343,8914,146674,107494,10808,4796,59976,42,1,21,14
2021-04-26T23:59:59+02:00,0,5,4182,4545,7987,9197,8936,11533,12365,15748,18275,20443,22002,24691,17902,22292,5736,9653,2697,2648,4670,4623,5162,5826,6427,7587,7398,8073,8354,8971,11284,14020,5340,8897,145906,107388,10673,4540,58892,37,0,21,14
2021-04-25T23:59:59+02:00,0,5,4168,4530,7951,9167,8872,11471,12231,15618,17930,20113,21803,24455,17862,22237,5732,9648,2697,2648,4669,4622,5160,5822,6422,7584,7396,8069,8298,8912,11262,13992,5340,8896,144529,107367,10662,4374,58581,36,0,21,14
2021-04-24T23:59:59+02:00,0,5,4162,4522,7936,9163,8857,11461,12183,15588,17872,20075,21787,24442,17860,22232,5732,9648,2696,2648,4669,4622,5160,5822,6422,7584,7396,8069,8298,8912,11262,13992,5340,8896,144433,107367,10662,4374,58409,35,0,21,14
2021-04-23T23:59:59+02:00,0,5,4142,4489,7879,9100,8774,11360,11843,15263,17439,19678,21573,24209,17798,22155,5730,9640,2693,2646,4666,4619,5153,5815,6408,7575,7373,8038,8277,8885,11254,13984,5338,8893,143173,107355,10315,4216,57568,34,0,21,14
2021-04-22T23:59:59+02:00,0,5,4093,4424,7747,8908,8589,11101,11517,14844,16526,18694,21003,23505,17664,21975,5721,9621,2684,2640,4661,4599,5130,5788,6366,7539,7304,7992,8144,8731,11112,13833,5334,8884,139442,106738,10192,3964,56283,27,0,20,14
2021-04-21T23:59:59+02:00,0,5,4051,4381,7645,8789,8434,10943,11224,14565,15793,17938,20625,23057,17592,21870,5716,9608,2676,2629,4643,4580,5114,5767,6354,7524,7279,7971,8095,8670,11075,13794,5332,8882,136536,106461,10063,3888,55621,25,0,16,13
2021-04-20T23:59:59+02:00,0,5,4025,4355,7610,8737,8357,10863,11062,14391,15360,17463,20164,22543,17492,21718,5708,9597,2669,2620,4634,4567,5089,5747,6326,7500,7239,7932,8001,8538,11001,13707,5328,8878,134395,105892,9798,3849,55241,24,0,16,13
2021-04-19T23:59:59+02:00,0,5,3994,4305,7549,8633,8265,10724,10905,14210,15107,17169,19686,21979,17327,21504,5697,9585,2664,2619,4628,4563,5076,5732,6307,7483,7214,7888,7948,8484,10975,13661,5325,8873,132336,105559,9444,3846,54848,24,0,16,13
2021-04-18T23:59:59+02:00,0,5,3976,4276,7489,8582,8159,10597,10646,13968,14616,16630,19258,21471,17205,21318,5693,9579,2664,2619,4628,4563,5076,5732,6306,7480,7212,7887,7944,8481,10973,13657,5324,8870,129926,105538,9374,3844,54152,23,0,16,13
2021-04-17T23:59:59+02:00,0,5,3972,4268,7469,8576,8149,10579,10605,13922,14506,16542,19137,21347,17183,21290,5691,9577,2664,2619,4627,4561,5071,5727,6292,7475,7187,7864,7898,8435,10954,13634,5323,8870,129488,105529,9365,3638,53949,23,0,16,13
2021-04-16T23:59:59+02:00,0,5,3961,4225,7397,8454,8046,10422,10411,13661,13837,15783,18570,20704,17058,21115,5680,9560,2661,2616,4622,4556,5067,5716,6276,7464,7149,7829,7592,8048,10864,13496,5315,8854,126647,104741,9305,3350,52921,23,0,16,13
2021-04-15T23:59:59+02:00,0,4,3917,4171,7285,8324,7881,10184,10077,13271,13108,14925,17762,19840,16816,20793,5667,9539,2660,2608,4610,4540,5054,5686,6246,7429,7080,7761,7039,7411,10748,13344,5311,8843,122999,103123,9147,3215,51402,21,0,16,13
2021-04-14T23:59:59+02:00,0,3,3890,4142,7219,8218,7775,10034,9903,13072,12690,14479,17237,19229,16665,20584,5662,9526,2627,2589,4592,4509,5025,5639,6211,7396,7023,7700,6411,6663,10486,13059,5307,8835,121612,100830,8914,3215,49786,16,0,16,13
2021-04-13T23:59:59+02:00,0,3,3887,4136,7182,8202,7718,10001,9795,13020,12317,14187,16548,18383,16429,20284,5658,9520,2603,2562,4572,4484,5001,5606,6152,7328,6934,7599,6200,6414,9925,12411,5299,8816,120923,98672,8696,3208,47635,16,0,16,12
2021-04-12T23:59:59+02:00,0,3,3873,4118,7130,8156,7662,9933,9687,12919,12070,13974,16105,17866,16242,20070,5653,9517,2574,2551,4506,4442,4894,5537,6038,7252,6816,7500,5457,5595,9477,11875,5259,8774,120590,95321,8661,3200,45711,16,0,16,12
2021-04-11T23:59:59+02:00,0,3,3860,4111,7089,8104,7604,9889,9594,12840,11833,13767,15542,17179,15967,19730,5648,9507,2499,2468,4377,4320,4740,5404,5875,7100,6665,7394,5155,5234,9346,11716,5259,8770,120005,93146,8234,3151,44012,15,0,16,12
2021-04-10T23:59:59+02:00,0,3,3842,4092,7050,8057,7560,9833,9534,12781,11741,13682,15325,16988,15918,19662,5647,9500,1942,1901,3558,3600,3866,4639,4870,6180,5810,6609,4882,4928,9218,11563,5253,8761,119541,84404,8234,3151,43424,15,0,16,12
2021-04-09T23:59:59+02:00,0,3,3822,4072,7012,8028,7496,9777,9381,12653,11414,13397,14143,15458,15477,19132,5635,9490,1083,1074,2203,2409,2359,3269,3087,4539,4192,5148,4201,4196,8972,11211,5229,8732,117648,68731,8232,3148,40494,15,0,16,12
2021-04-08T23:59:59+02:00,0,3,3796,4056,6951,7975,7393,9683,9195,12534,11010,13043,13011,14204,15069,18611,5616,9460,582,585,1286,1704,1453,2339,1987,3456,2811,3762,2959,2798,8174,10238,5090,8512,116407,54567,8152,3145,37035,14,0,16,12
2021-04-07T23:59:59+02:00,0,3,3749,4031,6873,7921,7300,9614,9068,12404,10700,12736,12284,13436,14852,18346,5610,9441,351,368,935,1359,1049,1954,1477,2995,1867,2756,1776,1513,7271,9101,4936,8253,115446,44796,8001,3145,34906,10,0,15,12
2021-04-06T23:59:59+02:00,0,3,3733,4019,6851,7883,7245,9547,8975,12324,10489,12518,11899,12941,14631,18050,5599,9427,344,354,927,1349,1034,1933,1450,2967,1808,2697,1697,1447,6864,8550,4786,8016,114168,43060,7902,3144,34051,9,0,13,12
2021-04-05T23:59:59+02:00,0,3,3729,4018,6840,7871,7233,9537,8956,12295,10424,12459,11788,12796,14533,17958,5597,9424,342,348,916,1345,1028,1925,1440,2947,1787,2663,1644,1394,6638,8250,4664,7834,113832,42003,7881,3143,33735,9,0,13,12
2021-04-04T23:59:59+02:00,0,3,3729,4018,6838,7865,7232,9536,8953,12295,10414,12454,11785,12792,14530,17957,5597,9424,342,347,916,1345,1027,1923,1439,2946,1785,2660,1641,1389,6631,8237,4659,7831,113827,41957,7880,3142,33702,9,0,13,12
2021-04-03T23:59:59+02:00,0,3,3729,4018,6838,7864,7231,9536,8953,12295,10413,12454,11785,12791,14528,17955,5597,9424,342,346,914,1341,1025,1922,1438,2941,1783,2660,1636,1377,6588,8156,4624,7796,113823,41728,7880,3142,33698,9,0,13,12
2021-04-02T23:59:59+02:00,0,3,3727,4016,6836,7861,7225,9530,8942,12288,10398,12438,11658,12677,14485,17898,5593,9416,340,344,912,1334,1019,1911,1423,2916,1743,2621,1541,1291,5826,7258,4192,7234,113701,39066,7876,2820,33401,9,0,13,12
2021-04-01T23:59:59+02:00,0,2,3688,4004,6802,7839,7183,9500,8890,12249,10328,12368,11320,12271,14112,17390,5589,9403,335,341,896,1319,1007,1892,1391,2870,1684,2557,1418,1198,4899,6156,3642,6413,113319,35184,6477,2815,33129,9,0,13,12
2021-03-31T23:59:59+02:00,0,2,3682,4000,6787,7820,7167,9482,8855,12217,10242,12297,10990,11867,13769,16897,5583,9382,332,338,888,1311,997,1877,1371,2842,1634,2522,1353,1146,4327,5492,3296,5955,112747,32920,5481,2742,32798,9,0,13,12
2021-03-30T23:59:59+02:00,0,2,3664,3976,6751,7782,7110,9416,8767,12113,10080,12142,10732,11590,13546,16631,5577,9368,328,332,882,1301,990,1871,1348,2836,1608,2496,1327,1120,4209,5370,3236,5863,111926,32551,5231,2547,32077,9,0,13,12
2021-03-29T23:59:59+02:00,0,2,3655,3954,6725,7760,7070,9363,8671,12018,9899,11935,10300,11122,13173,16165,5560,9335,323,328,878,1291,984,1863,1340,2825,1592,2487,1302,1106,4076,5227,3139,5733,110255,31935,4923,2541,31516,8,0,13,12
2021-03-28T23:59:59+02:00,0,2,3614,3899,6610,7603,6953,9223,8544,11825,9747,11746,10089,10862,12998,15979,5555,9325,323,328,878,1291,982,1862,1339,2825,1591,2485,1294,1103,4043,5185,3113,5708,109883,31893,4660,2440,30018,7,0,13,12
2021-03-27T23:59:59+01:00,0,2,3613,3888,6598,7538,6924,9109,8495,11654,9695,11592,9975,10739,12904,15891,5554,9325,323,327,878,1291,982,1859,1339,2823,1587,2484,1292,1101,4017,5150,3100,5693,109874,31790,4660,2439,28949,7,0,13,12
2021-03-26T23:59:59+01:00,0,2,3607,3880,6570,7501,6895,9036,8447,11542,9604,11464,9926,10676,12858,15837,5547,9305,318,325,877,1288,978,1847,1336,2802,1567,2472,1267,1085,3837,4929,2994,5540,109818,31047,4440,2398,28426,7,0,13,12
2021-03-25T23:59:59+01:00,0,2,3584,3849,6479,7374,6803,8872,8256,11310,9295,11148,9549,10294,12555,15522,5542,9296,318,324,875,1280,975,1836,1323,2789,1543,2453,1241,1066,3605,4687,2744,5206,109446,29851,4233,2398,26038,6,0,13,12
2021-03-24T23:59:59+01:00,0,2,3530,3798,6392,7189,6683,8646,8089,11075,9070,10824,9134,9807,12138,15063,5531,9286,318,323,874,1277,970,1834,1315,2785,1527,2437,1233,1056,3540,4614,2563,4986,108936,29241,4097,2398,23211,3,0,13,12
2021-03-23T23:59:59+01:00,0,2,3512,3765,6343,7133,6608,8588,7971,10946,8822,10591,8714,9338,11687,14544,5522,9271,318,323,873,1267,965,1825,1310,2776,1523,2430,1210,1031,3448,4538,2371,4673,108124,28470,4004,2398,21216,3,0,13,12
2021-03-22T23:59:59+01:00,0,2,3504,3745,6300,7104,6574,8541,7905,10870,8673,10455,8435,8985,11384,14219,5486,9232,316,318,867,1257,957,1818,1303,2765,1514,2420,1199,1022,3420,4503,2352,4640,107454,28261,4001,2397,19946,3,0,13,12
2021-03-21T23:59:59+01:00,0,2,3502,3743,6296,7093,6557,8525,7886,10851,8617,10398,8316,8868,11314,14117,5484,9229,314,317,858,1254,950,1812,1294,2763,1510,2416,1195,1019,3411,4488,2338,4631,107369,28160,4000,2397,19416,3,0,13,12
2021-03-20T23:59:59+01:00,0,2,3494,3705,6288,7022,6542,8388,7861,10667,8573,10262,8238,8782,11276,14078,5484,9229,314,317,858,1254,950,1812,1293,2763,1510,2414,1195,1019,3411,4487,2338,4630,107337,28156,3788,2396,18753,3,0,13,12
2021-03-19T23:59:59+01:00,0,2,3481,3676,6262,6940,6518,8296,7816,10550,8460,10102,7701,8176,11093,13837,5474,9211,311,316,853,1247,933,1802,1270,2732,1460,2369,1111,952,2748,3700,1928,4062,105726,25385,3489,2396,18367,3,0,13,12
2021-03-18T23:59:59+01:00,0,2,3470,3658,6221,6899,6485,8235,7753,10465,8345,9973,6746,7084,10814,13537,5464,9186,310,316,850,1242,927,1793,1251,2724,1435,2350,1074,935,2541,3461,1772,3841,102715,24413,3332,2396,18277,3,0,13,12
2021-03-17T23:59:59+01:00,0,2,3433,3620,6150,6815,6432,8132,7663,10339,8215,9815,6067,6245,10528,13234,5447,9160,309,316,843,1238,923,1781,1237,2702,1417,2326,1038,913,2422,3337,1693,3732,99953,23818,3331,2396,18000,3,0,13,12
2021-03-16T23:59:59+01:00,0,2,3415,3591,6111,6762,6387,8059,7610,10275,8125,9714,5891,6069,9838,12451,5408,9097,302,307,829,1222,911,1772,1231,2683,1404,2318,1024,894,2210,3099,1560,3538,97736,22897,3321,2394,17735,3,0,13,12
2021-03-15T23:59:59+01:00,0,2,3378,3559,6015,6683,6258,7967,7468,10156,7996,9589,5139,5236,9396,11904,5365,9027,301,306,826,1218,910,1765,1229,2670,1395,2309,1011,882,2068,2927,1474,3445,94230,22331,3314,2393,17581,2,0,13,12
2021-03-14T23:59:59+01:00,0,2,3253,3412,5739,6337,5982,7606,7156,9742,7712,9276,4806,4845,9239,11707,5361,9017,301,306,826,1218,909,1765,1227,2669,1393,2306,1009,880,2065,2924,1471,3444,91839,22311,3259,2390,16081,2,0,13,12
2021-03-13T23:59:59+01:00,0,2,2599,2750,4799,5469,4964,6677,5961,8624,6697,8333,4493,4462,8856,11188,5271,8909,301,306,825,1216,909,1760,1224,2667,1392,2306,1009,879,2041,2888,1441,3409,81153,22171,3259,2390,15629,2,0,13,12
2021-03-12T23:59:59+01:00,0,2,1773,1929,3462,4319,3458,5345,4215,6985,5063,6827,3828,3759,7609,9641,4771,8230,297,303,823,1212,903,1753,1216,2648,1366,2289,963,854,1693,2427,1173,3058,62347,20576,3256,2390,15600,2,0,13,12
2021-03-11T23:59:59+01:00,0,2,1273,1452,2559,3580,2554,4406,3122,5896,3701,5443,2653,2482,5918,7532,4008,7056,292,294,807,1203,890,1730,1198,2619,1341,2243,926,834,1536,2198,1050,2870,45074,19630,3254,2390,15296,2,0,13,11
2021-03-10T23:59:59+01:00,0,2,1049,1234,2192,3220,2180,4015,2671,5456,2798,4476,1525,1285,4570,5817,3453,6288,282,284,789,1184,868,1694,1165,2546,1303,2177,901,814,1357,2008,954,2697,34070,18729,3254,2283,14894,2,0,13,11
2021-03-09T23:59:59+01:00,0,2,1033,1207,2126,3079,2115,3900,2586,5322,2715,4350,1491,1255,4495,5744,3414,6231,278,277,775,1163,851,1667,1140,2506,1285,2149,887,802,1280,1884,883,2587,33666,18164,3251,2239,14135,2,0,13,11
2021-03-08T23:59:59+01:00,0,2,1012,1176,2069,2980,2075,3818,2527,5209,2659,4278,1453,1235,4349,5586,3313,6090,278,273,770,1155,849,1658,1132,2498,1278,2133,863,781,1114,1659,760,2423,32977,17379,3251,2235,13590,1,0,13,11
2021-03-07T23:59:59+01:00,0,2,1007,1157,2030,2937,2033,3777,2487,5144,2618,4241,1448,1232,4342,5578,3311,6090,278,273,770,1155,849,1658,1132,2498,1277,2133,860,781,1105,1649,752,2412,32947,17379,3245,2194,13229,0,0,13,11
2021-03-06T23:59:59+01:00,0,2,1007,1153,2019,2923,2021,3758,2471,5117,2600,4220,1435,1222,4308,5534,3297,6078,278,273,770,1155,849,1658,1132,2498,1277,2133,860,781,1105,1649,752,2411,32803,17379,3244,2193,13105,0,0,13,11
2021-03-05T23:59:59+01:00,0,2,1003,1149,2004,2903,1991,3735,2428,5065,2547,4183,1399,1194,4042,5209,3147,5857,277,270,763,1148,844,1651,1129,2489,1274,2123,846,777,1098,1640,751,2409,32064,17287,2913,2193,12868,0,0,13,11
2021-03-04T23:59:59+01:00,0,2,909,1002,1917,2775,1923,3598,2352,4911,2457,4025,1369,1173,3802,4950,2883,5508,277,268,761,1143,842,1643,1128,2479,1270,2117,817,763,1088,1629,744,2397,30818,17187,2909,2170,11816,0,0,13,11
2021-03-03T23:59:59+01:00,0,2,863,895,1852,2679,1853,3493,2283,4795,2383,3941,1357,1160,3692,4845,2661,5236,276,266,760,1134,839,1625,1122,2437,1260,2091,800,759,1080,1611,737,2390,30146,17161,2793,2017,11038,0,0,13,11
2021-03-02T23:59:59+01:00,0,2,818,820,1755,2555,1768,3369,2191,4671,2322,3863,1322,1138,3563,4710,2458,4892,276,265,759,1128,836,1622,1118,2432,1256,2081,798,757,1066,1590,726,2371,29424,17056,2604,2016,10176,0,0,13,11
2021-03-01T23:59:59+01:00,0,2,795,781,1655,2411,1697,3225,2091,4499,2242,3742,1304,1126,3512,4647,2414,4830,276,264,755,1124,835,1610,1114,2420,1251,2071,792,755,1061,1579,719,2364,29171,16965,2520,2016,9269,0,0,13,11
2021-02-28T23:59:59+01:00,0,2,789,758,1636,2345,1670,3153,2068,4399,2228,3675,1298,1120,3502,4633,2400,4820,275,263,755,1123,835,1605,1114,2418,1251,2066,789,753,1053,1566,715,2354,29065,16943,2518,1983,8900,0,0,13,11
2021-02-27T23:59:59+01:00,0,2,774,741,1614,2285,1653,3042,2049,4273,2207,3579,1295,1117,3502,4631,2399,4819,275,263,755,1123,835,1604,1114,2418,1251,2065,789,753,1053,1566,715,2353,29061,16941,2517,1982,8391,0,0,13,11
2021-02-26T23:59:59+01:00,0,2,646,660,1509,2172,1601,2883,1986,4036,2106,3343,1205,1046,2852,3838,1974,4237,275,263,754,1121,834,1603,1114,2416,1249,2062,787,748,1035,1553,705,2337,26273,16867,2517,1980,7293,0,0,13,11
2021-02-25T23:59:59+01:00,0,2,496,580,1390,2070,1534,2755,1925,3907,2006,3232,1156,1014,2622,3568,1810,3994,258,248,729,1097,792,1535,1067,2318,1176,1971,730,727,1004,1516,693,2309,25208,16774,2490,1387,6350,0,0,13,11
2021-02-24T23:59:59+01:00,0,2,466,549,1321,1957,1461,2611,1855,3754,1929,3083,1118,984,2483,3431,1731,3875,229,235,702,1052,767,1473,1039,2258,1122,1921,703,704,958,1487,682,2279,24557,16588,2479,1014,5561,0,0,13,11
2021-02-23T23:59:59+01:00,0,2,410,509,1239,1817,1387,2465,1778,3543,1858,2961,1093,950,2280,3203,1606,3689,224,229,687,1029,756,1434,1017,2215,1097,1880,694,692,949,1473,679,2275,23636,16503,2469,818,4672,0,0,13,11
2021-02-22T23:59:59+01:00,0,2,397,476,1140,1706,1285,2368,1669,3437,1777,2890,1072,937,2139,3031,1521,3594,213,220,665,978,725,1371,992,2121,1053,1799,652,660,880,1397,643,2219,23064,16315,2465,264,3899,0,0,13,11
2021-02-21T23:59:59+01:00,0,2,378,460,1039,1674,1133,2344,1514,3414,1675,2872,1064,935,2138,3030,1521,3594,186,214,634,970,714,1363,978,2116,1048,1797,649,657,877,1393,635,2212,23035,16184,2465,250,3274,0,0,13,11
2021-02-20T23:59:59+01:00,0,2,378,458,1038,1674,1132,2344,1512,3412,1675,2870,1064,934,2137,3030,1520,3593,185,212,631,970,711,1362,972,2113,1046,1797,649,657,877,1393,635,2212,23028,16163,2464,250,3268,0,0,13,11
2021-02-19T23:59:59+01:00,0,2,373,449,1026,1670,1122,2334,1499,3394,1643,2855,1014,906,1766,2524,1223,3211,164,202,605,966,693,1354,955,2111,1040,1795,646,656,875,1393,634,2211,21290,16041,2464,250,3244,0,0,13,11
2021-02-18T23:59:59+01:00,0,2,353,429,986,1588,1084,2247,1446,3276,1602,2765,984,883,1593,2281,1094,3007,144,191,566,955,673,1342,921,2095,1016,1775,635,637,854,1365,620,2190,20310,15720,2464,250,2833,0,0,13,11
2021-02-17T23:59:59+01:00,0,2,330,376,902,1446,977,2047,1312,3022,1490,2545,947,853,1404,2069,993,2830,138,184,554,924,647,1291,888,2017,966,1699,601,605,847,1339,615,2171,19237,15227,2464,250,1831,0,0,13,11
2021-02-16T23:59:59+01:00,0,2,324,338,858,1308,925,1858,1251,2797,1424,2384,936,836,1341,1973,926,2734,132,171,540,881,632,1237,862,1954,936,1657,591,595,825,1308,602,2111,18867,14911,2463,114,872,0,0,13,11
2021-02-15T23:59:59+01:00,0,2,308,298,830,1277,908,1802,1211,2713,1386,2328,908,804,1164,1741,797,2558,123,163,519,853,614,1175,838,1881,913,1580,570,558,807,1271,593,2069,17956,14444,2462,74,604,0,0,13,11
2021-02-14T23:59:59+01:00,0,2,308,298,829,1277,907,1802,1209,2713,1386,2328,908,804,1164,1741,797,2558,123,163,518,846,610,1170,832,1875,909,1577,569,558,805,1270,592,2066,17955,14400,2462,74,601,0,0,13,11
2021-02-13T23:59:59+01:00,0,2,308,298,829,1277,907,1799,1209,2711,1386,2326,908,804,1164,1741,797,2558,123,163,518,846,610,1170,830,1872,907,1573,567,558,790,1250,580,2050,17948,14398,2462,0,601,0,0,13,11
2021-02-12T23:59:59+01:00,0,2,304,297,819,1272,903,1770,1203,2683,1358,2297,906,802,1163,1738,797,2558,123,163,516,843,609,1163,824,1860,901,1560,564,556,776,1239,574,2037,17940,14299,2462,0,457,0,0,13,11
2021-02-11T23:59:59+01:00,0,2,285,288,804,1237,897,1736,1187,2616,1336,2242,871,789,1153,1726,796,2548,121,149,498,802,587,1098,790,1760,878,1500,551,542,752,1204,560,2006,17827,13789,2461,0,212,0,0,13,11
2021-02-10T23:59:59+01:00,0,2,282,282,785,1199,884,1706,1175,2570,1321,2200,866,787,1138,1710,791,2532,117,140,433,720,546,1006,714,1641,826,1420,537,526,738,1184,550,1978,17803,13078,2356,0,58,0,0,13,0
2021-02-09T23:59:59+01:00,0,2,282,279,781,1185,873,1690,1161,2551,1307,2176,851,782,1124,1693,780,2516,100,121,378,633,494,877,636,1444,737,1233,485,448,617,1023,482,1738,17707,11448,2310,0,3,0,0,13,0
2021-02-08T23:59:59+01:00,0,2,282,278,779,1180,873,1683,1159,2547,1301,2167,845,779,1108,1671,763,2495,90,99,334,543,442,778,547,1237,632,1069,410,375,535,836,389,1432,17591,9750,2307,0,1,0,0,13,0
2021-02-07T23:59:59+01:00,0,2,281,277,777,1179,872,1683,1159,2546,1301,2164,839,777,1106,1668,762,2493,88,98,332,538,440,774,545,1228,628,1064,405,370,514,813,383,1418,17566,9640,2307,0,0,0,0,13,0
2021-02-06T23:59:59+01:00,0,2,281,276,777,1178,872,1682,1159,2546,1301,2163,838,776,1104,1662,761,2491,88,97,332,535,439,773,544,1224,626,1063,401,365,466,744,355,1373,17550,9427,2306,0,0,0,0,13,0
2021-02-05T23:59:59+01:00,0,2,281,276,777,1177,871,1681,1158,2545,1300,2160,831,770,1081,1652,754,2475,82,95,324,529,423,755,518,1191,597,1022,378,338,446,721,341,1333,17472,9094,2306,0,0,0,0,13,0
2021-02-04T23:59:59+01:00,0,2,278,269,774,1156,859,1659,1145,2517,1286,2136,809,757,1053,1622,747,2459,68,77,254,408,329,590,402,963,484,820,305,274,335,577,277,1114,17232,7277,2283,0,0,0,0,13,0
2021-02-03T23:59:59+01:00,0,2,277,264,770,1135,857,1633,1138,2467,1273,2106,790,743,1036,1599,738,2445,54,54,168,279,255,440,282,714,360,581,209,194,237,424,194,837,17136,5282,2124,0,0,0,0,13,0
2021-02-02T23:59:59+01:00,0,2,276,259,766,1127,852,1611,1129,2443,1261,2089,786,736,1027,1588,736,2437,35,34,91,138,147,251,171,446,232,364,135,124,160,255,136,539,16988,3258,2124,0,0,0,0,13,0
2021-02-01T23:59:59+01:00,0,2,274,256,761,1108,844,1590,1124,2413,1257,2056,778,723,1020,1578,732,2424,11,12,14,26,25,62,44,88,69,100,49,45,57,73,39,178,16804,892,2124,0,0,0,0,12,0
2021-01-31T23:59:59+01:00,0,2,268,254,745,1106,836,1579,1114,2402,1246,2047,772,717,1010,1561,725,2411,10,12,13,25,23,59,38,83,62,92,46,45,53,66,36,165,16769,828,2014,0,0,0,0,12,0
2021-01-30T23:59:59+01:00,0,2,268,254,745,1106,835,1579,1114,2402,1246,2047,771,717,1010,1560,725,2410,10,10,13,25,23,59,38,83,61,90,45,44,52,66,36,164,16766,819,2013,0,0,0,0,12,0
2021-01-29T23:59:59+01:00,0,2,268,254,745,1105,835,1579,1114,2402,1246,2046,770,716,1009,1558,725,2408,9,5,12,24,23,58,36,81,60,90,44,43,52,66,36,164,16759,803,2011,0,0,0,0,12,0
2021-01-28T23:59:59+01:00,0,2,264,249,733,1080,800,1524,1077,2342,1170,1989,729,702,980,1538,709,2386,4,0,3,6,9,23,18,36,20,45,21,22,23,44,15,97,16580,386,1682,0,0,0,0,12,0
2021-01-27T23:59:59+01:00,0,2,258,242,710,1048,752,1468,1020,2261,1097,1908,694,675,966,1517,706,2379,3,0,3,4,6,19,14,22,13,32,6,9,10,9,4,27,16131,181,1560,0,0,0,0,12,0
2021-01-26T23:59:59+01:00,0,2,234,233,693,1024,744,1418,1000,2187,1070,1843,682,661,943,1501,696,2360,3,0,1,4,5,9,12,12,6,11,3,5,6,7,1,16,16080,101,1199,0,0,0,0,12,0
2021-01-25T23:59:59+01:00,0,2,202,218,641,950,692,1295,958,2041,1012,1708,634,606,866,1406,653,2287,3,0,1,4,5,9,12,12,6,11,3,5,6,7,1,16,15854,101,305,0,0,0,0,12,0
2021-01-24T23:59:59+01:00,0,2,185,212,615,938,673,1281,940,2025,997,1698,627,600,856,1386,644,2274,3,0,1,4,5,9,11,12,5,11,3,5,6,7,1,16,15681,99,260,0,0,0,0,12,0
2021-01-23T23:59:59+01:00,0,2,185,212,615,938,673,1281,940,2025,997,1698,627,600,856,1386,644,2274,3,0,1,4,5,9,9,12,5,11,3,5,6,7,1,16,15681,97,260,0,0,0,0,12,0
2021-01-22T23:59:59+01:00,0,2,138,194,557,928,655,1267,906,2015,986,1687,622,599,855,1386,644,2274,3,0,0,4,5,9,9,12,5,11,3,5,6,7,1,16,15443,96,260,0,0,0,0,12,0
2021-01-21T23:59:59+01:00,0,2,133,186,542,905,634,1226,873,1961,964,1639,611,578,843,1355,637,2255,3,0,0,4,4,9,9,12,5,11,3,5,6,7,1,15,15072,94,260,0,0,0,0,12,0
2021-01-20T23:59:59+01:00,0,2,128,170,495,839,611,1150,810,1851,928,1566,590,561,825,1332,627,2227,3,0,0,4,4,9,9,12,5,11,3,5,6,7,1,15,14442,94,258,0,0,0,0,12,0
2021-01-19T23:59:59+01:00,0,2,115,149,422,752,545,1020,725,1652,823,1401,544,507,723,1172,554,1978,3,0,0,4,4,8,9,12,5,11,3,5,6,7,1,15,12881,93,191,0,0,0,0,12,0
2021-01-18T23:59:59+01:00,0,2,97,117,353,599,454,848,595,1391,697,1195,477,441,639,1015,487,1711,1,0,0,1,0,0,0,0,0,0,0,0,0,1,0,0,11025,3,81,0,0,0,0,12,0
2021-01-17T23:59:59+01:00,0,2,93,115,349,594,453,843,593,1372,689,1186,472,432,612,986,471,1670,1,0,0,1,0,0,0,0,0,0,0,0,0,1,0,0,10839,3,81,0,0,0,0,12,0
2021-01-16T23:59:59+01:00,0,2,93,112,347,586,450,838,582,1359,678,1174,457,418,517,860,410,1573,0,0,0,1,0,0,0,0,0,0,0,0,0,0,0,0,10442,1,2,0,0,0,0,12,0
2021-01-15T23:59:59+01:00,0,2,92,110,342,584,444,833,576,1352,661,1158,441,400,509,848,402,1550,0,0,0,0,0,0,0,0,0,0,0,0,0,0,0,0,10292,0,0,0,0,0,0,12,0
2021-01-14T23:59:59+01:00,0,0,75,88,285,482,366,671,459,1099,541,976,363,320,399,694,332,1320,0,0,0,0,0,0,0,0,0,0,0,0,0,0,0,0,8458,0,0,0,0,0,0,12,0
2021-01-13T23:59:59+01:00,0,0,61,65,201,364,290,499,346,817,415,695,253,224,291,519,250,1014,0,0,0,0,0,0,0,0,0,0,0,0,0,0,0,0,6293,0,0,0,0,0,0,11,0
2021-01-12T23:59:59+01:00,0,0,40,42,121,215,177,309,206,525,276,429,159,142,186,336,171,682,0,0,0,0,0,0,0,0,0,0,0,0,0,0,0,0,4016,0,0,0,0,0,0,0,0
2021-01-11T23:59:59+01:00,0,0,11,14,41,57,41,90,59,119,91,127,65,58,83,103,49,223,0,0,0,0,0,0,0,0,0,0,0,0,0,0,0,0,1231,0,0,0,0,0,0,0,0
2021-01-10T23:59:59+01:00,0,0,11,14,29,47,34,72,50,110,78,117,57,54,77,93,46,209,0,0,0,0,0,0,0,0,0,0,0,0,0,0,0,0,1098,0,0,0,0,0,0,0,0
2021-01-09T23:59:59+01:00,0,0,11,13,26,46,34,72,49,109,76,114,56,53,76,92,45,208,0,0,0,0,0,0,0,0,0,0,0,0,0,0,0,0,1080,0,0,0,0,0,0,0,0
2021-01-08T23:59:59+01:00,0,0,7,6,26,41,32,69,46,107,75,113,53,49,71,87,41,208,0,0,0,0,0,0,0,0,0,0,0,0,0,0,0,0,1031,0,0,0,0,0,0,0,0
2021-01-07T23:59:59+01:00,0,0,5,1,9,20,15,36,28,77,33,77,32,27,47,74,28,162,0,0,0,0,0,0,0,0,0,0,0,0,0,0,0,0,671,0,0,0,0,0,0,0,0
2021-01-06T23:59:59+01:00,0,0,5,0,4,8,10,28,25,43,19,47,26,24,34,51,19,120,0,0,0,0,0,0,0,0,0,0,0,0,0,0,0,0,463,0,0,0,0,0,0,0,0
2021-01-05T23:59:59+01:00,0,0,5,0,4,8,10,28,25,43,19,47,26,24,34,50,19,120,0,0,0,0,0,0,0,0,0,0,0,0,0,0,0,0,462,0,0,0,0,0,0,0,0
2021-01-04T23:59:59+01:00,0,0,4,0,1,3,4,9,13,12,5,11,3,5,6,8,1,17,0,0,0,0,0,0,0,0,0,0,0,0,0,0,0,0,102,0,0,0,0,0,0,0,0
2021-01-03T23:59:59+01:00,0,0,3,0,1,3,4,9,12,12,5,11,3,5,6,8,1,16,0,0,0,0,0,0,0,0,0,0,0,0,0,0,0,0,99,0,0,0,0,0,0,0,0
2021-01-02T23:59:59+01:00,0,0,3,0,1,3,4,9,10,12,5,11,3,5,6,8,1,16,0,0,0,0,0,0,0,0,0,0,0,0,0,0,0,0,97,0,0,0,0,0,0,0,0
2021-01-01T23:59:59+01:00,0,0,3,0,0,3,4,9,10,12,5,11,3,5,6,7,1,16,0,0,0,0,0,0,0,0,0,0,0,0,0,0,0,0,95,0,0,0,0,0,0,0,0
2020-12-31T23:59:59+01:00,0,0,3,0,0,3,4,9,9,12,5,11,3,5,6,7,1,16,0,0,0,0,0,0,0,0,0,0,0,0,0,0,0,0,94,0,0,0,0,0,0,0,0
2020-12-30T23:59:59+01:00,0,0,3,0,0,3,4,9,9,12,5,11,3,5,6,7,1,16,0,0,0,0,0,0,0,0,0,0,0,0,0,0,0,0,94,0,0,0,0,0,0,0,0
2020-12-29T23:59:59+01:00,0,0,3,0,0,3,4,8,9,12,5,11,3,5,6,7,1,16,0,0,0,0,0,0,0,0,0,0,0,0,0,0,0,0,93,0,0,0,0,0,0,0,0
2020-12-28T23:59:59+01:00,0,0,3,0,0,3,4,8,9,12,5,11,3,5,6,7,1,16,0,0,0,0,0,0,0,0,0,0,0,0,0,0,0,0,93,0,0,0,0,0,0,0,0
2020-12-27T23:59:59+01:00,0,0,1,0,0,0,0,0,0,0,0,0,0,0,1,3,0,7,0,0,0,0,0,0,0,0,0,0,0,0,0,0,0,0,12,0,0,0,0,0,0,0,0
