Datum,<15_1_m,<15_1_w,15-24_1_m,15-24_1_w,25-34_1_m,25-34_1_w,35-44_1_m,35-44_1_w,45-54_1_m,45-54_1_w,55-64_1_m,55-64_1_w,65-74_1_m,65-74_1_w,75-84_1_m,75-84_1_w,>84_1_m,>84_1_w,<15_2_m,<15_2_w,15-24_2_m,15-24_2_w,25-34_2_m,25-34_2_w,35-44_2_m,35-44_2_w,45-54_2_m,45-54_2_w,55-64_2_m,55-64_2_w,65-74_2_m,65-74_2_w,75-84_2_m,75-84_2_w,>84_2_m,>84_2_w,bp_1,bp_2,mo_1,mo_2,az_1,az_2,ja,unb_1,unb_2
2021-11-23T23:59:59+01:00,5856,5506,30132,28313,39483,36485,38141,37604,42761,42861,45422,45210,28976,32288,20519,25744,6422,10873,4011,3739,25411,24199,34684,31725,34417,33928,39413,39392,42652,42566,27895,31026,19841,24783,6164,10300,375828,337729,46786,44702,77644,71393,22274,71,48
2021-11-22T23:59:59+01:00,5705,5337,30087,28252,39417,36422,38090,37553,42723,42812,45389,45154,28958,32263,20503,25721,6420,10860,3993,3723,25358,24159,34605,31659,34371,33895,39371,39354,42609,42543,27879,31005,19837,24776,6161,10293,374910,337185,46776,44693,77644,71393,22272,71,48
2021-11-21T23:59:59+01:00,5661,5296,30051,28221,39375,36377,38052,37523,42681,42781,45365,45129,28940,32244,20495,25707,6418,10853,3987,3719,25324,24130,34575,31627,34343,33870,39343,39330,42588,42529,27869,30994,19836,24769,6159,10292,374424,336885,46768,44689,77644,71393,22269,71,48
2021-11-20T23:59:59+01:00,5622,5268,30002,28190,39313,36329,38016,37494,42658,42749,45348,45111,28935,32236,20493,25704,6418,10853,3986,3716,25308,24116,34552,31607,34323,33850,39333,39318,42579,42519,27865,30987,19834,24767,6159,10292,374008,336724,46760,44683,77644,71393,22263,71,48
2021-11-19T23:59:59+01:00,5472,5112,29877,28065,39198,36199,37920,37399,42586,42658,45299,45046,28913,32214,20488,25696,6417,10849,3954,3691,25175,24028,34438,31527,34247,33792,39257,39272,42532,42487,27845,30970,19830,24761,6157,10292,372741,335934,46722,44643,77644,71393,22237,71,48
2021-11-18T23:59:59+01:00,5323,4952,29712,27888,39027,35977,37761,37233,42459,42537,45222,44966,28866,32162,20474,25675,6412,10835,3903,3641,25022,23904,34297,31410,34128,33687,39185,39173,42459,42422,27818,30941,19811,24745,6153,10288,370900,334753,46676,44596,77644,71393,22197,71,48
2021-11-17T23:59:59+01:00,5264,4889,29616,27825,38934,35863,37689,37150,42383,42475,45159,44897,28848,32131,20465,25657,6406,10822,3883,3623,24996,23851,34239,31355,34083,33639,39144,39140,42402,42374,27806,30917,19805,24734,6153,10284,369910,334208,46663,44587,77644,71393,22192,71,48
2021-11-16T23:59:59+01:00,5176,4819,29436,27671,38764,35677,37548,37009,42258,42364,45066,44808,28816,32091,20448,25636,6402,10810,3864,3606,24890,23775,34125,31257,34001,33563,39079,39079,42353,42326,27778,30889,19789,24707,6139,10271,368325,333345,46626,44564,77643,71393,22141,71,48
2021-11-15T23:59:59+01:00,5123,4778,29313,27575,38631,35573,37468,36914,42194,42290,45008,44758,28792,32071,20436,25621,6400,10801,3856,3600,24839,23754,34076,31212,33963,33535,39047,39056,42327,42308,27768,30878,19779,24690,6136,10266,367306,332974,46602,44544,77643,71393,22131,71,48
2021-11-14T23:59:59+01:00,5090,4746,29241,27509,38535,35475,37415,36861,42145,42232,44969,44724,28783,32055,20427,25605,6398,10795,3848,3590,24810,23737,34043,31173,33936,33512,39029,39032,42308,42290,27757,30871,19773,24681,6135,10266,366580,332692,46595,44535,77643,71393,22123,71,48
2021-11-13T23:59:59+01:00,5030,4704,29096,27406,38416,35337,37302,36784,42072,42159,44927,44686,28771,32041,20423,25603,6396,10793,3842,3585,24774,23717,34022,31153,33915,33490,39009,39014,42300,42283,27753,30869,19772,24681,6135,10265,365557,332497,46574,44533,77643,71393,22108,71,48
2021-11-12T23:59:59+01:00,4926,4614,28741,27100,38150,35086,37119,36572,41924,42006,44810,44594,28741,32019,20417,25589,6395,10793,3824,3555,24670,23635,33916,31061,33823,33414,38940,38965,42252,42251,27736,30852,19766,24676,6134,10265,363358,331752,46492,44503,77643,71393,22039,71,48
2021-11-11T23:59:59+01:00,4807,4481,28449,26830,37863,34786,36894,36350,41746,41835,44677,44481,28700,31964,20403,25569,6389,10782,3789,3511,24562,23540,33823,30943,33711,33331,38863,38886,42186,42195,27716,30829,19756,24660,6132,10263,360894,330823,46427,44455,77643,71393,21977,71,48
2021-11-10T23:59:59+01:00,4750,4420,28303,26725,37738,34642,36787,36245,41679,41757,44608,44408,28687,31944,20394,25556,6384,10771,3775,3492,24519,23499,33769,30890,33665,33295,38831,38855,42161,42165,27698,30819,19746,24650,6129,10252,359744,330377,46396,44443,77643,71392,21950,71,48
2021-11-09T23:59:59+01:00,4684,4361,28061,26520,37515,34434,36639,36111,41552,41636,44529,44336,28666,31914,20379,25535,6381,10764,3758,3471,24454,23442,33691,30815,33617,33251,38792,38813,42123,42135,27688,30794,19734,24637,6126,10244,358062,329828,46338,44407,77642,71392,21910,71,48
2021-11-08T23:59:59+01:00,4626,4312,27840,26338,37263,34233,36460,35975,41429,41524,44432,44255,28633,31879,20368,25521,6378,10761,3743,3452,24389,23391,33635,30759,33583,33206,38756,38767,42089,42096,27672,30779,19720,24625,6125,10237,356342,329307,46293,44392,77642,71392,21885,71,48
2021-11-07T23:59:59+01:00,4589,4278,27641,26185,37051,34047,36320,35831,41309,41424,44347,44196,28616,31862,20359,25512,6376,10753,3736,3444,24351,23363,33580,30720,33555,33180,38728,38741,42067,42072,27667,30767,19714,24618,6123,10234,354906,329018,46258,44377,77642,71392,21825,71,48
2021-11-06T23:59:59+01:00,4569,4262,27592,26147,36988,34007,36291,35813,41272,41408,44322,44173,28612,31860,20353,25510,6376,10751,3735,3441,24345,23359,33573,30716,33552,33176,38723,38739,42064,42071,27664,30767,19712,24616,6122,10233,354544,328982,46246,44377,77642,71392,21809,71,48
2021-11-05T23:59:59+01:00,4474,4164,27341,25953,36756,33773,36084,35654,41143,41271,44241,44103,28597,31843,20350,25498,6374,10750,3718,3420,24278,23322,33521,30667,33500,33140,38683,38701,42037,42050,27653,30761,19708,24609,6120,10231,352818,328609,46102,44329,77642,71392,21741,71,48
2021-11-04T23:59:59+01:00,4398,4113,27115,25786,36531,33562,35901,35530,41021,41155,44155,44039,28576,31828,20341,25487,6372,10747,3686,3371,24184,23208,33416,30551,33419,33060,38617,38635,41973,41993,27633,30735,19698,24596,6115,10222,351253,327728,46044,44292,77642,71392,21652,71,48
2021-11-03T23:59:59+01:00,4379,4082,27053,25730,36445,33482,35829,35493,40963,41110,44118,44010,28569,31818,20335,25481,6371,10747,3660,3341,24150,23167,33383,30508,33383,33036,38597,38608,41948,41972,27618,30717,19691,24587,6110,10217,350638,327326,46025,44284,77642,71391,21644,71,48
2021-11-02T23:59:59+01:00,4345,4041,26834,25590,36212,33311,35666,35381,40829,41011,44036,43943,28544,31801,20324,25472,6370,10743,3631,3314,24048,23088,33271,30432,33316,32986,38536,38553,41903,41939,27598,30696,19675,24576,6108,10210,349248,326661,45974,44257,77642,71391,21523,71,48
2021-11-01T23:59:59+01:00,4303,4004,26745,25527,36094,33235,35588,35335,40757,40960,43997,43924,28537,31792,20319,25470,6369,10742,3613,3277,24001,23038,33216,30397,33281,32956,38497,38528,41877,41913,27588,30689,19669,24567,6107,10208,348550,326253,45948,44240,77642,71389,21492,71,48
2021-10-31T23:59:59+01:00,4303,4004,26741,25527,36092,33235,35588,35335,40756,40960,43996,43923,28536,31792,20319,25470,6369,10742,3613,3277,24001,23038,33216,30397,33281,32956,38496,38528,41876,41913,27588,30689,19669,24567,6107,10208,348542,326252,45947,44240,77642,71389,21491,71,48
2021-10-30T23:59:59+02:00,4300,4002,26730,25522,36078,33227,35582,35331,40747,40956,43988,43923,28535,31792,20319,25469,6369,10741,3613,3277,23997,23035,33213,30397,33281,32953,38495,38527,41875,41913,27588,30689,19669,24567,6107,10208,348465,326236,45947,44240,77642,71389,21491,71,48
2021-10-29T23:59:59+02:00,4276,3983,26588,25427,35893,33108,35469,35260,40647,40888,43942,43899,28532,31782,20318,25467,6369,10741,3601,3269,23943,22998,33160,30342,33233,32918,38454,38489,41849,41894,27583,30681,19664,24560,6106,10208,347540,325847,45892,44220,77642,71388,21449,71,48
2021-10-28T23:59:59+02:00,4244,3941,26417,25298,35694,32974,35322,35159,40549,40811,43878,43858,28521,31770,20309,25460,6368,10739,3572,3233,23855,22910,33073,30248,33170,32867,38399,38440,41801,41865,27572,30666,19656,24550,6102,10200,346445,325221,45817,44180,77642,71388,21342,71,48
2021-10-27T23:59:59+02:00,4219,3916,26376,25265,35650,32929,35280,35108,40512,40781,43854,43840,28518,31763,20307,25454,6364,10737,3557,3214,23808,22870,33026,30209,33145,32840,38388,38416,41787,41845,27563,30650,19648,24543,6101,10198,346018,324859,45807,44174,77642,71387,21340,71,48
2021-10-26T23:59:59+02:00,4176,3887,26235,25150,35504,32823,35184,35029,40442,40732,43813,43818,28507,31752,20302,25448,6361,10735,3529,3201,23742,22787,32948,30139,33099,32790,38332,38377,41747,41822,27555,30640,19643,24534,6100,10196,345151,324345,45777,44142,77642,71384,21262,71,48
2021-10-25T23:59:59+02:00,4167,3879,26221,25132,35471,32800,35157,35015,40428,40725,43809,43814,28506,31751,20301,25448,6361,10735,3524,3194,23738,22781,32929,30120,33096,32784,38325,38373,41746,41819,27553,30639,19643,24531,6100,10196,344998,324280,45768,44134,77642,71383,21246,71,48
2021-10-24T23:59:59+02:00,4156,3874,26196,25102,35438,32771,35127,34991,40414,40707,43797,43805,28505,31747,20300,25446,6361,10735,3514,3185,23724,22764,32917,30111,33084,32776,38316,38364,41738,41811,27547,30636,19643,24526,6100,10195,344759,324140,45760,44134,77641,71383,21246,71,48
2021-10-23T23:59:59+02:00,4156,3874,26194,25098,35433,32770,35123,34988,40411,40705,43795,43805,28505,31747,20300,25446,6361,10735,3514,3185,23724,22763,32916,30111,33082,32776,38315,38363,41738,41811,27547,30636,19643,24526,6100,10195,344733,324134,45760,44134,77641,71383,21246,71,48
2021-10-22T23:59:59+02:00,4135,3843,26098,25026,35323,32673,35029,34926,40335,40663,43754,43778,28498,31742,20297,25439,6361,10734,3476,3156,23665,22700,32852,30055,33030,32738,38278,38332,41704,41786,27541,30629,19639,24523,6099,10194,344015,323649,45726,44111,77641,71383,21206,71,48
2021-10-21T23:59:59+02:00,4069,3796,25992,24933,35197,32558,34929,34855,40264,40607,43693,43742,28486,31728,20290,25433,6361,10732,3289,3004,23521,22546,32757,29964,32959,32670,38219,38278,41653,41746,27523,30610,19623,24506,6094,10185,343110,322488,45700,44079,77640,71383,21149,71,48
2021-10-20T23:59:59+02:00,4060,3779,25960,24903,35146,32511,34891,34822,40242,40584,43673,43728,28481,31723,20286,25428,6356,10728,3255,2976,23481,22506,32715,29931,32931,32641,38192,38248,41631,41724,27508,30598,19613,24495,6091,10181,342766,322084,45692,44065,77640,71383,21137,71,48
2021-10-19T23:59:59+02:00,4041,3752,25890,24858,35091,32464,34852,34783,40208,40557,43652,43714,28476,31717,20278,25418,6351,10725,3151,2862,23362,22396,32636,29863,32891,32598,38165,38204,41600,41700,27493,30581,19604,24488,6084,10176,342345,321292,45668,44024,77640,71382,21108,71,48
2021-10-18T23:59:59+02:00,4032,3734,25850,24831,35060,32426,34833,34769,40190,40543,43642,43700,28469,31710,20268,25411,6350,10725,3122,2844,23314,22358,32604,29819,32867,32562,38139,38184,41580,41677,27486,30574,19597,24479,6081,10172,342082,320928,45660,44006,77640,71382,21095,71,48
2021-10-17T23:59:59+02:00,4025,3722,25834,24825,35047,32414,34824,34764,40186,40539,43637,43692,28468,31706,20268,25406,6349,10723,3033,2764,23274,22331,32593,29805,32861,32552,38135,38177,41579,41668,27485,30571,19596,24477,6079,10172,341969,320622,45660,44006,77640,71382,21094,71,48
2021-10-16T23:59:59+02:00,4025,3722,25834,24825,35047,32414,34824,34764,40185,40538,43637,43692,28467,31705,20268,25405,6349,10722,3032,2762,23273,22331,32593,29805,32861,32551,38133,38176,41578,41667,27484,30571,19596,24476,6078,10170,341964,320608,45660,44006,77640,71382,21093,71,48
2021-10-15T23:59:59+02:00,4015,3713,25796,24794,35015,32388,34801,34741,40166,40526,43626,43685,28463,31702,20265,25402,6347,10718,3001,2737,23212,22259,32536,29755,32829,32503,38104,38149,41558,41650,27476,30564,19593,24472,6078,10166,341730,320149,45644,43979,77639,71382,21084,71,48
2021-10-14T23:59:59+02:00,3995,3683,25724,24734,34947,32322,34755,34705,40132,40493,43595,43670,28455,31693,20259,25398,6344,10713,2957,2680,23129,22173,32473,29659,32777,32446,38046,38106,41519,41613,27458,30549,19585,24463,6075,10165,341246,319464,45621,43934,77639,71382,21045,71,48
2021-10-13T23:59:59+02:00,3980,3660,25693,24713,34920,32291,34735,34690,40118,40471,43577,43650,28447,31687,20255,25389,6338,10706,2936,2659,23096,22133,32446,29619,32766,32411,38026,38086,41503,41601,27451,30535,19578,24456,6075,10160,340959,319141,45616,43926,77639,71382,21040,71,48
2021-10-12T23:59:59+02:00,3963,3639,25642,24661,34860,32227,34701,34660,40089,40444,43557,43637,28434,31672,20251,25380,6332,10700,2908,2625,23008,22035,32347,29529,32722,32363,37969,38048,41478,41564,27426,30522,19571,24446,6072,10150,340529,318449,45598,43889,77639,71380,21017,71,48
2021-10-11T23:59:59+02:00,3955,3627,25614,24635,34845,32204,34671,34641,40078,40431,43546,43624,28424,31663,20244,25375,6328,10695,2887,2614,22977,22002,32304,29494,32697,32333,37952,38031,41457,41547,27420,30516,19565,24439,6070,10146,340305,318135,45583,43881,77639,71380,21007,71,48
2021-10-10T23:59:59+02:00,3952,3625,25609,24628,34836,32193,34664,34627,40069,40426,43537,43616,28423,31658,20239,25371,6328,10691,2879,2608,22967,21986,32292,29477,32692,32326,37941,38020,41451,41542,27414,30512,19564,24438,6070,10146,340199,318012,45581,43878,77639,71380,21007,71,48
2021-10-09T23:59:59+02:00,3951,3622,25608,24626,34835,32189,34661,34626,40066,40422,43535,43616,28421,31657,20238,25368,6327,10691,2879,2607,22967,21986,32292,29477,32690,32325,37940,38020,41450,41541,27414,30512,19563,24438,6070,10145,340166,318003,45581,43878,77639,71380,21007,71,48
2021-10-08T23:59:59+02:00,3916,3598,25535,24567,34771,32135,34629,34595,40032,40394,43501,43590,28411,31647,20227,25353,6319,10687,2852,2571,22869,21919,32241,29420,32653,32277,37912,37976,41424,41516,27402,30494,19557,24430,6066,10144,339651,317445,45563,43863,77639,71379,20988,71,48
2021-10-07T23:59:59+02:00,3892,3554,25458,24486,34701,32062,34582,34555,39992,40352,43468,43563,28403,31637,20212,25342,6312,10677,2794,2509,22742,21776,32169,29332,32602,32198,37865,37928,41381,41475,27382,30476,19541,24416,6059,10132,339060,316568,45536,43836,77639,71378,20947,71,48
2021-10-06T23:59:59+02:00,3878,3534,25422,24442,34661,32023,34556,34525,39973,40334,43449,43545,28396,31628,20200,25324,6308,10665,2779,2492,22709,21734,32138,29295,32580,32168,37849,37903,41362,41460,27372,30466,19531,24405,6057,10128,338684,316228,45533,43833,77639,71378,20941,71,48
2021-10-05T23:59:59+02:00,3856,3515,25365,24379,34591,31949,34517,34486,39954,40298,43411,43522,28386,31616,20183,25309,6303,10640,2742,2450,22630,21614,32046,29204,32525,32104,37807,37863,41332,41431,27356,30456,19521,24395,6047,10118,338181,315525,45511,43807,77637,71376,20885,71,48
2021-10-04T23:59:59+02:00,3833,3493,25317,24334,34545,31913,34482,34453,39927,40277,43390,43500,28378,31607,20175,25292,6294,10626,2727,2440,22585,21567,32017,29155,32496,32080,37787,37845,41306,41415,27345,30440,19512,24386,6043,10108,337766,315173,45500,43793,77637,71373,20867,71,48
2021-10-03T23:59:59+02:00,3824,3490,25302,24327,34535,31906,34474,34446,39921,40267,43384,43496,28373,31605,20172,25283,6293,10619,2722,2434,22571,21556,32009,29145,32482,32071,37780,37839,41298,41411,27343,30435,19508,24380,6038,10102,337651,315048,45499,43791,77637,71373,20864,71,48
2021-10-02T23:59:59+02:00,3824,3490,25302,24327,34534,31906,34474,34446,39920,40267,43384,43496,28373,31605,20172,25283,6293,10619,2721,2434,22571,21556,32009,29145,32482,32071,37780,37839,41298,41411,27343,30435,19508,24380,6038,10102,337649,315047,45499,43791,77637,71373,20864,71,48
2021-10-01T23:59:59+02:00,3805,3472,25253,24261,34467,31837,34412,34405,39885,40242,43354,43478,28369,31598,20170,25281,6291,10616,2678,2392,22471,21467,31957,29074,32432,32029,37742,37791,41273,41394,27336,30430,19504,24375,6037,10100,337209,314485,45472,43764,77635,71371,20814,71,48
2021-09-30T23:59:59+02:00,3772,3430,25150,24139,34352,31749,34328,34340,39809,40180,43296,43426,28352,31577,20159,25272,6288,10606,2616,2339,22349,21349,31875,28970,32371,31958,37692,37743,41233,41368,27307,30418,19501,24362,6035,10095,336364,313688,45430,43739,77630,71371,20735,71,48
2021-09-29T23:59:59+02:00,3754,3410,25122,24092,34321,31721,34302,34314,39790,40159,43275,43408,28343,31569,20154,25266,6282,10599,2609,2325,22321,21318,31852,28950,32351,31934,37675,37725,41217,41356,27302,30407,19496,24353,6034,10091,336037,313440,45426,43735,77630,71371,20722,71,48
2021-09-28T23:59:59+02:00,3726,3378,25035,24020,34239,31652,34252,34264,39741,40119,43239,43377,28327,31550,20146,25254,6278,10590,2588,2299,22227,21244,31786,28877,32304,31887,37641,37682,41192,41330,27281,30392,19494,24344,6031,10089,335469,312935,45392,43705,77630,71370,20630,71,48
2021-09-27T23:59:59+02:00,3703,3355,24992,23992,34202,31612,34229,34234,39720,40085,43218,43356,28319,31540,20139,25249,6274,10584,2569,2284,22191,21212,31754,28837,32277,31866,37619,37664,41172,41317,27272,30387,19491,24340,6030,10085,335132,312666,45382,43689,77629,71370,20594,71,48
2021-09-26T23:59:59+02:00,3550,3251,24934,23957,34192,31604,34222,34231,39714,40079,43212,43350,28318,31538,20137,25248,6273,10583,2558,2277,22175,21193,31749,28830,32273,31862,37611,37657,41166,41311,27269,30383,19488,24338,6029,10084,334727,312559,45382,43688,77629,71369,20589,71,48
2021-09-25T23:59:59+02:00,3549,3251,24933,23957,34192,31604,34222,34231,39712,40078,43211,43350,28318,31537,20137,25248,6273,10583,2558,2276,22173,21190,31749,28830,32271,31861,37608,37655,41166,41311,27269,30382,19488,24338,6029,10084,334721,312544,45382,43688,77628,71369,20589,71,48
2021-09-24T23:59:59+02:00,3525,3219,24851,23881,34079,31525,34154,34168,39655,40031,43177,43324,28304,31526,20134,25242,6272,10581,2522,2245,22087,21100,31655,28766,32226,31824,37552,37616,41146,41289,27257,30371,19485,24335,6028,10084,334194,312087,45349,43674,77627,71368,20412,71,47
2021-09-23T23:59:59+02:00,3354,3067,24713,23733,33989,31434,34077,34108,39597,39978,43119,43280,28286,31512,20126,25230,6269,10579,2471,2200,21973,20996,31586,28689,32174,31768,37516,37582,41111,41255,27243,30351,19478,24319,6027,10081,333150,311464,45321,43656,77627,71366,20287,71,47
2021-09-22T23:59:59+02:00,3331,3042,24677,23678,33957,31401,34054,34069,39568,39962,43096,43255,28276,31503,20122,25219,6269,10574,2456,2188,21943,20965,31549,28651,32156,31739,37493,37567,41088,41244,27233,30345,19475,24315,6027,10080,332799,311199,45312,43652,77625,71365,20251,71,47
2021-09-21T23:59:59+02:00,3203,2909,24479,23519,33810,31301,33989,33984,39499,39914,43075,43213,28257,31483,20113,25213,6261,10567,2392,2157,21805,20827,31436,28546,32079,31662,37438,37519,41056,41210,27222,30333,19467,24300,6024,10074,331735,310422,45273,43624,77625,71364,20090,71,47
2021-09-20T23:59:59+02:00,3179,2887,24433,23473,33762,31260,33959,33951,39468,39883,43051,43188,28252,31473,20109,25207,6261,10563,2384,2145,21767,20785,31390,28498,32056,31626,37408,37500,41043,41201,27211,30326,19459,24294,6022,10067,331368,310114,45258,43617,77625,71362,20042,71,47
2021-09-19T23:59:59+02:00,3175,2885,24423,23467,33753,31252,33951,33944,39463,39868,43042,43187,28251,31472,20109,25205,6261,10563,2380,2141,21760,20778,31385,28490,32052,31625,37401,37492,41035,41200,27211,30326,19458,24293,6022,10067,331291,310059,45258,43616,77624,71362,20032,71,47
2021-09-18T23:59:59+02:00,3175,2885,24423,23467,33753,31252,33951,33944,39463,39868,43042,43187,28251,31472,20109,25205,6261,10563,2380,2141,21760,20778,31385,28487,32050,31625,37401,37492,41035,41200,27211,30326,19458,24292,6022,10067,331291,310053,45258,43616,77624,71362,20032,71,47
2021-09-17T23:59:59+02:00,3148,2847,24318,23352,33647,31151,33875,33876,39393,39814,43007,43160,28237,31464,20107,25198,6259,10561,2333,2098,21680,20700,31312,28424,31987,31578,37361,37458,41015,41186,27203,30311,19456,24285,6022,10066,330638,309600,45217,43596,77623,71362,19870,70,47
2021-09-16T23:59:59+02:00,3097,2799,24205,23217,33549,31042,33806,33770,39346,39753,42953,43111,28211,31443,20091,25187,6256,10553,2293,2056,21575,20602,31229,28349,31920,31512,37338,37402,40981,41147,27192,30291,19449,24277,6020,10065,329805,308993,45179,43586,77623,71356,19716,70,47
2021-09-15T23:59:59+02:00,3074,2786,24164,23170,33518,30998,33791,33739,39316,39724,42935,43093,28201,31432,20085,25182,6255,10551,2280,2041,21538,20560,31197,28303,31894,31489,37306,37368,40957,41120,27178,30282,19442,24269,6020,10061,329474,308633,45166,43585,77622,71354,19686,70,47
2021-09-14T23:59:59+02:00,3034,2754,24056,23027,33375,30859,33706,33654,39259,39672,42884,43043,28183,31416,20076,25174,6251,10546,2261,2016,21453,20478,31107,28214,31829,31427,37257,37326,40913,41093,27168,30262,19433,24261,6018,10058,328661,308108,45130,43578,77621,71350,19491,70,47
2021-09-13T23:59:59+02:00,3016,2734,24005,22974,33328,30801,33673,33604,39235,39641,42853,43019,28177,31402,20071,25172,6249,10542,2246,2000,21401,20430,31062,28163,31799,31395,37235,37306,40899,41071,27162,30256,19429,24257,6017,10057,328277,307808,45114,43565,77621,71347,19418,70,47
2021-09-12T23:59:59+02:00,3012,2727,24001,22966,33322,30796,33664,33598,39230,39638,42850,43017,28175,31400,20070,25171,6249,10541,2243,1997,21385,20421,31052,28145,31780,31387,37229,37298,40893,41065,27157,30255,19427,24254,6017,10055,328209,307685,45114,43565,77620,71345,19418,70,47
2021-09-11T23:59:59+02:00,3010,2726,23999,22964,33320,30795,33662,33597,39230,39636,42849,43017,28172,31398,20070,25171,6249,10541,2242,1995,21381,20420,31051,28142,31780,31387,37229,37296,40892,41064,27155,30255,19427,24254,6017,10055,328189,307668,45114,43565,77620,71345,19417,70,47
2021-09-10T23:59:59+02:00,2968,2684,23867,22836,33190,30679,33560,33520,39155,39552,42801,42976,28156,31381,20065,25163,6248,10539,2205,1957,21266,20316,30938,28049,31690,31332,37164,37254,40846,41031,27147,30245,19421,24244,6015,10054,327446,307123,45094,43546,77620,71344,19114,70,47
2021-09-09T23:59:59+02:00,2918,2645,23686,22688,33079,30549,33459,33418,39084,39479,42761,42928,28128,31364,20056,25157,6246,10537,2151,1900,21145,20186,30846,27951,31614,31236,37102,37198,40799,40983,27124,30229,19412,24235,6011,10051,326543,306372,45070,43527,77618,71341,18886,69,47
2021-09-08T23:59:59+02:00,2897,2614,23645,22637,33049,30510,33443,33390,39064,39458,42746,42913,28122,31355,20053,25152,6245,10537,2140,1888,21111,20155,30815,27935,31599,31211,37084,37175,40787,40969,27118,30224,19407,24230,6010,10050,326228,306144,45064,43523,77617,71340,18856,69,45
2021-09-07T23:59:59+02:00,2844,2559,23496,22492,32930,30402,33368,33304,39008,39394,42702,42879,28104,31338,20049,25147,6244,10534,2085,1847,20976,20021,30699,27848,31524,31145,37036,37123,40750,40940,27101,30199,19400,24219,6009,10048,325474,305492,45039,43500,77617,71335,18598,69,45
2021-09-06T23:59:59+02:00,2821,2544,23464,22448,32898,30368,33347,33284,38986,39381,42686,42864,28101,31334,20047,25145,6243,10531,2061,1829,20934,19977,30668,27821,31503,31118,37017,37103,40736,40928,27093,30191,19398,24210,6006,10046,325205,305187,45023,43492,77616,71333,18582,69,45
2021-09-05T23:59:59+02:00,2810,2541,23458,22443,32896,30363,33345,33279,38983,39378,42682,42858,28099,31330,20045,25144,6242,10530,2057,1826,20922,19970,30657,27815,31500,31114,37014,37101,40732,40925,27088,30189,19396,24206,6005,10046,325142,305113,45022,43492,77616,71333,18580,69,45
2021-09-04T23:59:59+02:00,2810,2541,23455,22442,32895,30363,33345,33278,38983,39377,42681,42857,28099,31330,20045,25144,6242,10530,2055,1823,20920,19970,30657,27815,31499,31113,37014,37101,40731,40925,27088,30189,19396,24206,6005,10046,325136,305106,45022,43492,77616,71333,18577,69,45
2021-09-03T23:59:59+02:00,2787,2507,23378,22364,32821,30292,33305,33235,38939,39348,42651,42844,28091,31317,20044,25142,6240,10529,2039,1806,20871,19911,30608,27776,31465,31078,36986,37075,40701,40913,27080,30181,19394,24204,6004,10046,324637,304762,44994,43483,77614,71325,18523,69,45
2021-09-02T23:59:59+02:00,2756,2475,23272,22267,32761,30202,33246,33180,38901,39315,42612,42812,28071,31305,20040,25128,6238,10526,2016,1787,20797,19851,30548,27714,31427,31047,36946,37038,40667,40885,27070,30169,19391,24193,6004,10046,324032,304334,44964,43465,77613,71320,18432,69,45
2021-09-01T23:59:59+02:00,2733,2460,23248,22230,32731,30170,33224,33154,38874,39294,42599,42796,28063,31298,20035,25126,6238,10526,1999,1772,20756,19809,30515,27686,31400,31025,36927,37022,40649,40869,27060,30160,19390,24187,6004,10046,323775,304060,44953,43459,77612,71319,18393,69,45
2021-08-31T23:59:59+02:00,2688,2417,23125,22124,32650,30069,33170,33098,38830,39253,42573,42771,28052,31292,20029,25122,6237,10522,1975,1752,20670,19714,30443,27626,31351,30984,36888,36990,40620,40844,27051,30148,19384,24182,6004,10044,323197,303644,44923,43444,77611,71312,18225,69,45
2021-08-30T23:59:59+02:00,2666,2393,23073,22081,32610,30027,33144,33061,38801,39233,42554,42753,28047,31285,20022,25113,6236,10518,1928,1712,20546,19610,30347,27531,31290,30933,36855,36963,40599,40810,27035,30133,19383,24173,6004,10042,322855,302930,44908,43435,77611,71307,18177,69,45
2021-08-29T23:59:59+02:00,2635,2363,22985,22014,32547,29970,33101,33030,38755,39197,42524,42732,28038,31278,20019,25108,6236,10517,1902,1687,20442,19541,30278,27481,31255,30899,36814,36932,40574,40792,27022,30122,19382,24168,6004,10042,322397,302498,44892,43412,77609,71297,18085,69,45
2021-08-28T23:59:59+02:00,2629,2361,22985,22014,32543,29970,33100,33030,38752,39196,42523,42732,28037,31278,20019,25108,6236,10517,1902,1685,20441,19540,30272,27481,31255,30896,36811,36930,40574,40792,27022,30122,19382,24168,6004,10042,322384,302487,44892,43411,77609,71297,18079,69,45
2021-08-27T23:59:59+02:00,2629,2361,22980,22011,32536,29969,33098,33027,38750,39194,42519,42732,28036,31278,20019,25108,6235,10517,1901,1684,20435,19539,30264,27480,31253,30894,36808,36929,40572,40792,27022,30122,19382,24167,6004,10042,322365,302472,44892,43411,77609,71295,18067,69,45
2021-08-26T23:59:59+02:00,2546,2276,22792,21804,32403,29827,32979,32919,38662,39106,42453,42663,28011,31245,20006,25090,6234,10511,1815,1603,20166,19269,30124,27314,31110,30767,36699,36835,40486,40718,26980,30081,19363,24143,5998,10040,321141,300960,44872,43387,77608,71279,17840,69,45
2021-08-25T23:59:59+02:00,2540,2268,22772,21779,32392,29805,32965,32904,38650,39091,42442,42657,28006,31242,19999,25084,6231,10509,1804,1594,20118,19225,30088,27284,31089,30730,36674,36803,40467,40702,26967,30068,19359,24135,5997,10039,320952,300596,44872,43387,77608,71277,17838,69,45
2021-08-24T23:59:59+02:00,2522,2257,22733,21737,32367,29760,32946,32872,38640,39071,42423,42643,28000,31231,19994,25076,6230,10508,1794,1585,20080,19183,30054,27243,31068,30695,36660,36782,40447,40684,26961,30058,19355,24132,5997,10035,320666,300306,44862,43382,77608,71272,17808,69,45
2021-08-23T23:59:59+02:00,2503,2225,22665,21664,32296,29703,32910,32841,38601,39040,42393,42630,27984,31222,19991,25065,6230,10506,1750,1541,19956,19061,29935,27164,31002,30648,36611,36738,40405,40655,26949,30043,19349,24122,5997,10029,320224,299566,44851,43358,77606,71264,17722,69,45
2021-08-22T23:59:59+02:00,2494,2216,22629,21632,32277,29685,32894,32833,38584,39024,42388,42621,27980,31217,19986,25065,6230,10505,1740,1528,19916,19023,29899,27130,30971,30612,36590,36722,40387,40633,26941,30039,19346,24119,5997,10027,320054,299275,44845,43355,77605,71255,17690,69,45
2021-08-21T23:59:59+02:00,2475,2203,22574,21582,32237,29648,32871,32809,38570,39001,42371,42611,27973,31209,19984,25062,6230,10504,1710,1504,19815,18925,29827,27072,30937,30568,36555,36680,40363,40612,26930,30030,19341,24115,5995,10027,319808,298767,44832,43340,77603,71249,17605,69,45
2021-08-20T23:59:59+02:00,2437,2161,22487,21475,32160,29565,32809,32761,38519,38961,42329,42583,27966,31195,19980,25047,6229,10500,1663,1467,19641,18798,29700,26969,30861,30509,36492,36634,40317,40574,26915,30011,19332,24106,5994,10023,319223,297950,44809,43314,77600,71231,17466,69,45
2021-08-19T23:59:59+02:00,2347,2093,22327,21337,32022,29440,32718,32676,38417,38881,42259,42528,27940,31162,19973,25035,6224,10491,1607,1417,19382,18591,29486,26819,30740,30400,36373,36538,40215,40489,26887,29981,19321,24090,5990,10018,318283,296676,44788,43284,77600,71206,17133,69,45
2021-08-18T23:59:59+02:00,2337,2084,22301,21315,31999,29419,32696,32653,38389,38863,42246,42513,27925,31152,19967,25030,6224,10489,1584,1399,19327,18532,29446,26785,30714,30369,36344,36517,40191,40458,26870,29970,19317,24078,5985,10014,318022,296242,44788,43283,77600,71204,17126,69,45
2021-08-17T23:59:59+02:00,2320,2068,22276,21287,31983,29389,32670,32629,38376,38852,42221,42494,27919,31139,19961,25025,6224,10489,1571,1388,19284,18483,29414,26746,30670,30343,36316,36484,40163,40434,26848,29955,19312,24061,5981,10010,317774,295844,44788,43280,77600,71200,17094,69,45
2021-08-16T23:59:59+02:00,2281,2051,22209,21244,31942,29344,32645,32608,38352,38830,42189,42477,27910,31131,19959,25015,6224,10488,1547,1363,19075,18338,29267,26630,30593,30254,36269,36430,40125,40392,26828,29939,19305,24042,5975,10008,317423,294838,44788,43274,77597,71198,17025,69,45
2021-08-15T23:59:59+02:00,2254,2028,22155,21187,31894,29303,32621,32575,38324,38811,42168,42463,27904,31126,19953,25008,6223,10488,1525,1347,18955,18220,29109,26501,30513,30171,36203,36379,40070,40335,26810,29915,19295,24033,5972,10007,317087,293911,44779,43257,77596,71190,16957,69,45
2021-08-14T23:59:59+02:00,2248,2025,22129,21171,31882,29287,32617,32569,38316,38806,42162,42460,27903,31125,19952,25007,6223,10487,1495,1319,18842,18126,29046,26437,30473,30123,36178,36347,40049,40320,26803,29909,19292,24032,5971,10004,316998,293364,44776,43238,77596,71186,16933,69,45
2021-08-13T23:59:59+02:00,2231,2014,22083,21133,31845,29263,32579,32540,38301,38792,42152,42450,27901,31121,19949,25004,6222,10487,1420,1254,18586,17866,28869,26275,30357,30032,36126,36279,40004,40284,26787,29896,19287,24023,5968,10000,316762,291996,44771,43222,77594,71176,16874,69,45
2021-08-12T23:59:59+02:00,2195,1976,21994,21038,31774,29184,32523,32490,38254,38749,42112,42416,27885,31102,19942,24994,6220,10487,1327,1194,18283,17552,28617,26046,30212,29901,36031,36185,39927,40215,26752,29849,19267,24000,5966,9997,316183,290242,44760,43170,77591,71129,16735,69,45
2021-08-11T23:59:59+02:00,2193,1971,21974,21022,31756,29163,32508,32474,38246,38740,42101,42399,27876,31099,19939,24990,6219,10483,1319,1181,18227,17497,28581,26001,30165,29863,36011,36146,39891,40182,26740,29822,19260,23990,5966,9995,316002,289765,44760,43167,77591,71126,16734,69,45
2021-08-10T23:59:59+02:00,2184,1950,21947,20985,31718,29141,32491,32453,38219,38713,42083,42389,27869,31091,19937,24987,6218,10479,1285,1147,17714,17042,28406,25846,30070,29771,35842,36023,39841,40138,26716,29799,19253,23975,5962,9994,315752,288069,44754,43139,77589,70876,16695,67,45
2021-08-09T23:59:59+02:00,2160,1936,21897,20932,31660,29094,32455,32422,38194,38692,42069,42364,27858,31082,19936,24978,6217,10477,1242,1107,17245,16588,28273,25739,30014,29716,35795,35978,39809,40102,26707,29785,19248,23969,5962,9992,315369,286590,44748,43119,77589,70864,16653,67,45
2021-08-08T23:59:59+02:00,2144,1918,21843,20886,31616,29057,32421,32396,38170,38683,42047,42343,27851,31078,19930,24974,6217,10474,1177,1045,16899,16246,28161,25654,29956,29642,35747,35940,39787,40076,26696,29771,19239,23959,5960,9987,315050,285344,44747,43098,77588,70856,16599,67,45
2021-08-07T23:59:59+02:00,2100,1875,21707,20803,31534,28989,32347,32335,38113,38634,42014,42314,27842,31051,19925,24965,6215,10472,1031,919,16388,15793,27855,25363,29728,29455,35570,35782,39646,39964,26640,29707,19220,23930,5957,9983,314420,282688,44714,42977,77582,70766,16455,67,45
2021-08-06T23:59:59+02:00,2090,1865,21656,20764,31491,28956,32314,32316,38087,38614,42002,42298,27838,31042,19921,24965,6215,10472,912,811,15361,14815,26708,24464,29437,29222,35323,35581,39329,39724,26598,29660,19210,23920,5956,9980,314188,277688,44710,42955,77582,69961,16362,67,45
2021-08-05T23:59:59+02:00,2051,1836,21550,20677,31434,28879,32253,32257,38027,38563,41957,42260,27821,31022,19913,24952,6213,10469,813,705,14470,14067,25681,23681,28720,28704,34790,35146,39011,39478,26531,29580,19178,23886,5953,9970,313628,272781,44687,42903,77581,68461,16174,67,45
2021-08-04T23:59:59+02:00,2031,1817,21478,20626,31389,28810,32219,32215,37991,38540,41920,42231,27808,31006,19908,24939,6211,10465,735,659,14097,13723,25274,23377,28508,28477,34647,35021,38911,39384,26492,29535,19155,23863,5948,9965,313176,270330,44680,42873,77581,68420,16103,67,45
2021-08-03T23:59:59+02:00,2022,1801,21451,20599,31370,28797,32206,32205,37981,38526,41904,42218,27799,31000,19903,24932,6210,10463,715,645,14013,13632,25196,23301,28441,28420,34599,34973,38859,39346,26467,29508,19143,23851,5945,9959,312968,269605,44676,42869,77579,68394,16100,67,45
2021-08-02T23:59:59+02:00,2012,1780,21406,20561,31324,28775,32179,32174,37955,38510,41891,42203,27790,30988,19903,24924,6209,10459,684,615,13810,13422,24492,22749,28157,28196,34451,34861,38781,39282,26440,29476,19135,23847,5945,9957,312677,267184,44673,42855,77579,68166,16050,67,45
2021-08-01T23:59:59+02:00,1992,1763,21354,20514,31275,28735,32152,32155,37936,38491,41870,42186,27784,30981,19900,24916,6209,10459,646,587,13641,13262,24190,22491,27917,27978,34361,34752,38713,39210,26424,29457,19129,23841,5945,9955,312373,265478,44667,42843,77578,68143,15990,67,45
2021-07-31T23:59:59+02:00,1967,1733,21272,20437,31205,28696,32097,32115,37901,38462,41847,42165,27781,30972,19895,24912,6209,10459,374,357,12696,12239,23673,22048,27571,27621,34049,34456,38281,38866,26354,29372,19103,23796,5940,9949,311949,260442,44655,42807,77576,67571,15880,67,45
2021-07-30T23:59:59+02:00,1942,1713,21247,20415,31173,28676,32082,32094,37895,38455,41839,42157,27776,30969,19894,24912,6208,10459,366,350,12609,12166,23349,21757,27294,27409,33830,34291,38119,38731,26330,29354,19101,23788,5940,9947,311758,259022,44654,42799,77576,67012,15853,67,45
2021-07-29T23:59:59+02:00,1873,1644,21015,20176,31031,28529,31979,31981,37803,38365,41745,42097,27748,30944,19881,24893,6201,10450,300,290,11980,11630,22220,20917,26253,26569,32844,33597,37736,38440,26247,29253,19072,23741,5934,9938,310540,253398,44625,42709,77568,65252,15557,67,45
2021-07-28T23:59:59+02:00,1853,1629,20974,20124,31011,28499,31963,31960,37781,38346,41722,42076,27737,30932,19875,24883,6201,10448,256,239,11696,11326,21812,20535,25822,26142,32678,33440,37622,38349,26210,29202,19053,23718,5933,9933,310217,250469,44625,42709,77556,65191,15552,66,45
2021-07-27T23:59:59+02:00,1843,1623,20935,20081,30987,28466,31929,31944,37759,38313,41698,42063,27730,30925,19874,24878,6201,10445,217,216,11449,11109,21607,20344,25677,26021,32565,33332,37533,38265,26179,29164,19043,23706,5930,9929,309980,248980,44625,42674,77555,65118,15470,66,44
2021-07-26T23:59:59+02:00,1817,1587,20809,19950,30878,28364,31870,31881,37704,38244,41655,42032,27704,30907,19863,24864,6195,10442,182,188,11154,10786,21101,19901,25427,25812,32403,33182,37401,38177,26143,29130,19030,23683,5929,9921,309212,246686,44594,42560,77548,64912,15348,66,44
2021-07-25T23:59:59+02:00,1810,1579,20785,19938,30868,28354,31858,31866,37697,38237,41645,42023,27700,30904,19862,24862,6195,10441,170,175,11047,10679,20949,19794,25193,25617,32161,32971,37255,38041,26124,29116,19023,23676,5928,9918,309095,245413,44585,42545,77540,64495,15340,66,44
2021-07-24T23:59:59+02:00,1790,1564,20703,19864,30823,28314,31823,31830,37668,38208,41623,42011,27693,30898,19859,24860,6195,10441,164,170,10984,10624,20873,19731,25121,25555,32108,32940,37225,38020,26118,29111,19021,23674,5928,9918,308744,245043,44574,42521,77536,64428,15249,66,44
2021-07-23T23:59:59+02:00,1735,1529,20510,19718,30664,28199,31737,31756,37601,38156,41585,41968,27682,30881,19854,24854,6194,10436,152,159,10724,10417,20515,19429,24314,24908,31622,32608,36655,37562,26074,29069,19005,23656,5927,9916,307912,242163,44565,42474,77519,63033,14998,66,44
2021-07-22T23:59:59+02:00,1671,1472,20201,19445,30421,28020,31607,31643,37473,38050,41487,41885,27655,30857,19844,24830,6190,10435,115,132,10260,10040,19771,18915,23360,24235,30913,32018,35616,36798,25962,28971,18971,23624,5925,9912,306435,238545,44530,41809,77514,60498,14642,66,44
2021-07-21T23:59:59+02:00,1656,1464,20163,19393,30391,27990,31583,31620,37453,38025,41466,41861,27646,30849,19839,24824,6185,10431,97,111,9950,9708,19312,18462,22486,23467,30578,31685,35381,36600,25880,28874,18941,23571,5917,9902,306107,235800,44521,40118,77512,60327,14634,66,43
2021-07-20T23:59:59+02:00,1649,1458,20129,19366,30359,27965,31558,31600,37437,38007,41454,41849,27631,30834,19839,24817,6185,10428,86,100,9682,9427,18979,18194,22213,23183,30400,31528,35216,36456,25834,28826,18925,23535,5916,9898,305847,233397,44519,40110,77511,60225,14623,66,43
2021-07-19T23:59:59+02:00,1638,1450,20015,19280,30275,27894,31498,31543,37418,37988,41439,41830,27626,30823,19833,24810,6184,10425,79,94,9485,9230,18667,17919,21751,22761,30146,31297,35098,36352,25800,28787,18907,23519,5916,9895,305268,231767,44513,39169,77509,60110,14614,66,43
2021-07-18T23:59:59+02:00,1627,1444,19946,19212,30146,27797,31434,31476,37359,37936,41395,41778,27605,30792,19824,24795,6180,10422,73,86,9374,9114,18496,17768,21559,22572,29977,31096,34984,36251,25768,28763,18896,23501,5916,9889,304481,230505,44513,38865,77506,60067,14603,66,43
2021-07-17T23:59:59+02:00,1626,1440,19939,19210,30146,27796,31434,31472,37354,37934,41390,41776,27604,30791,19823,24795,6180,10422,73,82,9353,9099,18465,17746,21541,22559,29967,31089,34966,36247,25765,28761,18896,23500,5916,9889,304449,230354,44513,38862,77506,60056,14599,66,43
2021-07-16T23:59:59+02:00,1573,1395,19666,18970,30026,27700,31352,31403,37299,37872,41349,41744,27586,30773,19816,24785,6178,10416,72,80,9235,8985,18083,17441,21238,22285,29577,30733,34830,36141,25742,28737,18889,23487,5914,9887,303471,229077,44490,38139,77505,59726,14372,66,42
2021-07-15T23:59:59+02:00,1515,1351,19409,18723,29853,27552,31241,31303,37216,37789,41279,41677,27543,30744,19800,24772,6174,10413,63,68,8870,8681,17178,16619,19683,21057,28657,29811,34206,35559,25574,28556,18833,23437,5908,9875,302193,222961,44450,36678,77497,58805,14149,66,42
2021-07-14T23:59:59+02:00,1501,1338,19379,18687,29826,27526,31217,31271,37204,37775,41260,41670,27535,30737,19791,24765,6173,10410,55,63,8580,8383,16628,16016,19187,20537,28091,29309,33815,35185,25461,28427,18793,23370,5903,9864,301911,218786,44449,36318,77495,58376,14145,66,42
2021-07-13T23:59:59+02:00,1490,1327,19341,18662,29809,27501,31193,31255,37189,37748,41236,41642,27526,30723,19789,24760,6172,10404,37,57,8272,8124,16229,15667,18910,20258,27827,29058,33544,34926,25362,28306,18760,23329,5901,9859,301624,216084,44448,36281,77494,57883,14136,66,42
2021-07-12T23:59:59+02:00,1474,1317,19290,18644,29773,27471,31176,31234,37177,37731,41220,41628,27521,30718,19787,24754,6171,10404,36,52,8012,7912,15948,15387,18210,19708,27510,28737,33132,34564,25191,28109,18701,23255,5895,9854,301357,214795,44447,34350,77494,56899,14127,66,42
2021-07-11T23:59:59+02:00,1464,1309,19258,18613,29746,27439,31159,31203,37169,37710,41205,41616,27512,30709,19785,24754,6170,10403,34,51,7967,7866,15883,15317,18120,19654,27426,28674,33016,34501,25136,28064,18681,23233,5895,9851,301103,214218,44444,34339,77492,56650,14120,66,42
2021-07-10T23:59:59+02:00,1335,1193,18754,18192,29294,27135,30875,30970,36923,37549,41001,41466,27439,30649,19759,24722,6167,10400,33,51,7839,7796,15595,15179,17902,19504,27183,28531,32850,34385,25071,28018,18665,23220,5894,9851,298882,213795,44308,34216,77463,56409,13105,66,42
2021-07-09T23:59:59+02:00,1324,1187,18726,18161,29273,27118,30862,30957,36912,37537,40990,41457,27435,30645,19757,24718,6167,10399,30,49,7797,7751,15523,15112,17837,19410,26961,28301,32600,34172,25005,27955,18643,23193,5894,9848,298736,213509,44289,34212,77462,55245,13073,66,42
2021-07-08T23:59:59+02:00,1246,1105,18459,17946,29121,26964,30723,30836,36809,37434,40891,41379,27400,30610,19738,24699,6162,10393,25,45,7631,7616,15225,14864,17406,19050,26269,27697,32325,33904,24837,27797,18584,23130,5891,9840,297456,212371,44232,32790,77454,54225,12708,66,42
2021-07-07T23:59:59+02:00,1147,1013,18148,17623,28919,26779,30592,30711,36697,37312,40784,41293,27365,30561,19724,24683,6159,10390,22,37,7435,7405,14783,14498,16939,18604,25515,27084,31916,33523,24568,27470,18490,23037,5882,9831,295880,209450,44181,31953,77444,53264,12330,66,42
2021-07-06T23:59:59+02:00,1124,996,18070,17555,28873,26729,30542,30664,36661,37277,40749,41262,27348,30535,19713,24669,6157,10387,15,31,7218,7175,14436,14136,16587,18254,24762,26436,31614,33259,24379,27255,18442,22965,5875,9824,295301,207380,44177,30546,77441,52368,12327,66,42
2021-07-05T23:59:59+02:00,1082,968,17994,17492,28829,26669,30502,30629,36636,37232,40721,41236,27342,30521,19707,24663,6157,10382,5,18,6989,6989,14132,13866,16235,17891,24203,25924,31041,32692,24098,26957,18334,22825,5867,9814,294808,205882,44175,28444,77437,51235,12277,66,42
2021-07-04T23:59:59+02:00,1060,952,17922,17442,28791,26646,30478,30600,36627,37223,40706,41224,27336,30510,19702,24660,6157,10381,5,18,6964,6970,14078,13813,16158,17830,24119,25867,30887,32600,24005,26868,18302,22784,5865,9810,294490,205485,44175,28434,77426,50721,12261,66,42
2021-07-03T23:59:59+02:00,646,581,16184,15726,27633,25726,29684,29879,35986,36612,40205,40795,27178,30343,19637,24572,6148,10364,5,18,6575,6730,13570,13514,15761,17527,23759,25591,30579,32406,23906,26772,18270,22744,5861,9806,286972,205185,44136,28357,77344,50428,9382,66,42
2021-07-02T23:59:59+02:00,607,542,16054,15581,27475,25577,29603,29820,35956,36583,40186,40782,27172,30334,19634,24569,6148,10364,5,18,6528,6656,13496,13418,15674,17396,23615,25405,30425,32241,23714,26561,18181,22666,5859,9803,286068,204501,44136,28198,77343,49545,9375,66,42
2021-07-01T23:59:59+02:00,549,494,15874,15426,27261,25421,29525,29740,35901,36531,40121,40736,27151,30316,19623,24556,6146,10360,5,17,6381,6524,13146,13144,15145,16957,22344,24414,29664,31557,23433,26271,18062,22531,5852,9787,284873,200954,44132,26520,77330,48389,9331,66,40
2021-06-30T23:59:59+02:00,519,474,15769,15319,27151,25334,29457,29667,35844,36479,40079,40701,27136,30285,19612,24539,6142,10360,4,15,6186,6343,12714,12756,14575,16408,21718,23814,29069,31026,23015,25804,17931,22348,5845,9775,284048,196687,44129,26495,77323,46822,9302,66,40
2021-06-29T23:59:59+02:00,463,423,15021,14650,26887,25116,29359,29568,35764,36396,40010,40652,27117,30260,19604,24526,6142,10358,4,13,6073,6215,12455,12494,14179,16013,20927,23188,28483,30471,22567,25280,17778,22173,5837,9765,281557,193534,44125,25985,77314,45101,9255,66,40
2021-06-28T23:59:59+02:00,427,392,14397,14014,26728,25011,29286,29502,35704,36329,39967,40617,27099,30240,19596,24515,6142,10354,3,13,6005,6119,12277,12354,13992,15837,20301,22637,28081,30096,22230,24923,17649,22010,5832,9760,279624,191851,44122,25321,77309,43707,9200,66,40
2021-06-27T23:59:59+02:00,350,325,14050,13641,26664,24953,29247,29464,35682,36307,39949,40603,27088,30233,19593,24511,6141,10353,3,13,5966,6075,12161,12238,13846,15707,19747,22159,27470,29594,21953,24584,17528,21886,5828,9759,278507,191010,44118,23792,77299,42510,9165,66,40
2021-06-26T23:59:59+02:00,349,324,14039,13629,26649,24942,29242,29457,35675,36306,39946,40602,27087,30232,19593,24511,6141,10353,3,13,5961,6073,12150,12236,13840,15704,19734,22147,27425,29559,21806,24454,17488,21829,5827,9757,278434,190987,44115,23788,77299,42027,9164,66,40
2021-06-25T23:59:59+02:00,225,211,12780,12414,25193,23790,28943,29224,35569,36220,39878,40540,27063,30204,19582,24499,6139,10351,3,13,5918,6028,12051,12155,13696,15583,19423,21907,27038,29200,21482,24058,17308,21632,5824,9748,272212,189758,44111,23503,77279,40608,9158,66,40
2021-06-24T23:59:59+02:00,160,157,11805,11581,24072,22910,28579,28871,35418,36054,39763,40434,27024,30155,19571,24475,6137,10347,3,12,5701,5799,11594,11739,13115,14987,17884,20506,25381,27603,20708,23199,16988,21225,5814,9738,266960,184766,44090,19875,77275,38192,9123,66,40
2021-06-23T23:59:59+02:00,124,131,11440,11259,23577,22540,28330,28627,35242,35927,39674,40346,26993,30128,19562,24437,6135,10335,3,12,5626,5688,11381,11524,12815,14638,17489,20096,24630,26833,19912,22447,16793,20971,5806,9722,264348,182410,44080,19256,77270,35636,9044,66,40
2021-06-22T23:59:59+02:00,103,118,11259,11050,23416,22400,28250,28554,35166,35866,39627,40301,26978,30103,19554,24428,6135,10334,2,10,5517,5567,11114,11264,12448,14268,16885,19495,23896,26063,19533,22022,16630,20792,5799,9706,263206,179369,44076,18381,77268,34194,9027,66,40
2021-06-21T23:59:59+02:00,91,106,11008,10866,22583,21733,27998,28324,35098,35804,39563,40258,26961,30084,19548,24419,6135,10333,2,9,5399,5467,10893,11048,12140,13945,16494,19149,23445,25593,19240,21705,16525,20671,5793,9704,260615,177897,44066,17366,77262,33015,8904,66,40
2021-06-20T23:59:59+02:00,85,105,10943,10775,22333,21518,27738,28123,35018,35726,39518,40213,26950,30068,19546,24414,6133,10330,2,8,5358,5415,10805,10945,12045,13842,16297,18964,23174,25352,19138,21598,16472,20613,5787,9700,259322,177582,44064,16303,77257,32763,8827,66,40
2021-06-19T23:59:59+02:00,84,101,10920,10752,22301,21495,27720,28110,35006,35722,39509,40209,26949,30067,19546,24412,6133,10330,2,8,5326,5384,10723,10852,11952,13721,16149,18813,22865,24989,19050,21511,16460,20600,5786,9700,259172,177471,44044,14803,77257,32750,8827,66,40
2021-06-18T23:59:59+02:00,81,99,10872,10701,21988,21170,27461,27891,34951,35685,39476,40186,26940,30058,19545,24409,6133,10328,2,8,5310,5375,10694,10821,11912,13673,16087,18750,22781,24893,18884,21330,16415,20534,5785,9695,257785,177076,44040,14802,77256,32204,8827,66,40
2021-06-17T23:59:59+02:00,72,91,10294,10271,20708,20206,26599,27154,34579,35358,39216,39995,26876,29976,19524,24372,6126,10323,2,8,5115,5235,10315,10566,11466,13271,15405,18138,21410,23569,18425,20837,16251,20362,5781,9681,251992,171759,44019,14227,77243,31391,8420,66,40
2021-06-16T23:59:59+02:00,64,79,9960,9963,20023,19574,25965,26552,34327,35155,39055,39845,26830,29923,19500,24347,6125,10319,2,7,4974,5089,9928,10232,11005,12820,14701,17447,20557,22628,18021,20391,16081,20148,5771,9669,248152,167971,44003,12957,77230,30349,8155,66,39
2021-06-15T23:59:59+02:00,49,73,9716,9718,19723,19329,25738,26354,34195,35046,38959,39764,26798,29887,19493,24332,6120,10315,2,7,4869,4972,9690,10016,10770,12559,14276,17019,19955,22049,17695,19996,15859,19916,5762,9657,246370,165867,43993,11866,77222,29340,7958,66,38
2021-06-14T23:59:59+02:00,45,68,9584,9591,19426,19069,25561,26210,34077,34966,38896,39724,26779,29867,19487,24321,6120,10312,2,7,4788,4908,9502,9877,10594,12423,14015,16802,19637,21754,17529,19837,15756,19782,5761,9653,245166,164399,43991,11864,77218,28664,7662,66,38
2021-06-13T23:59:59+02:00,44,64,9423,9463,19137,18886,25205,25958,33877,34798,38788,39657,26763,29855,19476,24313,6120,10308,1,7,4704,4839,9293,9704,10423,12247,13692,16454,19288,21422,17400,19687,15708,19717,5759,9651,243518,163533,43990,11863,77213,27214,7348,66,38
2021-06-12T23:59:59+02:00,44,64,9413,9445,19125,18873,25205,25953,33877,34795,38785,39656,26763,29855,19476,24313,6120,10308,1,7,4701,4825,9282,9642,10390,12145,13643,16300,19233,21286,17291,19561,15590,19615,5757,9649,243469,163504,43990,11861,77208,26178,7337,66,38
2021-06-11T23:59:59+02:00,39,60,9251,9265,18890,18662,24401,25279,33698,34637,38649,39543,26729,29821,19465,24288,6120,10303,1,7,4623,4715,9061,9383,10130,11847,13120,15747,18255,20384,17105,19363,15550,19570,5754,9646,240536,159467,43988,11860,77203,25589,7307,66,38
2021-06-10T23:59:59+02:00,37,56,8855,8936,18244,18167,23554,24607,33379,34356,38446,39377,26671,29768,19441,24260,6117,10296,1,7,4448,4538,8484,8887,9321,11123,11972,14639,16248,18461,16214,18392,15264,19203,5745,9624,236921,149752,43334,11826,77177,23884,7071,64,38
2021-06-09T23:59:59+02:00,20,38,8403,8433,17414,17445,22406,23563,32892,33887,38158,39156,26564,29663,19393,24201,6107,10283,1,7,4312,4420,8195,8626,9075,10868,11633,14270,15762,17912,15838,17959,15022,18917,5738,9614,232919,147910,41445,11785,77137,21961,6476,49,37
2021-06-08T23:59:59+02:00,12,26,8085,8113,16944,17034,21983,23196,32646,33692,37996,39026,26520,29622,19383,24179,6104,10278,0,7,4194,4339,7941,8373,8768,10523,11270,13923,15118,17206,15375,17435,14760,18638,5733,9596,230191,146195,41413,10667,77129,20243,6057,49,37
2021-06-07T23:59:59+02:00,9,22,7887,7883,16585,16712,21444,22737,32364,33423,37879,38908,26490,29574,19363,24150,6099,10277,0,7,4118,4259,7758,8230,8609,10378,11097,13751,14802,16878,15174,17177,14586,18445,5729,9591,228566,145104,40441,10574,77109,19233,5641,49,37
2021-06-06T23:59:59+02:00,7,19,7780,7775,16451,16565,21249,22531,32137,33196,37743,38802,26463,29549,19351,24133,6099,10271,0,7,4090,4222,7710,8111,8554,10247,10988,13604,14605,16657,14988,16997,14497,18324,5722,9585,227331,144612,40142,10561,77091,18190,5508,49,37
2021-06-05T23:59:59+02:00,7,19,7757,7762,16426,16540,21241,22528,32126,33189,37741,38801,26462,29549,19350,24132,6099,10271,0,7,4079,4181,7695,8045,8540,10115,10973,13432,14586,16552,14953,16942,14488,18314,5722,9584,227225,144526,40142,10561,77090,17590,5494,49,37
2021-06-04T23:59:59+02:00,7,17,7646,7660,16147,16300,20967,22278,31703,32814,37626,38678,26429,29510,19339,24119,6097,10269,0,7,4072,4171,7666,8022,8513,10084,10906,13359,14481,16417,14870,16849,14451,18270,5722,9582,225626,144185,39367,10231,77072,17497,5492,49,37
2021-06-03T23:59:59+02:00,5,17,7391,7428,15269,15509,19333,20888,30790,31888,37120,38215,26297,29375,19294,24067,6091,10251,0,7,4012,4132,7577,7951,8389,9987,10733,13176,13909,15843,14603,16532,14365,18162,5719,9569,218992,141955,37786,10110,77061,17224,5340,49,37
2021-06-02T23:59:59+02:00,5,17,7256,7283,14893,15084,18901,20483,30323,31431,36892,37952,26233,29311,19274,24038,6088,10249,0,7,3982,4102,7515,7865,8300,9891,10592,13045,13460,15410,14478,16349,14335,18124,5716,9564,215913,140155,37355,10016,77060,17191,5336,49,37
2021-06-01T23:59:59+02:00,5,14,6980,7044,14496,14774,18556,20165,29995,31119,36667,37719,26177,29232,19250,24010,6086,10238,0,7,3881,4018,7273,7691,8064,9697,10328,12769,13051,14986,14042,15894,14219,17968,5709,9556,213172,138011,37308,9762,77039,16384,4959,49,37
2021-05-31T23:59:59+02:00,5,14,6819,6856,14271,14539,17854,19564,29652,30778,36375,37456,26084,29134,19223,23957,6076,10226,0,7,3804,3909,7061,7441,7840,9413,9984,12382,12611,14464,13512,15279,14018,17737,5700,9540,211731,134817,35272,9438,77024,15603,4807,49,37
2021-05-30T23:59:59+02:00,5,14,6796,6840,14224,14499,17776,19505,29603,30739,36345,37430,26072,29122,19220,23950,6075,10224,0,7,3760,3837,6902,7227,7692,9175,9776,12060,12354,14110,13390,15107,13952,17654,5697,9533,211434,134078,35259,9336,76966,14052,4731,49,36
2021-05-29T23:59:59+02:00,5,14,6795,6839,14214,14492,17771,19499,29598,30735,36342,37429,26070,29119,19220,23949,6075,10224,0,7,3749,3825,6872,7193,7658,9124,9740,12013,12280,14011,13347,15038,13922,17629,5696,9528,211401,133936,35259,9335,76951,13595,4730,49,36
2021-05-28T23:59:59+02:00,5,14,6785,6826,14197,14480,17755,19478,29585,30722,36331,37409,26067,29115,19218,23945,6075,10224,0,6,3735,3802,6851,7153,7623,9069,9686,11908,12036,13742,13157,14846,13892,17588,5693,9525,211248,132638,35258,9334,76948,13576,4728,49,36
2021-05-27T23:59:59+02:00,5,14,6695,6743,13927,14262,17268,19131,28904,30179,36170,37277,26019,29081,19203,23929,6074,10218,0,6,3612,3639,6563,6900,7247,8759,9187,11350,11325,12842,12602,14272,13761,17394,5685,9513,210162,129101,33812,9002,76907,12349,4169,49,36
2021-05-26T23:59:59+02:00,5,14,6625,6637,13717,14060,17013,18820,28361,29665,35994,37103,25979,29031,19186,23899,6073,10211,0,6,3521,3497,6340,6610,6957,8330,8843,10871,10672,12039,12036,13655,13614,17177,5680,9491,208553,125469,33061,8818,76890,11178,3841,48,33
2021-05-25T23:59:59+02:00,5,14,6544,6541,13510,13838,16750,18608,27636,29018,35901,37006,25955,29001,19174,23883,6068,10210,0,6,3472,3404,6197,6442,6810,8139,8616,10581,10324,11672,11692,13175,13506,17014,5677,9483,207833,123615,31604,8680,76407,10111,3771,47,33
2021-05-24T23:59:59+02:00,5,14,6474,6445,13332,13639,16527,18328,27220,28588,35555,36605,25898,28933,19155,23859,6067,10208,0,6,3459,3383,6136,6360,6764,8054,8555,10485,10252,11573,11516,12941,13458,16922,5668,9462,207302,122978,29371,8630,76400,9621,3732,47,33
2021-05-23T23:59:59+02:00,5,14,6472,6444,13326,13630,16524,18318,27201,28578,35525,36571,25895,28927,19155,23853,6067,10208,0,3,3454,3379,6130,6349,6754,8047,8527,10454,10212,11514,11433,12837,13438,16888,5668,9461,207186,122964,29355,8212,76399,9613,3726,47,33
2021-05-22T23:59:59+02:00,5,14,6465,6441,13318,13618,16518,18313,27197,28576,35522,36565,25895,28927,19155,23853,6067,10208,0,3,3452,3379,6125,6346,6752,8043,8523,10452,10207,11511,11422,12823,13433,16884,5667,9461,207132,122923,29355,8212,76397,9589,3726,47,33
2021-05-21T23:59:59+02:00,5,14,6402,6384,13165,13513,16344,18163,26928,28397,35092,36299,25869,28889,19147,23847,6066,10204,0,3,3443,3369,6091,6323,6722,8009,8483,10403,10152,11461,10902,12109,13292,16724,5664,9456,206443,121157,29230,8209,75354,9553,3654,47,33
2021-05-20T23:59:59+02:00,4,13,6109,6184,12552,13097,15151,17242,25015,26895,34136,35532,25764,28743,19092,23766,6060,10189,0,3,3384,3323,5994,6207,6606,7851,8334,10238,9909,11152,10561,11651,13179,16540,5654,9442,201669,119138,27487,8126,72816,9205,3526,46,33
2021-05-19T23:59:59+02:00,4,13,5901,5942,12040,12635,14445,16536,24066,26077,33509,34927,25647,28651,19057,23707,6052,10177,0,3,3307,3248,5835,6033,6416,7606,8059,9956,9604,10770,10248,11235,13100,16395,5652,9434,195954,117210,27445,7930,72799,8585,3143,45,33
2021-05-18T23:59:59+02:00,4,12,5730,5831,11641,12316,13823,16035,22911,25126,32841,34319,25530,28516,19009,23654,6047,10167,0,3,3265,3216,5718,5922,6249,7446,7852,9740,9404,10530,10071,10982,12952,16171,5642,9425,190999,116036,26933,7861,72755,7878,2780,45,33
2021-05-17T23:59:59+02:00,4,11,5677,5788,11478,12210,13548,15814,22092,24488,32529,34003,25452,28456,18987,23624,6038,10158,0,3,3148,3142,5528,5738,6074,7231,7644,9512,9179,10285,9979,10856,12893,16107,5639,9420,189227,115272,26231,7853,72359,6725,2495,45,33
2021-05-16T23:59:59+02:00,4,11,5648,5768,11415,12153,13463,15734,21476,23938,31916,33473,25412,28412,18977,23609,6037,10158,0,3,3142,3120,5514,5669,6046,7171,7616,9413,9148,10201,9962,10834,12890,16104,5639,9420,188459,115160,24685,7846,71933,6374,2482,45,30
2021-05-15T23:59:59+02:00,4,11,5639,5758,11382,12144,13434,15725,21401,23867,31376,33097,25401,28407,18976,23606,6036,10157,0,3,3129,3105,5495,5627,6032,7096,7573,9297,8909,9946,9929,10803,12856,16053,5639,9419,188408,115155,24671,7708,71285,6008,2012,45,28
2021-05-14T23:59:59+02:00,4,11,5600,5732,11319,12105,13361,15661,20990,23554,30944,32749,25366,28361,18964,23590,6036,10155,0,3,3096,3065,5458,5539,6010,6960,7532,9093,8848,9751,9853,10693,12770,15923,5639,9416,187683,114981,24350,7371,70413,5258,2011,45,28
2021-05-13T23:59:59+02:00,4,10,5445,5577,10937,11808,12648,15074,18802,21807,29397,31280,25138,28118,18896,23519,6034,10152,0,3,3085,3030,5436,5500,5994,6903,7506,9023,8804,9691,9637,10448,12566,15615,5634,9405,183723,114621,20557,6543,68325,5092,1996,45,28
2021-05-12T23:59:59+02:00,3,10,5415,5550,10867,11750,12547,14986,18679,21683,29033,30915,25043,28021,18879,23490,6033,10147,0,3,3084,3025,5430,5494,5984,6890,7481,9008,8765,9637,9448,10214,12333,15290,5631,9398,182770,114336,19919,5671,68322,5086,1995,45,27
2021-05-11T23:59:59+02:00,3,10,5275,5444,10617,11497,12180,14618,18068,21042,28100,29941,24851,27831,18820,23414,6028,10133,0,3,3041,2984,5341,5337,5885,6703,7351,8763,8599,9414,9266,10015,12180,15101,5622,9378,178677,113270,19023,5563,68190,4186,1937,45,27
2021-05-10T23:59:59+02:00,3,9,5150,5369,10401,11306,11919,14362,17742,20707,27676,29532,24743,27724,18781,23367,6020,10129,0,3,2971,2930,5223,5221,5771,6599,7227,8622,8470,9307,9162,9890,12090,14972,5619,9369,176666,112737,18339,5551,67961,3202,1929,45,27
2021-05-09T23:59:59+02:00,3,9,5075,5324,10303,11190,11819,14243,17400,20421,27285,29155,24655,27636,18752,23331,6017,10126,0,3,2903,2898,5076,5180,5593,6556,7059,8593,8341,9271,9149,9880,12072,14951,5619,9369,176272,112657,17057,5542,67459,2375,1912,44,27
2021-05-08T23:59:59+02:00,3,9,5073,5323,10301,11185,11819,14243,17396,20419,27282,29153,24655,27636,18752,23331,6017,10126,0,3,2902,2897,5074,5180,5593,6556,7059,8593,8338,9270,9148,9879,12071,14951,5619,9369,176255,112654,17057,5541,67456,2369,1911,44,27
2021-05-07T23:59:59+02:00,3,9,5040,5297,10233,11133,11689,14119,16995,20146,26644,28596,24606,27585,18735,23299,6011,10096,0,3,2890,2889,5059,5171,5582,6540,7047,8582,8330,9259,9142,9871,12060,14931,5612,9341,175420,112639,17054,5535,65933,2323,1785,44,27
2021-05-06T23:59:59+02:00,2,9,4770,5138,9776,10790,11122,13602,15905,19122,24229,26299,24105,27054,18630,23197,6006,10082,0,3,2847,2841,4992,5094,5541,6448,6964,8463,8201,9106,9041,9756,12036,14880,5609,9338,170378,112098,14602,5479,63041,1781,1775,42,27
2021-05-05T23:59:59+02:00,2,9,4691,5055,9481,10561,10779,13276,15324,18522,23382,25331,23845,26727,18561,23092,5996,10064,0,2,2828,2804,4944,5009,5482,6327,6882,8296,8076,8889,8933,9623,11958,14793,5608,9329,166708,111147,13284,5473,62891,1362,1774,41,27
2021-05-04T23:59:59+02:00,2,9,4607,4963,9307,10362,10568,13033,14934,18126,22832,24763,23633,26452,18488,23011,5988,10050,0,2,2820,2769,4915,4934,5450,6205,6830,8154,7980,8734,8829,9510,11883,14734,5606,9326,164446,110643,12158,5461,62726,793,1757,41,27
2021-05-03T23:59:59+02:00,2,9,4536,4887,9119,10225,10393,12858,14651,17882,22419,24348,23494,26302,18461,22964,5988,10044,0,2,2747,2698,4834,4861,5374,6120,6735,8050,7798,8568,8743,9423,11843,14683,5603,9321,162933,110416,12157,5458,62632,683,819,41,27
2021-05-02T23:59:59+02:00,2,9,4523,4872,9045,10167,10269,12748,14323,17577,22116,24061,23444,26243,18442,22939,5987,10043,0,2,2741,2691,4777,4827,5286,6037,6596,7922,7679,8466,8697,9381,11819,14649,5601,9316,162045,110296,12154,5456,62528,666,42,41,27
2021-05-01T23:59:59+02:00,2,9,4523,4869,9043,10165,10268,12747,14319,17573,22114,24061,23443,26242,18442,22939,5987,10043,0,2,2741,2691,4777,4827,5286,6037,6595,7922,7679,8466,8697,9381,11819,14649,5601,9316,162024,110296,12154,5455,62528,666,42,41,27
2021-04-30T23:59:59+02:00,1,9,4451,4783,8804,9950,10006,12506,13837,17147,21271,23286,23318,26105,18426,22907,5984,10040,0,2,2737,2689,4766,4819,5276,6003,6584,7891,7646,8426,8693,9378,11818,14645,5599,9315,158429,110266,12153,5453,62200,533,8,41,27
2021-04-29T23:59:59+02:00,1,9,4305,4638,8324,9538,9305,11902,12836,16243,19417,21598,22610,25340,18288,22697,5978,10023,0,2,2714,2669,4724,4748,5233,5929,6520,7784,7564,8310,8583,9263,11750,14569,5592,9306,149218,109763,12137,5190,61649,272,8,40,27
2021-04-28T23:59:59+02:00,1,9,4274,4618,8252,9465,9229,11814,12716,16122,19200,21384,22521,25247,18261,22656,5976,10018,0,2,2711,2657,4699,4687,5205,5885,6490,7710,7516,8227,8566,9238,11733,14546,5590,9300,148828,109569,12049,5116,60839,45,7,40,25
2021-04-27T23:59:59+02:00,1,9,4236,4571,8115,9329,9114,11663,12569,15954,18749,20887,22290,24990,18196,22578,5973,10009,0,2,2708,2653,4696,4683,5195,5877,6477,7691,7481,8189,8503,9159,11651,14464,5586,9296,148096,109306,10974,4942,60116,37,7,40,19
2021-04-26T23:59:59+02:00,1,9,4194,4544,8008,9233,8967,11557,12396,15780,18337,20521,22156,24841,18160,22546,5972,10007,0,2,2708,2651,4692,4679,5190,5869,6464,7671,7448,8160,8455,9111,11595,14385,5582,9279,147316,109201,10839,4684,59028,32,6,40,18
2021-04-25T23:59:59+02:00,1,9,4180,4529,7970,9202,8903,11494,12261,15650,17993,20187,21955,24604,18120,22491,5968,10002,0,2,2708,2651,4691,4677,5187,5865,6459,7668,7446,8156,8400,9052,11572,14357,5582,9277,145931,109178,10828,4517,58714,31,6,40,18
2021-04-24T23:59:59+02:00,1,9,4172,4520,7954,9197,8888,11484,12211,15618,17935,20149,21940,24591,18118,22486,5968,10002,0,2,2707,2651,4691,4677,5187,5865,6459,7668,7446,8156,8400,9051,11572,14357,5582,9277,145831,109178,10827,4517,58541,30,6,38,17
2021-04-23T23:59:59+02:00,1,9,4152,4490,7896,9134,8802,11382,11873,15292,17500,19750,21723,24358,18053,22409,5966,9994,0,2,2704,2649,4687,4674,5180,5857,6444,7657,7423,8125,8379,9024,11563,14348,5580,9274,144562,109162,10480,4357,57699,29,5,38,17
2021-04-22T23:59:59+02:00,1,9,4104,4426,7765,8946,8618,11123,11546,14874,16586,18763,21149,23646,17918,22229,5956,9976,0,2,2696,2642,4681,4652,5158,5831,6401,7622,7354,8078,8250,8865,11417,14197,5575,9265,140831,108542,10349,4101,56413,21,5,37,17
2021-04-21T23:59:59+02:00,1,9,4061,4382,7665,8824,8460,10961,11249,14593,15847,18006,20768,23198,17843,22124,5951,9963,0,2,2687,2631,4663,4631,5141,5810,6389,7604,7325,8054,8200,8802,11377,14157,5573,9263,137897,108252,10219,4017,55749,19,5,35,16
2021-04-20T23:59:59+02:00,1,9,4036,4357,7631,8770,8383,10880,11085,14418,15412,17530,20302,22680,17739,21972,5942,9951,0,2,2678,2621,4653,4618,5117,5790,6361,7579,7285,8014,8104,8670,11300,14070,5569,9259,135741,107674,9953,3977,55364,18,5,35,16
2021-04-19T23:59:59+02:00,1,9,4006,4308,7568,8665,8291,10741,10927,14234,15159,17235,19820,22115,17572,21755,5931,9939,0,2,2673,2619,4649,4614,5103,5775,6342,7562,7258,7969,8051,8617,11273,14023,5567,9255,133671,107340,9599,3973,54968,18,5,33,16
2021-04-18T23:59:59+02:00,1,6,3986,4279,7508,8613,8186,10615,10668,13991,14667,16697,19388,21603,17448,21570,5927,9932,0,2,2672,2618,4649,4614,5103,5775,6341,7559,7255,7968,8047,8614,11270,14019,5566,9252,131246,107315,9527,3971,54274,17,5,33,16
2021-04-17T23:59:59+02:00,1,6,3983,4271,7488,8606,8175,10597,10626,13945,14555,16609,19268,21480,17426,21542,5926,9930,0,2,2672,2618,4648,4612,5096,5770,6327,7554,7230,7945,8000,8568,11251,13996,5564,9252,130807,107302,9517,3765,54072,17,5,33,16
2021-04-16T23:59:59+02:00,1,6,3972,4227,7415,8484,8072,10442,10433,13683,13885,15847,18702,20837,17301,21367,5915,9912,0,2,2669,2615,4643,4605,5091,5757,6309,7543,7192,7910,7690,8176,11157,13855,5557,9234,127963,106497,9456,3472,53045,16,4,33,16
2021-04-15T23:59:59+02:00,1,5,3928,4175,7301,8352,7894,10206,10098,13293,13159,14988,17892,19972,17060,21044,5900,9892,0,2,2668,2607,4631,4588,5077,5724,6276,7507,7120,7836,7130,7510,11027,13692,5553,9224,124315,104817,9296,3321,51512,14,4,33,16
2021-04-14T23:59:59+02:00,1,4,3901,4144,7235,8246,7787,10053,9919,13093,12740,14539,17365,19358,16908,20835,5894,9878,0,2,2634,2588,4613,4555,5049,5677,6241,7474,7062,7776,6479,6739,10762,13392,5549,9216,122916,102457,9059,3319,49890,12,4,31,16
2021-04-13T23:59:59+02:00,1,4,3897,4138,7197,8229,7730,10018,9811,13038,12366,14246,16675,18505,16670,20531,5890,9872,0,2,2608,2559,4593,4529,5022,5642,6183,7404,6974,7672,6266,6483,10170,12703,5540,9195,122207,100205,8837,3308,47739,12,4,31,16
2021-04-12T23:59:59+02:00,1,4,3884,4120,7142,8182,7672,9947,9702,12937,12117,14031,16231,17987,16482,20317,5885,9869,0,2,2579,2548,4526,4485,4916,5572,6065,7327,6856,7572,5519,5658,9717,12164,5500,9153,121868,96828,8800,3299,45808,12,4,30,16
2021-04-11T23:59:59+02:00,1,4,3869,4112,7100,8130,7613,9903,9611,12859,11879,13822,15662,17295,16206,19975,5880,9859,0,2,2503,2469,4397,4364,4765,5439,5903,7175,6707,7467,5217,5297,9585,12002,5500,9149,121272,94662,8367,3248,44107,11,4,30,16
2021-04-10T23:59:59+02:00,1,4,3851,4092,7060,8081,7570,9846,9549,12800,11788,13737,15445,17102,16157,19905,5879,9852,0,2,1942,1906,3585,3644,3894,4675,4900,6255,5852,6678,4945,4992,9456,11850,5493,9140,120804,85930,8367,3248,43514,11,4,30,16
2021-04-09T23:59:59+02:00,1,4,3830,4072,7022,8049,7509,9789,9398,12669,11458,13456,14260,15568,15711,19373,5866,9840,0,2,1085,1087,2224,2447,2386,3305,3114,4610,4223,5210,4251,4254,9204,11489,5468,9110,118900,70194,8364,3245,40578,11,3,30,16
2021-04-08T23:59:59+02:00,1,4,3804,4055,6960,7992,7405,9693,9210,12552,11051,13104,13123,14304,15292,18843,5844,9804,0,2,587,598,1302,1741,1480,2379,2013,3521,2848,3820,3001,2849,8380,10482,5310,8873,117631,55918,8281,3241,37098,10,1,30,16
2021-04-07T23:59:59+02:00,1,4,3757,4029,6882,7934,7313,9622,9082,12423,10740,12796,12392,13534,15072,18578,5838,9782,0,2,358,381,952,1394,1074,1993,1504,3058,1899,2814,1816,1559,7471,9330,5154,8613,116663,46105,8128,3241,34959,9,1,28,16
2021-04-06T23:59:59+02:00,1,4,3741,4017,6860,7896,7257,9556,8989,12343,10528,12578,12006,13037,14849,18285,5827,9769,0,2,351,368,942,1383,1060,1971,1476,3030,1840,2755,1737,1490,7052,8769,5001,8372,115389,44335,8029,3239,34099,8,1,25,16
2021-04-05T23:59:59+02:00,1,4,3735,4016,6849,7883,7243,9546,8970,12315,10464,12519,11895,12890,14750,18192,5825,9766,0,2,349,362,932,1379,1054,1962,1466,3009,1818,2721,1683,1437,6820,8458,4876,8186,115051,43251,8007,3238,33780,8,1,24,16
2021-04-04T23:59:59+02:00,1,4,3735,4016,6847,7877,7242,9545,8967,12315,10454,12514,11891,12886,14747,18191,5825,9766,0,2,349,361,930,1378,1053,1960,1465,3008,1816,2718,1680,1432,6813,8445,4871,8183,115045,43203,8006,3236,33747,8,1,24,16
2021-04-03T23:59:59+02:00,1,4,3735,4016,6847,7876,7241,9545,8967,12314,10453,12514,11891,12885,14745,18189,5825,9766,0,2,349,360,928,1374,1051,1959,1464,3003,1814,2718,1674,1420,6770,8363,4836,8147,115040,42972,8006,3236,33743,7,1,24,16
2021-04-02T23:59:59+02:00,1,4,3733,4014,6843,7873,7234,9539,8954,12306,10437,12498,11764,12769,14701,18130,5822,9757,0,2,347,358,926,1368,1045,1948,1449,2978,1773,2680,1579,1334,6003,7464,4395,7575,114910,40286,8000,2914,33444,7,1,24,16
2021-04-01T23:59:59+02:00,1,3,3694,4002,6809,7852,7192,9508,8902,12267,10363,12427,11418,12361,14320,17609,5816,9738,0,2,342,355,909,1354,1033,1927,1417,2933,1713,2613,1454,1236,5054,6338,3826,6733,114510,36306,6582,2909,33165,7,1,24,16
2021-03-31T23:59:59+02:00,0,3,3688,3997,6795,7832,7174,9490,8867,12234,10273,12355,11083,11950,13970,17109,5810,9716,0,2,339,351,901,1343,1022,1911,1397,2905,1663,2576,1387,1183,4460,5648,3463,6255,113924,33946,5572,2836,32825,7,1,24,16
2021-03-30T23:59:59+02:00,0,3,3670,3971,6759,7794,7117,9423,8778,12131,10111,12199,10824,11673,13749,16844,5803,9702,0,2,335,344,896,1332,1014,1905,1373,2898,1635,2550,1360,1157,4341,5525,3401,6160,113108,33568,5322,2636,32098,7,1,22,16
2021-03-29T23:59:59+02:00,0,3,3660,3949,6733,7772,7077,9369,8682,12036,9928,11989,10385,11202,13375,16376,5787,9669,0,2,330,341,892,1321,1008,1897,1364,2887,1621,2541,1337,1143,4206,5381,3304,6027,111427,32949,5016,2630,31526,6,1,22,16
2021-03-28T23:59:59+02:00,0,3,3619,3892,6618,7614,6960,9225,8556,11844,9774,11798,10176,10940,13198,16194,5783,9660,0,2,330,341,892,1319,1006,1896,1362,2887,1620,2539,1328,1140,4173,5337,3278,6001,111053,32903,4750,2527,30029,5,1,21,15
2021-03-27T23:59:59+01:00,0,3,3618,3880,6606,7550,6930,9112,8506,11673,9722,11644,10063,10816,13103,16105,5782,9660,0,2,330,340,892,1319,1006,1893,1362,2885,1616,2538,1326,1138,4147,5302,3265,5986,111042,32800,4750,2526,28959,5,1,21,15
2021-03-26T23:59:59+01:00,0,3,3611,3873,6578,7513,6902,9037,8458,11560,9631,11516,10014,10753,13054,16048,5774,9639,0,2,325,338,891,1316,1002,1881,1359,2864,1596,2524,1301,1121,3960,5072,3156,5831,110983,32033,4526,2485,28433,5,1,21,15
2021-03-25T23:59:59+01:00,0,3,3587,3842,6485,7388,6810,8871,8269,11329,9321,11198,9634,10368,12748,15732,5769,9628,0,2,325,337,889,1308,999,1871,1345,2851,1573,2505,1276,1101,3721,4822,2903,5491,110605,30814,4313,2485,26042,4,1,21,15
2021-03-24T23:59:59+01:00,0,3,3529,3790,6395,7204,6686,8645,8105,11091,9094,10873,9218,9877,12330,15274,5758,9617,0,2,325,336,888,1304,994,1869,1338,2847,1557,2489,1267,1091,3654,4748,2718,5265,110087,30190,4174,2485,23206,1,1,21,15
2021-03-23T23:59:59+01:00,0,3,3511,3757,6348,7149,6609,8586,7988,10963,8847,10639,8796,9410,11879,14752,5748,9603,0,2,325,336,887,1294,989,1860,1333,2838,1553,2481,1242,1066,3562,4671,2520,4942,109272,29400,4083,2485,21212,1,0,21,15
2021-03-22T23:59:59+01:00,0,3,3502,3737,6306,7121,6574,8538,7922,10888,8699,10503,8514,9058,11577,14428,5713,9564,0,2,323,331,881,1283,981,1853,1326,2827,1543,2471,1230,1057,3533,4635,2501,4909,108602,29185,4081,2485,19943,1,0,21,15
2021-03-21T23:59:59+01:00,0,3,3500,3735,6302,7111,6556,8522,7905,10869,8643,10445,8394,8941,11507,14325,5710,9561,0,2,321,330,873,1280,974,1846,1317,2825,1538,2467,1226,1054,3524,4620,2486,4899,108516,29081,4079,2485,19413,1,0,21,15
2021-03-20T23:59:59+01:00,0,3,3491,3697,6294,7039,6539,8385,7880,10685,8599,10310,8316,8855,11469,14286,5710,9561,0,2,321,330,873,1280,974,1845,1316,2825,1538,2465,1226,1054,3524,4619,2486,4899,108481,29077,3868,2484,18749,1,0,21,15
2021-03-19T23:59:59+01:00,0,3,3478,3667,6266,6953,6515,8292,7834,10568,8486,10150,7773,8248,11282,14042,5701,9543,0,2,318,329,868,1273,957,1835,1294,2794,1488,2421,1142,986,2852,3823,2067,4317,106859,26266,3567,2484,18354,1,0,21,15
2021-03-18T23:59:59+01:00,0,3,3467,3649,6225,6913,6480,8230,7770,10482,8370,10022,6811,7144,11000,13740,5689,9518,0,2,317,329,864,1268,951,1825,1279,2785,1464,2401,1103,966,2643,3582,1910,4093,103824,25282,3406,2484,18262,1,0,21,15
2021-03-17T23:59:59+01:00,0,3,3429,3611,6155,6828,6425,8126,7679,10350,8239,9864,6124,6292,10717,13425,5672,9491,0,2,316,329,856,1262,946,1812,1265,2763,1445,2374,1065,941,2514,3450,1828,3976,101018,24646,3404,2484,17987,1,0,21,13
2021-03-16T23:59:59+01:00,0,3,3410,3580,6117,6775,6380,8052,7625,10284,8148,9762,5947,6115,10005,12606,5631,9426,0,2,309,318,842,1245,934,1803,1259,2743,1433,2366,1050,921,2299,3203,1691,3778,98734,23700,3391,2482,17720,1,0,21,13
2021-03-15T23:59:59+01:00,0,3,3373,3548,6018,6693,6250,7959,7481,10164,8020,9635,5192,5279,9555,12054,5587,9356,0,2,308,317,838,1241,932,1796,1257,2730,1424,2357,1037,909,2154,3029,1599,3683,95199,23118,3382,2481,17565,1,0,21,13
2021-03-14T23:59:59+01:00,0,3,3249,3407,5739,6349,5977,7601,7165,9749,7734,9318,4861,4889,9394,11854,5583,9341,0,2,308,316,838,1241,931,1796,1254,2729,1422,2354,1034,906,2151,3026,1596,3682,92806,23094,3327,2478,16059,1,0,21,13
2021-03-13T23:59:59+01:00,0,3,2594,2753,4805,5482,4966,6675,5978,8635,6721,8369,4544,4506,9008,11330,5491,9233,0,2,308,315,837,1239,931,1790,1252,2727,1421,2354,1034,905,2127,2989,1565,3646,82144,22950,3327,2478,15601,1,0,21,13
2021-03-12T23:59:59+01:00,0,2,1772,1943,3468,4328,3459,5346,4230,6995,5082,6859,3868,3800,7751,9779,4976,8542,0,2,304,311,835,1235,925,1784,1245,2707,1397,2337,988,878,1770,2523,1291,3284,63286,21324,3324,2478,15569,1,0,21,13
2021-03-11T23:59:59+01:00,0,2,1276,1466,2563,3592,2558,4411,3138,5905,3724,5472,2691,2521,6041,7668,4201,7361,0,2,299,302,819,1227,912,1761,1227,2678,1372,2290,951,858,1611,2288,1164,3094,45978,20363,3321,2478,15270,1,0,21,13
2021-03-10T23:59:59+01:00,0,2,1055,1250,2196,3232,2184,4018,2688,5464,2812,4505,1554,1316,4678,5944,3634,6592,0,2,289,292,801,1206,890,1725,1193,2604,1333,2224,924,839,1429,2097,1067,2918,34914,19451,3320,2369,14870,0,0,20,13
2021-03-09T23:59:59+01:00,0,2,1039,1220,2133,3095,2120,3903,2604,5330,2729,4379,1520,1285,4600,5868,3592,6533,0,2,285,285,787,1185,873,1699,1167,2563,1315,2196,909,827,1352,1973,995,2802,34498,18877,3317,2325,14117,0,0,20,13
2021-03-08T23:59:59+01:00,0,2,1018,1191,2075,2995,2080,3822,2544,5218,2674,4306,1482,1264,4454,5707,3491,6390,0,2,285,281,782,1177,871,1690,1159,2555,1307,2180,884,806,1181,1747,868,2631,33805,18072,3317,2321,13571,0,0,20,13
2021-03-07T23:59:59+01:00,0,2,1013,1172,2035,2949,2038,3781,2504,5153,2633,4269,1477,1261,4447,5699,3488,6390,0,2,285,281,782,1177,871,1690,1159,2555,1306,2180,881,806,1172,1738,859,2620,33770,18071,3311,2280,13210,0,0,20,13
2021-03-06T23:59:59+01:00,0,2,1012,1169,2024,2935,2026,3762,2488,5126,2616,4247,1464,1251,4413,5653,3474,6378,0,2,285,281,782,1177,871,1689,1159,2555,1306,2180,881,806,1172,1738,859,2619,33626,18070,3310,2279,13084,0,0,20,13
2021-03-05T23:59:59+01:00,0,2,1008,1163,2009,2915,1996,3739,2445,5072,2564,4209,1428,1223,4143,5327,3322,6157,0,2,284,278,775,1170,865,1681,1156,2546,1302,2170,867,802,1164,1729,858,2617,32880,17974,2976,2279,12846,0,0,20,13
2021-03-04T23:59:59+01:00,0,2,915,1014,1920,2789,1930,3602,2368,4917,2474,4049,1397,1201,3900,5065,3055,5803,0,2,284,276,772,1165,862,1672,1155,2531,1297,2161,835,786,1151,1719,851,2604,31617,17855,2972,2255,11792,0,0,20,13
2021-03-03T23:59:59+01:00,0,2,868,905,1853,2691,1859,3498,2298,4803,2400,3965,1384,1186,3790,4958,2832,5528,0,2,282,273,771,1153,859,1653,1148,2489,1287,2135,818,782,1143,1698,843,2596,30936,17821,2852,2098,11012,0,0,20,13
2021-03-02T23:59:59+01:00,0,2,824,828,1757,2568,1775,3374,2206,4679,2340,3887,1349,1164,3660,4823,2622,5177,0,2,282,272,770,1147,855,1650,1143,2484,1282,2125,816,780,1128,1677,832,2577,30198,17712,2662,2097,10155,0,0,20,13
2021-03-01T23:59:59+01:00,0,2,801,792,1657,2425,1703,3229,2107,4506,2260,3766,1331,1152,3609,4758,2578,5117,0,2,282,270,766,1142,850,1638,1138,2472,1277,2114,809,777,1123,1665,824,2570,29943,17609,2578,2097,9252,0,0,20,13
2021-02-28T23:59:59+01:00,0,2,795,769,1639,2357,1675,3157,2084,4407,2245,3699,1325,1146,3599,4742,2563,5106,0,2,281,269,766,1141,850,1633,1138,2470,1277,2109,805,775,1115,1652,820,2560,29834,17586,2575,2064,8882,0,0,19,13
2021-02-27T23:59:59+01:00,0,2,780,752,1618,2297,1658,3046,2065,4281,2224,3604,1322,1143,3599,4740,2561,5105,0,2,281,269,766,1141,850,1633,1138,2470,1277,2108,805,775,1105,1646,803,2546,29828,17585,2574,2017,8376,0,0,19,13
2021-02-26T23:59:59+01:00,0,2,652,671,1514,2184,1607,2888,2002,4045,2123,3368,1230,1073,2943,3943,2126,4512,0,2,281,268,765,1139,849,1632,1138,2468,1275,2105,804,771,1087,1633,793,2529,27006,17511,2574,2015,7284,0,0,19,13
2021-02-25T23:59:59+01:00,0,2,504,594,1397,2079,1539,2760,1942,3918,2023,3254,1179,1038,2710,3671,1959,4268,0,2,264,253,741,1118,807,1563,1088,2367,1200,2013,748,750,1054,1595,781,2501,25927,17420,2546,1412,6345,0,0,19,13
2021-02-24T23:59:59+01:00,0,2,474,564,1327,1969,1469,2617,1872,3768,1947,3104,1141,1009,2570,3536,1880,4147,0,2,235,241,716,1072,780,1501,1058,2304,1145,1962,721,727,1007,1565,768,2470,25283,17229,2534,1032,5560,0,0,19,13
2021-02-23T23:59:59+01:00,0,2,419,524,1245,1828,1394,2472,1796,3558,1879,2983,1115,974,2363,3306,1752,3954,0,2,230,235,701,1046,768,1462,1036,2257,1119,1920,712,716,998,1551,765,2466,24344,17136,2525,835,4676,0,0,19,13
2021-02-22T23:59:59+01:00,0,2,406,490,1145,1719,1291,2375,1687,3451,1798,2911,1093,961,2219,3132,1660,3855,0,2,220,226,677,994,737,1400,1010,2163,1076,1838,668,683,928,1471,726,2407,23752,16944,2522,269,3902,0,0,19,13
2021-02-21T23:59:59+01:00,0,2,389,474,1043,1687,1141,2351,1531,3429,1693,2893,1085,959,2218,3131,1660,3855,0,2,193,220,646,986,725,1392,996,2158,1070,1836,665,680,925,1465,718,2399,23721,16810,2522,254,3279,0,0,19,12
2021-02-20T23:59:59+01:00,0,2,388,472,1042,1687,1140,2351,1530,3427,1693,2891,1085,958,2217,3131,1659,3854,0,2,192,218,643,986,722,1391,990,2155,1068,1836,665,680,925,1465,718,2398,23715,16788,2521,254,3272,0,0,19,12
2021-02-19T23:59:59+01:00,0,2,383,462,1030,1683,1130,2341,1516,3408,1660,2876,1034,929,1841,2623,1357,3461,0,2,169,208,617,982,705,1383,973,2153,1062,1834,662,679,924,1465,717,2395,21950,16664,2521,254,3246,0,0,19,12
2021-02-18T23:59:59+01:00,0,2,361,441,991,1599,1092,2255,1461,3291,1619,2784,1005,905,1664,2377,1223,3250,0,2,149,197,578,971,685,1370,939,2136,1036,1812,651,660,903,1437,703,2374,20950,16337,2521,254,2830,0,0,19,12
2021-02-17T23:59:59+01:00,0,2,338,389,908,1456,983,2058,1328,3036,1508,2564,967,875,1472,2163,1122,3069,0,2,143,190,566,940,660,1316,907,2057,989,1735,616,628,896,1410,697,2354,19868,15840,2521,254,1832,0,0,17,12
2021-02-16T23:59:59+01:00,0,2,332,349,865,1317,932,1873,1267,2816,1441,2403,956,858,1411,2066,1054,2969,0,2,137,177,552,899,645,1262,880,1992,959,1693,606,618,872,1376,683,2289,19496,15511,2520,119,878,0,0,17,12
2021-02-15T23:59:59+01:00,0,2,317,307,836,1286,915,1817,1227,2732,1402,2347,927,825,1232,1836,923,2791,0,2,129,169,531,873,627,1200,854,1919,936,1616,585,581,854,1339,674,2244,18578,15042,2519,79,610,0,0,15,12
2021-02-14T23:59:59+01:00,0,2,317,307,835,1286,914,1816,1226,2732,1402,2347,927,825,1232,1836,923,2790,0,2,128,169,530,865,623,1194,848,1913,932,1613,584,580,851,1338,672,2240,18576,14992,2519,78,607,0,0,15,12
2021-02-13T23:59:59+01:00,0,2,317,307,835,1286,914,1813,1226,2730,1402,2345,927,825,1232,1835,921,2790,0,2,128,169,530,865,623,1194,845,1910,930,1609,581,580,836,1317,660,2223,18569,14989,2516,1,607,0,0,15,12
2021-02-12T23:59:59+01:00,0,2,311,306,826,1281,910,1784,1220,2703,1374,2315,925,823,1231,1832,921,2790,0,2,128,169,528,863,622,1187,839,1898,924,1596,578,578,822,1306,654,2210,18561,14891,2516,1,462,0,0,15,12
2021-02-11T23:59:59+01:00,0,2,293,297,811,1246,904,1749,1203,2638,1351,2260,891,809,1220,1821,920,2780,0,2,125,155,510,824,600,1122,805,1798,902,1537,565,564,795,1270,639,2177,18449,14378,2515,0,216,0,0,15,12
2021-02-10T23:59:59+01:00,0,2,289,288,792,1207,891,1720,1191,2592,1336,2218,886,807,1205,1804,915,2762,0,2,121,145,443,738,554,1029,727,1672,844,1450,550,547,778,1247,626,2147,18422,13620,2410,0,59,0,0,14,0
2021-02-09T23:59:59+01:00,0,2,289,285,786,1191,879,1703,1176,2572,1321,2194,871,801,1191,1785,903,2742,0,2,105,126,386,649,500,894,646,1464,755,1257,495,467,658,1076,545,1879,18311,11904,2363,0,3,0,0,14,0
2021-02-08T23:59:59+01:00,0,2,289,284,784,1185,875,1696,1173,2568,1314,2186,865,798,1175,1761,885,2717,0,2,94,102,339,553,448,790,556,1253,647,1090,418,391,569,878,440,1546,18182,10116,2360,0,1,0,0,14,0
2021-02-07T23:59:59+01:00,0,2,288,283,783,1184,874,1696,1173,2567,1314,2183,859,796,1174,1758,883,2715,0,2,91,101,337,548,446,786,554,1243,643,1084,412,385,548,855,434,1531,18158,10000,2360,0,0,0,0,14,0
2021-02-06T23:59:59+01:00,0,2,288,282,782,1183,874,1695,1173,2567,1314,2182,858,796,1172,1752,881,2713,0,2,91,100,337,544,445,785,553,1239,641,1083,408,380,499,786,403,1485,18142,9781,2358,0,0,0,0,14,0
2021-02-05T23:59:59+01:00,0,2,288,281,782,1182,873,1694,1172,2566,1313,2177,851,790,1148,1741,874,2697,0,1,85,97,329,538,429,766,528,1203,612,1040,385,351,474,758,382,1438,18059,9416,2358,0,0,0,0,14,0
2021-02-04T23:59:59+01:00,0,2,285,273,778,1161,861,1672,1157,2538,1299,2153,828,776,1119,1710,867,2678,0,0,71,78,260,415,334,595,410,973,500,837,313,288,366,613,315,1215,17809,7583,2334,0,0,0,0,14,0
2021-02-03T23:59:59+01:00,0,2,284,268,775,1138,859,1645,1150,2487,1287,2122,809,762,1103,1688,855,2665,0,0,57,57,172,285,259,443,290,722,372,597,215,206,261,453,226,910,17711,5525,2174,0,0,0,0,14,0
2021-02-02T23:59:59+01:00,0,2,283,262,771,1129,853,1623,1142,2461,1275,2105,802,755,1095,1677,853,2657,0,0,37,35,94,145,150,256,177,452,240,377,141,136,179,276,159,587,17558,3441,2173,0,0,0,0,14,0
2021-02-01T23:59:59+01:00,0,2,281,258,766,1110,845,1604,1137,2432,1271,2070,792,742,1089,1666,848,2641,0,0,13,12,17,31,27,66,48,91,76,105,55,48,66,83,47,198,17367,983,2173,0,0,0,0,14,0
2021-01-31T23:59:59+01:00,0,2,275,256,750,1108,836,1593,1126,2421,1260,2062,786,736,1079,1648,841,2627,0,0,12,12,16,29,25,63,42,86,68,97,52,48,61,76,44,185,17330,916,2063,0,0,0,0,13,0
2021-01-30T23:59:59+01:00,0,2,275,256,750,1107,835,1593,1126,2421,1260,2062,785,736,1069,1641,824,2612,0,0,12,10,15,29,25,63,42,86,67,95,51,47,60,76,44,184,17325,906,2016,0,0,0,0,13,0
2021-01-29T23:59:59+01:00,0,2,273,256,750,1106,835,1593,1126,2421,1260,2061,784,735,1068,1639,824,2610,0,0,10,5,13,27,25,61,41,85,66,95,50,46,60,76,44,184,17316,888,2014,0,0,0,0,13,0
2021-01-28T23:59:59+01:00,0,2,269,252,737,1080,800,1537,1089,2360,1184,2001,743,721,1040,1619,808,2590,0,0,5,0,4,9,10,25,20,37,21,45,22,22,26,49,17,108,17132,420,1687,0,0,0,0,13,0
2021-01-27T23:59:59+01:00,0,2,263,245,714,1048,754,1481,1030,2279,1111,1921,708,694,1026,1596,805,2582,0,0,4,0,4,6,7,21,15,23,14,32,7,9,11,12,5,30,16683,200,1563,0,0,0,0,13,0
2021-01-26T23:59:59+01:00,0,2,239,236,699,1023,746,1433,1010,2205,1084,1856,696,680,1002,1580,795,2563,0,0,4,0,2,6,6,10,13,12,7,11,4,5,7,8,2,17,16633,114,1203,0,0,0,0,13,0
2021-01-25T23:59:59+01:00,0,2,208,221,646,951,694,1311,967,2059,1026,1721,649,624,924,1483,748,2487,0,0,4,0,2,6,6,10,13,12,7,11,4,5,7,8,2,17,16405,114,303,0,0,0,0,13,0
2021-01-24T23:59:59+01:00,0,2,191,215,620,939,676,1296,949,2042,1010,1711,642,618,913,1464,739,2474,0,0,3,0,2,5,6,10,12,12,6,11,4,5,7,8,2,17,16229,110,259,0,0,0,0,13,0
2021-01-23T23:59:59+01:00,0,2,191,215,620,939,676,1296,949,2042,1010,1711,642,618,913,1464,739,2474,0,0,3,0,2,4,6,10,10,12,6,11,4,5,7,8,2,17,16229,107,259,0,0,0,0,13,0
2021-01-22T23:59:59+01:00,0,2,144,197,562,929,658,1281,915,2032,998,1700,637,617,912,1464,739,2474,0,0,3,0,1,4,6,10,10,12,6,11,4,5,7,8,2,17,15989,106,259,0,0,0,0,13,0
2021-01-21T23:59:59+01:00,0,2,139,189,547,908,638,1240,882,1978,977,1653,625,596,900,1432,732,2455,0,0,3,0,0,4,5,10,9,12,6,11,4,5,7,8,2,16,15621,102,259,0,0,0,0,13,0
2021-01-20T23:59:59+01:00,0,2,133,172,500,843,615,1162,819,1868,940,1581,605,578,883,1409,722,2425,0,0,3,0,0,4,5,10,9,12,6,11,3,5,7,8,2,16,14987,101,257,0,0,0,0,13,0
2021-01-19T23:59:59+01:00,0,2,123,154,429,757,552,1033,735,1679,840,1422,558,528,782,1250,640,2165,0,0,3,0,0,4,5,8,9,12,6,11,3,5,7,8,2,16,13446,99,190,0,0,0,0,13,0
2021-01-18T23:59:59+01:00,0,2,105,120,360,606,461,861,604,1419,714,1213,488,462,693,1087,561,1874,0,0,1,0,0,1,1,0,0,0,0,1,0,0,0,1,0,0,11536,5,81,0,0,0,0,13,0
2021-01-17T23:59:59+01:00,0,2,100,118,356,601,460,855,602,1400,707,1203,482,452,666,1056,541,1827,0,0,1,0,0,1,0,0,0,0,0,1,0,0,0,1,0,0,11335,4,80,0,0,0,0,13,0
2021-01-16T23:59:59+01:00,0,2,100,115,354,592,457,850,590,1387,696,1191,467,438,569,931,479,1728,0,0,0,0,0,1,0,0,0,0,0,0,0,0,0,0,0,0,10930,1,3,0,0,0,0,13,0
2021-01-15T23:59:59+01:00,0,2,98,113,349,590,451,845,584,1379,679,1175,451,420,560,919,468,1704,0,0,0,0,0,0,0,0,0,0,0,0,0,0,0,0,0,0,10773,0,1,0,0,0,0,13,0
2021-01-14T23:59:59+01:00,0,0,80,90,294,488,372,680,466,1125,560,995,370,338,441,753,384,1448,0,0,0,0,0,0,0,0,0,0,0,0,0,0,0,0,0,0,8871,0,0,0,0,0,0,13,0
2021-01-13T23:59:59+01:00,0,0,66,67,209,371,296,509,353,843,430,713,260,239,325,566,295,1110,0,0,0,0,0,0,0,0,0,0,0,0,0,0,0,0,0,0,6640,0,0,0,0,0,0,12,0
2021-01-12T23:59:59+01:00,0,0,44,45,130,220,183,315,213,536,287,445,167,155,213,372,203,746,0,0,0,0,0,0,0,0,0,0,0,0,0,0,0,0,0,0,4274,0,0,0,0,0,0,0,0
2021-01-11T23:59:59+01:00,0,0,14,14,45,61,42,95,61,123,99,132,70,61,94,115,58,254,0,0,0,0,0,0,0,0,0,0,0,0,0,0,0,0,0,0,1338,0,0,0,0,0,0,0,0
2021-01-10T23:59:59+01:00,0,0,13,14,32,49,35,77,52,114,84,122,63,57,86,105,55,239,0,0,0,0,0,0,0,0,0,0,0,0,0,0,0,0,0,0,1197,0,0,0,0,0,0,0,0
2021-01-09T23:59:59+01:00,0,0,13,13,28,48,35,76,51,113,82,119,62,56,85,104,53,238,0,0,0,0,0,0,0,0,0,0,0,0,0,0,0,0,0,0,1176,0,0,0,0,0,0,0,0
2021-01-08T23:59:59+01:00,0,0,9,5,28,43,33,73,49,110,81,118,59,52,79,99,49,238,0,0,0,0,0,0,0,0,0,0,0,0,0,0,0,0,0,0,1125,0,0,0,0,0,0,0,0
2021-01-07T23:59:59+01:00,0,0,6,1,10,22,16,39,28,77,35,77,33,27,52,82,33,181,0,0,0,0,0,0,0,0,0,0,0,0,0,0,0,0,0,0,719,0,0,0,0,0,0,0,0
2021-01-06T23:59:59+01:00,0,0,6,0,5,11,11,31,25,43,21,48,27,24,38,56,23,130,0,0,0,0,0,0,0,0,0,0,0,0,0,0,0,0,0,0,499,0,0,0,0,0,0,0,0
2021-01-05T23:59:59+01:00,0,0,5,0,5,10,11,31,25,43,21,48,27,24,38,55,23,130,0,0,0,0,0,0,0,0,0,0,0,0,0,0,0,0,0,0,496,0,0,0,0,0,0,0,0
2021-01-04T23:59:59+01:00,0,0,4,0,2,5,5,11,14,12,6,12,4,5,7,9,2,18,0,0,0,0,0,0,0,0,0,0,0,0,0,0,0,0,0,0,116,0,0,0,0,0,0,0,0
2021-01-03T23:59:59+01:00,0,0,3,0,2,5,5,10,13,12,6,12,4,5,7,9,2,17,0,0,0,0,0,0,0,0,0,0,0,0,0,0,0,0,0,0,112,0,0,0,0,0,0,0,0
2021-01-02T23:59:59+01:00,0,0,3,0,2,5,5,10,11,12,6,12,4,5,7,9,2,17,0,0,0,0,0,0,0,0,0,0,0,0,0,0,0,0,0,0,110,0,0,0,0,0,0,0,0
2021-01-01T23:59:59+01:00,0,0,3,0,1,4,5,10,11,12,6,12,4,5,7,8,2,17,0,0,0,0,0,0,0,0,0,0,0,0,0,0,0,0,0,0,107,0,0,0,0,0,0,0,0
2020-12-31T23:59:59+01:00,0,0,3,0,0,4,5,10,9,12,6,12,4,5,7,8,2,17,0,0,0,0,0,0,0,0,0,0,0,0,0,0,0,0,0,0,104,0,0,0,0,0,0,0,0
2020-12-30T23:59:59+01:00,0,0,3,0,0,4,5,10,9,12,6,12,3,5,7,8,2,17,0,0,0,0,0,0,0,0,0,0,0,0,0,0,0,0,0,0,103,0,0,0,0,0,0,0,0
2020-12-29T23:59:59+01:00,0,0,3,0,0,3,5,8,9,12,6,12,3,5,7,8,2,17,0,0,0,0,0,0,0,0,0,0,0,0,0,0,0,0,0,0,100,0,0,0,0,0,0,0,0
2020-12-28T23:59:59+01:00,0,0,3,0,0,3,5,8,9,12,5,12,3,5,7,8,2,17,0,0,0,0,0,0,0,0,0,0,0,0,0,0,0,0,0,0,99,0,0,0,0,0,0,0,0
2020-12-27T23:59:59+01:00,0,0,1,0,0,0,0,0,0,0,0,1,0,0,2,4,0,8,0,0,0,0,0,0,0,0,0,0,0,0,0,0,0,0,0,0,16,0,0,0,0,0,0,0,0
