Datum,<24_1_m,<24_1_w,25-34_1_m,25-34_1_w,35-44_1_m,35-44_1_w,45-54_1_m,45-54_1_w,55-64_1_m,55-64_1_w,65-74_1_m,65-74_1_w,75-84_1_m,75-84_1_w,>84_1_m,>84_1_w,<24_2_m,<24_2_w,25-34_2_m,25-34_2_w,35-44_2_m,35-44_2_w,45-54_2_m,45-54_2_w,55-64_2_m,55-64_2_w,65-74_2_m,65-74_2_w,75-84_2_m,75-84_2_w,>84_2_m,>84_2_w,bp_1,bp_2,mo_1,mo_2,az_1,az_2,ja
2021-07-07T23:59:59+02:00,19099,18485,28677,26567,30363,30478,36422,37062,40481,40973,27120,30296,19437,24380,5949,10081,7266,7307,14423,14116,16512,18123,24502,26091,31244,32801,24154,26966,18017,22503,5646,9473,292787,205588,43776,28865,77050,52434,12257
2021-07-06T23:59:59+02:00,19002,18410,28634,26520,30314,30434,36384,37027,40447,40943,27103,30271,19426,24367,5947,10078,7070,7093,14138,13821,16243,17851,24183,25825,30971,32563,23970,26756,17972,22436,5641,9466,292231,203629,43774,28509,77049,51608,12253
2021-07-05T23:59:59+02:00,18888,18320,28594,26465,30278,30404,36360,36983,40422,40918,27098,30257,19420,24361,5947,10073,6869,6920,13921,13647,16021,17623,23881,25545,30618,32216,23726,26499,17873,22309,5634,9458,291766,202155,43774,27891,77045,50511,12203
2021-07-04T23:59:59+02:00,18797,18256,28559,26444,30258,30375,36351,36973,40407,40906,27092,30247,19415,24358,5947,10072,6843,6903,13872,13601,15949,17565,23797,25491,30465,32125,23634,26411,17841,22268,5632,9454,291457,201770,43773,27882,77034,50006,12193
2021-07-03T23:59:59+02:00,16676,16199,27409,25534,29471,29671,35716,36368,39917,40482,26936,30084,19349,24272,5939,10055,6465,6667,13366,13304,15555,17271,23442,25216,30168,31933,23538,26322,17809,22232,5628,9450,284069,201510,43731,27807,76952,49723,9326
2021-07-02T23:59:59+02:00,16509,16017,27250,25391,29392,29612,35686,36341,39900,40470,26930,30074,19346,24269,5939,10055,6419,6597,13293,13204,15467,17142,23300,25035,30014,31772,23345,26113,17720,22154,5626,9447,283181,200835,43730,27650,76950,48843,9320
2021-07-01T23:59:59+02:00,16279,15820,27034,25238,29319,29537,35634,36292,39836,40427,26910,30057,19335,24257,5937,10051,6282,6467,12961,12937,14944,16714,22057,24053,29262,31100,23068,25828,17604,22023,5619,9432,282022,197331,43725,26011,76938,47731,9278
2021-06-30T23:59:59+02:00,16150,15697,26927,25158,29254,29469,35583,36241,39794,40391,26895,30026,19325,24240,5933,10051,6097,6292,12542,12566,14386,16179,21448,23479,28675,30579,22649,25364,17474,21840,5612,9420,281228,193190,43722,25987,76931,46172,9253
2021-06-29T23:59:59+02:00,15336,14984,26667,24941,29160,29371,35503,36161,39727,40344,26874,30003,19318,24227,5933,10049,5987,6170,12291,12305,13996,15786,20663,22864,28095,30032,22204,24841,17322,21667,5604,9410,278746,190078,43720,25484,76923,44466,9209
2021-06-28T23:59:59+02:00,14678,14319,26512,24838,29086,29305,35447,36097,39684,40311,26856,29984,19310,24216,5933,10045,5922,6075,12113,12167,13808,15610,20056,22322,27696,29663,21870,24484,17194,21505,5599,9406,276831,188402,43716,24847,76919,43086,9155
2021-06-27T23:59:59+02:00,14259,13879,26449,24780,29046,29270,35425,36075,39667,40298,26845,29977,19308,24213,5932,10044,5885,6031,11999,12054,13666,15485,19509,21854,27092,29166,21586,24140,17070,21376,5596,9405,275724,187575,43714,23341,76908,41877,9121
2021-06-26T23:59:59+02:00,14248,13868,26434,24770,29039,29264,35419,36074,39664,40297,26844,29976,19308,24213,5932,10044,5880,6028,11988,12051,13660,15481,19496,21844,27047,29131,21441,24012,17030,21320,5595,9403,275654,187550,43712,23337,76908,41400,9120
2021-06-25T23:59:59+02:00,12870,12543,24985,23631,28741,29031,35315,35992,39599,40237,26820,29949,19299,24202,5930,10042,5836,5980,11893,11973,13520,15359,19188,21610,26664,28776,21120,23621,16858,21123,5592,9394,269466,186334,43708,23060,76895,39996,9117
2021-06-24T23:59:59+02:00,11854,11665,23887,22761,28382,28685,35168,35832,39487,40134,26786,29899,19288,24180,5928,10038,5622,5750,11440,11561,12946,14772,17668,20224,25037,27191,20357,22773,16544,20718,5582,9384,264306,181401,43692,19470,76891,37613,9085
2021-06-23T23:59:59+02:00,11465,11327,23400,22401,28141,28448,34991,35707,39401,40048,26756,29873,19280,24143,5926,10027,5549,5638,11229,11347,12649,14423,17281,19819,24292,26427,19573,22032,16352,20467,5574,9368,261755,179060,43686,18863,76886,35090,9007
2021-06-22T23:59:59+02:00,11264,11106,23248,22260,28062,28379,34916,35646,39356,40004,26741,29849,19272,24135,5926,10026,5440,5516,10969,11093,12284,14055,16681,19226,23567,25668,19194,21610,16190,20289,5567,9352,260629,176049,43685,18013,76884,33647,8992
2021-06-21T23:59:59+02:00,11002,10911,22423,21596,27815,28161,34852,35585,39292,39962,26726,29831,19266,24126,5926,10025,5322,5411,10757,10873,11979,13740,16293,18882,23122,25204,18905,21301,16086,20170,5561,9350,258072,174602,43680,17009,76878,32476,8869
2021-06-20T23:59:59+02:00,10933,10821,22180,21381,27560,27964,34773,35510,39247,39918,26717,29818,19264,24122,5924,10022,5282,5356,10675,10773,11885,13640,16101,18698,22852,24968,18804,21195,16033,20112,5555,9346,256805,174301,43678,15954,76877,32226,8794
2021-06-19T23:59:59+02:00,10908,10795,22152,21358,27544,27950,34761,35506,39238,39914,26716,29817,19264,24120,5924,10022,5251,5324,10594,10684,11794,13519,15953,18546,22546,24610,18719,21108,16021,20100,5554,9346,256663,174197,43655,14465,76877,32213,8794
2021-06-18T23:59:59+02:00,10860,10744,21844,21042,27281,27740,34709,35470,39208,39891,26708,29808,19263,24117,5924,10020,5236,5314,10566,10656,11754,13472,15892,18486,22461,24515,18553,20927,15976,20034,5553,9341,255306,173808,43653,14465,76876,31669,8794
2021-06-17T23:59:59+02:00,10273,10311,20582,20090,26424,27013,34341,35148,38956,39704,26644,29729,19243,24081,5917,10016,5040,5178,10194,10408,11320,13077,15219,17879,21107,23211,18101,20444,15813,19863,5549,9326,249578,168556,43635,13895,76864,30883,8395
2021-06-16T23:59:59+02:00,9935,9993,19905,19463,25787,26414,34097,34949,38797,39556,26603,29679,19220,24058,5916,10012,4900,5034,9814,10079,10867,12629,14524,17196,20262,22290,17701,20002,15648,19654,5539,9314,245776,164815,43624,12643,76851,29862,8133
2021-06-15T23:59:59+02:00,9678,9746,19615,19220,25567,26220,33968,34844,38700,39477,26575,29644,19213,24043,5911,10008,4797,4926,9576,9871,10639,12376,14106,16771,19668,21718,17388,19621,15430,19427,5530,9303,244028,162770,43616,11574,76845,28863,7940
2021-06-14T23:59:59+02:00,9544,9622,19321,18963,25393,26078,33849,34765,38639,39439,26558,29624,19207,24032,5911,10005,4727,4865,9400,9735,10471,12242,13852,16562,19354,21427,17226,19471,15329,19299,5529,9299,242853,161344,43614,11572,76841,28230,7642
2021-06-13T23:59:59+02:00,9383,9489,19037,18780,25045,25825,33649,34598,38535,39372,26543,29612,19197,24025,5911,10001,4646,4799,9192,9570,10307,12073,13529,16227,19011,21100,17102,19324,15282,19234,5527,9297,241224,160501,43614,11572,76837,26820,7327
2021-06-12T23:59:59+02:00,9374,9476,19024,18767,25045,25820,33649,34595,38532,39371,26543,29612,19197,24025,5911,10001,4643,4789,9182,9515,10275,11974,13481,16077,18957,20968,17006,19215,15176,19141,5525,9295,241179,160475,43614,11570,76833,25858,7316
2021-06-11T23:59:59+02:00,9213,9295,18794,18560,24253,25155,33473,34442,38400,39259,26511,29579,19187,24002,5911,9996,4566,4674,8967,9261,10019,11682,12968,15535,17993,20079,16821,19021,15136,19097,5522,9292,238300,156496,43613,11569,76830,25281,7287
2021-06-10T23:59:59+02:00,8820,8959,18152,18080,23407,24485,33156,34162,38202,39098,26454,29524,19164,23973,5908,9989,4391,4496,8394,8774,9220,10969,11826,14448,16027,18189,15939,18067,14852,18733,5513,9270,234718,146922,42957,11537,76805,23596,7053
2021-06-09T23:59:59+02:00,8360,8440,17335,17360,22273,23454,32677,33704,37927,38886,26348,29421,19119,23918,5898,9976,4256,4383,8108,8509,8978,10719,11499,14086,15547,17649,15568,17638,14611,18449,5506,9260,230792,145114,41075,11496,76769,21696,6460
2021-06-08T23:59:59+02:00,8034,8119,16872,16944,21859,23091,32435,33513,37765,38757,26304,29380,19109,23895,5895,9971,4137,4301,7856,8257,8675,10375,11147,13741,14909,16956,15117,17117,14350,18172,5501,9242,228093,143433,41043,10388,76761,19986,6046
2021-06-07T23:59:59+02:00,7839,7885,16516,16620,21319,22645,32160,33247,37649,38643,26278,29332,19092,23868,5890,9970,4063,4222,7676,8117,8515,10234,10980,13569,14601,16637,14922,16866,14177,17981,5497,9238,226490,142369,40083,10297,76750,18999,5630
2021-06-06T23:59:59+02:00,7733,7773,16384,16474,21126,22438,31938,33024,37517,38539,26250,29309,19079,23852,5890,9964,4036,4187,7630,8000,8464,10106,10877,13426,14407,16423,14740,16688,14088,17861,5490,9232,225276,141894,39783,10287,76733,17976,5498
2021-06-05T23:59:59+02:00,7711,7759,16355,16446,21119,22435,31928,33018,37515,38538,26249,29309,19078,23851,5890,9964,4026,4148,7615,7935,8450,9973,10863,13255,14389,16318,14703,16633,14079,17851,5490,9231,225166,141812,39783,10287,76732,17376,5484
2021-06-04T23:59:59+02:00,7599,7656,16077,16212,20847,22191,31508,32647,37402,38417,26216,29271,19067,23838,5888,9962,4019,4139,7589,7912,8424,9943,10797,13182,14285,16188,14622,16540,14043,17807,5490,9229,223586,141482,39015,9958,76713,17285,5484
2021-06-03T23:59:59+02:00,7351,7430,15206,15436,19222,20807,30601,31727,36901,37960,26086,29138,19023,23787,5882,9944,3960,4101,7502,7841,8303,9845,10632,13000,13721,15623,14366,16232,13959,17705,5487,9216,217013,139290,37447,9855,76704,17011,5337
2021-06-02T23:59:59+02:00,7216,7289,14825,15012,18795,20411,30146,31291,36681,37707,26022,29075,19004,23760,5879,9943,3930,4071,7438,7756,8216,9757,10493,12870,13276,15194,14244,16050,13932,17668,5484,9211,213999,137515,37019,9762,76704,16979,5334
2021-06-01T23:59:59+02:00,6941,7046,14432,14702,18457,20093,29822,30982,36459,37474,25967,28996,18980,23731,5877,9932,3829,3986,7196,7580,7985,9564,10231,12596,12877,14773,13813,15604,13816,17516,5478,9203,211280,135413,36974,9509,76683,16171,4954
2021-05-31T23:59:59+02:00,6781,6856,14214,14470,17755,19493,29483,30647,36162,37212,25878,28900,18954,23677,5867,9919,3751,3877,6990,7335,7762,9280,9890,12217,12440,14258,13286,14992,13618,17287,5469,9188,209863,132256,34931,9187,76667,15390,4807
2021-05-30T23:59:59+02:00,6759,6842,14168,14433,17678,19436,29433,30608,36131,37189,25866,28888,18951,23670,5866,9917,3708,3805,6844,7131,7614,9054,9688,11909,12184,13916,13166,14824,13550,17204,5466,9181,209570,131541,34919,9086,76613,13884,4733
2021-05-29T23:59:59+02:00,6757,6841,14160,14429,17673,19431,29428,30605,36128,37188,25864,28885,18951,23669,5866,9917,3699,3792,6816,7098,7581,9003,9652,11863,12112,13818,13125,14756,13520,17180,5465,9176,209543,131403,34919,9086,76598,13435,4732
2021-05-28T23:59:59+02:00,6747,6828,14145,14413,17656,19410,29417,30593,36117,37170,25863,28881,18949,23665,5866,9917,3685,3768,6794,7057,7547,8951,9599,11759,11872,13548,12936,14565,13490,17140,5462,9173,209393,130114,34918,9085,76595,13416,4731
2021-05-27T23:59:59+02:00,6657,6748,13877,14196,17173,19064,28742,30054,35958,37039,25817,28847,18934,23651,5865,9911,3562,3608,6507,6807,7171,8647,9104,11202,11166,12658,12387,14006,13361,16949,5455,9161,208321,126622,33485,8757,76553,12198,4174
2021-05-26T23:59:59+02:00,6587,6639,13664,13993,16923,18760,28203,29545,35782,36864,25780,28802,18919,23628,5864,9906,3472,3467,6283,6519,6886,8222,8769,10727,10527,11870,11836,13402,13217,16735,5451,9139,206737,123074,32738,8575,76540,11029,3844
2021-05-25T23:59:59+02:00,6506,6545,13461,13773,16661,18551,27482,28900,35692,36769,25756,28773,18907,23612,5859,9905,3423,3376,6139,6351,6741,8033,8545,10436,10184,11507,11492,12928,13112,16572,5448,9131,206032,121242,31291,8435,76057,9969,3772
2021-05-24T23:59:59+02:00,6437,6448,13287,13574,16441,18269,27076,28477,35349,36372,25700,28705,18888,23589,5858,9903,3410,3354,6081,6269,6696,7952,8486,10341,10112,11411,11319,12700,13066,16482,5440,9110,205505,120629,29085,8389,76049,9477,3734
2021-05-23T23:59:59+02:00,6435,6447,13282,13565,16438,18259,27057,28467,35319,36338,25697,28699,18888,23583,5858,9903,3407,3350,6075,6259,6686,7945,8458,10311,10072,11354,11236,12599,13046,16451,5440,9109,205390,120624,29069,7976,76048,9470,3728
2021-05-22T23:59:59+02:00,6427,6443,13275,13554,16432,18255,27054,28466,35316,36332,25697,28699,18888,23583,5858,9903,3406,3350,6072,6256,6685,7941,8454,10309,10067,11351,11225,12585,13041,16447,5439,9109,205339,120584,29069,7976,76046,9449,3728
2021-05-21T23:59:59+02:00,6368,6383,13123,13448,16260,18104,26786,28290,34889,36065,25671,28663,18880,23577,5857,9899,3397,3340,6039,6235,6655,7908,8415,10260,10013,11302,10713,11874,12902,16288,5436,9104,204652,118834,28944,7973,75010,9417,3657
2021-05-20T23:59:59+02:00,6077,6182,12517,13034,15068,17183,24883,26795,33945,35301,25566,28517,18825,23496,5851,9884,3338,3295,5947,6120,6543,7755,8268,10102,9779,10999,10380,11432,12795,16110,5427,9090,199900,116876,27212,7900,72482,9074,3530
2021-05-19T23:59:59+02:00,5874,5941,12003,12577,14365,16480,23936,25984,33321,34707,25456,28427,18789,23440,5844,9872,3262,3222,5786,5950,6353,7517,7993,9824,9477,10620,10068,11018,12717,15965,5425,9082,194229,114977,27174,7705,72469,8453,3144
2021-05-18T23:59:59+02:00,5705,5830,11605,12255,13741,15982,22781,25037,32656,34102,25340,28292,18743,23390,5839,9863,3220,3194,5675,5844,6192,7359,7787,9614,9283,10385,9902,10770,12573,15747,5415,9073,189283,113855,26671,7636,72426,7761,2781
2021-05-17T23:59:59+02:00,5652,5784,11441,12149,13470,15761,21973,24404,32349,33790,25261,28233,18720,23360,5830,9854,3126,3124,5497,5667,6028,7153,7581,9396,9067,10149,9815,10648,12515,15684,5412,9068,187523,113148,25980,7630,72033,6657,2495
2021-05-16T23:59:59+02:00,5625,5764,11380,12094,13385,15681,21366,23858,31735,33262,25220,28190,18710,23345,5829,9854,3122,3102,5483,5598,6001,7095,7554,9296,9035,10065,9799,10630,12512,15681,5412,9068,186758,113040,24440,7624,71615,6304,2485
2021-05-15T23:59:59+02:00,5616,5755,11347,12085,13355,15671,21294,23787,31204,32889,25209,28185,18709,23342,5828,9853,3108,3088,5464,5556,5987,7020,7515,9181,8805,9813,9766,10599,12478,15630,5412,9067,186709,113036,24428,7486,70968,5943,2024
2021-05-14T23:59:59+02:00,5578,5729,11285,12047,13285,15606,20886,23479,30777,32545,25174,28140,18697,23325,5828,9851,3076,3048,5428,5468,5966,6886,7476,8980,8745,9619,9696,10491,12392,15505,5412,9063,185989,112871,24111,7158,70109,5199,2023
2021-05-13T23:59:59+02:00,5424,5573,10909,11753,12572,15019,18709,21738,29236,31087,24943,27896,18630,23253,5826,9848,3065,3015,5404,5429,5949,6830,7452,8910,8702,9560,9484,10252,12199,15209,5407,9054,182054,112522,20326,6358,68028,5033,2008
2021-05-12T23:59:59+02:00,5394,5546,10837,11695,12471,14931,18582,21611,28866,30719,24853,27800,18613,23224,5825,9843,3065,3011,5398,5423,5939,6816,7428,8895,8665,9506,9301,10024,11972,14890,5404,9047,181086,112245,19691,5504,68025,5027,2008
2021-05-11T23:59:59+02:00,5258,5443,10593,11453,12108,14560,17985,20978,27946,29760,24661,27612,18555,23150,5820,9828,3024,2970,5308,5268,5840,6633,7298,8655,8506,9285,9124,9833,11826,14705,5395,9029,177063,111224,18806,5397,67895,4132,1946
2021-05-10T23:59:59+02:00,5133,5363,10382,11259,11850,14306,17662,20647,27527,29353,24552,27505,18517,23103,5812,9824,2955,2917,5191,5152,5727,6531,7175,8514,8380,9178,9020,9710,11736,14578,5392,9021,175064,110697,18123,5386,67670,3156,1938
2021-05-09T23:59:59+02:00,5062,5315,10284,11146,11751,14189,17323,20365,27137,28982,24466,27419,18488,23067,5809,9821,2889,2886,5045,5109,5552,6488,7010,8485,8255,9143,9008,9700,11718,14558,5392,9021,174669,110621,16850,5376,67181,2338,1924
2021-05-08T23:59:59+02:00,5061,5314,10282,11143,11751,14189,17319,20363,27134,28979,24466,27419,18488,23067,5809,9821,2889,2885,5044,5109,5552,6488,7010,8485,8253,9143,9007,9699,11718,14558,5392,9021,174653,110618,16850,5376,67178,2335,1924
2021-05-07T23:59:59+02:00,5026,5288,10214,11088,11623,14067,16923,20090,26498,28424,24418,27368,18471,23033,5802,9791,2880,2878,5029,5103,5542,6474,6999,8474,8245,9132,9001,9691,11707,14536,5384,8993,173820,110604,16848,5375,65662,2295,1794
2021-05-06T23:59:59+02:00,4756,5127,9753,10746,11068,13554,15846,19074,24103,26146,23921,26847,18365,22931,5797,9777,2838,2834,4962,5030,5499,6384,6912,8352,8112,8985,8901,9581,11683,14486,5381,8990,168806,110055,14407,5320,62815,1772,1783
2021-05-05T23:59:59+02:00,4679,5051,9461,10518,10730,13229,15267,18468,23266,25187,23659,26523,18296,22825,5787,9759,2818,2798,4912,4942,5441,6264,6828,8187,7989,8771,8796,9450,11607,14401,5380,8982,165154,109125,13106,5314,62665,1347,1780
2021-05-04T23:59:59+02:00,4595,4960,9287,10313,10523,12989,14882,18071,22725,24625,23445,26250,18224,22746,5779,9746,2809,2764,4885,4867,5409,6150,6779,8049,7906,8621,8695,9344,11536,14344,5378,8979,162903,108662,11987,5305,62510,788,1760
2021-05-03T23:59:59+02:00,4523,4886,9096,10176,10348,12815,14598,17825,22316,24212,23306,26102,18197,22699,5779,9740,2733,2694,4799,4793,5335,6065,6683,7943,7726,8457,8610,9258,11497,14295,5375,8974,161401,108444,11986,5302,62418,678,813
2021-05-02T23:59:59+02:00,4510,4872,9019,10118,10224,12702,14272,17517,22014,23927,23257,26044,18178,22674,5778,9739,2727,2687,4739,4760,5246,5981,6546,7814,7609,8358,8564,9219,11473,14261,5373,8969,160514,108331,11983,5300,62314,661,34
2021-05-01T23:59:59+02:00,4510,4870,9017,10117,10223,12702,14269,17514,22012,23927,23256,26043,18178,22674,5778,9739,2727,2687,4739,4760,5246,5981,6546,7814,7609,8358,8564,9219,11473,14261,5373,8969,160498,108331,11983,5300,62314,661,34
2021-04-30T23:59:59+02:00,4437,4778,8775,9904,9961,12460,13787,17090,21170,23159,23130,25907,18162,22645,5775,9736,2724,2685,4730,4753,5237,5946,6534,7784,7576,8321,8560,9217,11472,14259,5371,8968,156907,108307,11982,5298,61986,531,1
2021-04-29T23:59:59+02:00,4289,4634,8295,9498,9266,11860,12787,16196,19334,21488,22430,25152,18025,22436,5769,9719,2700,2664,4689,4681,5195,5872,6476,7678,7500,8206,8451,9104,11407,14184,5364,8960,147773,107831,11968,5027,61436,272,1
2021-04-28T23:59:59+02:00,4256,4615,8224,9424,9190,11775,12669,16077,19120,21275,22342,25061,17997,22395,5767,9714,2697,2653,4663,4622,5168,5829,6446,7605,7451,8124,8434,9080,11391,14162,5363,8954,147394,107639,11878,4955,60628,47,1
2021-04-27T23:59:59+02:00,4217,4569,8086,9286,9077,11624,12526,15908,18673,20782,22117,24804,17934,22319,5764,9706,2694,2649,4661,4618,5158,5821,6433,7587,7420,8088,8377,9002,11310,14082,5359,8951,146671,107386,10804,4784,59916,39,1
2021-04-26T23:59:59+02:00,4175,4542,7980,9191,8931,11521,12354,15736,18265,20420,21982,24658,17899,22291,5764,9705,2694,2647,4657,4615,5154,5811,6417,7568,7388,8057,8329,8954,11255,14004,5356,8934,145906,107278,10669,4528,58839,34,0
2021-04-25T23:59:59+02:00,4161,4527,7944,9161,8867,11459,12220,15606,17920,20093,21783,24423,17860,22236,5760,9700,2694,2647,4656,4614,5152,5807,6412,7565,7386,8053,8273,8895,11233,13976,5356,8933,144532,107257,10658,4362,58530,33,0
2021-04-24T23:59:59+02:00,4154,4519,7929,9157,8852,11449,12172,15576,17862,20055,21767,24410,17858,22231,5760,9700,2693,2647,4656,4614,5152,5807,6412,7565,7386,8053,8273,8895,11233,13976,5356,8933,144435,107257,10658,4362,58358,32,0
2021-04-23T23:59:59+02:00,4134,4486,7873,9094,8769,11347,11831,15251,17432,19659,21553,24180,17796,22154,5758,9692,2690,2645,4653,4611,5145,5800,6398,7556,7363,8022,8252,8868,11225,13967,5354,8930,143178,107245,10311,4203,57520,31,0
2021-04-22T23:59:59+02:00,4084,4421,7742,8902,8584,11088,11506,14832,16520,18678,20985,23474,17663,21974,5749,9673,2681,2639,4648,4591,5123,5773,6358,7520,7295,7976,8120,8714,11083,13817,5350,8921,139446,106627,10189,3958,56240,24,0
2021-04-21T23:59:59+02:00,4042,4378,7640,8784,8429,10933,11214,14552,15788,17923,20609,23027,17591,21869,5744,9660,2673,2628,4630,4572,5107,5752,6346,7505,7271,7955,8071,8653,11046,13778,5348,8920,136541,106351,10060,3882,55582,22,0
2021-04-20T23:59:59+02:00,4017,4352,7604,8730,8352,10854,11052,14378,15356,17448,20148,22515,17491,21717,5737,9649,2666,2619,4621,4559,5082,5732,6318,7483,7231,7916,7977,8522,10972,13691,5344,8916,134403,105785,9795,3843,55202,21,0
2021-04-19T23:59:59+02:00,3987,4302,7543,8626,8260,10715,10895,14197,15103,17154,19670,21951,17326,21502,5726,9637,2661,2618,4615,4555,5069,5717,6299,7466,7206,7874,7924,8468,10946,13645,5341,8911,132345,105454,9440,3840,54809,21,0
2021-04-18T23:59:59+02:00,3970,4273,7483,8575,8154,10588,10636,13955,14613,16616,19242,21443,17203,21316,5722,9631,2661,2618,4615,4555,5069,5717,6298,7463,7204,7873,7921,8465,10944,13641,5340,8908,129936,105433,9370,3838,54114,21,0
2021-04-17T23:59:59+02:00,3966,4265,7463,8569,8144,10570,10595,13909,14504,16528,19121,21319,17181,21288,5720,9629,2661,2618,4614,4553,5064,5712,6284,7458,7179,7850,7875,8419,10925,13618,5339,8908,129498,105424,9362,3632,53911,21,0
2021-04-16T23:59:59+02:00,3955,4222,7391,8447,8041,10413,10402,13648,13835,15771,18555,20678,17055,21111,5709,9611,2658,2615,4609,4548,5060,5701,6268,7447,7141,7815,7570,8034,10837,13480,5331,8892,126655,104641,9301,3344,52888,21,0
2021-04-15T23:59:59+02:00,3911,4168,7279,8316,7875,10176,10070,13259,13106,14916,17745,19816,16813,20789,5696,9590,2657,2607,4598,4532,5047,5671,6238,7412,7072,7747,7021,7406,10723,13328,5327,8881,123012,103037,9144,3211,51369,19,0
2021-04-14T23:59:59+02:00,3884,4139,7214,8210,7769,10026,9898,13061,12689,14470,17222,19208,16663,20580,5691,9576,2624,2588,4580,4501,5019,5624,6203,7379,7017,7686,6399,6658,10463,13042,5323,8873,121631,100754,8910,3211,49759,14,0
2021-04-13T23:59:59+02:00,3881,4133,7177,8194,7712,9993,9790,13009,12316,14179,16531,18363,16427,20280,5687,9570,2600,2561,4561,4476,4995,5591,6144,7310,6928,7585,6190,6409,9917,12398,5315,8854,120944,98616,8693,3204,47605,14,0
2021-04-12T23:59:59+02:00,3867,4115,7124,8147,7656,9926,9684,12908,12070,13966,16089,17849,16240,20067,5682,9567,2571,2550,4495,4434,4889,5523,6030,7235,6810,7486,5447,5590,9468,11863,5275,8812,120612,95268,8658,3196,45687,14,0
2021-04-11T23:59:59+02:00,3855,4108,7083,8095,7598,9882,9591,12829,11834,13758,15525,17165,15964,19727,5677,9557,2496,2467,4366,4312,4734,5390,5867,7083,6659,7380,5145,5230,9336,11704,5275,8808,120030,93092,8230,3147,43988,13,0
2021-04-10T23:59:59+02:00,3837,4089,7044,8048,7554,9826,9531,12770,11742,13672,15308,16974,15915,19659,5676,9550,1939,1900,3550,3594,3859,4626,4862,6162,5804,6596,4872,4924,9208,11551,5269,8799,119566,84355,8230,3147,43399,13,0
2021-04-09T23:59:59+02:00,3817,4069,7005,8019,7490,9771,9378,12642,11415,13387,14128,15443,15474,19129,5664,9540,1081,1074,2199,2402,2353,3260,3081,4523,4188,5139,4193,4193,8963,11199,5244,8770,117674,68704,8228,3145,40469,13,0
2021-04-08T23:59:59+02:00,3791,4053,6944,7967,7389,9677,9192,12523,11009,13033,12998,14192,15065,18609,5645,9509,580,586,1286,1697,1449,2333,1982,3442,2808,3753,2952,2798,8167,10226,5105,8551,116440,54561,8148,3142,37008,12,0
2021-04-07T23:59:59+02:00,3745,4028,6866,7913,7296,9608,9065,12394,10698,12726,12274,13428,14848,18344,5639,9490,349,368,935,1353,1044,1948,1472,2983,1863,2748,1770,1513,7264,9090,4953,8292,115480,44794,7997,3142,34885,9,0
2021-04-06T23:59:59+02:00,3729,4016,6844,7875,7241,9541,8971,12315,10487,12509,11889,12934,14627,18048,5628,9476,342,354,927,1343,1029,1927,1445,2955,1804,2689,1691,1446,6856,8541,4802,8055,114202,43057,7898,3141,34030,8,0
2021-04-05T23:59:59+02:00,3725,4015,6833,7864,7229,9531,8952,12287,10422,12450,11778,12788,14529,17956,5626,9473,340,348,916,1339,1023,1919,1435,2935,1783,2655,1638,1393,6632,8244,4681,7872,113866,42005,7877,3140,33715,8,0
2021-04-04T23:59:59+02:00,3725,4015,6830,7858,7228,9530,8951,12287,10412,12445,11775,12785,14526,17955,5626,9473,340,347,916,1339,1022,1917,1434,2934,1781,2652,1635,1388,6625,8231,4676,7869,113861,41959,7877,3139,33683,8,0
2021-04-03T23:59:59+02:00,3725,4015,6830,7857,7227,9530,8951,12287,10411,12445,11775,12784,14524,17953,5626,9473,340,346,914,1335,1020,1916,1433,2929,1779,2652,1630,1376,6582,8150,4641,7834,113857,41730,7877,3139,33679,8,0
2021-04-02T23:59:59+02:00,3723,4013,6828,7854,7221,9524,8940,12280,10396,12429,11648,12670,14481,17897,5622,9465,338,344,912,1328,1014,1905,1419,2904,1739,2613,1535,1290,5818,7253,4207,7270,113736,39064,7873,2817,33382,8,0
2021-04-01T23:59:59+02:00,3684,4000,6794,7832,7180,9494,8889,12242,10327,12360,11309,12263,14109,17389,5617,9452,333,341,897,1313,1002,1886,1387,2858,1680,2551,1412,1197,4893,6151,3657,6449,113351,35187,6476,2812,33114,8,0
2021-03-31T23:59:59+02:00,3678,3996,6779,7813,7164,9476,8854,12211,10242,12289,10979,11859,13767,16896,5611,9431,330,338,889,1305,992,1871,1367,2830,1630,2516,1346,1144,4321,5487,3309,5991,112780,32919,5482,2739,32783,8,0
2021-03-30T23:59:59+02:00,3660,3972,6743,7775,7107,9410,8765,12107,10080,12135,10722,11583,13543,16629,5604,9417,326,332,883,1295,985,1865,1344,2824,1604,2490,1320,1118,4202,5365,3249,5897,111961,32548,5232,2543,32059,8,0
2021-03-29T23:59:59+02:00,3651,3950,6717,7753,7067,9357,8669,12012,9899,11928,10289,11115,13170,16164,5587,9384,321,328,879,1285,979,1857,1335,2813,1588,2481,1295,1104,4069,5222,3151,5767,110291,31930,4924,2537,31497,7,0
2021-03-28T23:59:59+02:00,3611,3895,6602,7597,6950,9217,8542,11821,9747,11739,10078,10855,12995,15978,5582,9374,321,328,879,1285,977,1856,1334,2813,1587,2479,1288,1102,4038,5182,3125,5743,109920,31895,4661,2436,30002,6,0
2021-03-27T23:59:59+01:00,3610,3884,6590,7532,6921,9103,8493,11650,9695,11585,9964,10732,12901,15890,5581,9374,321,327,879,1285,977,1854,1334,2811,1583,2478,1286,1100,4012,5147,3112,5728,109911,31793,4661,2435,28933,6,0
2021-03-26T23:59:59+01:00,3604,3876,6562,7495,6892,9030,8445,11538,9604,11457,9916,10669,12855,15835,5574,9354,316,325,878,1282,973,1842,1331,2790,1563,2466,1261,1084,3833,4926,3006,5575,109855,31051,4440,2394,28411,6,0
2021-03-25T23:59:59+01:00,3581,3845,6471,7369,6800,8866,8254,11307,9295,11141,9539,10287,12552,15521,5569,9345,316,324,876,1273,970,1831,1318,2777,1539,2447,1235,1065,3601,4685,2756,5241,109482,29855,4233,2394,26027,5,0
2021-03-24T23:59:59+01:00,3527,3794,6384,7185,6680,8640,8088,11073,9070,10817,9124,9800,12135,15062,5558,9334,316,323,875,1270,965,1829,1311,2773,1523,2431,1228,1055,3536,4613,2576,5021,108971,29248,4098,2394,23202,3,0
2021-03-23T23:59:59+01:00,3509,3761,6336,7129,6605,8582,7970,10944,8822,10584,8703,9332,11682,14542,5549,9320,316,323,874,1260,960,1820,1306,2764,1519,2424,1205,1030,3444,4537,2384,4707,108161,28476,4005,2394,21204,3,0
2021-03-22T23:59:59+01:00,3501,3741,6293,7100,6571,8535,7904,10868,8673,10448,8424,8979,11379,14217,5513,9281,314,318,868,1250,952,1813,1299,2753,1510,2414,1194,1021,3416,4502,2365,4674,107491,28267,4002,2393,19934,3,0
2021-03-21T23:59:59+01:00,3499,3739,6289,7089,6554,8519,7886,10849,8617,10391,8305,8862,11309,14115,5511,9278,312,317,859,1247,945,1807,1290,2751,1506,2410,1190,1018,3407,4487,2351,4665,107406,28166,4001,2393,19405,3,0
2021-03-20T23:59:59+01:00,3492,3701,6281,7018,6539,8382,7861,10665,8573,10255,8227,8776,11271,14076,5511,9278,312,317,859,1247,945,1807,1289,2751,1506,2408,1190,1018,3407,4486,2351,4664,107375,28162,3789,2392,18742,3,0
2021-03-19T23:59:59+01:00,3479,3672,6255,6936,6515,8290,7816,10548,8460,10096,7691,8173,11089,13835,5501,9260,309,316,854,1240,928,1797,1266,2720,1456,2363,1105,951,2744,3700,1938,4096,105768,25388,3490,2392,18358,3,0
2021-03-18T23:59:59+01:00,3468,3654,6214,6895,6482,8230,7753,10464,8346,9968,6739,7088,10812,13535,5490,9235,308,316,851,1236,922,1789,1247,2712,1433,2344,1068,934,2536,3462,1781,3875,102772,24419,3333,2392,18268,3,0
2021-03-17T23:59:59+01:00,3431,3615,6143,6811,6429,8127,7663,10338,8216,9810,6064,6249,10527,13230,5473,9209,307,316,844,1232,918,1777,1233,2690,1415,2320,1033,912,2417,3338,1702,3765,100012,23824,3332,2392,17991,3,0
2021-03-16T23:59:59+01:00,3413,3586,6104,6758,6384,8054,7610,10273,8126,9710,5888,6072,9847,12453,5434,9146,300,307,830,1216,906,1768,1227,2671,1402,2312,1019,893,2205,3099,1569,3571,97809,22902,3322,2390,17727,3,0
2021-03-15T23:59:59+01:00,3376,3554,6008,6679,6255,7962,7469,10154,7997,9585,5136,5239,9403,11906,5391,9076,299,306,827,1212,905,1761,1225,2658,1393,2303,1006,881,2063,2928,1483,3477,94302,22336,3315,2389,17573,2,0
2021-03-14T23:59:59+01:00,3251,3408,5732,6334,5978,7602,7156,9740,7712,9271,4803,4848,9245,11709,5387,9065,299,306,827,1212,904,1761,1223,2657,1391,2300,1004,879,2060,2925,1480,3476,91909,22316,3260,2386,16072,2,0
2021-03-13T23:59:59+01:00,2597,2745,4796,5465,4960,6673,5961,8621,6697,8329,4491,4465,8861,11189,5298,8957,299,306,826,1210,904,1756,1220,2655,1390,2300,1004,878,2036,2889,1450,3441,81224,22176,3260,2386,15621,2,0
2021-03-12T23:59:59+01:00,1771,1925,3460,4314,3455,5343,4215,6982,5064,6825,3826,3762,7612,9643,4796,8276,295,303,824,1206,898,1749,1211,2636,1364,2283,958,853,1688,2426,1181,3087,62419,20574,3258,2386,15592,2,0
2021-03-11T23:59:59+01:00,1271,1449,2560,3576,2551,4406,3122,5894,3703,5442,2650,2485,5919,7533,4032,7100,290,295,808,1197,885,1726,1193,2607,1339,2237,922,833,1533,2196,1058,2899,45149,19630,3256,2386,15288,2,0
2021-03-10T23:59:59+01:00,1047,1231,2194,3215,2176,4015,2671,5455,2799,4476,1521,1286,4570,5819,3473,6331,281,285,790,1178,863,1690,1160,2534,1301,2172,897,813,1353,2006,962,2725,34138,18729,3256,2279,14885,2,0
2021-03-09T23:59:59+01:00,1031,1204,2128,3074,2111,3900,2586,5321,2716,4350,1487,1256,4494,5746,3434,6273,277,278,776,1157,846,1663,1135,2493,1283,2144,883,801,1276,1881,891,2615,33732,18162,3253,2235,14126,2,0
2021-03-08T23:59:59+01:00,1010,1173,2071,2975,2071,3818,2526,5208,2660,4278,1449,1236,4348,5588,3332,6132,277,274,771,1149,844,1654,1127,2485,1276,2128,860,780,1109,1656,766,2449,33041,17372,3253,2232,13581,1,0
2021-03-07T23:59:59+01:00,1005,1154,2032,2932,2029,3777,2486,5143,2619,4241,1444,1233,4341,5580,3329,6132,277,274,771,1149,844,1654,1127,2485,1275,2128,857,780,1100,1646,758,2438,33011,17372,3247,2191,13219,0,0
2021-03-06T23:59:59+01:00,1005,1150,2021,2918,2018,3758,2470,5116,2601,4220,1431,1223,4307,5536,3315,6120,277,274,771,1149,844,1654,1127,2485,1275,2128,857,780,1100,1646,758,2437,32868,17372,3246,2190,13095,0,0
2021-03-05T23:59:59+01:00,1001,1146,2006,2898,1988,3735,2427,5064,2548,4183,1395,1195,4041,5211,3165,5899,275,272,764,1142,839,1647,1124,2477,1272,2118,843,776,1093,1637,757,2435,32129,17281,2915,2190,12858,0,0
2021-03-04T23:59:59+01:00,907,999,1919,2769,1920,3598,2351,4909,2458,4025,1365,1174,3801,4952,2900,5549,275,270,762,1137,837,1640,1123,2470,1269,2112,815,763,1083,1626,750,2423,30879,17188,2911,2167,11806,0,0
2021-03-03T23:59:59+01:00,861,894,1855,2673,1850,3493,2282,4793,2384,3941,1353,1161,3691,4847,2678,5277,274,268,761,1128,834,1622,1117,2428,1259,2086,798,759,1075,1608,743,2416,30207,17162,2795,2014,11031,0,0
2021-03-02T23:59:59+01:00,816,819,1758,2549,1765,3369,2190,4669,2323,3863,1318,1140,3562,4712,2474,4931,274,267,760,1122,831,1619,1113,2423,1255,2076,796,757,1061,1587,732,2397,29483,17057,2605,2013,10170,0,0
2021-03-01T23:59:59+01:00,793,780,1658,2406,1694,3225,2090,4497,2243,3742,1300,1128,3511,4649,2430,4869,274,266,756,1118,830,1607,1109,2411,1250,2066,790,755,1057,1579,730,2395,29230,16980,2521,2013,9264,0,0
2021-02-28T23:59:59+01:00,787,757,1639,2340,1667,3153,2067,4397,2229,3675,1294,1122,3501,4635,2416,4859,274,265,756,1117,830,1602,1109,2409,1250,2061,787,753,1049,1566,726,2385,29124,16959,2519,1980,8895,0,0
2021-02-27T23:59:59+01:00,772,740,1617,2280,1650,3042,2047,4271,2208,3579,1291,1119,3501,4633,2415,4858,274,265,756,1117,830,1601,1109,2409,1250,2060,787,753,1049,1566,726,2384,29119,16957,2518,1979,8386,0,0
2021-02-26T23:59:59+01:00,644,659,1512,2167,1598,2883,1985,4034,2107,3343,1200,1048,2851,3840,1986,4276,274,265,755,1115,829,1600,1109,2407,1248,2057,785,748,1031,1553,716,2368,26326,16883,2518,1977,7289,0,0
2021-02-25T23:59:59+01:00,493,579,1393,2065,1532,2755,1924,3905,2006,3231,1151,1016,2620,3571,1821,4033,257,250,730,1091,787,1532,1063,2309,1175,1967,729,727,1000,1516,704,2340,25258,16791,2491,1386,6346,0,0
2021-02-24T23:59:59+01:00,463,548,1323,1952,1459,2611,1854,3752,1929,3082,1114,986,2481,3434,1742,3914,228,237,704,1046,763,1470,1035,2249,1122,1918,702,704,954,1487,692,2310,24608,16604,2480,1017,5556,0,0
2021-02-23T23:59:59+01:00,408,508,1241,1812,1385,2465,1777,3541,1858,2960,1089,952,2277,3206,1617,3728,223,231,689,1023,752,1431,1013,2206,1097,1877,693,692,945,1473,689,2306,23686,16519,2470,821,4668,0,0
2021-02-22T23:59:59+01:00,395,475,1142,1702,1283,2368,1668,3435,1777,2889,1068,939,2135,3035,1532,3632,212,222,666,972,721,1368,988,2112,1053,1796,651,661,876,1397,652,2249,23113,16331,2466,265,3896,0,0
2021-02-21T23:59:59+01:00,376,459,1041,1671,1131,2344,1513,3412,1676,2871,1060,937,2134,3034,1532,3632,185,216,635,964,710,1360,974,2107,1048,1794,648,658,873,1393,644,2242,23084,16200,2466,251,3273,0,0
2021-02-20T23:59:59+01:00,376,458,1040,1671,1130,2344,1511,3410,1676,2869,1060,936,2133,3034,1531,3631,184,214,632,964,707,1359,968,2104,1046,1794,648,658,873,1393,644,2242,23077,16179,2465,251,3268,0,0
2021-02-19T23:59:59+01:00,371,449,1028,1667,1120,2334,1498,3392,1644,2854,1010,908,1762,2526,1233,3246,163,204,606,960,690,1351,951,2102,1040,1792,645,657,871,1393,643,2241,21333,16058,2465,251,3244,0,0
2021-02-18T23:59:59+01:00,353,430,988,1587,1082,2247,1445,3274,1603,2764,981,885,1588,2283,1104,3040,143,193,567,949,670,1340,917,2086,1016,1772,634,638,850,1365,629,2220,20352,15738,2465,251,2837,0,0
2021-02-17T23:59:59+01:00,331,377,904,1445,975,2047,1310,3019,1491,2544,944,855,1398,2070,1003,2862,137,186,555,918,644,1289,884,2008,966,1696,600,606,843,1339,624,2201,19277,15245,2465,251,1833,0,0
2021-02-16T23:59:59+01:00,325,339,860,1307,923,1858,1249,2794,1425,2383,933,838,1335,1972,936,2766,131,173,541,876,629,1235,858,1946,935,1654,590,596,821,1307,611,2140,18905,14929,2464,114,874,0,0
2021-02-15T23:59:59+01:00,309,299,832,1276,906,1802,1209,2710,1387,2327,905,806,1158,1740,805,2588,122,165,520,848,611,1173,834,1873,912,1577,569,559,803,1270,602,2098,17990,14462,2463,74,606,0,0
2021-02-14T23:59:59+01:00,309,299,831,1276,905,1802,1207,2710,1387,2327,905,806,1158,1740,805,2588,122,165,519,841,607,1168,828,1867,908,1574,568,559,801,1269,601,2095,17989,14418,2463,74,603,0,0
2021-02-13T23:59:59+01:00,309,299,831,1275,905,1799,1207,2708,1387,2325,905,806,1158,1740,805,2588,122,165,519,841,607,1168,826,1864,906,1570,566,559,786,1249,589,2079,17981,14416,2463,0,603,0,0
2021-02-12T23:59:59+01:00,304,298,822,1269,901,1769,1201,2680,1359,2296,903,804,1157,1737,805,2588,122,165,517,838,606,1161,820,1852,900,1557,563,557,772,1238,583,2066,17973,14317,2463,0,457,0,0
2021-02-11T23:59:59+01:00,285,289,807,1234,895,1735,1185,2613,1337,2241,868,791,1147,1725,804,2578,120,151,499,797,584,1097,786,1752,877,1497,550,543,748,1203,568,2035,17860,13807,2462,0,212,0,0
2021-02-10T23:59:59+01:00,282,283,788,1196,882,1705,1173,2567,1322,2199,863,789,1132,1709,799,2562,116,142,433,716,544,1004,712,1634,825,1418,536,527,735,1186,558,2013,17836,13099,2357,0,58,0,0
2021-02-09T23:59:59+01:00,282,280,784,1181,871,1689,1159,2547,1308,2175,849,784,1118,1692,788,2546,99,123,379,630,493,876,635,1438,736,1232,484,449,616,1024,488,1767,17738,11469,2312,0,3,0,0
2021-02-08T23:59:59+01:00,281,280,782,1176,871,1682,1157,2543,1302,2166,843,781,1103,1671,775,2529,89,101,335,542,442,777,547,1234,632,1069,409,377,537,840,395,1457,17632,9783,2309,0,1,0,0
2021-02-07T23:59:59+01:00,280,279,780,1175,870,1682,1157,2542,1302,2163,837,779,1101,1668,774,2527,87,100,333,537,440,773,545,1225,628,1064,404,372,516,817,389,1443,17607,9673,2309,0,0,0,0
2021-02-06T23:59:59+01:00,280,278,780,1175,870,1681,1157,2542,1302,2162,836,778,1099,1662,773,2525,87,99,333,533,439,772,544,1221,626,1063,400,367,468,748,359,1398,17592,9457,2308,0,0,0,0
2021-02-05T23:59:59+01:00,280,278,780,1174,869,1680,1156,2541,1301,2159,829,772,1076,1652,766,2509,81,96,325,527,423,754,518,1189,598,1022,377,340,449,725,345,1358,17514,9127,2308,0,0,0,0
2021-02-04T23:59:59+01:00,277,271,777,1153,857,1658,1143,2513,1287,2135,807,759,1048,1622,759,2493,67,77,255,406,329,589,401,961,485,820,304,276,338,579,280,1134,17274,7301,2285,0,0,0,0
2021-02-03T23:59:59+01:00,276,266,774,1132,855,1632,1136,2463,1274,2105,788,745,1031,1599,750,2479,54,54,169,277,255,439,281,713,360,581,208,196,239,426,196,852,17179,5300,2126,0,0,0,0
2021-02-02T23:59:59+01:00,275,261,770,1124,850,1610,1126,2439,1262,2088,784,738,1022,1588,748,2471,35,34,91,136,147,250,172,445,231,363,134,126,161,256,138,552,17030,3271,2126,0,0,0,0
2021-02-01T23:59:59+01:00,274,258,765,1105,842,1589,1121,2409,1258,2055,776,725,1016,1578,744,2458,11,12,14,24,25,61,44,88,68,99,48,45,56,73,41,184,16847,893,2126,0,0,0,0
2021-01-31T23:59:59+01:00,268,256,749,1103,834,1578,1111,2398,1247,2046,770,719,1006,1561,737,2445,10,12,13,23,23,58,38,83,61,91,45,45,52,66,38,171,16812,829,2016,0,0,0,0
2021-01-30T23:59:59+01:00,268,256,749,1103,833,1578,1111,2398,1247,2046,769,719,1006,1560,737,2444,10,10,13,23,23,58,38,83,60,89,44,44,51,66,38,170,16809,820,2015,0,0,0,0
2021-01-29T23:59:59+01:00,268,256,749,1102,833,1578,1111,2398,1247,2045,768,718,1005,1558,737,2442,9,5,12,23,23,57,36,81,59,89,43,43,51,66,38,170,16802,805,2013,0,0,0,0
2021-01-28T23:59:59+01:00,264,251,737,1077,798,1523,1075,2338,1171,1988,728,704,976,1538,721,2420,4,0,3,5,9,22,18,36,20,45,21,22,23,44,16,101,16624,389,1685,0,0,0,0
2021-01-27T23:59:59+01:00,258,244,714,1045,750,1467,1018,2257,1098,1907,693,677,963,1517,718,2413,3,0,3,3,6,18,14,22,13,32,6,9,10,9,5,27,16175,180,1564,0,0,0,0
2021-01-26T23:59:59+01:00,234,235,697,1021,742,1417,998,2183,1071,1842,681,663,940,1501,708,2394,3,0,1,3,5,8,12,12,6,11,3,5,6,7,2,16,16124,100,1203,0,0,0,0
2021-01-25T23:59:59+01:00,202,220,644,947,690,1294,956,2037,1013,1707,633,608,863,1406,664,2320,3,0,1,3,5,8,12,12,6,11,3,5,6,7,2,16,15898,100,306,0,0,0,0
2021-01-24T23:59:59+01:00,185,214,618,935,672,1280,938,2021,998,1697,625,602,853,1386,655,2307,3,0,1,3,5,8,11,12,5,11,3,5,6,7,2,16,15725,98,261,0,0,0,0
2021-01-23T23:59:59+01:00,185,214,618,935,672,1280,938,2021,998,1697,625,602,853,1386,655,2307,3,0,1,3,5,8,9,12,5,11,3,5,6,7,2,16,15725,96,261,0,0,0,0
2021-01-22T23:59:59+01:00,138,196,560,925,654,1267,904,2011,987,1686,620,601,852,1386,655,2307,3,0,0,3,5,8,9,12,5,11,3,5,6,7,2,16,15488,95,261,0,0,0,0
2021-01-21T23:59:59+01:00,133,188,544,902,633,1227,871,1957,965,1638,610,580,840,1355,648,2288,3,0,0,3,4,8,9,12,5,11,3,5,6,7,2,15,15118,93,261,0,0,0,0
2021-01-20T23:59:59+01:00,128,172,497,837,610,1150,808,1847,929,1565,589,563,822,1332,638,2260,3,0,0,3,4,8,9,12,5,11,3,5,6,7,2,15,14488,93,259,0,0,0,0
2021-01-19T23:59:59+01:00,115,151,423,751,545,1019,723,1648,823,1400,541,508,721,1170,563,2006,3,0,0,3,4,8,9,12,5,11,3,5,6,7,2,15,12916,93,191,0,0,0,0
2021-01-18T23:59:59+01:00,97,119,354,598,454,847,593,1387,697,1194,474,442,637,1012,496,1735,1,0,0,0,0,0,0,0,0,0,0,0,0,1,0,0,11055,2,81,0,0,0,0
2021-01-17T23:59:59+01:00,93,117,350,593,453,842,591,1368,689,1185,469,433,611,983,480,1692,1,0,0,0,0,0,0,0,0,0,0,0,0,1,0,0,10868,2,81,0,0,0,0
2021-01-16T23:59:59+01:00,93,114,348,585,450,837,580,1355,678,1173,454,419,516,857,416,1595,0,0,0,0,0,0,0,0,0,0,0,0,0,0,0,0,10468,0,2,0,0,0,0
2021-01-15T23:59:59+01:00,92,112,343,582,444,832,574,1348,661,1157,438,401,508,845,408,1572,0,0,0,0,0,0,0,0,0,0,0,0,0,0,0,0,10317,0,0,0,0,0,0
2021-01-14T23:59:59+01:00,75,88,286,479,366,670,457,1098,542,975,361,323,402,694,337,1341,0,0,0,0,0,0,0,0,0,0,0,0,0,0,0,0,8494,0,0,0,0,0,0
2021-01-13T23:59:59+01:00,61,65,202,362,290,498,344,817,415,694,251,226,292,518,253,1029,0,0,0,0,0,0,0,0,0,0,0,0,0,0,0,0,6317,0,0,0,0,0,0
2021-01-12T23:59:59+01:00,40,42,121,214,177,308,205,524,275,428,157,143,186,337,174,697,0,0,0,0,0,0,0,0,0,0,0,0,0,0,0,0,4028,0,0,0,0,0,0
2021-01-11T23:59:59+01:00,11,14,41,57,41,89,59,119,90,126,64,58,82,104,51,230,0,0,0,0,0,0,0,0,0,0,0,0,0,0,0,0,1236,0,0,0,0,0,0
2021-01-10T23:59:59+01:00,11,14,29,47,34,71,50,110,77,116,56,54,76,94,48,216,0,0,0,0,0,0,0,0,0,0,0,0,0,0,0,0,1103,0,0,0,0,0,0
2021-01-09T23:59:59+01:00,11,13,26,46,34,71,49,109,75,113,55,53,75,93,46,215,0,0,0,0,0,0,0,0,0,0,0,0,0,0,0,0,1084,0,0,0,0,0,0
2021-01-08T23:59:59+01:00,7,6,26,42,32,68,46,107,74,112,52,49,70,88,42,215,0,0,0,0,0,0,0,0,0,0,0,0,0,0,0,0,1036,0,0,0,0,0,0
2021-01-07T23:59:59+01:00,5,1,9,20,15,35,28,77,33,77,32,27,47,75,29,168,0,0,0,0,0,0,0,0,0,0,0,0,0,0,0,0,678,0,0,0,0,0,0
2021-01-06T23:59:59+01:00,5,0,4,8,10,27,25,43,19,47,26,24,34,52,20,123,0,0,0,0,0,0,0,0,0,0,0,0,0,0,0,0,467,0,0,0,0,0,0
2021-01-05T23:59:59+01:00,5,0,4,8,10,27,25,43,19,47,26,24,34,51,20,123,0,0,0,0,0,0,0,0,0,0,0,0,0,0,0,0,466,0,0,0,0,0,0
2021-01-04T23:59:59+01:00,4,0,1,3,4,8,13,12,5,11,3,5,6,8,2,17,0,0,0,0,0,0,0,0,0,0,0,0,0,0,0,0,102,0,0,0,0,0,0
2021-01-03T23:59:59+01:00,3,0,1,3,4,8,12,12,5,11,3,5,6,8,2,16,0,0,0,0,0,0,0,0,0,0,0,0,0,0,0,0,99,0,0,0,0,0,0
2021-01-02T23:59:59+01:00,3,0,1,3,4,8,10,12,5,11,3,5,6,8,2,16,0,0,0,0,0,0,0,0,0,0,0,0,0,0,0,0,97,0,0,0,0,0,0
2021-01-01T23:59:59+01:00,3,0,0,3,4,8,10,12,5,11,3,5,6,7,2,16,0,0,0,0,0,0,0,0,0,0,0,0,0,0,0,0,95,0,0,0,0,0,0
2020-12-31T23:59:59+01:00,3,0,0,3,4,8,9,12,5,11,3,5,6,7,2,16,0,0,0,0,0,0,0,0,0,0,0,0,0,0,0,0,94,0,0,0,0,0,0
2020-12-30T23:59:59+01:00,3,0,0,3,4,8,9,12,5,11,3,5,6,7,2,16,0,0,0,0,0,0,0,0,0,0,0,0,0,0,0,0,94,0,0,0,0,0,0
2020-12-29T23:59:59+01:00,3,0,0,3,4,8,9,12,5,11,3,5,6,7,2,16,0,0,0,0,0,0,0,0,0,0,0,0,0,0,0,0,94,0,0,0,0,0,0
2020-12-28T23:59:59+01:00,3,0,0,3,4,8,9,12,5,11,3,5,6,7,2,16,0,0,0,0,0,0,0,0,0,0,0,0,0,0,0,0,94,0,0,0,0,0,0
2020-12-27T23:59:59+01:00,1,0,0,0,0,0,0,0,0,0,0,0,1,3,0,7,0,0,0,0,0,0,0,0,0,0,0,0,0,0,0,0,12,0,0,0,0,0,0
