Datum,<24_1_m,<24_1_w,25-34_1_m,25-34_1_w,35-44_1_m,35-44_1_w,45-54_1_m,45-54_1_w,55-64_1_m,55-64_1_w,65-74_1_m,65-74_1_w,75-84_1_m,75-84_1_w,>84_1_m,>84_1_w,<24_2_m,<24_2_w,25-34_2_m,25-34_2_w,35-44_2_m,35-44_2_w,45-54_2_m,45-54_2_w,55-64_2_m,55-64_2_w,65-74_2_m,65-74_2_w,75-84_2_m,75-84_2_w,>84_2_m,>84_2_w,bp_1,bp_2,mo_1,mo_2,az_1,az_2,ja
2021-05-25T23:59:59+02:00,7423,7603,13457,13690,16597,18591,27843,29564,33987,35244,24826,28020,17394,22056,4828,8366,3874,3889,6140,6310,6693,8074,8689,10614,9871,10995,10838,12164,12523,16063,4458,7686,203679,117568,27791,8173,74391,9512,3628
2021-05-24T23:59:59+02:00,7385,7547,13401,13627,16528,18493,27797,29487,33960,35189,24820,28011,17394,22052,4828,8366,3866,3864,6092,6248,6666,8021,8643,10552,9813,10929,10822,12147,12519,16058,4458,7686,203203,117450,27684,8169,74384,9151,3614
2021-05-23T23:59:59+02:00,7382,7546,13396,13618,16525,18483,27776,29476,33927,35148,24819,28004,17394,22048,4828,8366,3863,3860,6084,6238,6658,8015,8615,10519,9771,10864,10739,12047,12503,16036,4458,7686,203075,117445,27670,7756,74383,9147,3608
2021-05-22T23:59:59+02:00,7373,7541,13384,13603,16516,18478,27774,29475,33924,35142,24819,28004,17394,22048,4828,8366,3861,3859,6082,6236,6657,8010,8611,10518,9765,10861,10729,12034,12497,16032,4458,7686,203010,117404,27670,7756,74381,9128,3608
2021-05-21T23:59:59+02:00,7339,7499,13302,13546,16432,18403,27677,29404,33858,35099,24815,27992,17390,22044,4827,8365,3851,3848,6052,6219,6632,7982,8574,10476,9714,10810,10658,11964,12475,16003,4457,7684,202433,116994,27647,7754,74374,9113,3538
2021-05-20T23:59:59+02:00,7008,7266,12725,13152,15194,17470,26112,28091,33266,34633,24726,27860,17357,21988,4824,8356,3798,3792,5976,6120,6537,7843,8424,10335,9501,10511,10451,11671,12407,15899,4453,7677,197868,115445,26844,7719,71876,8791,3440
2021-05-19T23:59:59+02:00,6783,6994,12229,12705,14466,16780,25248,27290,32715,34130,24641,27780,17324,21944,4820,8347,3724,3707,5832,5960,6349,7610,8154,10053,9214,10147,10163,11290,12354,15779,4451,7670,192464,113608,26810,7524,71864,8267,3058
2021-05-18T23:59:59+02:00,6580,6861,11837,12393,13847,16282,24150,26353,32172,33620,24543,27672,17285,21903,4815,8339,3674,3674,5724,5855,6199,7447,7963,9843,9028,9918,9992,11030,12240,15611,4441,7663,187723,112526,26360,7455,71823,7575,2746
2021-05-17T23:59:59+02:00,6520,6811,11663,12283,13558,16049,23334,25693,31899,33369,24484,27624,17262,21875,4808,8333,3565,3578,5543,5688,6040,7252,7758,9618,8826,9694,9914,10925,12193,15553,4438,7661,185983,111849,25688,7450,71434,6487,2460
2021-05-16T23:59:59+02:00,6489,6788,11601,12229,13466,15960,22654,25091,31373,32912,24449,27588,17255,21860,4807,8333,3559,3551,5529,5629,6014,7188,7731,9527,8797,9612,9903,10913,12191,15552,4438,7661,185226,111746,24164,7445,71015,6154,2450
2021-05-15T23:59:59+02:00,6476,6779,11569,12218,13435,15950,22584,25021,30846,32540,24442,27586,17254,21857,4806,8332,3543,3534,5513,5585,6000,7113,7690,9403,8571,9376,9867,10871,12163,15515,4438,7660,185177,111745,24152,7311,70375,5795,1991
2021-05-14T23:59:59+02:00,6435,6748,11503,12180,13362,15877,22146,24692,30457,32233,24417,27545,17242,21843,4806,8330,3507,3490,5477,5490,5981,6979,7648,9183,8515,9211,9785,10748,12094,15415,4438,7659,184469,111587,23836,6986,69521,5057,1990
2021-05-13T23:59:59+02:00,6254,6563,11113,11877,12609,15285,19839,22835,29109,30915,24240,27363,17183,21784,4805,8327,3493,3456,5456,5449,5964,6922,7620,9117,8478,9157,9549,10480,11938,15170,4434,7652,180602,111258,20084,6208,67440,4894,1975
2021-05-12T23:59:59+02:00,6220,6534,11039,11815,12504,15189,19711,22708,28714,30514,24188,27311,17170,21759,4804,8322,3493,3452,5449,5443,5955,6907,7593,9097,8440,9105,9340,10218,11762,14916,4431,7647,179637,110985,19453,5400,67437,4888,1975
2021-05-11T23:59:59+02:00,6062,6419,10803,11562,12134,14813,19073,22046,27839,29609,24046,27165,17125,21692,4799,8307,3446,3400,5364,5287,5857,6724,7454,8858,8282,8898,9162,10018,11643,14756,4422,7633,175693,109991,18578,5294,67310,4006,1913
2021-05-10T23:59:59+02:00,5919,6323,10591,11360,11880,14563,18742,21688,27442,29237,23952,27077,17088,21650,4795,8304,3367,3339,5257,5184,5745,6623,7332,8729,8160,8799,9054,9885,11565,14644,4420,7626,173725,109466,17895,5283,67086,3075,1905
2021-05-09T23:59:59+02:00,5839,6260,10492,11253,11771,14442,18372,21368,27095,28905,23877,26997,17060,21624,4793,8301,3291,3306,5111,5142,5569,6583,7174,8699,8042,8767,9046,9873,11549,14629,4420,7626,173336,109392,16628,5274,66594,2270,1891
2021-05-08T23:59:59+02:00,5837,6258,10491,11251,11771,14442,18369,21367,27093,28903,23877,26997,17060,21624,4793,8301,3291,3305,5110,5142,5569,6583,7174,8699,8040,8767,9045,9872,11549,14629,4420,7626,173321,109389,16628,5274,66594,2267,1891
2021-05-07T23:59:59+02:00,5799,6231,10413,11190,11645,14323,17908,21045,26531,28393,23844,26960,17049,21593,4787,8277,3279,3297,5102,5136,5560,6571,7162,8687,8034,8761,9040,9862,11541,14608,4413,7605,172506,109375,16626,5273,65083,2237,1773
2021-05-06T23:59:59+02:00,5511,6037,9918,10834,11094,13820,16729,19965,24202,26110,23474,26588,16962,21507,4782,8267,3227,3253,5044,5057,5518,6488,7083,8568,7915,8629,8948,9761,11521,14569,4410,7603,167554,108883,14234,5219,62250,1730,1762
2021-05-05T23:59:59+02:00,5419,5939,9601,10607,10768,13477,16111,19319,23391,25182,23253,26303,16904,21421,4774,8253,3206,3213,4995,4967,5459,6361,6992,8401,7792,8428,8849,9623,11458,14501,4409,7595,163920,107962,12944,5213,62099,1315,1759
2021-05-04T23:59:59+02:00,5323,5837,9434,10411,10570,13230,15722,18900,22868,24645,23062,26064,16848,21364,4766,8244,3196,3170,4968,4898,5424,6240,6944,8264,7710,8281,8752,9519,11397,14457,4407,7593,161766,107504,11836,5206,61946,770,1740
2021-05-03T23:59:59+02:00,5236,5751,9246,10277,10402,13048,15421,18649,22478,24239,22943,25941,16824,21324,4766,8239,3112,3092,4880,4826,5357,6148,6843,8160,7524,8117,8684,9442,11360,14418,4404,7589,160293,107290,11835,5203,61853,660,803
2021-05-02T23:59:59+02:00,5219,5735,9163,10216,10271,12926,15055,18313,22228,23993,22897,25897,16811,21299,4765,8238,3102,3085,4812,4788,5263,6056,6699,8029,7428,8033,8639,9406,11341,14386,4402,7584,159416,107181,11832,5201,61750,643,28
2021-05-01T23:59:59+02:00,5219,5733,9160,10215,10270,12926,15052,18310,22226,23993,22896,25896,16811,21299,4765,8238,3102,3085,4812,4788,5263,6056,6699,8029,7428,8033,8639,9406,11341,14386,4402,7584,159399,107181,11832,5201,61750,643,28
2021-04-30T23:59:59+02:00,5139,5626,8902,9993,10019,12686,14526,17849,21415,23239,22829,25814,16795,21275,4763,8235,3099,3083,4804,4778,5255,6024,6688,7994,7397,8005,8638,9404,11341,14384,4400,7583,155849,107160,11832,5199,61423,517,1
2021-04-29T23:59:59+02:00,4963,5453,8388,9569,9341,12099,13441,16854,19640,21619,22219,25147,16696,21108,4758,8220,3072,3053,4766,4711,5211,5942,6628,7892,7321,7892,8527,9288,11282,14321,4394,7577,146816,106685,11818,4928,60880,263,1
2021-04-28T23:59:59+02:00,4924,5430,8311,9492,9265,12011,13322,16716,19432,21429,22142,25059,16674,21073,4756,8217,3067,3034,4739,4659,5183,5894,6599,7816,7271,7819,8513,9264,11269,14301,4393,7572,146438,106495,11730,4858,60084,39,1
2021-04-27T23:59:59+02:00,4869,5366,8174,9360,9159,11861,13158,16537,18991,20918,21940,24838,16625,21013,4753,8210,3064,3028,4737,4657,5176,5885,6585,7799,7238,7784,8442,9170,11207,14238,4389,7569,145722,106245,10669,4690,59380,32,1
2021-04-26T23:59:59+02:00,4817,5328,8066,9272,9021,11752,12954,16354,18596,20553,21822,24705,16604,20995,4753,8210,3064,3026,4733,4653,5171,5880,6572,7781,7211,7757,8392,9121,11163,14169,4386,7557,144961,106170,10534,4439,58307,27,0
2021-04-25T23:59:59+02:00,4802,5310,8026,9233,8955,11682,12796,16210,18250,20209,21644,24494,16570,20952,4749,8205,3064,3026,4732,4653,5168,5876,6569,7778,7207,7752,8337,9057,11142,14147,4386,7556,143594,106150,10524,4274,57969,26,0
2021-04-24T23:59:59+02:00,4795,5302,8011,9228,8941,11673,12743,16177,18195,20171,21631,24485,16568,20947,4749,8205,3063,3026,4732,4653,5168,5876,6569,7778,7207,7752,8337,9057,11142,14147,4386,7556,143499,106150,10524,4274,57798,25,0
2021-04-23T23:59:59+02:00,4775,5264,7953,9160,8850,11572,12352,15811,17802,19784,21446,24294,16511,20879,4748,8198,3061,3024,4728,4651,5159,5868,6557,7767,7182,7719,8318,9033,11136,14140,4384,7553,142254,106140,10179,4116,56966,24,0
2021-04-22T23:59:59+02:00,4715,5183,7827,8964,8643,11305,12013,15367,16847,18735,20945,23699,16412,20734,4740,8186,3051,3016,4723,4632,5134,5843,6514,7730,7120,7676,8185,8877,11014,14004,4381,7547,138564,105537,10061,3892,55690,18,0
2021-04-21T23:59:59+02:00,4669,5132,7721,8839,8482,11150,11692,15062,16075,17901,20649,23367,16364,20645,4735,8176,3039,3003,4708,4617,5115,5822,6504,7715,7097,7656,8133,8815,10983,13969,4379,7546,135690,105266,9932,3818,55037,17,0
2021-04-20T23:59:59+02:00,4644,5105,7684,8784,8399,11067,11521,14883,15598,17382,20243,22891,16286,20528,4728,8165,3033,2994,4701,4604,5087,5802,6478,7695,7055,7617,8026,8672,10928,13899,4375,7543,133579,104709,9670,3783,54659,17,0
2021-04-19T23:59:59+02:00,4611,5040,7624,8686,8298,10922,11361,14699,15317,17068,19784,22336,16148,20351,4717,8157,3028,2993,4696,4597,5075,5788,6461,7679,7030,7572,7966,8609,10910,13866,4373,7540,131531,104385,9315,3781,54273,17,0
2021-04-18T23:59:59+02:00,4590,5010,7562,8629,8183,10786,11064,14442,14841,16509,19380,21864,16050,20194,4715,8153,3028,2993,4696,4597,5075,5788,6460,7676,7027,7570,7964,8605,10907,13863,4373,7537,129147,104363,9246,3779,53579,17,0
2021-04-17T23:59:59+02:00,4585,5002,7543,8622,8173,10767,11020,14393,14729,16410,19264,21754,16032,20171,4714,8152,3028,2993,4694,4595,5070,5784,6444,7668,7004,7547,7916,8559,10891,13843,4372,7537,128713,104356,9239,3572,53379,17,0
2021-04-16T23:59:59+02:00,4570,4947,7467,8499,8077,10606,10784,14112,14037,15620,18752,21162,15932,20040,4708,8144,3025,2990,4688,4590,5067,5772,6424,7658,6954,7494,7621,8186,10812,13724,4365,7524,125891,103593,9190,3284,52376,17,0
2021-04-15T23:59:59+02:00,4520,4882,7349,8364,7903,10357,10438,13683,13241,14720,18000,20358,15749,19774,4694,8130,3024,2982,4678,4573,5054,5742,6392,7622,6870,7408,7067,7552,10742,13632,4361,7514,122264,102046,9035,3152,50863,15,0
2021-04-14T23:59:59+02:00,4490,4842,7283,8255,7798,10212,10248,13473,12803,14242,17497,19767,15630,19617,4690,8117,2986,2961,4661,4538,5028,5701,6357,7586,6815,7348,6340,6675,10606,13493,4357,7507,120896,99796,8804,3152,49264,11,0
2021-04-13T23:59:59+02:00,4486,4834,7239,8238,7744,10178,10133,13415,12378,13901,16824,18921,15459,19396,4686,8111,2962,2931,4643,4514,4999,5663,6299,7516,6721,7247,6125,6408,10154,12939,4350,7493,120225,97808,8586,3145,47132,11,0
2021-04-12T23:59:59+02:00,4469,4816,7189,8187,7689,10104,10015,13310,12100,13640,16394,18415,15316,19235,4681,8109,2931,2916,4568,4471,4898,5593,6188,7444,6577,7126,5340,5546,9774,12474,4323,7456,119892,94477,8552,3137,45225,11,0
2021-04-11T23:59:59+02:00,4452,4807,7145,8135,7634,10058,9916,13223,11841,13404,15801,17704,15110,18974,4677,8101,2846,2824,4430,4347,4758,5469,6013,7276,6436,7025,5020,5178,9676,12346,4323,7452,119318,92318,8125,3091,43539,10,0
2021-04-10T23:59:59+02:00,4430,4782,7107,8088,7586,10006,9851,13164,11753,13305,15581,17516,15074,18921,4676,8096,2203,2188,3602,3647,3895,4679,4970,6339,5665,6312,4763,4884,9573,12214,4317,7444,118857,83594,8125,3091,42954,10,0
2021-04-09T23:59:59+02:00,4407,4761,7067,8060,7517,9944,9687,13028,11346,12928,14420,15990,14728,18510,4666,8088,1232,1263,2234,2424,2369,3299,3119,4662,4218,4961,4113,4182,9361,11921,4298,7420,116989,67977,8123,3089,40035,10,0
2021-04-08T23:59:59+02:00,4378,4742,7006,8008,7420,9840,9480,12900,10883,12516,13294,14735,14411,18081,4649,8062,648,716,1315,1702,1451,2350,2003,3555,2833,3550,2918,2841,8627,11024,4197,7253,115771,53887,8044,3086,36590,10,0
2021-04-07T23:59:59+02:00,4327,4710,6924,7955,7330,9775,9342,12749,10549,12183,12581,13982,14249,17869,4644,8045,395,467,945,1354,1038,1964,1485,3087,1814,2444,1777,1578,7799,9963,4086,7066,114828,44168,7893,3086,34493,8,0
2021-04-06T23:59:59+02:00,4312,4695,6901,7919,7276,9707,9244,12669,10324,11944,12196,13479,14077,17640,4634,8034,387,451,938,1346,1022,1941,1459,3057,1753,2387,1698,1503,7361,9382,3985,6896,113600,42474,7795,3085,33656,7,0
2021-04-05T23:59:59+02:00,4306,4694,6890,7908,7265,9696,9221,12640,10260,11878,12075,13330,13996,17562,4632,8033,385,446,926,1342,1017,1932,1447,3037,1731,2350,1643,1449,7111,9051,3904,6764,113271,41444,7774,3084,33341,7,0
2021-04-04T23:59:59+02:00,4306,4694,6887,7901,7264,9695,9220,12640,10249,11873,12072,13327,13994,17562,4632,8033,385,445,926,1342,1016,1930,1446,3036,1730,2346,1640,1445,7103,9037,3900,6762,113266,41398,7774,3084,33309,7,0
2021-04-03T23:59:59+02:00,4306,4694,6887,7900,7264,9695,9220,12640,10249,11873,12072,13326,13992,17560,4632,8033,385,444,923,1338,1015,1929,1445,3031,1728,2344,1633,1432,7057,8952,3870,6735,113262,41170,7774,3084,33307,7,0
2021-04-02T23:59:59+02:00,4303,4692,6886,7897,7257,9688,9211,12633,10228,11852,11944,13207,13955,17513,4628,8026,383,441,921,1331,1008,1918,1429,3004,1685,2303,1522,1337,6234,7970,3517,6269,113140,38500,7770,2765,33010,7,0
2021-04-01T23:59:59+02:00,4261,4679,6847,7878,7220,9658,9160,12592,10155,11771,11553,12730,13647,17102,4624,8016,378,436,903,1314,998,1901,1393,2952,1619,2239,1402,1241,5210,6744,3075,5585,112752,34623,6394,2760,32747,7,0
2021-03-31T23:59:59+02:00,4253,4673,6833,7860,7204,9639,9122,12556,10059,11698,11188,12263,13372,16699,4618,8000,375,433,893,1306,991,1886,1370,2925,1569,2200,1324,1176,4599,6006,2783,5218,112183,32360,5437,2687,32417,7,0
2021-03-30T23:59:59+02:00,4230,4645,6797,7823,7151,9574,9024,12442,9894,11544,10912,11952,13185,16481,4611,7988,370,427,888,1295,980,1880,1349,2917,1542,2178,1298,1150,4469,5875,2736,5135,111362,31990,5191,2492,31700,7,0
2021-03-29T23:59:59+02:00,4220,4622,6769,7798,7108,9518,8925,12341,9683,11324,10448,11430,12883,16095,4597,7961,365,422,884,1286,974,1872,1338,2906,1524,2169,1275,1134,4326,5705,2651,5033,109696,31372,4883,2486,31143,6,0
2021-03-28T23:59:59+02:00,4167,4555,6657,7643,6994,9377,8797,12144,9530,11139,10227,11147,12731,15948,4594,7953,365,422,884,1286,972,1871,1337,2906,1523,2167,1268,1132,4292,5661,2629,5013,109324,31338,4620,2385,29659,5,0
2021-03-27T23:59:59+01:00,4165,4537,6646,7581,6964,9251,8746,11971,9478,11002,10100,11017,12657,15875,4594,7953,365,422,884,1286,972,1869,1336,2904,1520,2166,1265,1129,4265,5626,2618,4999,109317,31237,4620,2384,28600,5,0
2021-03-26T23:59:59+01:00,4160,4527,6615,7544,6933,9172,8696,11853,9388,10881,10049,10959,12623,15824,4587,7937,361,420,882,1283,968,1856,1330,2883,1502,2158,1237,1110,4078,5389,2524,4866,109261,30498,4400,2344,28087,5,0
2021-03-25T23:59:59+01:00,4134,4485,6523,7414,6832,9004,8495,11619,9082,10564,9655,10549,12364,15566,4583,7929,361,418,880,1276,964,1845,1316,2864,1478,2142,1208,1092,3829,5120,2335,4599,108887,29378,4191,2344,25720,5,0
2021-03-24T23:59:59+01:00,4068,4411,6439,7236,6709,8772,8322,11371,8842,10249,9209,10023,12017,15180,4574,7922,361,417,879,1274,958,1843,1310,2855,1461,2129,1201,1082,3754,5043,2169,4387,108381,28777,4059,2343,22904,3,0
2021-03-23T23:59:59+01:00,4049,4375,6391,7183,6627,8702,8203,11240,8581,10012,8759,9493,11627,14752,4566,7910,361,416,877,1263,953,1836,1305,2846,1460,2117,1175,1064,3664,4958,2015,4143,107578,28107,3965,2343,20927,3,0
2021-03-22T23:59:59+01:00,4035,4355,6355,7150,6593,8657,8130,11161,8427,9852,8447,9126,11367,14472,4540,7875,358,410,872,1251,945,1831,1296,2838,1452,2106,1163,1055,3632,4919,2001,4116,106910,27900,3963,2342,19669,3,0
2021-03-21T23:59:59+01:00,4034,4351,6350,7139,6577,8642,8107,11141,8362,9790,8336,8996,11302,14390,4538,7872,356,409,863,1247,936,1826,1290,2836,1448,2101,1159,1053,3623,4903,1987,4108,106823,27800,3962,2342,19142,3,0
2021-03-20T23:59:59+01:00,4026,4304,6340,7066,6563,8499,8080,10948,8317,9679,8255,8909,11271,14355,4538,7872,356,409,863,1247,936,1826,1289,2836,1448,2099,1159,1053,3623,4901,1987,4108,106792,27796,3749,2341,18481,3,0
2021-03-19T23:59:59+01:00,4013,4269,6313,6983,6537,8405,8030,10834,8181,9494,7721,8315,11118,14151,4530,7859,353,408,857,1239,920,1815,1264,2806,1394,2052,1071,977,2900,4031,1646,3636,105201,25025,3449,2341,18103,3,0
2021-03-18T23:59:59+01:00,4001,4249,6270,6942,6505,8338,7960,10749,8037,9333,6743,7198,10920,13938,4519,7841,352,408,853,1235,913,1809,1247,2796,1369,2032,1029,960,2676,3753,1515,3458,102238,24061,3291,2341,18014,3,0
2021-03-17T23:59:59+01:00,3958,4207,6202,6855,6444,8232,7864,10618,7910,9173,5955,6219,10769,13783,4503,7820,351,408,847,1229,910,1797,1234,2778,1344,2009,1002,936,2562,3630,1470,3376,99476,23539,3290,2341,17746,3,0
2021-03-16T23:59:59+01:00,3938,4171,6164,6801,6396,8165,7806,10546,7822,9080,5771,6011,10174,13105,4469,7768,343,398,835,1213,898,1788,1228,2761,1331,2001,988,915,2334,3361,1357,3213,97424,22622,3280,2339,17483,3,0
2021-03-15T23:59:59+01:00,3900,4139,6059,6722,6270,8065,7664,10428,7666,8938,4986,5134,9799,12620,4433,7712,342,397,832,1209,897,1780,1225,2749,1323,1992,972,901,2179,3175,1284,3137,93925,22054,3273,2338,17337,2,0
2021-03-14T23:59:59+01:00,3751,3954,5780,6390,6009,7721,7339,9981,7397,8651,4641,4739,9673,12457,4430,7701,342,397,832,1209,896,1780,1223,2748,1321,1989,971,899,2176,3171,1281,3137,91546,22035,3220,2335,15848,2,0
2021-03-13T23:59:59+01:00,3006,3213,4828,5535,5003,6780,6101,8843,6489,7806,4346,4381,9304,11953,4365,7619,342,397,831,1207,896,1775,1222,2746,1320,1989,971,898,2144,3130,1259,3107,80867,21897,3220,2335,15485,2,0
2021-03-12T23:59:59+01:00,2064,2295,3469,4356,3491,5435,4287,7155,5019,6420,3683,3695,8012,10337,3971,7082,338,393,827,1203,892,1769,1215,2728,1293,1971,924,872,1743,2613,1045,2811,62096,20300,3218,2335,15457,2,0
2021-03-11T23:59:59+01:00,1481,1753,2560,3600,2575,4488,3176,6034,3644,5009,2572,2474,6231,8115,3379,6137,333,385,811,1194,879,1745,1196,2698,1269,1930,886,848,1568,2357,943,2650,44851,19355,3216,2335,15161,2,0
2021-03-10T23:59:59+01:00,1232,1508,2188,3228,2191,4097,2710,5606,2664,3936,1480,1290,4872,6372,2938,5533,323,377,796,1178,859,1704,1164,2639,1237,1875,861,829,1378,2137,859,2508,33862,18459,3216,2263,14767,2,0
2021-03-09T23:59:59+01:00,1210,1464,2123,3091,2126,3984,2626,5463,2584,3826,1448,1263,4794,6293,2904,5484,316,368,785,1158,838,1673,1140,2601,1221,1850,846,814,1285,2006,806,2406,33456,17892,3213,2219,14014,2,0
2021-03-08T23:59:59+01:00,1182,1428,2071,2993,2081,3898,2566,5349,2531,3768,1409,1241,4640,6107,2816,5372,316,363,781,1152,835,1664,1133,2593,1210,1831,827,789,1096,1761,704,2267,32765,17105,3213,2216,13474,1,0
2021-03-07T23:59:59+01:00,1175,1408,2030,2949,2040,3856,2527,5280,2494,3741,1403,1238,4634,6099,2813,5372,316,363,781,1152,835,1664,1133,2593,1209,1831,823,789,1088,1750,696,2257,32735,17105,3208,2175,13116,0,0
2021-03-06T23:59:59+01:00,1173,1404,2022,2934,2027,3837,2512,5250,2475,3723,1390,1225,4601,6059,2802,5361,316,363,781,1152,835,1664,1133,2593,1209,1831,823,789,1088,1750,696,2256,32593,17105,3208,2174,12994,0,0
2021-03-05T23:59:59+01:00,1167,1400,2004,2914,1997,3809,2471,5196,2425,3694,1349,1194,4320,5710,2673,5170,314,360,773,1146,831,1657,1130,2585,1206,1823,811,785,1081,1741,695,2254,31855,17018,2878,2174,12760,0,0
2021-03-04T23:59:59+01:00,1064,1234,1918,2796,1931,3671,2395,5031,2338,3559,1318,1172,4059,5420,2469,4889,314,358,771,1142,829,1651,1129,2576,1201,1819,795,778,1071,1730,688,2243,30674,16944,2874,2151,11716,0,0
2021-03-03T23:59:59+01:00,1009,1117,1857,2700,1865,3572,2326,4917,2267,3484,1308,1157,3935,5307,2263,4627,313,353,770,1135,826,1629,1123,2534,1187,1799,782,774,1062,1708,681,2235,30005,16912,2759,1999,10947,0,0
2021-03-02T23:59:59+01:00,957,1030,1765,2576,1775,3452,2240,4793,2204,3413,1280,1138,3793,5156,2101,4349,313,351,769,1129,823,1627,1119,2529,1182,1789,780,771,1047,1685,672,2219,29361,16807,2570,1998,10091,0,0
2021-03-01T23:59:59+01:00,923,966,1670,2443,1703,3309,2138,4625,2135,3307,1261,1128,3738,5086,2063,4296,312,350,766,1126,822,1614,1114,2517,1177,1782,775,768,1039,1673,667,2214,29111,16718,2486,1998,9194,0,0
2021-02-28T23:59:59+01:00,914,937,1652,2379,1674,3230,2118,4533,2121,3241,1256,1124,3728,5071,2049,4287,312,350,766,1125,822,1613,1114,2517,1176,1781,773,767,1030,1658,664,2206,29005,16709,2484,1965,8825,0,0
2021-02-27T23:59:59+01:00,896,915,1631,2314,1659,3118,2095,4397,2102,3165,1253,1122,3728,5069,2048,4286,312,350,766,1125,822,1612,1114,2517,1176,1780,773,767,1030,1658,664,2206,28998,16707,2483,1965,8317,0,0
2021-02-26T23:59:59+01:00,748,826,1541,2195,1606,2963,2031,4140,1998,2950,1160,1048,3016,4192,1692,3801,312,350,764,1124,822,1611,1114,2513,1174,1779,770,762,1010,1641,657,2194,26201,16633,2483,1964,7223,0,0
2021-02-25T23:59:59+01:00,575,738,1440,2088,1539,2838,1964,4008,1904,2841,1109,1022,2765,3877,1554,3606,294,332,735,1100,780,1541,1066,2409,1104,1698,721,745,979,1599,646,2172,25132,16544,2453,1377,6283,0,0
2021-02-24T23:59:59+01:00,538,699,1367,1977,1478,2688,1886,3860,1833,2709,1078,994,2631,3742,1511,3517,264,312,709,1059,758,1478,1033,2348,1054,1654,694,722,941,1566,634,2147,24568,16364,2442,1009,5498,0,0
2021-02-23T23:59:59+01:00,478,649,1284,1833,1411,2534,1803,3654,1771,2598,1054,964,2409,3482,1407,3363,258,303,695,1035,746,1442,1010,2304,1032,1614,685,712,930,1552,633,2143,23649,16280,2432,814,4613,0,0
2021-02-22T23:59:59+01:00,463,610,1180,1722,1305,2442,1703,3543,1689,2537,1035,949,2255,3295,1334,3285,247,288,667,983,718,1375,983,2211,989,1539,648,684,859,1471,602,2093,23072,16094,2428,263,3847,0,0
2021-02-21T23:59:59+01:00,439,591,1071,1692,1154,2418,1550,3521,1596,2521,1031,947,2254,3294,1334,3285,216,281,640,976,707,1366,969,2206,986,1537,645,682,854,1467,596,2086,23043,15964,2428,250,3227,0,0
2021-02-20T23:59:59+01:00,439,590,1070,1692,1153,2418,1549,3520,1596,2519,1031,946,2253,3294,1333,3284,215,279,636,976,704,1365,962,2203,985,1537,645,682,854,1467,596,2086,23037,15942,2427,250,3223,0,0
2021-02-19T23:59:59+01:00,432,580,1061,1689,1142,2408,1537,3503,1564,2501,979,917,1826,2729,1090,2959,192,269,610,972,687,1356,948,2201,979,1536,642,681,852,1467,595,2084,21290,15821,2427,250,3200,0,0
2021-02-18T23:59:59+01:00,411,556,1016,1604,1107,2322,1487,3380,1526,2424,948,892,1626,2458,987,2781,171,257,572,961,662,1345,914,2183,960,1517,631,664,831,1435,587,2073,20304,15513,2427,250,2794,0,0
2021-02-17T23:59:59+01:00,380,490,931,1464,994,2099,1352,3137,1420,2219,915,868,1426,2213,899,2636,164,250,556,926,641,1290,876,2109,914,1443,598,634,825,1413,583,2054,19227,15026,2427,250,1789,0,0
2021-02-16T23:59:59+01:00,372,441,887,1323,941,1905,1283,2919,1359,2071,907,854,1351,2106,846,2549,155,234,544,883,622,1238,853,2045,883,1406,588,621,805,1382,570,1995,18853,14710,2426,114,835,0,0
2021-02-15T23:59:59+01:00,353,397,862,1292,921,1845,1238,2835,1325,2016,882,824,1151,1852,738,2398,146,224,522,853,603,1176,830,1970,859,1331,568,586,787,1343,562,1958,17937,14244,2425,74,567,0,0
2021-02-14T23:59:59+01:00,352,397,861,1292,920,1845,1236,2835,1325,2016,882,824,1151,1852,738,2398,146,223,521,847,598,1171,826,1966,856,1328,566,586,786,1342,562,1955,17936,14205,2425,74,563,0,0
2021-02-13T23:59:59+01:00,352,397,861,1291,920,1842,1236,2833,1325,2014,882,824,1151,1852,738,2398,146,223,521,847,598,1171,824,1962,854,1326,563,586,772,1321,550,1939,17928,14203,2425,0,563,0,0
2021-02-12T23:59:59+01:00,347,396,856,1283,916,1815,1230,2800,1298,1992,882,823,1150,1849,738,2398,146,222,519,844,596,1163,817,1952,850,1312,560,584,758,1309,544,1928,17920,14104,2425,0,428,0,0
2021-02-11T23:59:59+01:00,326,388,844,1255,910,1779,1214,2744,1279,1944,850,809,1140,1838,737,2388,142,203,504,801,573,1098,783,1846,825,1265,550,570,733,1270,531,1902,17808,13596,2424,0,213,0,0
2021-02-10T23:59:59+01:00,323,377,827,1224,899,1750,1205,2702,1269,1914,846,808,1124,1818,732,2372,136,188,446,729,538,1012,717,1734,787,1210,534,555,724,1248,521,1883,17779,12962,2353,0,58,0,0
2021-02-09T23:59:59+01:00,323,374,821,1210,889,1733,1190,2684,1255,1891,833,803,1109,1801,724,2356,117,164,392,642,493,873,638,1544,706,1045,474,465,610,1078,455,1656,17685,11352,2308,0,3,0,0
2021-02-08T23:59:59+01:00,322,373,819,1205,889,1728,1188,2679,1248,1883,828,800,1088,1774,711,2338,103,140,356,558,445,774,551,1325,603,914,402,386,533,881,361,1362,17567,9694,2305,0,1,0,0
2021-02-07T23:59:59+01:00,321,372,817,1204,888,1728,1188,2677,1248,1881,822,798,1086,1770,710,2337,101,139,354,553,443,770,548,1315,599,911,398,383,511,857,357,1348,17542,9587,2305,0,0,0,0
2021-02-06T23:59:59+01:00,321,371,817,1204,888,1727,1188,2677,1248,1880,821,795,1083,1766,710,2335,101,138,354,550,442,768,547,1312,596,911,395,379,460,783,329,1310,17527,9375,2304,0,0,0,0
2021-02-05T23:59:59+01:00,321,371,816,1202,888,1727,1188,2675,1247,1878,816,790,1060,1753,705,2322,93,134,347,543,426,750,523,1275,566,877,373,353,439,757,315,1275,17455,9046,2304,0,0,0,0
2021-02-04T23:59:59+01:00,318,363,811,1180,878,1704,1171,2647,1233,1858,793,774,1033,1723,699,2309,75,103,270,419,328,594,415,1037,459,704,298,287,334,599,255,1069,17213,7246,2281,0,0,0,0
2021-02-03T23:59:59+01:00,317,353,808,1163,876,1672,1164,2596,1215,1835,779,761,1014,1699,692,2296,59,71,183,293,253,445,297,754,339,507,199,204,235,442,181,798,17118,5260,2122,0,0,0,0
2021-02-02T23:59:59+01:00,316,348,804,1155,872,1649,1152,2572,1206,1819,776,755,1004,1687,691,2287,38,42,100,151,150,249,186,483,214,316,131,125,156,267,131,528,16972,3267,2121,0,0,0,0
2021-02-01T23:59:59+01:00,315,343,795,1140,867,1627,1147,2544,1203,1791,767,743,999,1678,686,2274,13,12,16,28,28,64,48,95,62,89,46,43,54,80,41,175,16798,894,2121,0,0,0,0
2021-01-31T23:59:59+01:00,308,341,780,1138,859,1616,1135,2532,1193,1783,762,737,989,1659,679,2263,12,12,14,26,26,61,41,89,58,82,42,43,50,72,38,164,16763,830,2011,0,0,0,0
2021-01-30T23:59:59+01:00,308,341,780,1138,858,1616,1135,2532,1193,1783,761,737,989,1658,679,2263,12,10,14,26,26,61,40,89,57,80,42,42,49,72,38,163,16760,821,2011,0,0,0,0
2021-01-29T23:59:59+01:00,308,341,780,1138,858,1616,1135,2532,1193,1782,760,735,988,1657,679,2261,11,6,13,26,26,59,38,88,56,80,41,41,49,72,38,163,16753,807,2010,0,0,0,0
2021-01-28T23:59:59+01:00,304,334,764,1113,823,1559,1096,2469,1121,1732,719,724,959,1630,669,2245,4,0,3,9,11,21,17,42,19,39,20,21,23,47,16,97,16576,389,1685,0,0,0,0
2021-01-27T23:59:59+01:00,298,327,735,1075,777,1500,1035,2392,1052,1656,687,696,948,1612,667,2238,3,0,3,6,8,17,12,27,13,28,5,7,10,10,5,25,16132,179,1563,0,0,0,0
2021-01-26T23:59:59+01:00,272,313,720,1051,767,1452,1014,2313,1028,1596,674,685,927,1594,657,2221,3,0,1,6,6,7,11,11,5,12,3,3,6,7,2,16,16082,99,1202,0,0,0,0
2021-01-25T23:59:59+01:00,238,293,663,969,713,1333,972,2160,968,1474,630,632,848,1491,620,2159,3,0,1,6,6,7,11,11,5,12,3,3,6,7,2,16,15858,99,305,0,0,0,0
2021-01-24T23:59:59+01:00,219,282,638,962,696,1318,952,2144,956,1464,622,626,839,1471,611,2147,3,0,1,6,5,7,11,11,4,12,3,3,6,7,2,16,15686,97,261,0,0,0,0
2021-01-23T23:59:59+01:00,219,282,638,962,696,1318,952,2144,956,1464,622,626,839,1471,611,2147,3,0,1,6,5,7,10,11,4,12,3,3,6,7,2,16,15686,96,261,0,0,0,0
2021-01-22T23:59:59+01:00,167,263,585,953,675,1304,922,2132,945,1456,617,625,839,1471,611,2147,3,0,0,6,5,7,10,11,4,12,3,3,6,7,2,16,15451,95,261,0,0,0,0
2021-01-21T23:59:59+01:00,161,252,570,929,653,1264,884,2074,926,1414,610,604,825,1438,606,2132,3,0,0,6,4,7,10,11,4,12,3,3,6,7,2,15,15081,93,261,0,0,0,0
2021-01-20T23:59:59+01:00,152,231,526,861,629,1185,818,1961,893,1351,589,587,808,1416,598,2105,3,0,0,6,4,7,10,11,4,12,3,3,6,7,2,15,14451,93,259,0,0,0,0
2021-01-19T23:59:59+01:00,135,203,447,774,562,1038,732,1765,795,1207,535,523,708,1241,528,1871,3,0,0,6,4,7,10,11,4,12,3,3,6,7,2,15,12872,93,192,0,0,0,0
2021-01-18T23:59:59+01:00,113,164,378,620,469,864,601,1481,672,1033,469,457,631,1068,463,1620,1,0,0,0,0,0,0,0,0,0,0,0,0,1,0,0,11021,2,82,0,0,0,0
2021-01-17T23:59:59+01:00,109,162,374,615,468,857,598,1463,663,1025,466,450,602,1037,449,1576,1,0,0,0,0,0,0,0,0,0,0,0,0,1,0,0,10832,2,82,0,0,0,0
2021-01-16T23:59:59+01:00,109,159,372,607,465,849,587,1449,650,1017,451,436,503,899,389,1491,0,0,0,0,0,0,0,0,0,0,0,0,0,0,0,0,10431,0,2,0,0,0,0
2021-01-15T23:59:59+01:00,107,157,368,605,459,844,581,1440,631,1002,437,420,493,884,382,1470,0,0,0,0,0,0,0,0,0,0,0,0,0,0,0,0,10280,0,0,0,0,0,0
2021-01-14T23:59:59+01:00,83,124,306,498,380,683,469,1181,525,842,358,339,393,726,315,1262,0,0,0,0,0,0,0,0,0,0,0,0,0,0,0,0,8484,0,0,0,0,0,0
2021-01-13T23:59:59+01:00,66,92,219,372,301,515,361,864,396,610,245,239,286,543,235,963,0,0,0,0,0,0,0,0,0,0,0,0,0,0,0,0,6307,0,0,0,0,0,0
2021-01-12T23:59:59+01:00,44,58,132,222,183,310,224,561,251,378,154,146,183,358,164,660,0,0,0,0,0,0,0,0,0,0,0,0,0,0,0,0,4028,0,0,0,0,0,0
2021-01-11T23:59:59+01:00,14,17,45,58,43,91,68,130,77,112,64,56,80,114,48,218,0,0,0,0,0,0,0,0,0,0,0,0,0,0,0,0,1235,0,0,0,0,0,0
2021-01-10T23:59:59+01:00,14,16,33,47,35,73,55,122,70,102,55,52,75,102,45,207,0,0,0,0,0,0,0,0,0,0,0,0,0,0,0,0,1103,0,0,0,0,0,0
2021-01-09T23:59:59+01:00,14,15,30,46,35,73,52,121,69,99,55,51,74,101,43,206,0,0,0,0,0,0,0,0,0,0,0,0,0,0,0,0,1084,0,0,0,0,0,0
2021-01-08T23:59:59+01:00,10,9,30,42,33,69,49,120,68,98,52,46,68,97,40,206,0,0,0,0,0,0,0,0,0,0,0,0,0,0,0,0,1037,0,0,0,0,0,0
2021-01-07T23:59:59+01:00,5,2,10,23,18,35,26,89,32,63,32,27,46,81,27,161,0,0,0,0,0,0,0,0,0,0,0,0,0,0,0,0,677,0,0,0,0,0,0
2021-01-06T23:59:59+01:00,5,0,4,11,13,28,22,50,19,39,26,24,32,56,20,117,0,0,0,0,0,0,0,0,0,0,0,0,0,0,0,0,466,0,0,0,0,0,0
2021-01-05T23:59:59+01:00,5,0,4,11,13,28,22,50,19,39,26,24,32,55,20,117,0,0,0,0,0,0,0,0,0,0,0,0,0,0,0,0,465,0,0,0,0,0,0
2021-01-04T23:59:59+01:00,4,0,1,6,4,7,12,11,4,12,3,3,6,8,2,17,0,0,0,0,0,0,0,0,0,0,0,0,0,0,0,0,100,0,0,0,0,0,0
2021-01-03T23:59:59+01:00,3,0,1,6,4,7,11,11,4,12,3,3,6,8,2,16,0,0,0,0,0,0,0,0,0,0,0,0,0,0,0,0,97,0,0,0,0,0,0
2021-01-02T23:59:59+01:00,3,0,1,6,4,7,10,11,4,12,3,3,6,8,2,16,0,0,0,0,0,0,0,0,0,0,0,0,0,0,0,0,96,0,0,0,0,0,0
2021-01-01T23:59:59+01:00,3,0,0,6,4,7,10,11,4,12,3,3,6,7,2,16,0,0,0,0,0,0,0,0,0,0,0,0,0,0,0,0,94,0,0,0,0,0,0
2020-12-31T23:59:59+01:00,3,0,0,6,4,7,10,11,4,12,3,3,6,7,2,16,0,0,0,0,0,0,0,0,0,0,0,0,0,0,0,0,94,0,0,0,0,0,0
2020-12-30T23:59:59+01:00,3,0,0,6,4,7,10,11,4,12,3,3,6,7,2,16,0,0,0,0,0,0,0,0,0,0,0,0,0,0,0,0,94,0,0,0,0,0,0
2020-12-29T23:59:59+01:00,3,0,0,6,4,7,10,11,4,12,3,3,6,7,2,16,0,0,0,0,0,0,0,0,0,0,0,0,0,0,0,0,94,0,0,0,0,0,0
2020-12-28T23:59:59+01:00,3,0,0,6,4,7,10,11,4,12,3,3,6,7,2,16,0,0,0,0,0,0,0,0,0,0,0,0,0,0,0,0,94,0,0,0,0,0,0
2020-12-27T23:59:59+01:00,1,0,0,0,0,0,0,0,0,0,0,0,1,3,0,7,0,0,0,0,0,0,0,0,0,0,0,0,0,0,0,0,12,0,0,0,0,0,0
