Datum,<15_m,<15_w,15-24_1_m,15-24_1_w,25-34_1_m,25-34_1_w,35-44_1_m,35-44_1_w,45-54_1_m,45-54_1_w,55-64_1_m,55-64_1_w,65-74_1_m,65-74_1_w,75-84_1_m,75-84_1_w,>84_1_m,>84_1_w,<24_2_m,<24_2_w,25-34_2_m,25-34_2_w,35-44_2_m,35-44_2_w,45-54_2_m,45-54_2_w,55-64_2_m,55-64_2_w,65-74_2_m,65-74_2_w,75-84_2_m,75-84_2_w,>84_2_m,>84_2_w,bp_1,bp_2,mo_1,mo_2,az_1,az_2,ja,unb_1,unb_2
2021-10-05T23:59:59+02:00,3832,3497,25321,24323,34497,31836,34434,34415,39902,40213,43322,43430,28326,31553,20153,25269,6294,10627,22593,21560,31966,29091,32439,32005,37726,37745,41204,41313,27257,30338,19402,24246,5999,10020,337271,314233,45469,43689,77553,71211,20896,61,34
2021-10-04T23:59:59+02:00,3815,3481,25282,24289,34464,31818,34407,34394,39886,40200,43312,43418,28321,31547,20144,25256,6284,10612,22555,21528,31943,29050,32413,31984,37709,37731,41183,41300,27246,30325,19393,24239,5996,10013,336976,313947,45459,43675,77553,71208,20887,61,34
2021-10-03T23:59:59+02:00,3806,3479,25270,24285,34455,31813,34401,34388,39883,40193,43307,43414,28317,31545,20142,25247,6283,10607,22542,21519,31936,29040,32399,31976,37702,37725,41176,41297,27244,30321,19390,24233,5992,10007,336884,313831,45458,43674,77553,71208,20885,61,34
2021-10-02T23:59:59+02:00,3806,3479,25270,24284,34454,31813,34401,34388,39882,40193,43307,43414,28317,31545,20142,25247,6283,10607,22542,21519,31936,29040,32399,31976,37702,37725,41176,41297,27244,30321,19390,24233,5992,10007,336881,313830,45458,43674,77553,71208,20885,61,34
2021-10-01T23:59:59+02:00,3787,3461,25223,24218,34392,31746,34340,34347,39848,40169,43277,43396,28314,31539,20140,25245,6281,10604,22443,21432,31884,28971,32349,31934,37666,37678,41151,41281,27237,30316,19386,24229,5991,10005,336448,313273,45434,43648,77552,71206,20838,61,34
2021-09-30T23:59:59+02:00,3755,3419,25122,24103,34290,31668,34270,34290,39778,40111,43226,43355,28299,31520,20126,25233,6278,10593,22324,21314,31802,28867,32289,31863,37613,37631,41111,41255,27208,30305,19383,24216,5989,10001,335683,312486,45394,43623,77547,71206,20756,61,33
2021-09-29T23:59:59+02:00,3737,3399,25095,24059,34262,31640,34244,34264,39758,40089,43206,43338,28290,31512,20121,25227,6272,10586,22296,21283,31779,28847,32268,31839,37597,37614,41095,41243,27202,30293,19379,24207,5988,10000,335365,312242,45390,43620,77547,71206,20741,61,33
2021-09-28T23:59:59+02:00,3710,3369,25008,23989,34181,31573,34196,34215,39713,40050,43171,43309,28274,31493,20112,25215,6268,10577,22202,21209,31712,28774,32221,31792,37563,37571,41070,41218,27181,30278,19377,24198,5985,9998,334816,311737,45356,43590,77546,71205,20649,61,33
2021-09-27T23:59:59+02:00,3688,3345,24971,23964,34145,31535,34175,34185,39694,40018,43152,43288,28267,31483,20105,25210,6265,10570,22166,21178,31680,28734,32195,31772,37541,37553,41052,41205,27172,30274,19374,24194,5984,9995,334498,311475,45347,43574,77545,71205,20614,61,33
2021-09-26T23:59:59+02:00,3535,3240,24913,23929,34135,31527,34168,34182,39688,40011,43146,43282,28266,31481,20103,25209,6264,10569,22150,21159,31676,28727,32191,31768,37533,37546,41047,41200,27169,30270,19371,24192,5983,9994,334091,311371,45347,43573,77545,71204,20609,61,33
2021-09-25T23:59:59+02:00,3534,3240,24912,23929,34135,31527,34168,34182,39687,40010,43145,43282,28266,31480,20103,25209,6264,10569,22148,21156,31676,28727,32189,31767,37530,37544,41047,41200,27169,30269,19371,24192,5983,9994,334085,311356,45347,43573,77545,71204,20609,61,33
2021-09-24T23:59:59+02:00,3510,3208,24831,23853,34023,31447,34100,34119,39630,39963,43111,43256,28252,31469,20100,25203,6263,10567,22062,21068,31583,28664,32142,31730,37474,37506,41027,41178,27156,30258,19368,24189,5982,9994,333560,310903,45315,43560,77544,71203,20430,61,32
2021-09-23T23:59:59+02:00,3341,3057,24693,23705,33932,31356,34025,34060,39572,39911,43053,43212,28235,31455,20092,25192,6261,10565,21948,20966,31516,28586,32093,31674,37438,37472,40992,41144,27142,30240,19361,24173,5981,9991,332524,310289,45286,43541,77544,71201,20307,61,32
2021-09-22T23:59:59+02:00,3318,3033,24657,23653,33901,31324,34002,34023,39545,39896,43031,43188,28226,31446,20088,25181,6261,10560,21920,20937,31480,28548,32075,31646,37416,37457,40969,41133,27132,30234,19358,24169,5981,9990,332184,310028,45277,43537,77542,71200,20274,61,32
2021-09-21T23:59:59+02:00,3194,2899,24460,23500,33760,31224,33938,33940,39477,39849,43009,43146,28207,31426,20079,25175,6253,10553,21783,20799,31370,28443,31998,31569,37362,37408,40936,41099,27121,30222,19350,24154,5978,9985,331137,309254,45238,43509,77542,71199,20116,61,32
2021-09-20T23:59:59+02:00,3170,2878,24415,23453,33716,31184,33908,33907,39447,39818,42985,43121,28202,31417,20075,25169,6253,10549,21746,20759,31327,28396,31977,31534,37332,37390,40922,41090,27111,30215,19341,24148,5976,9978,330779,308957,45221,43502,77542,71197,20069,61,31
2021-09-19T23:59:59+02:00,3166,2876,24405,23447,33708,31176,33901,33900,39442,39803,42976,43120,28201,31416,20075,25167,6253,10549,21739,20754,31323,28388,31974,31533,37325,37382,40914,41089,27111,30215,19340,24147,5976,9978,330702,308904,45221,43501,77541,71197,20061,61,31
2021-09-18T23:59:59+02:00,3166,2876,24405,23447,33708,31176,33901,33900,39442,39803,42976,43120,28201,31416,20075,25167,6253,10549,21739,20754,31323,28386,31972,31533,37325,37382,40914,41089,27111,30215,19340,24146,5976,9978,330702,308899,45221,43501,77541,71197,20061,61,31
2021-09-17T23:59:59+02:00,3139,2838,24301,23333,33603,31075,33825,33832,39372,39749,42941,43093,28187,31408,20073,25161,6251,10547,21659,20677,31253,28324,31907,31486,37285,37349,40894,41075,27103,30200,19338,24139,5976,9977,330054,308450,45179,43481,77540,71197,19899,60,31
2021-09-16T23:59:59+02:00,3089,2790,24190,23201,33508,30966,33759,33728,39326,39689,42889,43044,28162,31387,20057,25150,6248,10539,21554,20581,31172,28252,31843,31422,37262,37294,40863,41037,27092,30180,19331,24131,5974,9976,329239,307859,45140,43472,77540,71191,19747,60,31
2021-09-15T23:59:59+02:00,3066,2777,24149,23153,33477,30922,33744,33697,39296,39661,42871,43026,28152,31376,20051,25144,6247,10537,21517,20538,31140,28205,31816,31399,37230,37260,40840,41011,27078,30171,19324,24123,5974,9972,328908,307499,45127,43471,77539,71189,19716,60,31
2021-09-14T23:59:59+02:00,3028,2745,24043,23012,33333,30781,33660,33612,39239,39610,42820,42976,28134,31359,20042,25136,6243,10532,21432,20456,31049,28116,31753,31337,37181,37217,40796,40985,27068,30151,19315,24115,5972,9969,328100,306976,45092,43464,77538,71185,19519,60,31
2021-09-13T23:59:59+02:00,3010,2725,23993,22959,33288,30723,33628,33562,39214,39580,42789,42952,28128,31346,20037,25135,6241,10528,21381,20409,31005,28066,31724,31305,37158,37197,40782,40963,27062,30145,19311,24111,5971,9968,327720,306676,45076,43451,77538,71184,19448,60,31
2021-09-12T23:59:59+02:00,3006,2718,23989,22950,33283,30719,33619,33556,39209,39577,42786,42950,28126,31344,20036,25134,6241,10527,21365,20401,30996,28048,31705,31297,37152,37190,40776,40957,27057,30144,19309,24108,5971,9966,327653,306555,45076,43451,77537,71183,19448,60,31
2021-09-11T23:59:59+02:00,3004,2717,23987,22948,33281,30718,33617,33555,39209,39575,42785,42950,28123,31342,20036,25134,6241,10527,21361,20400,30995,28045,31705,31297,37152,37189,40775,40956,27055,30144,19309,24108,5971,9966,327633,306539,45076,43451,77537,71183,19447,60,31
2021-09-10T23:59:59+02:00,2962,2674,23853,22821,33152,30602,33515,33480,39135,39491,42737,42910,28107,31325,20031,25126,6240,10525,21246,20297,30883,27952,31616,31244,37089,37147,40729,40923,27047,30134,19303,24098,5969,9965,326891,305999,45056,43432,77537,71182,19146,60,31
2021-09-09T23:59:59+02:00,2912,2635,23680,22673,33046,30476,33420,33380,39065,39422,42697,42863,28080,31307,20022,25120,6238,10523,21128,20167,30790,27855,31540,31149,37026,37092,40680,40875,27023,30118,19294,24089,5965,9962,326025,305251,45032,43412,77535,71179,18917,54,31
2021-09-08T23:59:59+02:00,2891,2604,23641,22624,33017,30438,33404,33352,39045,39401,42682,42848,28074,31298,20019,25115,6237,10523,21095,20135,30759,27839,31525,31124,37009,37069,40669,40862,27016,30111,19288,24084,5964,9961,325714,305019,45026,43408,77535,71178,18888,54,31
2021-09-07T23:59:59+02:00,2839,2549,23492,22480,32898,30331,33329,33266,38989,39337,42638,42814,28056,31281,20016,25110,6236,10520,20959,20002,30641,27755,31450,31058,36961,37017,40631,40833,26999,30086,19282,24073,5963,9959,324966,304369,45002,43386,77534,71173,18628,54,31
2021-09-06T23:59:59+02:00,2816,2534,23461,22436,32867,30298,33308,33246,38968,39324,42622,42799,28053,31277,20014,25108,6235,10517,20918,19959,30610,27728,31430,31033,36942,36998,40617,40821,26991,30078,19280,24064,5960,9957,324701,304069,44986,43378,77533,71172,18612,54,31
2021-09-05T23:59:59+02:00,2805,2531,23454,22430,32864,30293,33306,33241,38965,39321,42618,42793,28051,31273,20012,25107,6234,10516,20906,19952,30600,27722,31427,31029,36939,36996,40612,40818,26986,30076,19278,24060,5959,9957,324635,303995,44985,43378,77533,71172,18610,54,31
2021-09-04T23:59:59+02:00,2805,2531,23451,22429,32863,30293,33306,33240,38965,39320,42617,42792,28051,31273,20012,25107,6234,10516,20904,19952,30600,27722,31426,31028,36939,36996,40611,40818,26986,30076,19278,24060,5959,9957,324629,303988,44985,43378,77533,71172,18607,54,31
2021-09-03T23:59:59+02:00,2782,2497,23374,22352,32791,30222,33266,33197,38921,39292,42587,42780,28043,31260,20011,25105,6232,10515,20855,19893,30552,27683,31392,30993,36911,36970,40582,40806,26978,30068,19276,24058,5958,9957,324132,303642,44957,43370,77531,71164,18556,54,31
2021-09-02T23:59:59+02:00,2752,2465,23269,22256,32730,30132,33209,33142,38883,39259,42548,42747,28023,31249,20007,25091,6230,10512,20781,19832,30494,27621,31354,30962,36872,36933,40549,40777,26968,30056,19273,24047,5958,9957,323533,303217,44927,43353,77530,71159,18463,54,31
2021-09-01T23:59:59+02:00,2731,2451,23246,22220,32701,30102,33188,33116,38857,39238,42535,42732,28015,31242,20002,25089,6230,10512,20741,19791,30465,27595,31331,30940,36853,36918,40532,40761,26958,30047,19272,24041,5958,9957,323285,302954,44916,43349,77529,71158,18426,54,31
2021-08-31T23:59:59+02:00,2686,2409,23123,22114,32620,30002,33134,33058,38812,39196,42509,42707,28004,31236,19996,25085,6229,10508,20653,19698,30394,27535,31282,30897,36813,36886,40503,40736,26949,30035,19266,24036,5958,9955,322707,302538,44886,43334,77528,71151,18256,54,31
2021-08-30T23:59:59+02:00,2664,2385,23070,22071,32580,29960,33110,33021,38783,39176,42489,42689,27999,31230,19989,25076,6228,10504,20527,19598,30296,27441,31222,30847,36780,36858,40482,40702,26934,30021,19265,24027,5958,9953,322367,301829,44871,43325,77528,71146,18207,54,31
2021-08-29T23:59:59+02:00,2633,2355,22983,22008,32518,29903,33067,32990,38737,39140,42459,42668,27990,31223,19986,25071,6228,10503,20424,19530,30227,27391,31187,30813,36739,36829,40457,40684,26921,30010,19264,24022,5958,9953,321914,301401,44856,43302,77526,71136,18115,54,31
2021-08-28T23:59:59+02:00,2627,2353,22983,22008,32514,29903,33066,32990,38734,39139,42458,42668,27989,31223,19986,25071,6228,10503,20423,19529,30222,27390,31187,30810,36736,36827,40457,40684,26921,30010,19264,24022,5958,9953,321901,301390,44856,43301,77526,71136,18109,54,31
2021-08-27T23:59:59+02:00,2627,2353,22978,22004,32509,29903,33065,32988,38732,39137,42454,42668,27988,31223,19986,25071,6227,10503,20417,19527,30213,27389,31186,30808,36733,36826,40455,40684,26921,30010,19264,24021,5958,9953,321886,301375,44856,43301,77526,71133,18097,54,31
2021-08-26T23:59:59+02:00,2545,2270,22788,21798,32377,29761,32947,32881,38644,39048,42389,42599,27963,31190,19973,25053,6226,10497,20145,19257,30071,27221,31044,30682,36624,36731,40370,40610,26879,29969,19245,23997,5952,9951,320668,299859,44836,43277,77525,71117,17869,54,31
2021-08-25T23:59:59+02:00,2539,2262,22768,21772,32366,29740,32933,32866,38632,39034,42378,42593,27958,31187,19966,25047,6223,10495,20097,19214,30035,27191,31023,30646,36598,36699,40352,40594,26866,29956,19242,23989,5951,9950,320480,299497,44836,43277,77525,71116,17867,54,31
2021-08-24T23:59:59+02:00,2521,2251,22729,21730,32340,29695,32914,32833,38622,39014,42359,42579,27952,31176,19961,25039,6222,10494,20059,19172,30002,27150,31002,30611,36584,36678,40332,40576,26860,29946,19238,23986,5951,9946,320192,299208,44826,43272,77525,71111,17837,54,31
2021-08-23T23:59:59+02:00,2501,2219,22658,21657,32269,29638,32878,32802,38581,38983,42328,42566,27936,31167,19958,25028,6222,10492,19933,19050,29884,27071,30937,30564,36535,36635,40291,40547,26848,29933,19232,23976,5951,9940,319746,298474,44815,43247,77522,71105,17749,54,31
2021-08-22T23:59:59+02:00,2492,2210,22622,21625,32250,29620,32862,32794,38564,38967,42323,42557,27932,31162,19953,25028,6222,10491,19894,19012,29848,27038,30906,30528,36513,36619,40272,40525,26840,29929,19229,23973,5951,9938,319577,298183,44809,43244,77520,71096,17717,54,31
2021-08-21T23:59:59+02:00,2473,2197,22567,21575,32210,29583,32838,32770,38550,38944,42306,42547,27925,31154,19951,25025,6222,10490,19792,18913,29776,26980,30872,30484,36478,36577,40248,40504,26829,29920,19224,23969,5949,9938,319331,297674,44796,43229,77518,71090,17631,54,31
2021-08-20T23:59:59+02:00,2435,2155,22478,21468,32133,29500,32775,32723,38500,38903,42263,42519,27918,31140,19947,25010,6221,10486,19618,18787,29651,26877,30797,30424,36415,36532,40203,40466,26814,29901,19215,23960,5948,9934,318745,296861,44771,43205,77515,71072,17492,54,31
2021-08-19T23:59:59+02:00,2345,2087,22316,21333,31996,29376,32686,32640,38399,38825,42193,42465,27892,31108,19940,24998,6216,10477,19359,18581,29440,26727,30677,30314,36296,36438,40101,40381,26786,29871,19204,23944,5944,9929,317813,295590,44751,43175,77515,71047,17162,54,31
2021-08-18T23:59:59+02:00,2336,2078,22290,21311,31974,29355,32664,32617,38371,38807,42180,42449,27877,31098,19934,24993,6216,10475,19304,18521,29400,26693,30651,30283,36268,36417,40077,40350,26769,29860,19200,23932,5939,9925,317553,295155,44751,43175,77515,71045,17155,54,31
2021-08-17T23:59:59+02:00,2319,2062,22265,21283,31958,29325,32638,32592,38358,38795,42156,42430,27871,31085,19929,24988,6216,10475,19261,18470,29369,26654,30606,30256,36240,36382,40049,40326,26747,29845,19193,23915,5935,9921,317307,294752,44751,43172,77515,71041,17121,54,31
2021-08-16T23:59:59+02:00,2280,2045,22199,21240,31917,29281,32615,32571,38334,38774,42124,42413,27862,31078,19927,24978,6216,10474,19054,18326,29223,26540,30529,30167,36192,36330,40012,40284,26727,29829,19186,23896,5929,9919,316959,293753,44751,43166,77513,71039,17054,54,31
2021-08-15T23:59:59+02:00,2253,2022,22145,21183,31869,29241,32591,32538,38306,38755,42104,42399,27855,31073,19921,24971,6215,10474,18935,18209,29064,26412,30449,30084,36124,36279,39957,40227,26708,29805,19176,23887,5926,9918,316624,292826,44743,43149,77512,71031,16985,54,31
2021-08-14T23:59:59+02:00,2247,2019,22119,21167,31857,29225,32587,32532,38298,38750,42098,42396,27854,31072,19920,24970,6215,10473,18822,18116,29001,26348,30411,30036,36100,36248,39936,40212,26700,29799,19173,23886,5925,9915,316535,292284,44740,43129,77512,71027,16961,54,31
2021-08-13T23:59:59+02:00,2230,2008,22073,21129,31820,29201,32550,32504,38283,38736,42088,42386,27852,31067,19917,24967,6214,10473,18566,17856,28822,26189,30295,29944,36048,36179,39891,40176,26684,29787,19168,23877,5922,9911,316299,290915,44735,43113,77510,71017,16903,54,31
2021-08-12T23:59:59+02:00,2194,1970,21986,21035,31749,29125,32493,32454,38236,38693,42051,42352,27836,31048,19910,24957,6212,10473,18259,17541,28570,25961,30151,29817,35954,36086,39815,40108,26648,29741,19148,23854,5920,9908,315727,289166,44724,43060,77507,70970,16765,54,31
2021-08-11T23:59:59+02:00,2192,1965,21966,21019,31731,29105,32478,32438,38228,38684,42040,42336,27828,31045,19907,24953,6211,10469,18204,17485,28534,25916,30103,29778,35933,36048,39779,40075,26636,29714,19141,23844,5920,9906,315549,288687,44724,43057,77507,70967,16764,54,31
2021-08-10T23:59:59+02:00,2183,1944,21938,20982,31694,29083,32462,32418,38201,38657,42022,42329,27822,31037,19906,24950,6210,10465,17684,17031,28358,25758,30009,29688,35765,35925,39729,40033,26612,29691,19134,23828,5916,9905,315300,286985,44719,43028,77505,70717,16728,54,31
2021-08-09T23:59:59+02:00,2159,1930,21887,20931,31637,29036,32428,32388,38176,38637,42007,42305,27811,31028,19905,24941,6209,10463,17211,16570,28226,25651,29954,29634,35719,35880,39695,39998,26603,29677,19129,23822,5916,9903,314924,285500,44713,43008,77504,70704,16686,54,31
2021-08-08T23:59:59+02:00,2143,1912,21833,20887,31591,29000,32393,32362,38152,38629,41985,42284,27804,31024,19899,24937,6209,10460,16866,16229,28115,25569,29897,29561,35671,35842,39673,39972,26591,29664,19120,23813,5914,9898,314606,284263,44712,42987,77503,70696,16632,54,31
2021-08-07T23:59:59+02:00,2099,1869,21697,20805,31507,28932,32319,32301,38095,38579,41952,42256,27795,30997,19894,24928,6207,10458,16354,15778,27812,25279,29669,29374,35491,35685,39533,39860,26535,29600,19101,23784,5911,9894,313975,281612,44679,42864,77497,70608,16488,54,31
2021-08-06T23:59:59+02:00,2089,1859,21647,20767,31466,28899,32286,32282,38069,38559,41940,42240,27791,30988,19890,24928,6207,10458,15329,14798,26660,24383,29379,29143,35242,35486,39218,39620,26493,29554,19091,23774,5910,9891,313745,276613,44675,42842,77497,69805,16397,54,30
2021-08-05T23:59:59+02:00,2050,1830,21538,20680,31408,28821,32226,32223,38010,38508,41895,42202,27774,30969,19881,24915,6205,10455,14439,14053,25637,23601,28665,28628,34712,35050,38901,39374,26426,29474,19059,23740,5907,9881,313184,271722,44652,42791,77496,68308,16207,54,30
2021-08-04T23:59:59+02:00,2030,1811,21466,20629,31364,28748,32192,32180,37972,38485,41861,42174,27761,30953,19876,24902,6203,10451,14069,13711,25229,23294,28452,28403,34569,34924,38803,39281,26387,29429,19037,23717,5902,9876,312729,269276,44645,42761,77496,68266,16137,54,30
2021-08-03T23:59:59+02:00,2021,1795,21439,20603,31348,28734,32179,32170,37962,38471,41845,42161,27752,30947,19872,24895,6202,10449,13985,13620,25150,23217,28384,28346,34521,34877,38751,39242,26360,29402,19025,23705,5899,9870,312525,268546,44641,42758,77495,68240,16133,54,30
2021-08-02T23:59:59+02:00,2011,1774,21394,20564,31302,28712,32152,32139,37936,38456,41832,42146,27743,30935,19872,24887,6201,10445,13782,13411,24443,22670,28101,28123,34372,34765,38672,39179,26333,29370,19017,23701,5899,9868,312235,266131,44638,42744,77495,68012,16082,54,30
2021-08-01T23:59:59+02:00,1991,1757,21341,20517,31253,28672,32125,32120,37917,38437,41811,42129,27737,30928,19869,24879,6201,10445,13611,13249,24143,22417,27863,27905,34281,34657,38604,39108,26317,29351,19011,23695,5899,9866,311931,264432,44632,42732,77494,67989,16021,54,30
2021-07-31T23:59:59+02:00,1966,1727,21262,20440,31182,28633,32069,32080,37881,38408,41788,42108,27733,30920,19864,24875,6201,10445,12666,12223,23624,21976,27517,27549,33972,34361,38170,38765,26246,29266,18985,23650,5894,9860,311511,259397,44620,42696,77492,67419,15907,54,30
2021-07-30T23:59:59+02:00,1941,1707,21240,20419,31150,28614,32054,32062,37875,38401,41780,42100,27728,30917,19863,24875,6200,10445,12579,12150,23297,21687,27237,27337,33753,34197,38008,38630,26222,29248,18984,23642,5894,9858,311328,257973,44619,42688,77492,66862,15880,54,30
2021-07-29T23:59:59+02:00,1872,1638,21008,20182,31008,28465,31951,31951,37781,38312,41686,42039,27700,30892,19850,24856,6193,10436,11950,11616,22167,20847,26195,26497,32768,33504,37625,38338,26139,29147,18955,23595,5888,9849,310114,252355,44592,42598,77484,65103,15578,54,30
2021-07-28T23:59:59+02:00,1852,1623,20968,20130,30989,28435,31935,31930,37760,38293,41663,42018,27689,30880,19845,24846,6193,10434,11670,11314,21756,20464,25762,26071,32603,33348,37514,38247,26102,29096,18936,23572,5887,9844,309795,249432,44592,42598,77472,65042,15573,53,30
2021-07-27T23:59:59+02:00,1842,1617,20928,20087,30965,28402,31901,31914,37739,38259,41639,42005,27682,30873,19844,24841,6193,10431,11424,11098,21553,20275,25620,25951,32491,33241,37425,38164,26071,29058,18926,23560,5884,9840,309557,247954,44592,42564,77471,64970,15491,53,29
2021-07-26T23:59:59+02:00,1816,1582,20802,19958,30856,28301,31842,31849,37683,38191,41598,41974,27656,30855,19833,24827,6187,10428,11131,10774,21046,19832,25370,25742,32329,33090,37295,38076,26035,29024,18913,23537,5883,9832,308792,245661,44560,42450,77466,64765,15369,53,29
2021-07-25T23:59:59+02:00,1809,1574,20779,19946,30845,28291,31830,31834,37675,38185,41588,41964,27652,30852,19832,24825,6187,10427,11026,10668,20896,19726,25136,25547,32090,32880,37151,37943,26017,29010,18907,23529,5882,9829,308674,244400,44551,42435,77457,64352,15362,53,29
2021-07-24T23:59:59+02:00,1789,1559,20697,19871,30801,28251,31795,31798,37646,38156,41566,41952,27645,30846,19829,24823,6187,10427,10963,10613,20821,19663,25064,25486,32037,32850,37121,37922,26011,29005,18905,23527,5882,9829,308322,244030,44540,42412,77453,64286,15272,53,29
2021-07-23T23:59:59+02:00,1734,1524,20504,19725,30640,28137,31707,31724,37578,38104,41527,41908,27634,30829,19824,24817,6186,10422,10704,10409,20463,19363,24257,24840,31555,32518,36553,37465,25968,28963,18889,23509,5881,9827,307489,241166,44531,42364,77435,62895,15017,53,29
2021-07-22T23:59:59+02:00,1670,1467,20193,19452,30399,27955,31576,31610,37447,37997,41430,41825,27607,30805,19813,24793,6182,10421,10243,10031,19718,18849,23301,24171,30845,31930,35518,36705,25857,28864,18855,23476,5879,9823,306010,237556,44495,41700,77429,60367,14656,53,29
2021-07-21T23:59:59+02:00,1655,1459,20155,19400,30369,27925,31551,31587,37427,37972,41409,41801,27598,30797,19808,24787,6177,10417,9933,9697,19256,18397,22426,23405,30510,31597,35283,36507,25774,28767,18824,23423,5871,9813,305682,234808,44485,40009,77427,60194,14648,53,28
2021-07-20T23:59:59+02:00,1648,1453,20122,19373,30339,27901,31526,31567,37411,37954,41397,41787,27583,30782,19808,24780,6177,10414,9665,9419,18923,18130,22153,23121,30333,31440,35118,36365,25728,28720,18808,23387,5870,9809,305424,232412,44483,40001,77426,60093,14637,53,28
2021-07-19T23:59:59+02:00,1637,1445,20008,19286,30255,27829,31467,31512,37391,37935,41382,41768,27578,30771,19802,24773,6176,10411,9468,9223,18611,17856,21691,22700,30080,31209,34999,36263,25694,28681,18790,23371,5870,9806,304845,230785,44476,39063,77424,59978,14629,53,28
2021-07-18T23:59:59+02:00,1626,1439,19939,19219,30126,27730,31402,31446,37329,37883,41338,41716,27557,30740,19793,24758,6172,10408,9359,9108,18443,17705,21500,22511,29910,31011,34884,36162,25662,28658,18779,23353,5870,9800,304051,229527,44476,38760,77422,59937,14620,53,28
2021-07-17T23:59:59+02:00,1625,1435,19932,19217,30126,27729,31402,31442,37324,37881,41334,41714,27556,30739,19792,24758,6172,10408,9339,9093,18412,17683,21481,22498,29900,31004,34866,36158,25659,28656,18779,23352,5870,9800,304020,229376,44476,38757,77422,59926,14616,53,28
2021-07-16T23:59:59+02:00,1572,1390,19657,18971,30004,27633,31320,31372,37268,37818,41293,41682,27537,30722,19785,24748,6170,10402,9221,8978,18033,17380,21178,22225,29510,30647,34731,36052,25635,28632,18772,23339,5868,9798,303029,228102,44453,38035,77421,59596,14389,53,27
2021-07-15T23:59:59+02:00,1514,1347,19397,18724,29829,27486,31210,31273,37184,37735,41223,41615,27494,30692,19769,24734,6166,10399,8859,8676,17126,16554,19631,20999,28589,29726,34108,35473,25467,28450,18716,23289,5862,9786,301751,221996,44412,36579,77413,58675,14163,53,27
2021-07-14T23:59:59+02:00,1500,1334,19367,18687,29803,27460,31185,31241,37172,37721,41203,41608,27485,30685,19760,24727,6165,10395,8570,8379,16578,15954,19138,20479,28025,29226,33717,35096,25354,28321,18676,23222,5857,9775,301467,217829,44409,36222,77410,58245,14160,53,27
2021-07-13T23:59:59+02:00,1489,1324,19329,18662,29786,27435,31161,31225,37157,37694,41179,41580,27476,30671,19758,24722,6164,10389,8263,8117,16182,15606,18861,20200,27763,28976,33446,34838,25255,28200,18643,23181,5855,9770,301181,215131,44408,36187,77409,57752,14151,53,27
2021-07-12T23:59:59+02:00,1473,1314,19281,18645,29750,27405,31144,31204,37145,37677,41163,41566,27473,30667,19756,24716,6163,10389,8003,7905,15902,15329,18161,19651,27447,28654,33033,34476,25087,28003,18584,23106,5849,9765,300921,213847,44407,34253,77409,56772,14142,53,27
2021-07-11T23:59:59+02:00,1463,1306,19249,18614,29722,27374,31127,31173,37137,37656,41149,41554,27464,30658,19754,24716,6162,10388,7959,7858,15837,15259,18073,19597,27363,28591,32921,34414,25032,27958,18564,23084,5849,9762,300669,213273,44404,34242,77407,56528,14134,53,27
2021-07-10T23:59:59+02:00,1334,1190,18744,18195,29274,27074,30842,30938,36888,37496,40945,41404,27390,30598,19728,24684,6159,10385,7830,7789,15550,15121,17856,19446,27120,28450,32754,34298,24966,27912,18548,23071,5848,9762,298456,212852,44265,34120,77379,56288,13116,53,27
2021-07-09T23:59:59+02:00,1323,1184,18716,18164,29252,27057,30829,30925,36877,37484,40934,41395,27386,30594,19726,24680,6159,10384,7788,7743,15480,15054,17791,19352,26899,28220,32505,34084,24902,27849,18526,23045,5848,9759,298308,212567,44246,34117,77378,55126,13085,53,27
2021-07-08T23:59:59+02:00,1245,1102,18447,17948,29102,26905,30690,30804,36774,37381,40835,41317,27352,30560,19707,24660,6154,10378,7618,7605,15181,14806,17359,18992,26207,27616,32230,33817,24733,27692,18467,22983,5845,9751,297035,211426,44189,32695,77370,54107,12715,53,27
2021-07-07T23:59:59+02:00,1146,1010,18136,17625,28901,26720,30557,30678,36662,37260,40728,41230,27318,30511,19693,24644,6151,10375,7421,7394,14741,14440,16895,18548,25453,27004,31821,33435,24466,27367,18373,22890,5836,9742,295458,208511,44137,31860,77359,53146,12339,53,27
2021-07-06T23:59:59+02:00,1123,994,18059,17556,28855,26670,30507,30631,36626,37225,40693,41199,27301,30485,19682,24630,6149,10372,7204,7163,14396,14079,16544,18198,24701,26357,31520,33171,24275,27152,18325,22819,5829,9735,294880,206445,44133,30454,77356,52250,12336,53,27
2021-07-05T23:59:59+02:00,1081,966,17984,17493,28812,26612,30468,30596,36601,37180,40665,41173,27295,30471,19676,24624,6149,10367,6975,6977,14092,13810,16194,17835,24144,25847,30951,32604,23995,26854,18217,22679,5821,9725,294392,204953,44131,28356,77352,51119,12286,53,27
2021-07-04T23:59:59+02:00,1059,950,17912,17442,28774,26590,30445,30567,36591,37171,40650,41161,27289,30460,19671,24621,6149,10366,6950,6958,14040,13761,16119,17777,24060,25790,30797,32513,23902,26765,18185,22638,5819,9721,294073,204562,44131,28346,77341,50610,12271,53,27
2021-07-03T23:59:59+02:00,645,579,16172,15721,27609,25673,29650,29848,35948,36559,40147,40731,27130,30293,19605,24533,6140,10349,6562,6716,13528,13463,15721,17475,23697,25512,30492,32317,23805,26669,18152,22598,5815,9717,286554,204267,44092,28270,77257,50319,9377,53,27
2021-07-02T23:59:59+02:00,606,540,16042,15575,27451,25525,29571,29788,35917,36531,40128,40718,27124,30284,19602,24530,6140,10349,6515,6642,13454,13366,15634,17343,23554,25330,30338,32152,23613,26458,18063,22520,5813,9714,285651,203585,44092,28111,77255,49436,9371,53,27
2021-07-01T23:59:59+02:00,548,492,15863,15420,27239,25370,29492,29709,35862,36480,40064,40672,27103,30265,19591,24517,6138,10345,6372,6512,13108,13095,15103,16904,22285,24340,29578,31468,23332,26170,17944,22385,5806,9698,284460,200048,44087,26435,77242,48283,9329,53,25
2021-06-30T23:59:59+02:00,518,472,15758,15313,27127,25284,29424,29637,35805,36428,40022,40637,27088,30234,19580,24500,6134,10345,6176,6330,12676,12708,14535,16356,21660,23741,28985,30937,22914,25704,17813,22202,5799,9686,283633,195786,44084,26410,77236,46717,9301,53,25
2021-06-29T23:59:59+02:00,462,422,15004,14644,26860,25061,29327,29538,35725,36347,39953,40590,27069,30209,19572,24487,6134,10343,6063,6204,12417,12447,14140,15960,20869,23116,28399,30383,22466,25180,17660,22028,5791,9676,281132,192636,44081,25899,77227,44999,9255,53,25
2021-06-28T23:59:59+02:00,426,391,14376,14000,26702,24956,29255,29472,35666,36282,39910,40556,27051,30189,19564,24476,6134,10339,5996,6107,12238,12307,13953,15784,20245,22565,27999,30009,22130,24823,17531,21865,5786,9671,279192,190954,44078,25236,77222,43607,9201,53,25
2021-06-27T23:59:59+02:00,349,324,14031,13628,26639,24898,29217,29436,35644,36260,39891,40542,27040,30182,19561,24472,6133,10338,5959,6064,12122,12190,13807,15655,19691,22087,27390,29507,21853,24484,17410,21741,5782,9670,278081,190115,44074,23710,77211,42409,9167,53,25
2021-06-26T23:59:59+02:00,348,323,14020,13616,26624,24887,29211,29429,35637,36259,39888,40541,27039,30181,19561,24472,6133,10338,5954,6061,12112,12188,13801,15652,19678,22075,27345,29472,21706,24354,17370,21685,5781,9668,278007,190091,44071,23706,77211,41928,9166,53,25
2021-06-25T23:59:59+02:00,224,210,12761,12398,25158,23738,28912,29196,35531,36174,39820,40479,27015,30154,19550,24460,6131,10336,5911,6014,12017,12106,13657,15531,19367,21836,26959,29114,21384,23960,17193,21488,5778,9659,271777,188864,44067,23423,77190,40515,9161,53,25
2021-06-24T23:59:59+02:00,159,156,11787,11567,24044,22858,28549,28843,35380,36007,39702,40373,26976,30104,19539,24436,6129,10332,5693,5782,11561,11691,13077,14939,17831,20436,25307,27518,20613,23101,16875,21081,5768,9649,266532,183877,44045,19800,77185,38106,9127,53,25
2021-06-23T23:59:59+02:00,123,130,11423,11246,23547,22486,28300,28601,35203,35879,39612,40284,26945,30077,19530,24398,6127,10320,5619,5670,11349,11476,12777,14589,17438,20026,24558,26748,19816,22351,16682,20828,5760,9633,263914,181525,44037,19181,77180,35554,9048,53,25
2021-06-22T23:59:59+02:00,102,117,11241,11036,23386,22346,28220,28527,35127,35817,39565,40238,26930,30052,19522,24389,6127,10319,5509,5549,11082,11217,12410,14220,16835,19425,23824,25979,19436,21926,16519,20649,5753,9617,262766,178486,44034,18310,77178,34108,9031,53,25
2021-06-21T23:59:59+02:00,90,105,10990,10853,22554,21683,27967,28298,35059,35753,39502,40195,26913,30033,19516,24379,6127,10318,5391,5449,10865,11003,12102,13897,16445,19079,23374,25511,19144,21611,16414,20529,5747,9615,260180,177025,44024,17295,77170,32931,8909,53,25
2021-06-20T23:59:59+02:00,84,104,10925,10761,22305,21469,27708,28097,34979,35676,39457,40151,26901,30017,19514,24374,6125,10315,5350,5397,10778,10902,12007,13794,16248,18895,23104,25270,19043,21504,16361,20471,5741,9611,258890,176715,44023,16231,77164,32681,8832,53,25
2021-06-19T23:59:59+02:00,83,100,10902,10738,22273,21446,27690,28084,34967,35672,39447,40147,26900,30016,19514,24372,6125,10315,5319,5365,10697,10812,11915,13674,16100,18744,22796,24908,18956,21417,16349,20458,5740,9611,258740,176610,44002,14734,77164,32668,8832,53,25
2021-06-18T23:59:59+02:00,80,98,10854,10689,21957,21123,27428,27866,34913,35635,39416,40124,26891,30007,19513,24369,6125,10313,5304,5356,10667,10781,11875,13625,16038,18681,22712,24812,18790,21235,16304,20392,5739,9606,257355,176213,43998,14733,77163,32122,8832,53,25
2021-06-17T23:59:59+02:00,71,90,10273,10259,20680,20166,26565,27130,34542,35310,39156,39932,26827,29925,19492,24332,6118,10308,5107,5216,10291,10528,11431,13224,15357,18069,21344,23493,18333,20746,16140,20220,5735,9592,251570,170912,43977,14159,77150,31312,8426,53,25
2021-06-16T23:59:59+02:00,63,78,9937,9949,19994,19534,25931,26529,34291,35106,38995,39780,26781,29872,19468,24307,6117,10304,4963,5071,9903,10195,10971,12772,14653,17379,20491,22558,17929,20299,15969,20007,5725,9580,247726,167126,43961,12889,77136,30273,8160,53,25
2021-06-15T23:59:59+02:00,48,72,9696,9707,19696,19288,25706,26331,34160,34999,38899,39699,26749,29835,19461,24292,6112,10300,4859,4956,9664,9979,10736,12512,14229,16952,19889,21980,17606,19908,15747,19775,5716,9568,245954,165034,43951,11801,77129,29262,7963,53,24
2021-06-14T23:59:59+02:00,44,67,9564,9581,19395,19028,25528,26188,34040,34919,38836,39660,26731,29815,19455,24281,6112,10297,4778,4893,9474,9841,10561,12376,13966,16734,19573,21685,17440,19750,15645,19641,5715,9564,244751,163570,43949,11799,77125,28588,7663,53,24
2021-06-13T23:59:59+02:00,43,63,9404,9453,19105,18845,25173,25934,33840,34751,38730,39593,26715,29803,19445,24273,6112,10293,4695,4824,9263,9669,10393,12200,13639,16387,19226,21354,17312,19602,15598,19576,5713,9562,243105,162704,43949,11798,77120,27146,7348,53,24
2021-06-12T23:59:59+02:00,43,63,9395,9435,19093,18832,25173,25929,33840,34747,38727,39592,26715,29803,19445,24273,6112,10293,4692,4810,9252,9607,10360,12098,13590,16234,19171,21218,17203,19476,15481,19474,5711,9560,243057,162675,43949,11796,77114,26112,7337,53,24
2021-06-11T23:59:59+02:00,38,59,9236,9254,18859,18622,24372,25256,33661,34591,38592,39479,26682,29769,19434,24249,6112,10288,4612,4700,9031,9348,10100,11799,13069,15682,18197,20320,17017,19278,15441,19430,5708,9557,240137,158647,43947,11795,77109,25523,7307,53,24
2021-06-10T23:59:59+02:00,36,55,8842,8924,18212,18126,23524,24584,33342,34310,38387,39314,26623,29714,19409,24221,6109,10281,4438,4523,8458,8853,9291,11077,11921,14578,16199,18399,16127,18312,15156,19063,5699,9535,236512,148953,43293,11762,77083,23823,7074,51,24
2021-06-09T23:59:59+02:00,19,37,8390,8423,17377,17401,22374,23541,32855,33841,38100,39093,26513,29609,19361,24162,6099,10268,4303,4406,8167,8591,9046,10824,11587,14209,15715,17850,15753,17880,14914,18778,5692,9525,232510,147119,41400,11721,77041,21905,6478,34,24
2021-06-08T23:59:59+02:00,11,25,8070,8104,16907,16990,21953,23175,32611,33646,37937,38963,26468,29569,19351,24139,6096,10263,4184,4324,7913,8340,8740,10480,11228,13862,15074,17146,15292,17356,14652,18500,5687,9507,229784,145410,41369,10604,77029,20192,6062,34,24
2021-06-07T23:59:59+02:00,8,21,7873,7874,16549,16667,21413,22718,32330,33377,37819,38846,26439,29521,19331,24110,6091,10262,4108,4244,7733,8197,8580,10335,11057,13690,14759,16818,15092,17100,14478,18307,5683,9502,228163,144325,40400,10511,77009,19186,5644,33,24
2021-06-06T23:59:59+02:00,6,18,7767,7765,16415,16520,21217,22510,32100,33152,37683,38740,26412,29496,19319,24093,6091,10256,4080,4208,7685,8078,8526,10204,10949,13543,14562,16598,14906,16920,14389,18186,5676,9496,226927,143835,40099,10499,76991,18145,5510,33,24
2021-06-05T23:59:59+02:00,6,18,7745,7751,16389,16496,21209,22507,32089,33145,37681,38739,26411,29496,19318,24092,6091,10256,4070,4168,7670,8013,8512,10072,10935,13371,14543,16493,14871,16865,14380,18176,5676,9495,226821,143753,40099,10499,76990,17545,5496,33,24
2021-06-04T23:59:59+02:00,6,16,7634,7649,16109,16257,20934,22257,31665,32770,37566,38618,26378,29456,19306,24079,6089,10254,4063,4159,7642,7990,8485,10041,10868,13298,14438,16361,14789,16772,14343,18132,5676,9493,225220,143416,39323,10169,76971,17452,5496,33,24
2021-06-03T23:59:59+02:00,4,16,7379,7420,15235,15466,19305,20868,30752,31844,37060,38157,26245,29318,19261,24027,6083,10235,4003,4120,7554,7919,8362,9945,10697,13115,13867,15788,14525,16456,14257,18024,5673,9481,218590,141191,37744,10050,76960,17180,5348,33,24
2021-06-02T23:59:59+02:00,4,16,7245,7276,14858,15041,18874,20463,30285,31388,36833,37892,26181,29254,19241,23998,6080,10233,3974,4091,7492,7833,8274,9850,10557,12984,13419,15355,14400,16273,14227,17986,5670,9476,215513,139397,37313,9956,76959,17147,5344,33,24
2021-06-01T23:59:59+02:00,4,13,6971,7032,14460,14731,18530,20146,29958,31076,36609,37659,26125,29174,19217,23969,6078,10222,3873,4007,7251,7657,8041,9657,10293,12708,13011,14930,13965,15819,14111,17831,5663,9468,212767,137260,37269,9702,76938,16339,4967,33,24
2021-05-31T23:59:59+02:00,4,13,6808,6846,14238,14497,17829,19545,29616,30733,36315,37395,26032,29076,19190,23915,6068,10210,3795,3897,7041,7410,7817,9374,9949,12325,12572,14410,13436,15204,13910,17601,5655,9453,211327,134075,35230,9381,76922,15558,4818,33,24
2021-05-30T23:59:59+02:00,4,13,6785,6830,14193,14456,17751,19486,29566,30694,36283,37369,26020,29064,19187,23908,6067,10208,3751,3825,6883,7195,7670,9138,9742,12004,12316,14055,13315,15034,13842,17518,5652,9446,211028,133337,35217,9279,76864,14011,4742,33,24
2021-05-29T23:59:59+02:00,4,13,6783,6829,14184,14450,17746,19480,29561,30690,36280,37368,26018,29061,19187,23907,6067,10208,3741,3813,6853,7162,7636,9087,9706,11957,12242,13957,13273,14965,13812,17494,5651,9441,210996,133196,35217,9278,76849,13558,4741,33,24
2021-05-28T23:59:59+02:00,4,13,6773,6816,14166,14438,17730,19458,29548,30677,36269,37348,26015,29056,19185,23903,6067,10208,3727,3790,6833,7122,7602,9032,9654,11852,11999,13687,13083,14774,13782,17453,5648,9438,210839,131902,35216,9277,76846,13539,4740,33,24
2021-05-27T23:59:59+02:00,4,13,6682,6735,13897,14218,17241,19111,28867,30133,36108,37214,25965,29019,19170,23887,6066,10202,3603,3628,6545,6870,7226,8725,9156,11294,11290,12790,12529,14203,13652,17259,5640,9426,209744,128378,33771,8949,76804,12311,4180,33,24
2021-05-26T23:59:59+02:00,4,13,6612,6629,13686,14016,16988,18800,28323,29620,35931,37036,25924,28970,19153,23858,6065,10195,3512,3486,6323,6581,6937,8299,8814,10816,10637,11991,11965,13587,13505,17043,5635,9404,208128,124761,33021,8765,76789,11141,3852,33,22
2021-05-25T23:59:59+02:00,4,13,6531,6534,13480,13796,16724,18587,27599,28972,35838,36939,25900,28939,19141,23842,6060,10194,3463,3393,6179,6411,6791,8108,8588,10525,10290,11625,11620,13109,13400,16880,5632,9396,207410,122914,31565,8627,76306,10073,3780,32,22
2021-05-24T23:59:59+02:00,4,13,6461,6438,13302,13597,16501,18307,27183,28542,35493,36538,25843,28871,19122,23818,6059,10192,3450,3372,6121,6330,6746,8024,8528,10430,10217,11527,11444,12876,13352,16788,5624,9375,206878,122286,29334,8579,76299,9582,3741,32,22
2021-05-23T23:59:59+02:00,4,13,6459,6437,13297,13589,16498,18297,27164,28532,35463,36504,25840,28864,19122,23812,6059,10192,3445,3368,6115,6320,6736,8017,8500,10399,10177,11468,11361,12775,13332,16756,5624,9374,206764,122272,29317,8166,76298,9575,3735,32,22
2021-05-22T23:59:59+02:00,4,13,6452,6433,13290,13577,16491,18292,27160,28530,35460,36498,25840,28864,19122,23812,6059,10192,3443,3368,6111,6317,6735,8013,8496,10397,10172,11465,11350,12761,13327,16752,5623,9374,206710,122232,29317,8166,76295,9552,3735,32,22
2021-05-21T23:59:59+02:00,4,13,6390,6374,13137,13471,16316,18143,26890,28352,35029,36232,25814,28826,19114,23806,6058,10188,3434,3358,6078,6296,6705,7979,8457,10348,10118,11416,10832,12049,13186,16592,5620,9369,206021,120474,29192,8163,75249,9518,3663,32,22
2021-05-20T23:59:59+02:00,3,12,6096,6172,12526,13056,15123,17221,24978,26851,34075,35464,25709,28682,19059,23724,6052,10173,3375,3312,5983,6180,6592,7822,8308,10187,9879,11108,10493,11593,13073,16408,5610,9355,201252,118469,27449,8081,72710,9175,3534,31,22
2021-05-19T23:59:59+02:00,3,12,5889,5930,12013,12596,14418,16513,24031,26035,33448,34861,25595,28590,19024,23664,6044,10161,3298,3239,5821,6011,6400,7580,8034,9907,9575,10727,10181,11178,12994,16263,5608,9347,195545,116554,27408,7885,72694,8556,3149,31,22
2021-05-18T23:59:59+02:00,3,11,5719,5819,11617,12278,13795,16011,22874,25086,32781,34254,25479,28454,18976,23611,6039,10152,3256,3208,5707,5899,6234,7420,7829,9692,9376,10487,10009,10927,12848,16039,5598,9338,190595,115394,26897,7817,72649,7850,2787,31,22
2021-05-17T23:59:59+02:00,3,10,5666,5775,11453,12172,13521,15790,22058,24448,32471,33939,25400,28394,18953,23581,6030,10143,3140,3134,5515,5714,6059,7204,7621,9464,9151,10242,9916,10802,12790,15976,5595,9333,188826,114632,26194,7809,72255,6695,2501,31,22
2021-05-16T23:59:59+02:00,3,10,5638,5755,11391,12114,13436,15710,21445,23898,31858,33410,25360,28350,18943,23566,6029,10143,3135,3112,5501,5645,6031,7144,7593,9365,9120,10158,9900,10783,12787,15973,5595,9333,188058,114521,24648,7803,71833,6344,2489,31,21
2021-05-15T23:59:59+02:00,3,10,5629,5746,11358,12105,13407,15701,21369,23827,31317,33036,25349,28345,18942,23563,6028,10142,3122,3097,5482,5603,6017,7069,7553,9250,8881,9904,9867,10752,12753,15922,5595,9332,188007,114516,24635,7665,71186,5982,2018,31,21
2021-05-14T23:59:59+02:00,3,10,5590,5721,11297,12065,13334,15637,20958,23516,30885,32690,25313,28299,18930,23546,6028,10140,3090,3057,5446,5514,5996,6934,7512,9048,8821,9709,9794,10642,12667,15793,5595,9329,187283,114346,24316,7330,70315,5236,2017,31,21
2021-05-13T23:59:59+02:00,3,10,5435,5563,10915,11770,12622,15049,18771,21770,29340,31222,25086,28056,18862,23474,6026,10137,3078,3023,5423,5475,5980,6876,7488,8977,8777,9649,9576,10398,12465,15487,5590,9318,183329,113987,20521,6505,68228,5068,2002,31,21
2021-05-12T23:59:59+02:00,2,10,5405,5536,10845,11712,12521,14961,18648,21646,28977,30857,24993,27962,18845,23445,6025,10132,3077,3019,5417,5469,5970,6863,7463,8962,8738,9595,9387,10166,12232,15163,5587,9311,182381,113703,19884,5635,68225,5063,2001,31,20
2021-05-11T23:59:59+02:00,2,10,5269,5431,10597,11459,12154,14593,18037,21006,28045,29886,24801,27772,18785,23369,6020,10118,3035,2978,5327,5314,5870,6678,7334,8719,8575,9374,9205,9968,12081,14974,5578,9293,178294,112651,18991,5527,68094,4164,1944,31,20
2021-05-10T23:59:59+02:00,2,9,5144,5356,10384,11268,11894,14338,17711,20672,27623,29477,24693,27664,18746,23322,6012,10114,2965,2924,5211,5198,5755,6574,7210,8578,8445,9267,9101,9844,11991,14845,5575,9284,176287,112119,18307,5515,67867,3179,1937,31,20
2021-05-09T23:59:59+02:00,2,9,5070,5310,10286,11152,11794,14219,17371,20386,27232,29100,24606,27577,18717,23286,6009,10111,2897,2892,5065,5156,5579,6531,7043,8549,8315,9231,9089,9834,11973,14825,5575,9284,175891,112043,17026,5505,67368,2352,1921,31,20
2021-05-08T23:59:59+02:00,2,9,5069,5309,10283,11148,11794,14219,17367,20384,27229,29098,24606,27577,18717,23286,6009,10111,2897,2891,5063,5156,5579,6531,7043,8549,8312,9231,9088,9833,11973,14825,5575,9284,175875,112040,17026,5505,67365,2348,1920,31,20
2021-05-07T23:59:59+02:00,2,9,5036,5283,10215,11096,11664,14095,16968,20111,26593,28541,24557,27526,18700,23253,6002,10081,2886,2884,5048,5148,5568,6515,7031,8538,8304,9220,9082,9825,11962,14804,5567,9256,175041,112025,17023,5499,65845,2305,1792,31,20
2021-05-06T23:59:59+02:00,1,9,4766,5122,9760,10753,11100,13577,15879,19088,24184,26248,24058,26998,18594,23151,5997,10067,2843,2838,4982,5072,5527,6424,6948,8420,8174,9068,8981,9711,11938,14753,5564,9253,170012,111482,14572,5442,62958,1774,1781,29,20
2021-05-05T23:59:59+02:00,1,9,4685,5041,9466,10524,10759,13251,15301,18486,23337,25281,23798,26671,18526,23046,5987,10049,2824,2801,4933,4987,5468,6304,6867,8256,8050,8852,8874,9579,11860,14666,5563,9245,166345,110538,13256,5436,62807,1356,1781,29,20
2021-05-04T23:59:59+02:00,1,9,4601,4950,9293,10324,10547,13010,14914,18090,22788,24715,23587,26398,18454,22965,5979,10035,2816,2767,4905,4911,5435,6183,6814,8116,7956,8697,8770,9467,11785,14607,5561,9242,164093,110037,12133,5425,62642,789,1763,29,20
2021-05-03T23:59:59+02:00,1,9,4530,4874,9102,10190,10371,12834,14632,17844,22377,24300,23448,26248,18427,22917,5979,10029,2742,2695,4820,4840,5359,6097,6718,8010,7774,8531,8684,9380,11746,14558,5558,9237,162586,109814,12132,5422,62549,679,816,29,20
2021-05-02T23:59:59+02:00,1,9,4517,4860,9026,10133,10246,12723,14306,17538,22075,24014,23398,26188,18408,22892,5978,10028,2736,2688,4761,4807,5269,6013,6582,7882,7656,8431,8638,9339,11722,14524,5556,9232,161699,109698,12129,5420,62445,662,38,29,20
2021-05-01T23:59:59+02:00,1,9,4517,4857,9024,10132,10245,12723,14302,17534,22073,24014,23397,26187,18408,22892,5978,10028,2736,2688,4761,4807,5269,6013,6581,7882,7656,8431,8638,9339,11722,14524,5556,9232,161680,109698,12129,5419,62445,662,38,29,20
2021-04-30T23:59:59+02:00,0,9,4443,4771,8785,9917,9984,12482,13819,17108,21233,23243,23272,26050,18392,22861,5975,10025,2732,2686,4750,4799,5260,5979,6570,7851,7623,8393,8634,9336,11721,14521,5554,9231,158089,109671,12128,5417,62119,530,4,29,20
2021-04-29T23:59:59+02:00,0,9,4296,4626,8307,9506,9281,11879,12815,16206,19386,21558,22563,25288,18254,22650,5969,10008,2710,2667,4710,4728,5218,5905,6509,7745,7542,8277,8525,9221,11655,14446,5547,9222,148888,109180,12113,5154,61568,271,4,28,20
2021-04-28T23:59:59+02:00,0,9,4264,4607,8236,9433,9205,11792,12695,16085,19169,21345,22474,25196,18226,22609,5967,10003,2707,2655,4685,4668,5190,5861,6479,7671,7494,8195,8508,9198,11639,14424,5545,9216,148503,108987,12023,5083,60758,45,3,28,19
2021-04-27T23:59:59+02:00,0,9,4226,4561,8099,9298,9091,11642,12548,15917,18720,20850,22243,24938,18160,22531,5964,9994,2704,2651,4683,4664,5180,5853,6466,7652,7459,8157,8449,9119,11558,14342,5541,9212,147776,108728,10949,4910,60035,37,3,28,14
2021-04-26T23:59:59+02:00,0,9,4185,4534,7992,9202,8944,11536,12375,15743,18308,20485,22109,24791,18124,22499,5963,9992,2704,2649,4679,4660,5175,5845,6453,7632,7426,8129,8401,9071,11502,14263,5537,9195,146999,108623,10814,4652,58948,32,2,28,14
2021-04-25T23:59:59+02:00,0,9,4171,4519,7955,9171,8881,11473,12240,15614,17965,20152,21909,24554,18084,22444,5959,9987,2704,2649,4678,4658,5172,5841,6448,7629,7424,8125,8345,9012,11479,14235,5537,9193,145617,108600,10803,4484,58637,31,2,28,14
2021-04-24T23:59:59+02:00,0,9,4164,4511,7939,9166,8866,11463,12192,15584,17907,20114,21894,24541,18082,22439,5959,9987,2703,2649,4678,4658,5172,5841,6448,7629,7424,8125,8345,9011,11479,14235,5537,9193,145520,108600,10802,4484,58465,30,2,28,13
2021-04-23T23:59:59+02:00,0,9,4144,4481,7882,9103,8781,11361,11853,15258,17473,19715,21680,24308,18017,22362,5957,9979,2700,2647,4675,4655,5166,5833,6434,7620,7401,8094,8324,8984,11470,14226,5535,9190,144253,108588,10454,4324,57626,29,2,28,13
2021-04-22T23:59:59+02:00,0,9,4095,4417,7751,8914,8597,11104,11526,14840,16557,18730,21108,23598,17881,22182,5947,9961,2692,2641,4669,4633,5144,5807,6392,7586,7333,8049,8195,8827,11329,14075,5530,9181,140526,107971,10324,4078,56338,21,2,27,13
2021-04-21T23:59:59+02:00,0,9,4053,4374,7651,8793,8441,10943,11231,14559,15821,17972,20727,23151,17806,22077,5942,9948,2683,2630,4651,4612,5128,5786,6380,7568,7304,8027,8146,8765,11289,14035,5528,9179,137602,107685,10194,3995,55675,19,2,25,12
2021-04-20T23:59:59+02:00,0,9,4028,4348,7617,8741,8365,10863,11068,14385,15387,17497,20263,22634,17702,21925,5934,9936,2675,2621,4641,4599,5104,5766,6352,7544,7264,7987,8052,8633,11213,13948,5524,9175,135452,107112,9929,3956,55294,18,2,25,12
2021-04-19T23:59:59+02:00,0,9,3998,4297,7554,8636,8273,10724,10910,14202,15134,17202,19784,22069,17535,21709,5924,9924,2670,2620,4637,4595,5091,5751,6333,7527,7238,7942,7999,8579,11186,13902,5522,9171,133384,106779,9576,3954,54899,18,2,23,12
2021-04-18T23:59:59+02:00,0,6,3978,4269,7496,8584,8168,10598,10652,13959,14642,16664,19352,21557,17412,21524,5920,9918,2669,2620,4637,4595,5091,5751,6331,7524,7235,7941,7995,8576,11184,13898,5521,9168,130965,106755,9505,3952,54204,17,2,23,12
2021-04-17T23:59:59+02:00,0,6,3975,4261,7476,8578,8157,10580,10611,13913,14530,16577,19232,21435,17390,21496,5919,9916,2669,2620,4636,4593,5085,5746,6317,7519,7210,7918,7949,8530,11165,13875,5519,9168,130529,106744,9496,3746,54002,17,2,23,12
2021-04-16T23:59:59+02:00,0,6,3964,4217,7404,8454,8054,10425,10417,13652,13861,15814,18665,20794,17265,21321,5908,9898,2666,2617,4631,4586,5080,5733,6300,7508,7172,7883,7638,8139,11073,13735,5512,9151,127687,105943,9435,3453,52973,17,1,23,12
2021-04-15T23:59:59+02:00,0,5,3920,4164,7292,8322,7878,10192,10082,13263,13136,14956,17855,19932,17023,20999,5893,9879,2665,2609,4619,4569,5067,5700,6268,7472,7100,7810,7079,7477,10947,13575,5508,9141,124053,104274,9275,3306,51439,15,1,23,12
2021-04-14T23:59:59+02:00,0,4,3893,4133,7226,8216,7771,10041,9905,13064,12718,14510,17329,19320,16871,20790,5887,9864,2631,2590,4601,4537,5039,5653,6233,7439,7042,7750,6438,6711,10684,13279,5504,9133,122663,101935,9038,3305,49817,13,1,23,12
2021-04-13T23:59:59+02:00,0,4,3890,4127,7188,8199,7714,10006,9797,13011,12345,14217,16639,18467,16635,20485,5883,9858,2607,2563,4582,4511,5013,5618,6174,7370,6954,7646,6227,6458,10099,12605,5495,9112,121959,99714,8816,3296,47666,13,1,23,12
2021-04-12T23:59:59+02:00,0,4,3877,4109,7134,8153,7656,9937,9689,12910,12098,14003,16196,17950,16447,20271,5878,9855,2578,2552,4515,4469,4907,5548,6056,7293,6836,7546,5480,5636,9648,12067,5455,9070,121625,96345,8780,3287,45739,13,1,22,12
2021-04-11T23:59:59+02:00,0,4,3862,4101,7092,8101,7596,9894,9598,12833,11862,13795,15627,17262,16171,19931,5873,9845,2502,2472,4386,4348,4756,5416,5894,7141,6686,7441,5178,5275,9516,11906,5455,9066,121034,94178,8352,3237,44038,12,1,22,12
2021-04-10T23:59:59+02:00,0,4,3844,4081,7053,8054,7552,9837,9537,12774,11771,13711,15409,17069,16122,19862,5872,9838,1941,1908,3575,3628,3886,4652,4890,6224,5832,6652,4906,4970,9387,11754,5448,9057,120569,85450,8352,3237,43446,12,1,22,12
2021-04-09T23:59:59+02:00,0,4,3823,4061,7014,8024,7489,9780,9385,12645,11444,13430,14225,15536,15677,19330,5859,9826,1083,1084,2216,2435,2378,3284,3104,4583,4208,5185,4217,4234,9138,11398,5423,9027,118665,69741,8350,3234,40515,12,0,22,12
2021-04-08T23:59:59+02:00,0,4,3797,4045,6954,7971,7387,9687,9197,12529,11040,13079,13090,14272,15251,18787,5830,9779,583,596,1296,1728,1476,2358,2002,3495,2831,3796,2971,2833,8328,10411,5274,8804,117369,55531,8268,3231,37040,10,0,22,12
2021-04-07T23:59:59+02:00,0,4,3749,4019,6876,7915,7295,9617,9069,12400,10731,12771,12361,13506,15032,18523,5824,9757,354,378,946,1382,1069,1972,1492,3033,1884,2792,1788,1544,7420,9265,5118,8545,116407,45734,8116,3231,34905,7,0,21,12
2021-04-06T23:59:59+02:00,0,4,3733,4007,6855,7877,7240,9550,8977,12321,10519,12554,11976,13010,14811,18230,5813,9743,347,364,936,1372,1054,1951,1464,3005,1825,2733,1709,1475,7002,8706,4965,8306,115136,43968,8017,3230,34048,6,0,19,12
2021-04-05T23:59:59+02:00,0,4,3727,4006,6844,7864,7227,9539,8958,12293,10455,12495,11865,12862,14713,18138,5811,9740,345,358,926,1368,1048,1943,1454,2984,1803,2699,1656,1422,6772,8401,4841,8120,114797,42895,7996,3229,33729,6,0,19,12
2021-04-04T23:59:59+02:00,0,4,3727,4006,6842,7858,7226,9538,8955,12293,10445,12490,11862,12858,14710,18137,5811,9740,345,357,924,1368,1047,1941,1453,2983,1801,2696,1653,1417,6765,8387,4836,8117,114792,42846,7995,3228,33696,6,0,19,12
2021-04-03T23:59:59+02:00,0,4,3727,4006,6842,7857,7225,9538,8955,12293,10444,12490,11862,12857,14708,18135,5811,9740,345,356,922,1364,1045,1940,1452,2978,1799,2696,1648,1405,6722,8305,4801,8082,114788,42616,7995,3228,33692,6,0,19,12
2021-04-02T23:59:59+02:00,0,4,3725,4004,6840,7854,7219,9532,8942,12286,10428,12474,11735,12742,14665,18075,5807,9731,343,354,920,1358,1039,1929,1437,2953,1758,2658,1554,1319,5957,7408,4361,7512,114660,39937,7990,2907,33394,6,0,19,12
2021-04-01T23:59:59+02:00,0,3,3686,3992,6806,7833,7177,9502,8890,12247,10356,12403,11386,12332,14277,17545,5793,9703,338,351,904,1343,1027,1908,1405,2908,1698,2593,1431,1225,5018,6299,3804,6683,114221,36017,6574,2902,33117,6,0,19,12
2021-03-31T23:59:59+02:00,0,3,3680,3987,6791,7813,7160,9482,8856,12214,10267,12331,11050,11925,13925,17046,5787,9679,335,347,896,1333,1016,1893,1385,2880,1649,2556,1365,1172,4430,5617,3445,6209,113636,33683,5564,2829,32777,6,0,19,12
2021-03-30T23:59:59+02:00,0,3,3662,3963,6755,7776,7102,9416,8767,12111,10105,12176,10791,11648,13704,16780,5779,9665,331,340,891,1322,1009,1887,1362,2873,1620,2530,1338,1146,4312,5495,3384,6115,112821,33309,5314,2630,32051,6,0,17,12
2021-03-29T23:59:59+02:00,0,3,3652,3941,6729,7754,7062,9363,8672,12015,9922,11968,10353,11179,13333,16311,5763,9632,326,336,887,1311,1003,1879,1353,2863,1606,2521,1316,1132,4178,5352,3286,5983,111147,32693,5006,2624,31482,5,0,17,12
2021-03-28T23:59:59+02:00,0,3,3611,3885,6613,7596,6945,9220,8546,11822,9769,11777,10145,10919,13158,16129,5759,9623,326,336,887,1309,1001,1878,1352,2863,1605,2519,1307,1129,4145,5310,3260,5957,110777,32648,4741,2522,29985,4,0,17,12
2021-03-27T23:59:59+01:00,0,3,3610,3874,6601,7532,6915,9108,8496,11653,9717,11623,10032,10795,13063,16041,5758,9623,326,335,887,1309,1001,1875,1352,2861,1601,2518,1305,1127,4119,5275,3247,5942,110768,32545,4741,2521,28918,4,0,17,12
2021-03-26T23:59:59+01:00,0,3,3604,3867,6573,7495,6887,9033,8449,11540,9626,11495,9983,10731,13015,15985,5750,9602,321,333,886,1306,997,1863,1349,2840,1581,2504,1280,1111,3935,5047,3138,5788,110708,31785,4518,2480,28395,4,0,17,12
2021-03-25T23:59:59+01:00,0,3,3581,3836,6481,7369,6795,8867,8260,11309,9316,11178,9602,10347,12710,15669,5745,9591,321,332,884,1298,994,1853,1336,2827,1558,2485,1255,1091,3697,4798,2885,5450,110331,30571,4307,2480,26004,3,0,17,12
2021-03-24T23:59:59+01:00,0,3,3524,3786,6391,7185,6672,8641,8095,11072,9089,10853,9188,9857,12291,15210,5734,9580,321,331,883,1294,989,1851,1329,2823,1542,2469,1246,1081,3631,4724,2701,5227,109815,29952,4169,2480,23170,0,0,17,12
2021-03-23T23:59:59+01:00,0,3,3506,3753,6343,7131,6595,8581,7977,10944,8841,10620,8767,9390,11840,14689,5724,9565,321,331,882,1284,984,1842,1324,2814,1538,2462,1222,1056,3539,4647,2506,4904,109000,29166,4078,2480,21174,0,0,17,12
2021-03-22T23:59:59+01:00,0,3,3498,3733,6301,7103,6560,8533,7911,10869,8693,10484,8485,9039,11538,14365,5689,9526,319,326,876,1274,976,1835,1317,2803,1528,2452,1210,1046,3510,4611,2487,4871,108332,28952,4076,2479,19905,0,0,17,12
2021-03-21T23:59:59+01:00,0,3,3496,3731,6297,7093,6543,8517,7894,10850,8637,10426,8365,8922,11469,14263,5686,9523,317,325,868,1271,969,1828,1308,2801,1523,2448,1206,1043,3501,4596,2472,4861,108247,28848,4075,2479,19376,0,0,17,12
2021-03-20T23:59:59+01:00,0,3,3488,3693,6289,7021,6527,8380,7869,10666,8593,10291,8288,8836,11431,14224,5686,9523,317,325,868,1271,969,1827,1307,2801,1523,2446,1206,1043,3501,4595,2472,4860,108214,28843,3864,2478,18713,0,0,17,12
2021-03-19T23:59:59+01:00,0,3,3475,3663,6261,6935,6503,8287,7823,10549,8480,10131,7745,8229,11244,13981,5677,9505,314,324,863,1264,952,1818,1285,2770,1473,2402,1124,975,2833,3802,2054,4281,106594,26046,3562,2478,18318,0,0,17,12
2021-03-18T23:59:59+01:00,0,3,3464,3645,6220,6895,6469,8224,7759,10462,8364,10002,6786,7128,10964,13680,5665,9480,313,324,859,1259,946,1808,1270,2762,1449,2383,1085,955,2627,3562,1898,4059,103566,25071,3401,2478,18226,0,0,17,12
2021-03-17T23:59:59+01:00,0,3,3427,3606,6150,6812,6414,8119,7668,10331,8233,9845,6101,6280,10678,13367,5648,9453,312,324,851,1253,941,1796,1256,2740,1430,2356,1048,930,2501,3431,1816,3941,100766,24438,3400,2478,17952,0,0,17,12
2021-03-16T23:59:59+01:00,0,3,3409,3576,6111,6759,6369,8045,7614,10265,8142,9743,5925,6104,9970,12560,5607,9389,305,313,836,1237,928,1787,1250,2720,1418,2348,1034,911,2286,3184,1679,3744,98500,23494,3389,2476,17685,0,0,17,12
2021-03-15T23:59:59+01:00,0,3,3372,3544,6012,6679,6239,7952,7470,10145,8014,9617,5170,5268,9521,12010,5563,9319,304,312,832,1233,926,1780,1248,2707,1409,2339,1021,899,2141,3010,1588,3649,94971,22913,3380,2475,17530,0,0,17,12
2021-03-14T23:59:59+01:00,0,3,3248,3401,5733,6334,5968,7592,7156,9730,7727,9299,4838,4877,9362,11812,5559,9305,304,311,832,1233,925,1780,1246,2706,1407,2336,1019,896,2138,3007,1585,3648,92578,22891,3325,2472,16024,0,0,17,12
2021-03-13T23:59:59+01:00,0,3,2592,2745,4799,5467,4956,6666,5964,8615,6714,8351,4524,4494,8976,11288,5467,9197,304,311,831,1231,925,1775,1244,2704,1406,2336,1019,895,2114,2971,1554,3612,81908,22750,3325,2472,15568,0,0,17,12
2021-03-12T23:59:59+01:00,0,2,1769,1929,3465,4316,3448,5335,4217,6979,5075,6841,3853,3787,7719,9739,4952,8507,300,308,829,1227,919,1769,1237,2684,1381,2319,974,868,1758,2506,1279,3253,63058,21129,3322,2472,15536,0,0,17,12
2021-03-11T23:59:59+01:00,0,2,1270,1453,2560,3576,2548,4400,3123,5889,3716,5456,2680,2513,6028,7656,4192,7349,295,299,813,1218,906,1746,1219,2655,1356,2273,938,848,1600,2272,1152,3064,45840,20172,3320,2472,15234,0,0,17,12
2021-03-10T23:59:59+01:00,0,2,1049,1236,2193,3216,2173,4010,2672,5448,2806,4489,1544,1308,4668,5931,3627,6582,285,289,795,1198,884,1710,1185,2582,1317,2207,911,829,1418,2082,1055,2888,34783,19262,3320,2363,14835,0,0,16,12
2021-03-09T23:59:59+01:00,0,2,1033,1207,2129,3076,2109,3895,2588,5315,2721,4364,1510,1277,4590,5856,3585,6527,281,282,781,1177,867,1684,1159,2541,1299,2179,897,817,1341,1956,985,2772,34371,18689,3317,2319,14080,0,0,16,12
2021-03-08T23:59:59+01:00,0,2,1012,1177,2072,2976,2070,3814,2528,5203,2666,4291,1472,1256,4441,5694,3484,6382,281,278,776,1169,865,1675,1151,2533,1291,2163,872,796,1171,1730,860,2603,33671,17889,3317,2315,13536,0,0,16,12
2021-03-07T23:59:59+01:00,0,2,1007,1158,2032,2930,2028,3773,2489,5138,2625,4254,1467,1253,4434,5686,3481,6382,281,278,776,1169,865,1675,1151,2533,1290,2163,869,796,1162,1720,852,2592,33637,17889,3311,2273,13175,0,0,16,12
2021-03-06T23:59:59+01:00,0,2,1007,1155,2021,2916,2016,3754,2473,5111,2608,4233,1454,1243,4400,5640,3467,6370,281,278,776,1169,865,1674,1151,2533,1290,2163,869,796,1162,1720,852,2591,33493,17888,3310,2272,13051,0,0,16,12
2021-03-05T23:59:59+01:00,0,2,1003,1151,2006,2896,1987,3731,2430,5059,2556,4195,1418,1216,4131,5314,3315,6149,280,275,769,1162,859,1666,1148,2524,1287,2153,855,792,1154,1711,851,2589,32750,17793,2977,2272,12816,0,0,16,12
2021-03-04T23:59:59+01:00,0,2,909,1003,1917,2771,1921,3594,2354,4905,2466,4035,1387,1194,3889,5052,3049,5798,280,273,767,1157,856,1657,1147,2510,1283,2144,823,777,1141,1701,844,2576,31493,17677,2973,2249,11764,0,0,16,12
2021-03-03T23:59:59+01:00,0,2,862,896,1850,2675,1850,3490,2285,4790,2392,3951,1374,1181,3779,4945,2825,5523,279,271,766,1146,853,1639,1141,2468,1273,2118,806,773,1133,1682,836,2569,30814,17650,2854,2093,10986,0,0,16,12
2021-03-02T23:59:59+01:00,0,2,818,819,1754,2552,1766,3366,2195,4666,2332,3873,1339,1159,3648,4810,2618,5170,279,270,765,1140,849,1636,1136,2463,1269,2108,804,771,1119,1661,825,2550,30077,17543,2664,2092,10130,0,0,16,12
2021-03-01T23:59:59+01:00,0,2,795,783,1654,2411,1695,3220,2095,4494,2252,3752,1321,1147,3597,4745,2574,5110,279,268,761,1136,846,1624,1132,2451,1264,2098,797,768,1114,1649,817,2543,29824,17445,2580,2092,9227,0,0,16,12
2021-02-28T23:59:59+01:00,0,2,789,760,1636,2345,1667,3148,2072,4395,2237,3685,1315,1141,3587,4730,2559,5099,278,267,761,1135,846,1619,1132,2449,1264,2093,793,766,1106,1636,813,2533,29715,17422,2578,2059,8858,0,0,16,12
2021-02-27T23:59:59+01:00,0,2,774,743,1615,2285,1650,3037,2053,4269,2216,3590,1312,1138,3587,4729,2559,5098,278,267,761,1135,846,1618,1132,2449,1264,2092,793,766,1096,1630,796,2519,29712,17420,2577,2012,8352,0,0,16,12
2021-02-26T23:59:59+01:00,0,2,645,664,1511,2172,1599,2879,1990,4032,2115,3354,1221,1068,2933,3931,2124,4505,278,266,760,1133,845,1617,1132,2447,1262,2089,792,762,1078,1617,786,2502,26892,17346,2577,2010,7260,0,0,16,12
2021-02-25T23:59:59+01:00,0,2,497,587,1393,2068,1532,2751,1930,3904,2015,3241,1171,1033,2704,3661,1958,4262,261,251,736,1111,803,1548,1084,2347,1189,1997,736,741,1045,1579,774,2474,25823,17255,2547,1411,6323,0,0,16,12
2021-02-24T23:59:59+01:00,0,2,468,557,1323,1958,1462,2608,1860,3754,1939,3091,1134,1004,2565,3526,1878,4141,232,238,711,1065,776,1486,1054,2286,1134,1946,709,718,998,1549,761,2444,25179,17066,2535,1031,5540,0,0,16,12
2021-02-23T23:59:59+01:00,0,2,413,517,1240,1819,1387,2462,1784,3543,1870,2969,1109,970,2358,3296,1750,3949,227,232,696,1041,764,1447,1032,2239,1108,1905,700,707,989,1535,758,2440,24244,16975,2525,835,4653,0,0,16,12
2021-02-22T23:59:59+01:00,0,2,400,483,1139,1710,1284,2365,1676,3436,1789,2898,1087,956,2214,3122,1659,3850,217,223,673,989,733,1384,1006,2145,1066,1823,656,674,919,1456,719,2381,23653,16785,2521,269,3880,0,0,16,12
2021-02-21T23:59:59+01:00,0,2,381,466,1038,1677,1134,2341,1521,3414,1684,2880,1079,954,2213,3121,1659,3850,190,217,642,981,722,1376,992,2140,1060,1821,653,671,916,1450,711,2373,23624,16651,2521,254,3253,0,0,16,12
2021-02-20T23:59:59+01:00,0,2,381,464,1037,1677,1133,2341,1520,3412,1684,2878,1079,953,2212,3121,1658,3849,189,215,639,981,719,1375,986,2137,1058,1821,653,671,916,1450,711,2373,23618,16630,2520,254,3247,0,0,16,12
2021-02-19T23:59:59+01:00,0,2,376,455,1025,1673,1123,2331,1508,3393,1651,2863,1029,924,1835,2613,1353,3456,167,205,613,977,701,1367,969,2135,1052,1819,650,670,915,1450,710,2370,21851,16506,2520,254,3223,0,0,16,12
2021-02-18T23:59:59+01:00,0,2,356,434,986,1590,1086,2245,1454,3277,1610,2772,1000,900,1658,2368,1219,3245,147,194,574,966,681,1354,935,2118,1027,1799,639,651,894,1422,696,2349,20852,16182,2520,254,2814,0,0,16,12
2021-02-17T23:59:59+01:00,0,2,333,382,902,1447,977,2047,1321,3023,1499,2552,962,871,1467,2156,1118,3064,141,187,562,935,656,1302,903,2039,981,1722,604,619,887,1395,690,2329,19770,15688,2520,254,1817,0,0,16,12
2021-02-16T23:59:59+01:00,0,2,327,343,859,1309,926,1863,1260,2802,1433,2392,951,854,1404,2059,1051,2961,135,174,548,893,641,1248,875,1975,951,1681,594,609,864,1361,676,2264,19393,15360,2519,119,868,0,0,16,12
2021-02-15T23:59:59+01:00,0,2,312,302,830,1278,909,1807,1220,2719,1395,2336,922,821,1226,1829,921,2784,127,166,527,867,624,1186,849,1902,928,1604,573,572,846,1324,667,2219,18480,14892,2518,79,601,0,0,14,12
2021-02-14T23:59:59+01:00,0,2,312,302,829,1278,908,1807,1219,2719,1395,2336,922,821,1226,1829,921,2783,126,166,526,859,620,1181,843,1896,924,1601,572,571,844,1323,665,2215,18478,14844,2518,78,599,0,0,14,12
2021-02-13T23:59:59+01:00,0,2,312,302,829,1278,908,1804,1219,2717,1395,2334,922,821,1226,1828,919,2783,126,166,526,859,620,1181,840,1893,922,1597,569,571,829,1302,653,2198,18471,14841,2515,1,599,0,0,14,12
2021-02-12T23:59:59+01:00,0,2,308,301,820,1273,904,1774,1213,2690,1367,2304,920,819,1225,1825,919,2783,126,166,524,857,619,1174,834,1881,916,1584,566,569,815,1291,647,2185,18463,14743,2515,1,455,0,0,14,12
2021-02-11T23:59:59+01:00,0,2,289,292,805,1238,898,1739,1197,2625,1345,2249,886,805,1214,1814,918,2773,124,152,506,818,597,1109,800,1781,894,1525,553,555,788,1257,632,2152,18351,14233,2514,0,210,0,0,14,12
2021-02-10T23:59:59+01:00,0,2,286,285,786,1201,885,1711,1185,2580,1330,2207,881,803,1199,1798,913,2756,120,142,439,732,551,1016,722,1655,836,1439,538,538,771,1234,619,2122,18328,13476,2409,0,58,0,0,13,0
2021-02-09T23:59:59+01:00,0,2,286,282,781,1186,873,1693,1170,2560,1316,2183,866,797,1185,1779,902,2737,104,123,382,643,498,884,642,1451,747,1247,486,459,652,1066,541,1860,18220,11787,2362,0,3,0,0,13,0
2021-02-08T23:59:59+01:00,0,2,285,281,779,1181,870,1686,1168,2556,1309,2175,860,794,1169,1756,884,2711,93,100,337,548,446,784,552,1240,639,1081,409,384,563,869,436,1531,18093,10014,2359,0,1,0,0,13,0
2021-02-07T23:59:59+01:00,0,2,284,280,778,1180,869,1686,1168,2555,1309,2172,854,792,1167,1753,883,2709,91,99,335,543,444,780,550,1231,635,1075,403,378,542,846,430,1516,18069,9900,2359,0,0,0,0,13,0
2021-02-06T23:59:59+01:00,0,2,284,279,777,1179,869,1685,1168,2555,1309,2171,853,792,1165,1747,881,2707,91,98,335,539,443,779,549,1227,633,1074,400,373,493,777,399,1470,18053,9682,2357,0,0,0,0,13,0
2021-02-05T23:59:59+01:00,0,2,284,278,777,1178,868,1684,1167,2554,1308,2166,846,786,1142,1736,874,2691,85,95,327,533,427,760,524,1192,604,1031,377,345,469,749,379,1423,17971,9321,2357,0,0,0,0,13,0
2021-02-04T23:59:59+01:00,0,2,281,270,774,1156,857,1661,1154,2526,1292,2143,823,772,1113,1706,866,2672,71,76,258,411,332,591,406,964,493,829,306,282,361,604,312,1200,17721,7496,2334,0,0,0,0,13,0
2021-02-03T23:59:59+01:00,0,2,280,265,771,1133,854,1633,1147,2475,1279,2111,803,758,1097,1685,854,2656,57,55,171,283,258,441,286,714,366,592,209,200,256,445,223,898,17617,5454,2173,0,0,0,0,13,0
2021-02-02T23:59:59+01:00,0,2,279,259,767,1124,848,1612,1139,2449,1267,2093,796,751,1089,1673,851,2647,37,34,93,141,149,254,173,445,236,374,135,130,174,270,157,577,17461,3379,2172,0,0,0,0,13,0
2021-02-01T23:59:59+01:00,0,2,277,256,762,1105,840,1592,1133,2418,1263,2058,786,737,1083,1662,846,2630,13,11,16,29,27,64,46,88,73,102,49,45,62,79,46,194,17265,944,2172,0,0,0,0,13,0
2021-01-31T23:59:59+01:00,0,2,271,254,746,1103,832,1581,1123,2407,1252,2050,780,731,1073,1644,839,2616,12,11,15,27,25,61,40,83,66,94,46,45,57,72,43,181,17228,878,2063,0,0,0,0,13,0
2021-01-30T23:59:59+01:00,0,2,271,254,746,1102,832,1581,1123,2407,1252,2050,779,731,1063,1637,822,2602,12,9,15,27,25,61,40,83,65,92,45,44,56,72,43,180,17225,869,2016,0,0,0,0,13,0
2021-01-29T23:59:59+01:00,0,2,270,254,746,1101,832,1581,1123,2407,1252,2049,778,730,1062,1635,822,2600,10,4,13,25,25,60,38,82,64,92,44,43,56,72,43,180,17217,851,2014,0,0,0,0,13,0
2021-01-28T23:59:59+01:00,0,2,266,249,735,1076,798,1525,1086,2346,1176,1991,737,716,1033,1615,806,2579,5,0,4,7,10,24,19,37,20,45,21,22,25,49,17,108,17037,413,1686,0,0,0,0,13,0
2021-01-27T23:59:59+01:00,0,2,260,242,712,1044,752,1471,1027,2265,1103,1910,702,689,1018,1592,803,2571,4,0,4,4,7,20,15,23,13,32,6,9,11,12,5,30,16588,195,1562,0,0,0,0,13,0
2021-01-26T23:59:59+01:00,0,2,236,233,697,1020,744,1423,1007,2191,1076,1845,690,675,994,1576,793,2552,4,0,2,4,6,10,13,12,6,11,3,5,7,8,2,17,16537,110,1204,0,0,0,0,13,0
2021-01-25T23:59:59+01:00,0,2,205,218,644,948,692,1301,964,2046,1018,1710,643,619,916,1479,746,2476,4,0,2,4,6,10,13,12,6,11,3,5,7,8,2,17,16310,110,304,0,0,0,0,13,0
2021-01-24T23:59:59+01:00,0,2,188,212,618,936,673,1287,946,2029,1003,1700,635,613,906,1459,737,2463,3,0,2,4,6,10,12,12,5,11,3,5,7,8,2,17,16135,107,259,0,0,0,0,13,0
2021-01-23T23:59:59+01:00,0,2,188,212,618,936,673,1287,946,2029,1003,1700,635,613,906,1459,737,2463,3,0,2,4,6,10,10,12,5,11,3,5,7,8,2,17,16135,105,259,0,0,0,0,13,0
2021-01-22T23:59:59+01:00,0,2,141,194,560,926,655,1272,912,2019,991,1689,630,612,905,1459,737,2463,3,0,1,4,6,10,10,12,5,11,3,5,7,8,2,17,15895,104,259,0,0,0,0,13,0
2021-01-21T23:59:59+01:00,0,2,137,186,545,905,635,1231,879,1965,970,1642,618,591,893,1428,730,2444,3,0,0,4,5,10,9,12,5,11,3,5,7,8,2,16,15529,100,259,0,0,0,0,13,0
2021-01-20T23:59:59+01:00,0,2,131,169,498,840,612,1153,816,1855,933,1571,597,573,876,1405,718,2413,3,0,0,4,5,10,9,12,5,11,3,5,7,8,2,16,14892,100,257,0,0,0,0,13,0
2021-01-19T23:59:59+01:00,0,2,121,151,426,753,549,1024,732,1667,833,1414,550,523,775,1243,636,2148,3,0,0,4,5,8,9,12,5,11,3,5,7,8,2,16,13344,98,190,0,0,0,0,13,0
2021-01-18T23:59:59+01:00,0,2,103,118,358,603,459,855,601,1406,707,1205,480,457,688,1080,558,1864,1,0,0,1,1,0,0,0,0,1,0,0,0,1,0,0,11450,5,81,0,0,0,0,13,0
2021-01-17T23:59:59+01:00,0,2,99,116,354,598,458,849,599,1387,700,1195,474,447,661,1049,538,1817,1,0,0,1,0,0,0,0,0,1,0,0,0,1,0,0,11250,4,80,0,0,0,0,13,0
2021-01-16T23:59:59+01:00,0,2,99,113,352,589,455,844,587,1374,689,1183,459,434,564,924,476,1718,0,0,0,1,0,0,0,0,0,0,0,0,0,0,0,0,10846,1,3,0,0,0,0,13,0
2021-01-15T23:59:59+01:00,0,2,97,111,347,587,449,839,581,1367,672,1167,443,416,556,912,466,1694,0,0,0,0,0,0,0,0,0,0,0,0,0,0,0,0,10692,0,1,0,0,0,0,13,0
2021-01-14T23:59:59+01:00,0,0,80,89,293,486,371,674,463,1114,554,987,362,334,437,746,382,1439,0,0,0,0,0,0,0,0,0,0,0,0,0,0,0,0,8798,0,0,0,0,0,0,13,0
2021-01-13T23:59:59+01:00,0,0,66,66,208,369,295,504,350,833,425,709,253,235,321,559,293,1102,0,0,0,0,0,0,0,0,0,0,0,0,0,0,0,0,6576,0,0,0,0,0,0,12,0
2021-01-12T23:59:59+01:00,0,0,44,44,128,218,182,313,210,530,283,442,160,151,208,367,202,740,0,0,0,0,0,0,0,0,0,0,0,0,0,0,0,0,4222,0,0,0,0,0,0,0,0
2021-01-11T23:59:59+01:00,0,0,14,13,44,60,42,93,59,119,95,129,64,58,89,111,57,249,0,0,0,0,0,0,0,0,0,0,0,0,0,0,0,0,1296,0,0,0,0,0,0,0,0
2021-01-10T23:59:59+01:00,0,0,13,13,31,48,35,75,50,110,82,119,57,54,82,101,54,234,0,0,0,0,0,0,0,0,0,0,0,0,0,0,0,0,1158,0,0,0,0,0,0,0,0
2021-01-09T23:59:59+01:00,0,0,13,12,28,47,35,75,49,109,80,116,56,53,81,100,52,233,0,0,0,0,0,0,0,0,0,0,0,0,0,0,0,0,1139,0,0,0,0,0,0,0,0
2021-01-08T23:59:59+01:00,0,0,9,4,28,41,33,72,46,107,79,115,53,49,75,95,48,233,0,0,0,0,0,0,0,0,0,0,0,0,0,0,0,0,1087,0,0,0,0,0,0,0,0
2021-01-07T23:59:59+01:00,0,0,6,1,10,20,16,38,27,77,34,77,32,27,51,81,33,180,0,0,0,0,0,0,0,0,0,0,0,0,0,0,0,0,710,0,0,0,0,0,0,0,0
2021-01-06T23:59:59+01:00,0,0,6,0,5,9,11,30,24,43,20,48,26,24,37,56,23,129,0,0,0,0,0,0,0,0,0,0,0,0,0,0,0,0,491,0,0,0,0,0,0,0,0
2021-01-05T23:59:59+01:00,0,0,5,0,5,8,11,30,24,43,20,48,26,24,37,55,23,129,0,0,0,0,0,0,0,0,0,0,0,0,0,0,0,0,488,0,0,0,0,0,0,0,0
2021-01-04T23:59:59+01:00,0,0,4,0,2,3,5,11,13,12,5,12,3,5,7,9,2,18,0,0,0,0,0,0,0,0,0,0,0,0,0,0,0,0,111,0,0,0,0,0,0,0,0
2021-01-03T23:59:59+01:00,0,0,3,0,2,3,5,10,12,12,5,12,3,5,7,9,2,17,0,0,0,0,0,0,0,0,0,0,0,0,0,0,0,0,107,0,0,0,0,0,0,0,0
2021-01-02T23:59:59+01:00,0,0,3,0,2,3,5,10,10,12,5,12,3,5,7,9,2,17,0,0,0,0,0,0,0,0,0,0,0,0,0,0,0,0,105,0,0,0,0,0,0,0,0
2021-01-01T23:59:59+01:00,0,0,3,0,1,3,5,10,10,12,5,12,3,5,7,8,2,17,0,0,0,0,0,0,0,0,0,0,0,0,0,0,0,0,103,0,0,0,0,0,0,0,0
2020-12-31T23:59:59+01:00,0,0,3,0,0,3,5,10,9,12,5,12,3,5,7,8,2,17,0,0,0,0,0,0,0,0,0,0,0,0,0,0,0,0,101,0,0,0,0,0,0,0,0
2020-12-30T23:59:59+01:00,0,0,3,0,0,3,5,10,9,12,5,12,3,5,7,8,2,17,0,0,0,0,0,0,0,0,0,0,0,0,0,0,0,0,101,0,0,0,0,0,0,0,0
2020-12-29T23:59:59+01:00,0,0,3,0,0,3,5,8,9,12,5,12,3,5,7,8,2,17,0,0,0,0,0,0,0,0,0,0,0,0,0,0,0,0,99,0,0,0,0,0,0,0,0
2020-12-28T23:59:59+01:00,0,0,3,0,0,3,5,8,9,12,5,12,3,5,7,8,2,17,0,0,0,0,0,0,0,0,0,0,0,0,0,0,0,0,99,0,0,0,0,0,0,0,0
2020-12-27T23:59:59+01:00,0,0,1,0,0,0,0,0,0,0,0,1,0,0,2,4,0,8,0,0,0,0,0,0,0,0,0,0,0,0,0,0,0,0,16,0,0,0,0,0,0,0,0
