Datum,<15_1_m,<15_1_w,15-24_1_m,15-24_1_w,25-34_1_m,25-34_1_w,35-44_1_m,35-44_1_w,45-54_1_m,45-54_1_w,55-64_1_m,55-64_1_w,65-74_1_m,65-74_1_w,75-84_1_m,75-84_1_w,>84_1_m,>84_1_w,<15_2_m,<15_2_w,15-24_2_m,15-24_2_w,25-34_2_m,25-34_2_w,35-44_2_m,35-44_2_w,45-54_2_m,45-54_2_w,55-64_2_m,55-64_2_w,65-74_2_m,65-74_2_w,75-84_2_m,75-84_2_w,>84_2_m,>84_2_w,bp_1,bp_2,mo_1,mo_2,az_1,az_2,ja,unb_1,unb_2
2021-11-30T23:59:59+01:00,7640,7173,30615,28750,39985,37082,38590,38104,43177,43279,45820,45589,29122,32513,20623,25882,6457,10951,4247,3977,26146,24783,35546,32461,35089,34497,39985,39904,43090,42976,28097,31227,19947,24916,6187,10339,384308,344594,46933,44972,77683,71430,22368,71,50
2021-11-29T23:59:59+01:00,7468,7012,30590,28726,39956,37043,38564,38065,43143,43234,45790,45557,29109,32502,20615,25870,6454,10936,4215,3948,26055,24707,35442,32365,34995,34419,39916,39840,43037,42934,28077,31210,19936,24899,6186,10333,383596,343724,46930,44945,77683,71430,22365,71,50
2021-11-28T23:59:59+01:00,7389,6951,30571,28708,39933,37017,38542,38034,43125,43209,45775,45538,29102,32481,20613,25862,6452,10931,4195,3939,25986,24660,35358,32300,34937,34380,39867,39795,43009,42906,28062,31200,19926,24885,6185,10332,383206,343143,46920,44935,77683,71430,22364,71,50
2021-11-27T23:59:59+01:00,7061,6626,30502,28653,39865,36936,38474,37971,43063,43164,45731,45489,29090,32457,20608,25852,6448,10926,4175,3921,25908,24606,35272,32237,34890,34338,39812,39746,42962,42866,28051,31183,19920,24877,6183,10331,381950,342555,46881,44901,77683,71430,22342,71,50
2021-11-26T23:59:59+01:00,6650,6300,30411,28578,39777,36835,38400,37899,43001,43108,45663,45428,29066,32425,20591,25824,6440,10919,4125,3861,25766,24485,35130,32113,34745,34233,39723,39667,42896,42802,28019,31156,19910,24858,6177,10327,380369,341318,46870,44862,77683,71430,22333,71,50
2021-11-25T23:59:59+01:00,6239,5918,30292,28459,39654,36683,38311,37803,42923,43008,45574,45344,29028,32378,20569,25803,6433,10905,4069,3796,25604,24340,34955,31945,34612,34107,39601,39547,42797,42721,27988,31112,19897,24838,6172,10324,378411,339833,46858,44801,77682,71430,22311,71,50
2021-11-24T23:59:59+01:00,6074,5719,30230,28413,39601,36621,38246,37734,42869,42956,45517,45284,29009,32353,20559,25777,6426,10889,4050,3771,25531,24291,34860,31874,34544,34050,39531,39486,42748,42657,27961,31081,19882,24822,6169,10317,377388,339066,46851,44785,77682,71430,22294,71,50
2021-11-23T23:59:59+01:00,5870,5510,30155,28332,39523,36519,38176,37645,42797,42887,45452,45228,28990,32303,20531,25754,6422,10879,4017,3742,25428,24220,34722,31755,34444,33965,39447,39420,42685,42588,27924,31052,19861,24805,6165,10311,376118,338040,46825,44746,77682,71430,22285,71,50
2021-11-22T23:59:59+01:00,5712,5339,30107,28270,39452,36453,38119,37589,42756,42837,45417,45172,28972,32277,20515,25731,6420,10865,3999,3726,25373,24179,34638,31686,34395,33929,39403,39381,42641,42560,27907,31031,19857,24797,6162,10303,375160,337467,46815,44737,77682,71430,22283,71,50
2021-11-21T23:59:59+01:00,5667,5298,30071,28236,39410,36408,38081,37559,42713,42805,45392,45147,28954,32258,20507,25717,6418,10858,3993,3722,25339,24149,34608,31653,34367,33903,39373,39357,42620,42545,27897,31020,19856,24790,6160,10302,374669,337163,46807,44733,77682,71430,22278,71,50
2021-11-20T23:59:59+01:00,5628,5270,30019,28205,39348,36360,38045,37530,42689,42772,45375,45129,28949,32250,20505,25714,6418,10858,3992,3719,25323,24135,34584,31633,34347,33883,39363,39345,42611,42535,27893,31013,19854,24788,6160,10302,374253,337001,46794,44727,77682,71430,22272,71,50
2021-11-19T23:59:59+01:00,5476,5113,29894,28080,39233,36230,37949,37435,42617,42681,45326,45063,28927,32228,20500,25706,6417,10854,3960,3694,25190,24047,34469,31552,34271,33825,39287,39298,42564,42503,27873,30996,19850,24782,6158,10302,372982,336208,46756,44687,77682,71430,22246,71,50
2021-11-18T23:59:59+01:00,5326,4953,29728,27903,39061,36008,37789,37269,42490,42559,45248,44982,28881,32176,20486,25685,6412,10840,3909,3644,25037,23923,34328,31434,34152,33719,39215,39199,42492,42437,27846,30968,19831,24766,6153,10298,371134,335025,46710,44640,77682,71430,22206,71,50
2021-11-17T23:59:59+01:00,5267,4890,29632,27840,38968,35894,37717,37186,42414,42497,45184,44913,28863,32145,20477,25667,6406,10827,3890,3626,25011,23870,34268,31377,34107,33671,39173,39164,42432,42389,27833,30944,19825,24755,6153,10294,370143,334470,46697,44631,77682,71430,22201,71,50
2021-11-16T23:59:59+01:00,5179,4820,29452,27686,38798,35705,37575,37044,42289,42386,45091,44824,28831,32105,20459,25646,6402,10815,3870,3609,24904,23794,34154,31279,34025,33595,39107,39103,42381,42341,27805,30916,19809,24728,6139,10281,368552,333603,46660,44607,77681,71430,22150,71,50
2021-11-15T23:59:59+01:00,5126,4779,29329,27590,38664,35600,37494,36947,42225,42312,45033,44773,28806,32085,20447,25631,6400,10806,3862,3603,24852,23772,34105,31234,33986,33567,39075,39080,42355,42323,27795,30905,19799,24711,6136,10276,367526,333229,46636,44587,77681,71430,22140,71,50
2021-11-14T23:59:59+01:00,5093,4747,29257,27524,38568,35502,37441,36894,42176,42254,44994,44739,28797,32069,20438,25615,6398,10800,3854,3593,24823,23754,34072,31194,33959,33544,39057,39056,42336,42305,27784,30898,19793,24702,6135,10276,366800,332945,46629,44578,77681,71430,22132,71,50
2021-11-13T23:59:59+01:00,5033,4705,29111,27421,38449,35364,37328,36817,42103,42180,44952,44701,28785,32055,20434,25613,6396,10798,3848,3588,24787,23734,34051,31174,33938,33522,39037,39038,42328,42298,27780,30896,19792,24701,6135,10275,365775,332749,46608,44576,77681,71430,22117,71,50
2021-11-12T23:59:59+01:00,4929,4615,28756,27115,38183,35113,37146,36605,41956,42029,44835,44609,28755,32033,20428,25599,6395,10798,3830,3558,24683,23652,33945,31082,33846,33446,38969,38989,42280,42266,27763,30879,19786,24696,6134,10275,363579,332004,46526,44546,77681,71430,22049,71,50
2021-11-11T23:59:59+01:00,4810,4482,28463,26845,37895,34812,36920,36384,41778,41858,44702,44496,28714,31978,20414,25579,6389,10787,3795,3514,24573,23556,33851,30964,33734,33363,38891,38910,42214,42209,27743,30856,19776,24680,6132,10273,361114,331071,46461,44498,77681,71430,21985,71,50
2021-11-10T23:59:59+01:00,4753,4421,28317,26740,37770,34668,36813,36278,41711,41780,44633,44423,28701,31958,20405,25565,6384,10776,3781,3495,24531,23515,33797,30911,33688,33327,38858,38879,42188,42179,27726,30846,19766,24670,6129,10262,359962,330626,46430,44485,77681,71429,21958,71,50
2021-11-09T23:59:59+01:00,4687,4362,28075,26535,37547,34460,36666,36143,41583,41658,44554,44352,28680,31928,20390,25544,6381,10769,3764,3474,24466,23458,33719,30836,33640,33282,38819,38837,42149,42149,27716,30821,19754,24657,6126,10254,358280,330076,46372,44449,77680,71429,21917,71,50
2021-11-08T23:59:59+01:00,4628,4313,27854,26352,37294,34258,36487,36005,41460,41545,44457,44271,28648,31893,20379,25530,6378,10766,3748,3454,24401,23407,33662,30778,33606,33238,38783,38791,42115,42110,27700,30806,19740,24645,6125,10247,356555,329551,46326,44434,77680,71429,21892,71,50
2021-11-07T23:59:59+01:00,4591,4279,27655,26197,37080,34074,36346,35860,41339,41446,44373,44212,28631,31875,20370,25521,6376,10758,3741,3446,24363,23379,33607,30740,33579,33212,38756,38765,42093,42087,27695,30794,19734,24638,6123,10244,355114,329265,46291,44419,77680,71429,21833,71,50
2021-11-06T23:59:59+01:00,4571,4263,27606,26159,37017,34034,36317,35842,41303,41430,44348,44189,28627,31873,20364,25519,6376,10756,3740,3443,24357,23375,33600,30736,33576,33208,38751,38763,42090,42086,27692,30794,19732,24636,6122,10243,354753,329229,46279,44419,77680,71429,21817,71,50
2021-11-05T23:59:59+01:00,4476,4165,27354,25965,36786,33798,36110,35684,41175,41293,44267,44119,28613,31856,20361,25507,6374,10755,3723,3422,24290,23338,33548,30686,33524,33173,38712,38725,42063,42065,27681,30788,19728,24629,6120,10241,353026,328856,46136,44371,77680,71429,21750,71,50
2021-11-04T23:59:59+01:00,4400,4114,27126,25799,36561,33586,35927,35559,41053,41176,44180,44055,28592,31841,20352,25496,6372,10752,3691,3373,24197,23224,33443,30570,33443,33091,38645,38659,41999,42008,27661,30762,19718,24616,6115,10232,351456,327973,46078,44334,77680,71429,21661,71,50
2021-11-03T23:59:59+01:00,4381,4083,27064,25743,36475,33506,35855,35520,40994,41132,44143,44026,28585,31832,20346,25490,6371,10752,3665,3343,24163,23183,33410,30527,33407,33067,38625,38632,41974,41987,27646,30744,19711,24607,6110,10227,350840,327571,46059,44326,77680,71428,21653,71,50
2021-11-02T23:59:59+01:00,4347,4042,26843,25605,36238,33334,35692,35408,40857,41033,44060,43959,28558,31815,20335,25481,6370,10748,3636,3316,24061,23104,33297,30451,33339,33016,38564,38577,41929,41953,27626,30723,19695,24596,6108,10220,349438,326902,46009,44299,77680,71428,21532,71,50
2021-11-01T23:59:59+01:00,4305,4005,26754,25542,36120,33258,35614,35361,40784,40982,44021,43939,28551,31806,20330,25479,6369,10747,3618,3279,24014,23054,33242,30416,33304,32986,38525,38552,41903,41927,27616,30716,19689,24587,6107,10218,348737,326494,45983,44282,77680,71426,21501,71,50
2021-10-31T23:59:59+01:00,4305,4005,26750,25542,36118,33258,35614,35361,40783,40982,44020,43938,28550,31806,20330,25479,6369,10747,3618,3279,24014,23054,33242,30416,33304,32986,38524,38552,41902,41927,27616,30716,19689,24587,6107,10218,348729,326493,45982,44282,77680,71426,21500,71,50
2021-10-30T23:59:59+02:00,4302,4003,26739,25537,36104,33250,35608,35357,40774,40978,44012,43938,28549,31806,20330,25478,6369,10746,3618,3279,24010,23051,33239,30416,33304,32983,38523,38551,41901,41927,27616,30716,19689,24587,6107,10218,348652,326477,45982,44282,77680,71426,21500,71,50
2021-10-29T23:59:59+02:00,4278,3984,26598,25442,35920,33129,35495,35286,40674,40910,43965,43914,28546,31796,20329,25476,6369,10746,3605,3271,23956,23014,33186,30361,33257,32948,38481,38513,41875,41908,27611,30708,19684,24580,6106,10218,347725,326086,45927,44262,77680,71425,21459,71,50
2021-10-28T23:59:59+02:00,4246,3942,26427,25313,35713,32993,35348,35185,40576,40832,43901,43873,28534,31784,20320,25468,6368,10744,3576,3235,23868,22926,33099,30267,33194,32896,38426,38464,41827,41879,27600,30693,19676,24569,6102,10210,346621,325460,45850,44222,77680,71425,21350,71,50
2021-10-27T23:59:59+02:00,4221,3917,26386,25280,35669,32948,35305,35134,40538,40802,43877,43855,28531,31777,20317,25462,6364,10742,3561,3216,23821,22886,33052,30228,33168,32869,38415,38440,41813,41859,27591,30677,19668,24562,6101,10208,346191,325097,45840,44216,77680,71424,21348,71,50
2021-10-26T23:59:59+02:00,4178,3888,26244,25165,35523,32842,35207,35055,40468,40753,43836,43833,28520,31766,20312,25456,6361,10740,3533,3203,23755,22803,32974,30158,33121,32819,38360,38401,41774,41836,27583,30667,19663,24553,6100,10206,345321,324584,45810,44184,77680,71421,21270,71,50
2021-10-25T23:59:59+02:00,4169,3880,26230,25147,35490,32819,35180,35041,40454,40746,43832,43829,28519,31765,20311,25456,6361,10740,3528,3196,23751,22797,32955,30139,33118,32813,38353,38397,41773,41833,27581,30666,19663,24550,6100,10206,345168,324519,45801,44176,77680,71420,21254,71,50
2021-10-24T23:59:59+02:00,4158,3875,26205,25116,35457,32790,35149,35017,40440,40728,43820,43820,28518,31761,20310,25454,6361,10740,3518,3187,23737,22780,32943,30130,33106,32805,38344,38388,41765,41825,27575,30663,19663,24545,6100,10205,344927,324379,45793,44176,77679,71420,21254,71,50
2021-10-23T23:59:59+02:00,4158,3875,26203,25111,35452,32789,35145,35014,40437,40726,43818,43820,28518,31761,20310,25454,6361,10740,3518,3187,23737,22779,32942,30130,33104,32805,38343,38387,41765,41825,27575,30663,19663,24545,6100,10205,344900,324373,45793,44176,77679,71420,21254,71,50
2021-10-22T23:59:59+02:00,4137,3844,26106,25039,35341,32692,35051,34952,40361,40684,43777,43793,28511,31756,20307,25447,6361,10739,3480,3158,23677,22716,32877,30074,33052,32767,38307,38356,41731,41800,27569,30656,19659,24542,6099,10204,344181,323888,45759,44153,77679,71420,21213,71,50
2021-10-21T23:59:59+02:00,4072,3797,26000,24947,35215,32577,34951,34880,40291,40628,43716,43757,28499,31742,20300,25441,6361,10737,3293,3006,23533,22562,32782,29983,32981,32699,38249,38302,41679,41760,27551,30637,19643,24525,6094,10195,343277,322726,45733,44121,77678,71420,21157,71,50
2021-10-20T23:59:59+02:00,4063,3780,25968,24917,35165,32529,34913,34847,40269,40605,43696,43743,28494,31737,20296,25436,6356,10733,3259,2978,23493,22522,32741,29950,32953,32670,38222,38272,41657,41738,27536,30625,19633,24514,6091,10191,342932,322322,45725,44107,77678,71420,21146,71,50
2021-10-19T23:59:59+02:00,4043,3752,25897,24872,35110,32482,34874,34808,40235,40577,43675,43729,28490,31731,20288,25426,6351,10730,3155,2864,23374,22412,32662,29882,32913,32627,38195,38228,41626,41714,27521,30608,19624,24507,6084,10186,342508,321530,45701,44066,77678,71419,21117,71,50
2021-10-18T23:59:59+02:00,4034,3734,25857,24845,35079,32444,34855,34794,40217,40563,43665,43715,28483,31724,20278,25419,6350,10730,3126,2846,23326,22374,32630,29838,32890,32591,38168,38208,41606,41692,27514,30601,19617,24498,6081,10182,342245,321167,45693,44048,77678,71419,21104,71,50
2021-10-17T23:59:59+02:00,4027,3722,25841,24839,35066,32432,34846,34789,40213,40559,43660,43707,28482,31720,20278,25414,6349,10728,3037,2766,23286,22347,32619,29824,32884,32581,38164,38201,41605,41682,27513,30596,19616,24496,6079,10182,342132,320858,45693,44048,77678,71419,21103,71,50
2021-10-16T23:59:59+02:00,4027,3722,25841,24839,35066,32432,34846,34789,40212,40558,43660,43707,28481,31719,20278,25413,6349,10727,3036,2764,23285,22347,32619,29824,32884,32580,38162,38200,41604,41681,27512,30596,19616,24495,6078,10180,342127,320844,45693,44048,77678,71419,21102,71,50
2021-10-15T23:59:59+02:00,4017,3713,25803,24808,35034,32406,34823,34766,40193,40546,43649,43700,28477,31716,20275,25410,6347,10723,3005,2739,23224,22275,32562,29774,32852,32532,38133,38173,41584,41664,27504,30589,19613,24491,6078,10176,341893,320385,45677,44021,77677,71419,21093,71,50
2021-10-14T23:59:59+02:00,3997,3683,25731,24748,34966,32340,34777,34730,40159,40513,43618,43685,28469,31707,20269,25406,6344,10718,2961,2682,23141,22189,32499,29678,32800,32475,38075,38130,41545,41627,27486,30574,19605,24482,6075,10175,341409,319700,45654,43976,77677,71419,21054,71,50
2021-10-13T23:59:59+02:00,3982,3660,25700,24727,34939,32309,34757,34715,40145,40491,43600,43665,28461,31701,20265,25398,6338,10711,2940,2661,23108,22149,32472,29638,32789,32440,38055,38110,41529,41615,27479,30560,19598,24475,6075,10170,341123,319377,45649,43968,77677,71419,21049,71,50
2021-10-12T23:59:59+02:00,3965,3639,25649,24675,34879,32245,34723,34685,40116,40464,43580,43652,28448,31686,20262,25389,6332,10705,2912,2627,23020,22051,32373,29548,32745,32392,37998,38072,41504,41578,27454,30547,19591,24465,6072,10160,340694,318685,45631,43931,77677,71417,21026,71,50
2021-10-11T23:59:59+02:00,3957,3627,25621,24649,34864,32222,34693,34666,40105,40451,43569,43639,28438,31677,20255,25384,6328,10700,2891,2616,22989,22018,32330,29513,32720,32362,37981,38055,41483,41561,27448,30541,19585,24458,6070,10156,340470,318371,45616,43923,77677,71417,21016,71,50
2021-10-10T23:59:59+02:00,3954,3625,25616,24642,34855,32211,34686,34652,40096,40446,43560,43631,28437,31672,20250,25380,6328,10696,2883,2610,22979,22002,32318,29496,32715,32355,37970,38044,41477,41556,27442,30537,19584,24456,6070,10156,340364,318247,45614,43920,77677,71417,21016,71,50
2021-10-09T23:59:59+02:00,3953,3622,25615,24640,34854,32207,34683,34651,40093,40442,43558,43631,28435,31671,20249,25377,6327,10696,2883,2609,22979,22002,32318,29496,32713,32354,37969,38044,41476,41555,27442,30537,19583,24456,6070,10155,340331,318238,45614,43920,77677,71417,21016,71,50
2021-10-08T23:59:59+02:00,3918,3598,25542,24580,34790,32153,34651,34621,40059,40414,43524,43605,28425,31661,20238,25362,6319,10692,2856,2573,22881,21934,32268,29440,32676,32306,37941,38000,41451,41530,27430,30519,19577,24448,6066,10154,339816,317683,45597,43905,77677,71416,20996,71,50
2021-10-07T23:59:59+02:00,3894,3554,25465,24499,34720,32080,34603,34581,40019,40372,43491,43578,28418,31651,20223,25351,6312,10682,2798,2511,22754,21791,32196,29352,32625,32227,37893,37952,41408,41489,27411,30501,19561,24434,6059,10142,339224,316805,45570,43878,77677,71415,20956,71,50
2021-10-06T23:59:59+02:00,3879,3534,25428,24455,34680,32041,34577,34551,40001,40354,43472,43560,28411,31642,20211,25333,6308,10670,2783,2494,22721,21749,32165,29315,32603,32197,37877,37927,41389,41474,27401,30491,19551,24423,6057,10138,338847,316465,45567,43875,77677,71415,20950,71,50
2021-10-05T23:59:59+02:00,3857,3515,25371,24392,34609,31967,34538,34513,39982,40318,43434,43537,28401,31630,20196,25324,6304,10655,2746,2452,22642,21629,32073,29224,32548,32133,37835,37887,41359,41445,27385,30481,19541,24413,6047,10128,338363,315762,45545,43849,77675,71413,20894,71,50
2021-10-04T23:59:59+02:00,3834,3493,25323,24347,34563,31931,34503,34480,39955,40297,43413,43516,28393,31621,20188,25308,6295,10641,2731,2442,22597,21582,32044,29175,32519,32109,37815,37869,41333,41429,27374,30465,19532,24404,6043,10118,337950,315410,45534,43835,77675,71410,20876,71,50
2021-10-03T23:59:59+02:00,3825,3490,25308,24340,34553,31924,34495,34473,39949,40287,43407,43512,28388,31619,20185,25299,6294,10634,2726,2436,22583,21571,32036,29165,32505,32100,37808,37863,41325,41425,27372,30460,19528,24398,6038,10112,337835,315285,45533,43833,77675,71410,20873,71,50
2021-10-02T23:59:59+02:00,3825,3490,25308,24340,34552,31924,34495,34473,39948,40287,43407,43512,28388,31619,20185,25299,6294,10634,2725,2436,22583,21571,32036,29165,32505,32100,37808,37863,41325,41425,27372,30460,19528,24398,6038,10112,337833,315284,45533,43833,77675,71410,20873,71,50
2021-10-01T23:59:59+02:00,3806,3472,25259,24274,34486,31855,34433,34432,39913,40262,43377,43494,28384,31612,20183,25297,6292,10631,2682,2394,22483,21482,31985,29094,32455,32058,37770,37815,41300,41408,27365,30455,19524,24393,6037,10110,337393,314722,45506,43806,77673,71408,20824,71,50
2021-09-30T23:59:59+02:00,3773,3430,25156,24152,34371,31767,34349,34367,39837,40200,43319,43441,28367,31591,20172,25288,6289,10621,2620,2341,22361,21364,31903,28990,32394,31987,37720,37767,41260,41382,27336,30443,19521,24380,6035,10105,336547,313925,45464,43781,77668,71408,20745,71,50
2021-09-29T23:59:59+02:00,3755,3410,25128,24104,34340,31739,34323,34341,39818,40179,43298,43423,28358,31583,20167,25282,6283,10614,2613,2327,22333,21333,31880,28970,32374,31963,37703,37749,41244,41370,27331,30432,19516,24371,6034,10101,336219,313677,45460,43777,77668,71408,20732,71,50
2021-09-28T23:59:59+02:00,3727,3378,25041,24032,34258,31670,34273,34291,39769,40139,43262,43392,28342,31564,20159,25270,6279,10605,2592,2301,22238,21259,31814,28897,32327,31916,37669,37706,41219,41344,27310,30417,19514,24362,6031,10099,335651,313171,45426,43747,77668,71407,20640,71,50
2021-09-27T23:59:59+02:00,3704,3355,24998,24004,34221,31630,34250,34261,39748,40105,43241,43371,28334,31554,20152,25265,6275,10599,2573,2286,22202,21227,31782,28857,32299,31895,37647,37688,41199,41331,27301,30412,19511,24358,6030,10095,335314,312901,45416,43731,77667,71407,20604,71,50
2021-09-26T23:59:59+02:00,3552,3251,24940,23969,34211,31622,34243,34258,39742,40099,43235,43365,28333,31552,20150,25264,6274,10598,2561,2279,22186,21208,31777,28850,32295,31891,37639,37681,41193,41325,27298,30408,19508,24356,6029,10094,334910,312793,45416,43730,77667,71406,20599,71,50
2021-09-25T23:59:59+02:00,3551,3251,24939,23969,34211,31622,34243,34258,39740,40098,43234,43365,28333,31551,20150,25264,6274,10598,2561,2278,22184,21205,31777,28850,32293,31890,37636,37679,41193,41325,27298,30407,19508,24356,6029,10094,334904,312778,45416,43730,77666,71406,20599,71,50
2021-09-24T23:59:59+02:00,3527,3219,24857,23893,34097,31543,34175,34195,39683,40051,43200,43339,28319,31540,20147,25258,6273,10596,2525,2247,22098,21115,31683,28786,32248,31853,37580,37640,41173,41303,27286,30396,19505,24353,6028,10094,334376,312321,45383,43716,77665,71405,20422,71,49
2021-09-23T23:59:59+02:00,3356,3067,24719,23745,34007,31452,34098,34135,39625,39999,43142,43295,28301,31526,20139,25246,6270,10594,2474,2202,21984,21011,31614,28709,32196,31797,37544,37605,41138,41269,27272,30376,19498,24337,6027,10091,333333,311697,45355,43698,77665,71403,20297,71,49
2021-09-22T23:59:59+02:00,3333,3042,24683,23690,33975,31419,34075,34096,39596,39983,43119,43270,28291,31517,20135,25235,6270,10589,2459,2190,21954,20980,31577,28671,32178,31768,37521,37590,41115,41258,27262,30370,19495,24333,6027,10090,332982,311432,45346,43694,77663,71402,20261,71,49
2021-09-21T23:59:59+02:00,3205,2909,24485,23531,33828,31319,34010,34011,39527,39935,43098,43228,28272,31497,20126,25229,6262,10582,2395,2159,21816,20842,31463,28566,32101,31691,37466,37542,41083,41224,27251,30358,19487,24318,6024,10084,331918,310654,45307,43666,77663,71401,20100,71,49
2021-09-20T23:59:59+02:00,3181,2887,24439,23485,33780,31278,33980,33978,39496,39904,43074,43203,28267,31487,20122,25223,6262,10578,2387,2147,21778,20800,31416,28518,32078,31655,37436,37523,41070,41214,27240,30351,19479,24312,6022,10077,331551,310344,45292,43659,77663,71399,20052,71,49
2021-09-19T23:59:59+02:00,3177,2885,24429,23479,33771,31270,33972,33971,39491,39889,43065,43202,28266,31486,20122,25221,6262,10578,2383,2143,21771,20793,31411,28510,32074,31654,37429,37515,41062,41213,27240,30351,19478,24311,6022,10077,331474,310289,45292,43658,77662,71399,20042,71,49
2021-09-18T23:59:59+02:00,3177,2885,24429,23479,33771,31270,33972,33971,39491,39889,43065,43202,28266,31486,20122,25221,6262,10578,2383,2143,21771,20793,31411,28507,32072,31654,37429,37515,41062,41213,27240,30351,19478,24310,6022,10077,331474,310283,45292,43658,77662,71399,20042,71,49
2021-09-17T23:59:59+02:00,3150,2847,24324,23364,33665,31169,33896,33903,39422,39835,43030,43175,28252,31478,20120,25214,6260,10576,2336,2100,21691,20714,31338,28444,32009,31607,37390,37481,41042,41199,27232,30336,19476,24303,6022,10076,330820,309830,45251,43637,77661,71399,19881,71,49
2021-09-16T23:59:59+02:00,3099,2799,24211,23229,33567,31060,33827,33797,39375,39774,42976,43126,28226,31457,20104,25203,6257,10568,2295,2058,21586,20616,31255,28369,31942,31541,37367,37425,41008,41160,27221,30316,19469,24295,6020,10075,329987,309222,45213,43627,77661,71393,19727,71,49
2021-09-15T23:59:59+02:00,3076,2786,24170,23182,33536,31016,33812,33766,39345,39745,42958,43108,28216,31446,20098,25198,6256,10566,2282,2043,21549,20574,31223,28323,31916,31518,37335,37391,40984,41133,27207,30307,19462,24287,6020,10071,329656,308862,45200,43626,77660,71391,19697,71,49
2021-09-14T23:59:59+02:00,3036,2754,24062,23039,33393,30877,33727,33681,39288,39693,42907,43058,28198,31430,20089,25190,6252,10561,2263,2018,21464,20492,31132,28234,31851,31456,37286,37349,40940,41106,27197,30287,19453,24279,6018,10068,328843,308336,45164,43619,77659,71387,19502,71,49
2021-09-13T23:59:59+02:00,3018,2734,24011,22986,33346,30819,33694,33631,39264,39662,42876,43034,28192,31416,20084,25188,6250,10557,2248,2002,21412,20444,31087,28183,31821,31424,37264,37329,40926,41084,27191,30281,19449,24275,6017,10067,328459,308036,45148,43606,77659,71384,19429,71,49
2021-09-12T23:59:59+02:00,3014,2727,24007,22978,33340,30814,33685,33624,39259,39659,42873,43032,28190,31414,20083,25187,6250,10556,2245,1999,21396,20435,31077,28165,31801,31415,37257,37321,40920,41078,27186,30280,19446,24272,6017,10065,328391,307910,45148,43606,77658,71382,19428,71,49
2021-09-11T23:59:59+02:00,3012,2726,24005,22976,33338,30813,33683,33623,39259,39657,42872,43032,28187,31412,20083,25187,6250,10556,2244,1997,21392,20434,31076,28162,31801,31415,37257,37319,40919,41077,27184,30280,19446,24272,6017,10065,328371,307893,45148,43606,77658,71382,19427,71,49
2021-09-10T23:59:59+02:00,2970,2684,23873,22847,33209,30697,33581,33546,39184,39573,42824,42991,28171,31395,20078,25179,6249,10554,2207,1959,21277,20329,30964,28069,31711,31360,37192,37277,40873,41044,27176,30270,19440,24262,6015,10064,327628,307348,45128,43587,77658,71381,19124,71,49
2021-09-09T23:59:59+02:00,2921,2645,23692,22699,33098,30567,33480,33444,39113,39500,42784,42943,28143,31378,20069,25173,6247,10552,2153,1902,21156,20199,30872,27971,31635,31264,37130,37221,40826,40996,27153,30255,19431,24253,6011,10061,326726,306598,45104,43568,77656,71378,18896,70,49
2021-09-08T23:59:59+02:00,2900,2614,23651,22648,33068,30528,33464,33416,39093,39479,42769,42928,28137,31369,20066,25168,6246,10552,2142,1890,21122,20168,30841,27955,31620,31239,37112,37198,40814,40982,27147,30250,19426,24248,6010,10060,326411,306370,45098,43564,77655,71377,18866,70,47
2021-09-07T23:59:59+02:00,2847,2559,23502,22503,32949,30420,33389,33330,39037,39415,42725,42894,28119,31352,20062,25163,6245,10549,2087,1849,20987,20034,30725,27868,31545,31173,37064,37146,40777,40953,27130,30225,19419,24237,6009,10058,325657,305718,45073,43541,77655,71372,18608,70,47
2021-09-06T23:59:59+02:00,2824,2544,23470,22459,32917,30386,33368,33310,39015,39402,42709,42879,28116,31348,20060,25161,6244,10546,2063,1831,20945,19990,30694,27841,31524,31146,37045,37126,40763,40941,27122,30217,19417,24228,6006,10056,325388,305413,45057,43533,77654,71370,18592,70,47
2021-09-05T23:59:59+02:00,2813,2541,23464,22454,32915,30381,33366,33305,39012,39399,42705,42873,28114,31344,20058,25160,6243,10545,2059,1828,20933,19983,30683,27835,31521,31142,37042,37124,40759,40938,27117,30215,19415,24224,6005,10056,325325,305339,45056,43533,77654,71370,18590,70,47
2021-09-04T23:59:59+02:00,2813,2541,23461,22453,32914,30381,33366,33304,39012,39398,42704,42872,28114,31344,20058,25160,6243,10545,2057,1825,20931,19983,30683,27835,31520,31141,37042,37124,40758,40938,27117,30215,19415,24224,6005,10056,325319,305332,45056,43533,77654,71370,18587,70,47
2021-09-03T23:59:59+02:00,2790,2507,23384,22375,32840,30310,33326,33261,38968,39369,42674,42859,28106,31331,20057,25158,6241,10544,2041,1808,20882,19924,30634,27796,31486,31106,37014,37098,40727,40926,27109,30207,19413,24222,6004,10056,324820,304987,45028,43524,77652,71362,18533,70,47
2021-09-02T23:59:59+02:00,2759,2475,23278,22278,32780,30220,33267,33206,38930,39336,42635,42827,28086,31319,20053,25144,6239,10541,2018,1789,20808,19864,30574,27734,31448,31075,36974,37061,40693,40898,27099,30195,19410,24211,6004,10056,324215,304559,44998,43506,77651,71357,18442,70,47
2021-09-01T23:59:59+02:00,2736,2460,23254,22241,32750,30188,33245,33180,38904,39315,42622,42811,28078,31312,20048,25142,6239,10541,2001,1774,20767,19822,30541,27706,31421,31053,36955,37045,40675,40882,27089,30186,19409,24205,6004,10056,323959,304285,44987,43500,77650,71356,18403,70,47
2021-08-31T23:59:59+02:00,2691,2417,23131,22135,32669,30087,33191,33124,38860,39274,42596,42786,28067,31306,20042,25138,6238,10537,1977,1754,20681,19727,30469,27646,31372,31012,36916,37013,40646,40857,27080,30174,19403,24200,6004,10054,323381,303869,44957,43485,77649,71349,18235,70,47
2021-08-30T23:59:59+02:00,2669,2393,23079,22092,32629,30045,33165,33087,38831,39254,42577,42768,28062,31299,20035,25129,6237,10533,1930,1714,20558,19623,30372,27551,31311,30961,36883,36986,40625,40823,27064,30159,19402,24191,6004,10052,323039,303155,44942,43476,77649,71344,18187,70,47
2021-08-29T23:59:59+02:00,2638,2363,22991,22025,32566,29988,33121,33056,38785,39218,42547,42747,28053,31292,20032,25124,6237,10532,1904,1689,20454,19554,30303,27501,31276,30927,36842,36955,40600,40805,27051,30148,19401,24186,6004,10052,322580,302723,44926,43453,77647,71334,18095,70,47
2021-08-28T23:59:59+02:00,2632,2361,22991,22025,32562,29988,33120,33056,38782,39217,42546,42747,28052,31292,20032,25124,6237,10532,1904,1687,20453,19553,30297,27501,31276,30924,36839,36953,40600,40805,27051,30148,19401,24186,6004,10052,322567,302712,44926,43452,77647,71334,18089,70,47
2021-08-27T23:59:59+02:00,2632,2361,22986,22022,32555,29987,33118,33053,38780,39215,42542,42747,28051,31291,20032,25124,6236,10532,1903,1686,20447,19552,30289,27500,31274,30922,36836,36951,40598,40805,27051,30148,19401,24185,6004,10052,322547,302696,44926,43452,77647,71332,18077,70,47
2021-08-26T23:59:59+02:00,2549,2276,22798,21815,32422,29845,32999,32945,38692,39127,42476,42678,28026,31258,20019,25106,6235,10526,1817,1605,20178,19281,30149,27334,31131,30795,36727,36857,40512,40731,27009,30107,19382,24161,5998,10050,321323,301183,44906,43428,77646,71316,17850,70,47
2021-08-25T23:59:59+02:00,2543,2268,22778,21790,32411,29823,32985,32930,38680,39112,42465,42672,28021,31255,20012,25100,6232,10524,1806,1596,20130,19237,30113,27304,31110,30758,36702,36825,40493,40715,26996,30094,19378,24153,5997,10049,321134,300819,44906,43428,77646,71314,17848,70,47
2021-08-24T23:59:59+02:00,2525,2257,22739,21748,32386,29778,32966,32898,38670,39092,42446,42658,28015,31244,20007,25092,6231,10523,1796,1587,20092,19195,30079,27263,31089,30723,36688,36804,40473,40697,26990,30084,19374,24150,5997,10045,320848,300529,44896,43423,77646,71309,17818,70,47
2021-08-23T23:59:59+02:00,2506,2225,22671,21675,32315,29721,32930,32866,38631,39061,42416,42645,27999,31235,20004,25081,6231,10521,1752,1543,19968,19073,29960,27184,31023,30676,36639,36760,40431,40668,26978,30069,19368,24140,5997,10039,320405,299789,44885,43399,77644,71301,17732,70,47
2021-08-22T23:59:59+02:00,2497,2216,22635,21643,32295,29703,32914,32858,38614,39045,42411,42636,27995,31230,19999,25081,6231,10520,1742,1530,19928,19035,29924,27150,30992,30640,36618,36744,40413,40646,26970,30065,19365,24137,5997,10037,320234,299498,44879,43396,77643,71292,17700,70,47
2021-08-21T23:59:59+02:00,2478,2203,22580,21593,32255,29666,32891,32834,38600,39022,42394,42626,27988,31222,19997,25078,6231,10519,1712,1506,19827,18937,29852,27092,30958,30596,36583,36702,40389,40625,26959,30056,19360,24133,5995,10037,319988,298990,44866,43381,77641,71286,17615,70,47
2021-08-20T23:59:59+02:00,2440,2161,22493,21485,32178,29583,32829,32786,38549,38982,42352,42598,27981,31208,19993,25063,6230,10515,1665,1469,19653,18810,29725,26989,30882,30537,36520,36656,40343,40587,26944,30037,19351,24124,5994,10033,319403,298173,44842,43355,77638,71268,17476,70,47
2021-08-19T23:59:59+02:00,2350,2093,22333,21347,32040,29458,32738,32702,38447,38902,42282,42543,27955,31175,19986,25051,6225,10506,1609,1419,19394,18603,29511,26839,30761,30429,36401,36560,40241,40502,26916,30007,19340,24108,5990,10028,318463,296899,44821,43325,77638,71243,17144,70,47
2021-08-18T23:59:59+02:00,2340,2084,22307,21325,32017,29437,32716,32679,38419,38884,42269,42529,27940,31165,19980,25046,6225,10504,1586,1401,19339,18544,29470,26805,30735,30398,36372,36539,40217,40471,26899,29996,19336,24096,5985,10024,318203,296464,44821,43324,77638,71241,17137,70,47
2021-08-17T23:59:59+02:00,2323,2068,22282,21297,32001,29408,32690,32655,38406,38873,42244,42511,27934,31152,19974,25041,6225,10504,1573,1390,19296,18495,29438,26766,30692,30372,36347,36508,40191,40450,26882,29984,19333,24082,5983,10020,317957,296092,44821,43321,77638,71237,17105,70,47
2021-08-16T23:59:59+02:00,2284,2051,22215,21254,31960,29363,32665,32634,38382,38851,42212,42494,27925,31144,19972,25031,6225,10503,1549,1365,19087,18350,29291,26650,30615,30283,36300,36454,40153,40408,26862,29968,19326,24063,5977,10018,317606,295086,44821,43315,77635,71235,17036,70,47
2021-08-15T23:59:59+02:00,2257,2028,22161,21197,31912,29322,32641,32601,38354,38832,42191,42480,27919,31139,19966,25024,6224,10503,1527,1349,18967,18232,29133,26521,30535,30199,36234,36403,40098,40351,26844,29944,19316,24054,5974,10017,317270,294158,44812,43298,77634,71227,16968,70,47
2021-08-14T23:59:59+02:00,2251,2025,22135,21181,31900,29306,32637,32595,38346,38827,42185,42477,27918,31138,19965,25023,6224,10502,1497,1321,18854,18138,29070,26457,30495,30151,36209,36371,40077,40336,26837,29938,19313,24053,5973,10014,317181,293611,44809,43279,77634,71223,16944,70,47
2021-08-13T23:59:59+02:00,2234,2014,22089,21143,31863,29282,32599,32566,38331,38813,42175,42467,27916,31134,19962,25020,6223,10502,1422,1256,18598,17878,28893,26295,30379,30060,36157,36303,40032,40300,26821,29925,19308,24044,5970,10010,316945,292243,44804,43263,77632,71213,16885,70,47
2021-08-12T23:59:59+02:00,2197,1976,22000,21048,31792,29203,32542,32516,38284,38770,42134,42432,27900,31115,19955,25010,6221,10502,1329,1196,18295,17564,28641,26066,30234,29929,36062,36209,39954,40232,26786,29878,19288,24021,5968,10007,316363,290490,44793,43211,77629,71166,16745,70,47
2021-08-11T23:59:59+02:00,2195,1971,21980,21032,31774,29182,32527,32500,38276,38761,42123,42415,27891,31112,19952,25006,6220,10498,1321,1183,18239,17509,28605,26021,30187,29891,36042,36170,39918,40199,26774,29851,19281,24011,5968,10005,316182,290013,44793,43208,77629,71163,16744,70,47
2021-08-10T23:59:59+02:00,2186,1950,21953,20995,31736,29160,32510,32479,38249,38734,42105,42407,27885,31104,19950,25003,6219,10494,1287,1149,17725,17054,28430,25866,30093,29802,35873,36047,39869,40157,26753,29828,19275,23996,5964,10004,315932,288316,44789,43190,77627,70913,16706,68,47
2021-08-09T23:59:59+02:00,2162,1936,21903,20942,31678,29113,32474,32448,38223,38713,42091,42382,27874,31095,19949,24994,6218,10492,1244,1109,17256,16600,28297,25759,30037,29747,35826,36002,39837,40121,26744,29814,19270,23989,5964,10002,315548,286836,44783,43170,77627,70901,16664,68,47
2021-08-08T23:59:59+02:00,2146,1918,21849,20896,31634,29076,32440,32422,38199,38704,42069,42361,27867,31091,19943,24990,6218,10489,1179,1047,16910,16258,28185,25674,29979,29673,35778,35964,39814,40095,26733,29800,19261,23979,5962,9997,315229,285589,44782,43149,77626,70893,16610,68,47
2021-08-07T23:59:59+02:00,2102,1875,21714,20813,31551,29008,32366,32361,38142,38655,42036,42332,27858,31064,19938,24981,6216,10487,1033,921,16398,15805,27878,25384,29750,29486,35601,35805,39673,39983,26677,29736,19242,23950,5959,9993,314599,282931,44749,43027,77620,70803,16466,68,47
2021-08-06T23:59:59+02:00,2092,1865,21663,20774,31508,28975,32333,32342,38116,38634,42024,42316,27854,31055,19934,24981,6216,10487,914,813,15371,14826,26731,24484,29459,29253,35354,35604,39356,39743,26635,29689,19233,23940,5958,9990,314366,277929,44745,43006,77620,69998,16373,68,47
2021-08-05T23:59:59+02:00,2053,1836,21557,20687,31451,28898,32272,32283,38056,38583,41979,42278,27837,31035,19926,24968,6214,10484,815,707,14480,14078,25704,23701,28742,28735,34821,35169,39038,39497,26568,29609,19201,23906,5955,9980,313806,273022,44722,42954,77619,68498,16185,68,47
2021-08-04T23:59:59+02:00,2033,1817,21485,20636,31406,28829,32238,32241,38020,38560,41942,42249,27824,31019,19921,24955,6212,10480,737,661,14106,13734,25297,23396,28530,28508,34678,35044,38938,39403,26529,29564,19178,23883,5950,9975,313354,270569,44715,42924,77619,68457,16114,68,47
2021-08-03T23:59:59+02:00,2024,1801,21458,20609,31387,28816,32225,32231,38010,38546,41926,42236,27815,31013,19916,24948,6211,10478,717,647,14022,13643,25219,23320,28463,28453,34632,34996,38891,39371,26513,29542,19169,23874,5948,9969,313146,269880,44711,42920,77617,68431,16111,68,47
2021-08-02T23:59:59+02:00,2014,1780,21413,20571,31341,28794,32198,32200,37984,38530,41913,42221,27806,31001,19916,24940,6210,10474,686,617,13819,13433,24514,22768,28178,28229,34484,34884,38813,39307,26486,29510,19161,23870,5948,9967,312855,267457,44708,42906,77617,68203,16061,68,47
2021-08-01T23:59:59+02:00,1994,1763,21361,20524,31292,28754,32171,32181,37965,38511,41892,42204,27800,30994,19913,24932,6210,10474,648,589,13650,13273,24212,22510,27938,28011,34394,34774,38745,39235,26470,29490,19155,23864,5948,9965,312551,265750,44702,42894,77616,68179,16001,68,47
2021-07-31T23:59:59+02:00,1969,1733,21279,20447,31222,28715,32116,32141,37930,38482,41869,42183,27797,30985,19908,24928,6210,10474,376,359,12705,12250,23695,22067,27592,27654,34082,34478,38313,38891,26400,29405,19129,23819,5943,9959,312127,260714,44690,42858,77614,67607,15891,68,47
2021-07-30T23:59:59+02:00,1944,1713,21254,20425,31190,28696,32101,32120,37924,38475,41861,42174,27792,30982,19907,24928,6209,10474,368,352,12618,12177,23371,21776,27316,27443,33863,34313,38151,38756,26376,29387,19127,23811,5943,9957,311936,259296,44689,42850,77614,67048,15864,68,47
2021-07-29T23:59:59+02:00,1875,1644,21022,20186,31048,28549,31998,32007,37832,38385,41767,42114,27764,30957,19894,24909,6202,10465,302,292,11988,11641,22242,20936,26275,26603,32877,33618,37768,38465,26293,29286,19098,23764,5937,9948,310718,253672,44660,42760,77606,65286,15568,68,47
2021-07-28T23:59:59+02:00,1855,1629,20981,20134,31028,28519,31982,31986,37810,38366,41744,42093,27753,30945,19888,24899,6202,10463,258,241,11704,11337,21834,20553,25843,26175,32711,33461,37654,38374,26256,29235,19079,23741,5936,9943,310394,250741,44660,42759,77594,65225,15563,68,47
2021-07-27T23:59:59+02:00,1845,1623,20942,20091,31003,28486,31948,31970,37788,38334,41720,42080,27746,30938,19887,24894,6202,10460,219,218,11457,11121,21631,20363,25700,26054,32601,33357,37571,38292,26231,29198,19071,23732,5933,9939,310156,249253,44660,42755,77593,65152,15482,68,46
2021-07-26T23:59:59+02:00,1819,1587,20816,19960,30894,28384,31889,31907,37733,38265,41677,42049,27720,30920,19876,24880,6196,10457,184,190,11161,10798,21125,19920,25450,25844,32438,33207,37439,38204,26195,29164,19058,23708,5932,9931,309388,246955,44629,42641,77586,64946,15360,68,46
2021-07-25T23:59:59+02:00,1812,1579,20792,19948,30884,28374,31876,31892,37726,38258,41667,42040,27716,30917,19875,24878,6196,10456,172,177,11053,10692,20973,19813,25215,25649,32196,32996,37293,38068,26176,29150,19051,23701,5931,9928,309270,245680,44620,42627,77578,64529,15352,68,46
2021-07-24T23:59:59+02:00,1792,1564,20711,19874,30839,28334,31841,31856,37697,38229,41645,42028,27709,30911,19872,24876,6196,10456,166,172,10989,10637,20899,19750,25143,25587,32144,32965,37264,38047,26170,29145,19049,23699,5931,9928,308920,245313,44609,42603,77574,64462,15261,68,46
2021-07-23T23:59:59+02:00,1737,1529,20518,19728,30680,28219,31755,31782,37630,38177,41607,41986,27698,30894,19867,24870,6195,10451,154,161,10729,10429,20541,19448,24336,24939,31658,32633,36694,37590,26126,29103,19033,23681,5930,9926,308088,242430,44600,42556,77557,63068,15011,68,46
2021-07-22T23:59:59+02:00,1673,1472,20209,19455,30437,28040,31625,31669,37501,38071,41509,41903,27671,30870,19857,24846,6191,10450,117,134,10265,10052,19797,18934,23382,24266,30949,32043,35655,36827,26014,29005,18999,23649,5928,9922,306610,238812,44565,41891,77552,60534,14655,68,46
2021-07-21T23:59:59+02:00,1658,1464,20171,19403,30407,28010,31601,31646,37481,38046,41488,41879,27662,30862,19852,24840,6186,10446,99,113,9955,9720,19336,18481,22507,23498,30614,31710,35420,36629,25932,28908,18969,23596,5920,9912,306282,236062,44556,40202,77550,60363,14647,68,45
2021-07-20T23:59:59+02:00,1651,1458,20137,19376,30375,27985,31576,31626,37465,38028,41476,41867,27647,30847,19852,24833,6186,10443,88,102,9687,9439,19002,18213,22234,23214,30436,31553,35255,36484,25886,28860,18953,23560,5919,9908,306022,233657,44554,40194,77549,60261,14636,68,45
2021-07-19T23:59:59+02:00,1640,1450,20023,19290,30291,27913,31516,31569,37446,38009,41461,41848,27642,30836,19846,24826,6185,10440,81,96,9490,9242,18690,17938,21772,22791,30182,31322,35138,36380,25852,28821,18935,23544,5919,9905,305442,232028,44548,39252,77547,60146,14627,68,45
2021-07-18T23:59:59+02:00,1629,1444,19954,19222,30162,27816,31452,31502,37387,37957,41417,41796,27621,30805,19837,24811,6181,10437,75,88,9379,9126,18519,17787,21580,22602,30013,31121,35024,36279,25820,28797,18924,23526,5919,9899,304655,230766,44548,38948,77544,60103,14616,68,45
2021-07-17T23:59:59+02:00,1628,1440,19947,19220,30162,27815,31452,31498,37382,37955,41412,41794,27620,30804,19836,24811,6181,10437,75,84,9358,9111,18488,17765,21562,22589,30003,31114,35006,36275,25817,28795,18924,23525,5919,9899,304623,230615,44548,38945,77544,60092,14612,68,45
2021-07-16T23:59:59+02:00,1575,1395,19674,18980,30042,27719,31371,31429,37328,37893,41371,41762,27602,30786,19829,24802,6180,10431,74,82,9240,8997,18106,17460,21260,22314,29613,30758,34870,36169,25794,28771,18917,23513,5918,9897,303645,229337,44525,38222,77543,59761,14389,68,44
2021-07-15T23:59:59+02:00,1517,1351,19417,18733,29869,27571,31260,31329,37245,37810,41301,41695,27559,30757,19813,24789,6176,10428,65,70,8875,8693,17201,16638,19705,21086,28692,29836,34246,35587,25626,28590,18861,23463,5912,9885,302367,223220,44485,36761,77535,58840,14166,68,44
2021-07-14T23:59:59+02:00,1503,1338,19387,18697,29843,27545,31236,31297,37233,37796,41282,41688,27551,30750,19804,24782,6175,10425,57,65,8585,8395,16651,16035,19208,20566,28125,29334,33855,35213,25513,28461,18821,23396,5907,9874,302086,219044,44484,36401,77533,58410,14162,68,44
2021-07-13T23:59:59+02:00,1492,1327,19349,18672,29826,27520,31212,31281,37218,37769,41258,41660,27542,30736,19802,24777,6174,10419,39,59,8277,8136,16252,15687,18931,20287,27861,29083,33584,34954,25414,28339,18788,23355,5905,9869,301799,216343,44483,36364,77532,57916,14153,68,44
2021-07-12T23:59:59+02:00,1476,1317,19298,18654,29790,27490,31194,31260,37206,37752,41242,41645,27537,30731,19800,24771,6173,10419,38,54,8017,7924,15971,15407,18231,19737,27544,28762,33173,34592,25243,28142,18729,23281,5899,9864,301530,215054,44482,34433,77532,56933,14144,68,44
2021-07-11T23:59:59+02:00,1466,1309,19266,18623,29763,27458,31177,31229,37198,37731,41227,41633,27528,30722,19798,24771,6172,10418,36,53,7972,7878,15906,15337,18141,19683,27460,28699,33057,34529,25188,28097,18709,23259,5899,9861,301276,214477,44479,34422,77530,56684,14137,68,44
2021-07-10T23:59:59+02:00,1337,1193,18762,18202,29311,27154,30894,30995,36951,37570,41025,41483,27456,30661,19772,24739,6169,10415,35,53,7844,7808,15618,15199,17924,19532,27216,28556,32893,34413,25123,28051,18693,23246,5898,9861,299054,214054,44343,34299,77501,56442,13124,68,44
2021-07-09T23:59:59+02:00,1326,1187,18734,18171,29290,27137,30881,30982,36940,37558,41014,41474,27452,30657,19770,24735,6169,10414,32,51,7802,7763,15546,15132,17859,19438,26994,28326,32643,34200,25057,27987,18671,23219,5898,9858,298908,213768,44324,34295,77500,55277,13092,68,44
2021-07-08T23:59:59+02:00,1248,1105,18467,17956,29137,26983,30740,30861,36837,37455,40915,41396,27417,30622,19751,24716,6164,10408,27,47,7636,7628,15247,14884,17426,19077,26302,27722,32368,33932,24889,27829,18612,23156,5895,9850,297627,212629,44267,32873,77492,54256,12725,68,44
2021-07-07T23:59:59+02:00,1149,1013,18155,17633,28935,26798,30609,30736,36725,37333,40808,41310,27382,30573,19737,24699,6161,10405,24,39,7440,7417,14806,14519,16959,18631,25548,27109,31959,33551,24620,27502,18518,23063,5886,9841,296049,209710,44216,32036,77482,53295,12347,68,44
2021-07-06T23:59:59+02:00,1126,996,18077,17565,28889,26748,30559,30689,36689,37298,40773,41279,27365,30547,19726,24685,6159,10402,17,33,7223,7187,14459,14156,16607,18281,24794,26461,31656,33287,24431,27286,18470,22991,5879,9834,295470,207638,44212,30629,77479,52397,12344,68,44
2021-07-05T23:59:59+02:00,1084,968,18001,17502,28845,26688,30519,30654,36664,37253,40745,41253,27359,30533,19720,24679,6159,10397,7,20,6994,7001,14152,13886,16255,17918,24234,25949,31081,32720,24150,26988,18362,22851,5871,9823,294977,206139,44210,28524,77475,51261,12294,68,44
2021-07-04T23:59:59+02:00,1062,952,17929,17452,28807,26665,30495,30625,36655,37244,40730,41241,27353,30522,19715,24676,6159,10396,7,20,6969,6982,14098,13833,16178,17857,24150,25892,30927,32627,24056,26898,18330,22810,5869,9819,294659,205740,44210,28514,77464,50746,12278,68,44
2021-07-03T23:59:59+02:00,648,581,16192,15736,27649,25745,29702,29904,36015,36633,40231,40812,27196,30355,19650,24588,6150,10379,7,20,6579,6742,13590,13535,15782,17554,23791,25616,30621,32433,23958,26802,18298,22770,5865,9815,287140,205440,44171,28437,77383,50452,9405,68,44
2021-07-02T23:59:59+02:00,609,542,16062,15591,27491,25596,29621,29845,35985,36604,40212,40799,27190,30346,19647,24585,6150,10379,7,20,6532,6668,13516,13439,15695,17423,23647,25430,30467,32268,23766,26591,18209,22692,5863,9812,286236,204756,44171,28278,77382,49569,9398,68,44
2021-07-01T23:59:59+02:00,551,494,15882,15436,27277,25440,29543,29765,35930,36552,40147,40753,27169,30328,19636,24572,6148,10375,7,19,6385,6535,13166,13165,15165,16983,22376,24438,29705,31583,23485,26301,18090,22556,5856,9796,285041,201205,44167,26599,77369,48411,9354,68,42
2021-06-30T23:59:59+02:00,521,474,15776,15329,27167,25353,29475,29692,35873,36500,40105,40718,27154,30297,19625,24555,6144,10375,6,17,6190,6354,12734,12777,14595,16434,21750,23838,29110,31051,23067,25834,17959,22372,5849,9784,284215,196936,44164,26574,77362,46844,9325,68,42
2021-06-29T23:59:59+02:00,465,423,15027,14660,26904,25135,29377,29593,35793,36417,40036,40669,27135,30272,19616,24542,6144,10373,6,15,6077,6226,12474,12515,14199,16038,20958,23212,28525,30496,22620,25310,17806,22197,5841,9774,281723,193781,44160,26064,77353,45124,9278,68,42
2021-06-28T23:59:59+02:00,429,392,14403,14024,26745,25030,29304,29526,35733,36350,39993,40634,27117,30252,19608,24531,6144,10369,5,15,6009,6130,12296,12375,14012,15861,20332,22660,28123,30121,22283,24953,17677,22034,5836,9769,279789,192096,44157,25400,77348,43730,9223,68,42
2021-06-27T23:59:59+02:00,352,325,14056,13651,26681,24972,29265,29488,35710,36328,39975,40619,27106,30245,19605,24527,6143,10368,5,15,5970,6086,12180,12259,13866,15731,19777,22181,27512,29619,22006,24614,17556,21910,5832,9768,278672,191255,44151,23869,77338,42533,9188,68,42
2021-06-26T23:59:59+02:00,351,324,14045,13638,26666,24961,29260,29481,35703,36327,39972,40618,27105,30244,19605,24527,6143,10368,5,15,5965,6084,12169,12257,13860,15728,19764,22169,27467,29584,21859,24484,17516,21852,5831,9766,278598,191232,44148,23865,77338,42049,9187,68,42
2021-06-25T23:59:59+02:00,227,211,12786,12422,25210,23808,28961,29248,35597,36241,39904,40556,27081,30216,19594,24515,6141,10366,5,15,5922,6039,12070,12176,13716,15607,19453,21929,27080,29225,21535,24089,17336,21655,5828,9757,272374,190003,44144,23580,77318,40631,9181,68,42
2021-06-24T23:59:59+02:00,162,157,11811,11589,24088,22928,28597,28895,35446,36075,39789,40450,27042,30167,19583,24491,6139,10362,5,14,5705,5810,11613,11761,13134,15012,17913,20528,25423,27627,20761,23229,17016,21248,5818,9747,267121,185011,44123,19951,77314,38214,9146,68,42
2021-06-23T23:59:59+02:00,126,131,11446,11267,23592,22558,28348,28651,35270,35948,39700,40362,27011,30140,19574,24453,6137,10350,5,14,5630,5698,11400,11546,12834,14663,17518,20118,24671,26857,19964,22476,16821,20994,5810,9731,264508,182653,44113,19332,77309,35656,9067,68,42
2021-06-22T23:59:59+02:00,105,118,11265,11058,23431,22418,28268,28578,35194,35887,39653,40317,26996,30116,19566,24444,6137,10349,4,12,5520,5577,11132,11284,12467,14292,16914,19516,23938,26087,19585,22050,16658,20815,5803,9715,263367,179608,44109,18454,77307,34215,9050,68,42
2021-06-21T23:59:59+02:00,93,106,11014,10874,22598,21750,28016,28348,35126,35825,39589,40274,26979,30098,19560,24435,6137,10348,4,11,5402,5477,10911,11067,12159,13969,16521,19170,23486,25617,19292,21730,16553,20694,5797,9713,260776,178133,44100,17436,77301,33036,8926,68,42
2021-06-20T23:59:59+02:00,87,105,10949,10783,22348,21535,27756,28147,35046,35747,39544,40229,26968,30082,19558,24430,6135,10345,4,10,5361,5425,10823,10964,12063,13866,16324,18984,23215,25376,19190,21623,16500,20636,5791,9709,259483,177816,44098,16373,77296,32784,8849,68,42
2021-06-19T23:59:59+02:00,86,101,10926,10760,22316,21512,27738,28134,35034,35743,39535,40225,26967,30081,19558,24428,6135,10345,4,10,5329,5394,10741,10870,11970,13744,16176,18833,22906,25013,19102,21536,16487,20623,5790,9709,259333,177704,44078,14871,77296,32771,8849,68,42
2021-06-18T23:59:59+02:00,83,99,10877,10709,22003,21187,27479,27915,34979,35706,39501,40202,26958,30072,19557,24425,6135,10343,4,10,5313,5385,10712,10839,11930,13696,16114,18770,22820,24916,18935,21354,16442,20557,5789,9704,257945,177308,44074,14870,77295,32222,8848,68,42
2021-06-17T23:59:59+02:00,74,91,10299,10279,20723,20223,26617,27177,34605,35379,39240,40011,26894,29990,19536,24388,6128,10338,4,10,5117,5244,10333,10584,11483,13294,15432,18158,21450,23592,18476,20861,16277,20385,5785,9690,252148,171989,44053,14295,77282,31408,8441,68,42
2021-06-16T23:59:59+02:00,66,79,9965,9970,20037,19591,25983,26575,34353,35176,39079,39862,26849,29937,19512,24363,6127,10334,3,8,4975,5096,9943,10247,11022,12842,14725,17467,20597,22651,18070,20414,16107,20171,5775,9678,248309,168185,44037,13024,77269,30366,8175,68,41
2021-06-15T23:59:59+02:00,51,73,9721,9725,19737,19346,25756,26377,34221,35067,38983,39781,26817,29901,19505,24348,6122,10330,3,8,4869,4979,9705,10031,10787,12582,14300,17039,19995,22072,17743,20019,15884,19939,5766,9666,246527,166080,44027,11932,77261,29357,7978,68,40
2021-06-14T23:59:59+02:00,47,68,9589,9598,19440,19085,25577,26233,34102,34986,38920,39741,26798,29881,19499,24337,6122,10327,3,8,4788,4915,9517,9891,10609,12446,14038,16821,19676,21777,17577,19859,15781,19804,5765,9662,245322,164609,44025,11930,77257,28680,7678,68,40
2021-06-13T23:59:59+02:00,46,64,9428,9470,19151,18902,25221,25981,33902,34818,38812,39674,26782,29869,19488,24329,6122,10323,2,8,4704,4846,9308,9718,10438,12270,13715,16473,19327,21444,17448,19710,15733,19739,5763,9660,243674,163743,44024,11929,77252,27230,7364,68,40
2021-06-12T23:59:59+02:00,46,64,9418,9452,19139,18889,25221,25976,33902,34815,38809,39673,26782,29869,19488,24329,6122,10323,2,8,4701,4832,9297,9656,10405,12168,13666,16319,19272,21308,17339,19584,15615,19637,5761,9658,243625,163714,44024,11927,77247,26194,7353,68,40
2021-06-11T23:59:59+02:00,41,60,9256,9272,18904,18678,24417,25301,33723,34657,38673,39560,26748,29835,19477,24304,6122,10318,2,8,4623,4721,9076,9397,10145,11870,13143,15765,18292,20406,17153,19386,15575,19592,5758,9655,240691,159673,44022,11926,77242,25605,7323,68,40
2021-06-10T23:59:59+02:00,39,56,8860,8943,18258,18183,23570,24630,33404,34376,38470,39394,26692,29782,19453,24275,6119,10311,2,8,4448,4544,8498,8901,9334,11145,11993,14656,16284,18484,16259,18415,15289,19224,5749,9633,237078,149947,43368,11892,77216,23900,7087,66,40
2021-06-09T23:59:59+02:00,22,38,8408,8440,17429,17460,22420,23586,32917,33907,38182,39173,26585,29677,19405,24216,6109,10298,2,7,4312,4426,8210,8640,9087,10890,11654,14286,15797,17935,15883,17982,15046,18938,5742,9623,233075,148103,41478,11851,77176,21975,6492,51,39
2021-06-08T23:59:59+02:00,13,26,8090,8120,16959,17049,21997,23219,32671,33711,38020,39043,26541,29636,19395,24194,6106,10293,0,7,4194,4345,7956,8387,8780,10545,11291,13939,15152,17229,15419,17458,14784,18659,5737,9605,230346,146386,41446,10732,77168,20258,6072,51,39
2021-06-07T23:59:59+02:00,10,22,7892,7890,16599,16727,21458,22758,32389,33441,37903,38925,26512,29588,19376,24165,6101,10292,0,7,4118,4265,7772,8244,8621,10400,11118,13767,14835,16900,15217,17200,14609,18466,5733,9600,228719,145294,40473,10639,77150,19245,5655,51,39
2021-06-06T23:59:59+02:00,8,19,7785,7782,16465,16581,21263,22552,32162,33214,37767,38819,26485,29563,19364,24148,6101,10286,0,7,4090,4228,7724,8125,8566,10269,11009,13620,14637,16679,15031,17020,14520,18345,5726,9594,227485,144802,40174,10625,77132,18202,5522,51,39
2021-06-05T23:59:59+02:00,8,19,7762,7769,16440,16556,21255,22549,32151,33207,37765,38818,26484,29563,19363,24147,6101,10286,0,7,4079,4187,7709,8059,8552,10136,10994,13448,14618,16574,14996,16965,14511,18335,5726,9593,227379,144715,40174,10625,77131,17602,5508,51,39
2021-06-04T23:59:59+02:00,8,17,7651,7667,16161,16316,20981,22299,31728,32832,37650,38695,26451,29524,19352,24134,6099,10284,0,7,4072,4177,7680,8035,8524,10105,10927,13375,14513,16439,14913,16872,14474,18291,5726,9591,225780,144374,39399,10293,77113,17509,5506,51,39
2021-06-03T23:59:59+02:00,6,17,7396,7435,15283,15525,19346,20909,30814,31906,37144,38232,26319,29389,19307,24082,6093,10266,0,7,4013,4138,7591,7964,8400,10007,10754,13192,13941,15865,14646,16555,14388,18183,5723,9578,219147,142144,37815,10172,77102,17236,5354,51,39
2021-06-02T23:59:59+02:00,6,17,7261,7290,14907,15099,18914,20504,30347,31449,36916,37969,26255,29325,19287,24053,6090,10264,0,7,3983,4108,7529,7878,8311,9911,10612,13061,13492,15431,14521,16372,14358,18145,5720,9573,216067,140343,37384,10078,77101,17202,5350,51,39
2021-06-01T23:59:59+02:00,6,14,6985,7051,14510,14788,18569,20184,30019,31136,36691,37736,26199,29246,19263,24025,6088,10253,0,7,3882,4024,7287,7703,8075,9716,10348,12785,13083,15007,14085,15917,14241,17989,5713,9565,213323,138197,37337,9824,77080,16395,4972,51,39
2021-05-31T23:59:59+02:00,6,14,6824,6862,14285,14553,17867,19583,29676,30794,36399,37473,26105,29147,19236,23972,6078,10241,0,7,3805,3915,7075,7451,7851,9432,10003,12398,12643,14485,13555,15301,14040,17758,5704,9549,211878,134999,35301,9500,77065,15614,4820,51,39
2021-05-30T23:59:59+02:00,6,14,6801,6846,14238,14513,17789,19524,29627,30755,36369,37447,26093,29135,19233,23965,6077,10239,0,7,3761,3843,6917,7237,7703,9193,9795,12076,12386,14132,13433,15129,13974,17675,5701,9542,211581,134262,35288,9398,77007,14062,4744,51,38
2021-05-29T23:59:59+02:00,6,14,6800,6845,14228,14506,17784,19518,29622,30750,36366,37446,26091,29132,19233,23964,6077,10239,0,7,3750,3831,6886,7203,7669,9142,9759,12028,12312,14033,13390,15060,13943,17650,5700,9537,211548,134119,35288,9397,76992,13604,4742,51,38
2021-05-28T23:59:59+02:00,6,14,6790,6831,14210,14493,17768,19497,29609,30737,36355,37426,26088,29128,19231,23960,6077,10239,0,6,3736,3807,6864,7162,7634,9087,9705,11923,12067,13764,13200,14868,13913,17609,5697,9534,211395,132820,35287,9396,76989,13585,4737,51,38
2021-05-27T23:59:59+02:00,6,14,6699,6748,13940,14275,17281,19149,28928,30194,36194,37294,26040,29094,19216,23944,6076,10233,0,6,3613,3644,6575,6909,7258,8775,9205,11363,11356,12862,12643,14294,13781,17415,5689,9522,210306,129279,33841,9057,76948,12357,4179,51,38
2021-05-26T23:59:59+02:00,6,14,6629,6642,13730,14073,17026,18839,28385,29680,36018,37120,26000,29044,19199,23915,6075,10226,0,6,3522,3502,6351,6619,6968,8347,8861,10883,10703,12060,12077,13677,13634,17197,5684,9500,208698,125646,33090,8873,76931,11185,3852,50,35
2021-05-25T23:59:59+02:00,6,14,6548,6546,13522,13851,16763,18626,27660,29032,35924,37022,25976,29014,19187,23899,6070,10225,0,6,3473,3409,6207,6451,6821,8156,8634,10591,10355,11693,11731,13197,13526,17034,5681,9492,207975,123790,31633,8735,76448,10117,3780,49,35
2021-05-24T23:59:59+02:00,6,14,6478,6450,13344,13652,16539,18347,27244,28602,35578,36621,25919,28946,19168,23875,6069,10223,0,6,3460,3388,6146,6369,6774,8071,8573,10495,10283,11594,11555,12963,13477,16942,5672,9471,207445,123152,29400,8685,76441,9627,3740,49,35
2021-05-23T23:59:59+02:00,6,14,6476,6449,13338,13643,16536,18337,27225,28592,35548,36587,25916,28940,19168,23869,6069,10223,0,3,3455,3384,6140,6358,6763,8064,8544,10464,10243,11535,11471,12860,13456,16908,5672,9470,207329,123138,29384,8265,76440,9618,3734,49,35
2021-05-22T23:59:59+02:00,6,14,6469,6446,13330,13631,16530,18332,27221,28590,35545,36581,25916,28940,19168,23869,6069,10223,0,3,3453,3384,6135,6355,6761,8060,8540,10462,10238,11532,11460,12846,13451,16904,5671,9470,207275,123097,29384,8265,76438,9594,3734,49,35
2021-05-21T23:59:59+02:00,6,14,6406,6389,13176,13526,16356,18182,26952,28411,35115,36315,25890,28903,19160,23863,6068,10219,0,3,3444,3374,6101,6332,6730,8026,8499,10413,10183,11482,10940,12132,13310,16744,5668,9465,206586,121330,29259,8262,75395,9557,3662,49,35
2021-05-20T23:59:59+02:00,5,13,6113,6188,12563,13110,15162,17261,25039,26909,34159,35547,25784,28756,19105,23782,6062,10204,0,3,3385,3328,6004,6217,6614,7868,8348,10247,9940,11173,10598,11672,13196,16559,5658,9451,201808,119304,27516,8179,72856,9209,3534,48,35
2021-05-19T23:59:59+02:00,5,13,5905,5946,12050,12648,14456,16555,24089,26091,33531,34942,25668,28664,19070,23724,6054,10192,0,3,3308,3253,5845,6043,6424,7623,8072,9965,9631,10790,10282,11255,13117,16412,5656,9443,196093,117370,27474,7980,72839,8588,3150,47,34
2021-05-18T23:59:59+02:00,5,12,5734,5835,11651,12329,13834,16054,22934,25140,32863,34335,25551,28529,19022,23671,6049,10182,0,3,3266,3221,5728,5931,6257,7463,7865,9749,9430,10549,10104,11002,12969,16188,5646,9434,191139,116193,26962,7910,72795,7881,2787,47,34
2021-05-17T23:59:59+02:00,5,11,5681,5792,11488,12223,13559,15833,22114,24502,32551,34019,25473,28469,19000,23641,6040,10173,0,3,3149,3147,5538,5746,6082,7248,7657,9521,9204,10304,10010,10875,12909,16124,5643,9429,189366,115423,26260,7902,72399,6728,2502,47,34
2021-05-16T23:59:59+02:00,5,11,5652,5772,11425,12166,13474,15753,21498,23952,31938,33489,25433,28425,18990,23626,6039,10173,0,3,3143,3125,5524,5677,6054,7188,7629,9421,9173,10219,9993,10853,12906,16121,5643,9429,188598,115309,24714,7895,71973,6377,2489,47,31
2021-05-15T23:59:59+02:00,5,11,5643,5762,11391,12157,13445,15744,21423,23881,31398,33113,25422,28420,18989,23623,6038,10172,0,3,3130,3110,5503,5634,6040,7113,7585,9304,8934,9964,9960,10822,12872,16070,5643,9428,188547,115303,24700,7757,71325,6008,2018,47,29
2021-05-14T23:59:59+02:00,5,11,5604,5736,11328,12118,13372,15680,21012,23568,30965,32765,25387,28374,18977,23607,6038,10170,0,3,3097,3070,5466,5546,6018,6977,7544,9100,8872,9769,9884,10712,12786,15941,5643,9425,187821,115128,24379,7421,70453,5258,2017,47,29
2021-05-13T23:59:59+02:00,5,10,5447,5580,10946,11822,12658,15093,18824,21821,29418,31295,25159,28131,18909,23536,6036,10167,0,3,3086,3035,5444,5507,6002,6920,7518,9030,8828,9707,9667,10467,12581,15633,5638,9414,183858,114766,20586,6591,68364,5092,2002,47,29
2021-05-12T23:59:59+02:00,3,10,5417,5553,10876,11763,12557,15005,18701,21697,29054,30930,25064,28033,18892,23507,6035,10162,0,3,3085,3027,5438,5501,5992,6906,7493,9015,8789,9652,9478,10233,12347,15308,5635,9407,182903,114476,19948,5718,68360,5086,2001,47,28
2021-05-11T23:59:59+02:00,3,10,5277,5447,10625,11510,12189,14637,18089,21053,28119,29956,24872,27843,18833,23431,6030,10148,0,3,3042,2986,5348,5343,5893,6719,7362,8770,8622,9429,9296,10034,12194,15119,5626,9386,178803,113406,19050,5609,68229,4186,1943,47,28
2021-05-10T23:59:59+02:00,3,9,5152,5372,10409,11318,11928,14381,17760,20718,27695,29547,24765,27736,18794,23384,6022,10144,0,3,2972,2932,5230,5227,5779,6615,7238,8629,8493,9322,9192,9909,12104,14990,5623,9377,176790,112873,18365,5597,68000,3202,1935,47,28
2021-05-09T23:59:59+02:00,3,9,5077,5327,10311,11202,11827,14262,17417,20432,27304,29170,24677,27648,18765,23348,6019,10141,0,3,2904,2900,5083,5186,5601,6572,7070,8600,8364,9286,9179,9899,12086,14969,5623,9377,176396,112793,17083,5588,67496,2375,1918,46,28
2021-05-08T23:59:59+02:00,3,9,5075,5326,10309,11196,11827,14261,17413,20430,27301,29167,24677,27648,18764,23348,6019,10141,0,3,2903,2899,5081,5186,5601,6572,7070,8600,8361,9285,9178,9898,12085,14969,5623,9377,176377,112790,17081,5587,67493,2369,1917,46,28
2021-05-07T23:59:59+02:00,3,9,5042,5300,10241,11143,11697,14137,17012,20156,26663,28610,24628,27597,18747,23316,6013,10111,0,3,2891,2891,5066,5176,5590,6556,7058,8589,8353,9274,9172,9890,12074,14949,5616,9349,175541,112775,17078,5581,65970,2323,1790,46,28
2021-05-06T23:59:59+02:00,2,9,4772,5141,9784,10800,11130,13620,15922,19132,24247,26313,24126,27065,18642,23214,6008,10097,0,3,2848,2843,4999,5099,5549,6464,6975,8470,8223,9121,9071,9775,12050,14898,5613,9346,170498,112233,14624,5525,63078,1781,1780,44,28
2021-05-05T23:59:59+02:00,2,9,4693,5058,9489,10571,10787,13294,15340,18531,23400,25344,23867,26738,18573,23109,5998,10079,0,2,2829,2806,4951,5014,5490,6342,6893,8303,8098,8904,8963,9642,11972,14811,5612,9337,166827,111281,13305,5519,62928,1362,1779,43,28
2021-05-04T23:59:59+02:00,2,9,4608,4966,9315,10372,10576,13051,14949,18134,22850,24776,23655,26463,18500,23027,5990,10065,0,2,2821,2771,4921,4939,5458,6220,6840,8161,8002,8749,8859,9529,11897,14752,5610,9334,164563,110776,12178,5507,62763,793,1761,43,28
2021-05-03T23:59:59+02:00,2,9,4537,4890,9126,10234,10400,12876,14666,17890,22436,24362,23515,26312,18473,22980,5990,10059,0,2,2748,2700,4840,4866,5382,6135,6745,8057,7820,8584,8771,9441,11856,14701,5607,9329,163048,110547,12177,5503,62666,683,823,43,28
2021-05-02T23:59:59+02:00,2,9,4524,4875,9051,10176,10276,12766,14337,17585,22133,24074,23465,26253,18454,22955,5989,10058,0,2,2742,2693,4782,4832,5294,6052,6605,7929,7701,8481,8725,9399,11832,14667,5605,9324,162160,110427,12174,5501,62562,666,43,43,28
2021-05-01T23:59:59+02:00,2,9,4524,4872,9049,10174,10275,12765,14333,17581,22131,24074,23464,26252,18454,22955,5989,10058,0,2,2742,2693,4782,4832,5294,6052,6604,7929,7701,8481,8725,9399,11832,14667,5605,9324,162139,110427,12174,5500,62562,666,43,43,28
2021-04-30T23:59:59+02:00,1,9,4452,4785,8811,9959,10013,12523,13851,17155,21287,23299,23339,26115,18438,22923,5986,10055,0,2,2738,2691,4771,4824,5284,6018,6593,7898,7668,8441,8721,9396,11831,14663,5603,9323,158542,110397,12173,5498,62234,533,9,43,28
2021-04-29T23:59:59+02:00,1,9,4306,4640,8330,9547,9311,11919,12848,16250,19433,21611,22628,25349,18300,22712,5980,10038,0,2,2714,2671,4727,4751,5239,5942,6527,7791,7586,8325,8608,9281,11763,14586,5596,9314,149321,109890,12157,5224,61683,272,9,42,28
2021-04-28T23:59:59+02:00,1,9,4275,4620,8258,9475,9235,11831,12728,16129,19215,21397,22539,25256,18273,22671,5978,10033,0,2,2711,2659,4702,4690,5211,5898,6497,7717,7538,8242,8591,9256,11746,14563,5594,9308,148930,109696,12069,5150,60874,45,8,42,26
2021-04-27T23:59:59+02:00,1,9,4237,4573,8121,9339,9120,11680,12581,15961,18764,20900,22306,24999,18208,22593,5975,10024,0,2,2708,2655,4699,4686,5201,5890,6484,7698,7503,8204,8528,9176,11664,14481,5590,9304,148198,109433,10993,4975,60150,37,8,42,20
2021-04-26T23:59:59+02:00,1,9,4195,4546,8014,9243,8973,11574,12409,15787,18352,20534,22172,24850,18171,22561,5974,10022,0,2,2708,2653,4695,4682,5196,5882,6471,7678,7470,8175,8480,9128,11608,14402,5586,9287,147418,109328,10858,4717,59062,32,7,42,19
2021-04-25T23:59:59+02:00,1,9,4181,4531,7976,9212,8909,11511,12273,15657,18007,20199,21972,24613,18131,22506,5970,10017,0,2,2708,2653,4694,4680,5193,5878,6466,7675,7468,8171,8425,9069,11585,14374,5586,9285,146032,109305,10846,4550,58748,31,7,42,19
2021-04-24T23:59:59+02:00,1,9,4173,4522,7960,9207,8894,11499,12223,15625,17949,20161,21957,24600,18129,22501,5970,10017,0,2,2707,2653,4694,4680,5193,5878,6466,7675,7468,8171,8425,9068,11585,14374,5586,9285,145931,109305,10845,4550,58574,30,7,40,18
2021-04-23T23:59:59+02:00,1,9,4153,4492,7902,9144,8808,11397,11885,15299,17514,19762,21740,24367,18064,22424,5968,10009,0,2,2704,2651,4690,4677,5186,5870,6451,7664,7445,8140,8404,9041,11576,14365,5584,9282,144662,109289,10498,4390,57732,29,6,40,18
2021-04-22T23:59:59+02:00,1,9,4105,4428,7771,8956,8623,11136,11558,14881,16599,18774,21166,23655,17928,22244,5958,9991,0,2,2696,2644,4684,4655,5163,5843,6407,7627,7370,8091,8270,8880,11428,14213,5579,9273,140928,108668,10366,4112,56444,21,6,39,18
2021-04-21T23:59:59+02:00,1,9,4062,4384,7671,8834,8465,10974,11260,14600,15860,18017,20785,23207,17853,22139,5953,9978,0,2,2687,2633,4666,4634,5146,5822,6395,7609,7341,8067,8220,8816,11387,14173,5577,9271,137994,108378,10236,4026,55779,19,6,37,17
2021-04-20T23:59:59+02:00,1,9,4037,4359,7636,8780,8388,10893,11095,14425,15425,17541,20318,22689,17748,21987,5944,9966,0,2,2678,2622,4656,4621,5121,5802,6367,7584,7300,8027,8124,8684,11310,14086,5573,9267,135834,107797,9970,3986,55394,18,6,37,17
2021-04-19T23:59:59+02:00,1,9,4007,4310,7573,8674,8296,10754,10937,14241,15172,17246,19836,22124,17581,21770,5933,9954,0,2,2673,2620,4651,4617,5107,5787,6348,7567,7273,7982,8070,8631,11283,14039,5571,9263,133763,107461,9616,3982,54998,18,6,35,17
2021-04-18T23:59:59+02:00,1,6,3987,4281,7513,8622,8191,10627,10678,13998,14680,16708,19403,21612,17458,21585,5929,9947,0,2,2672,2619,4651,4617,5107,5787,6347,7564,7270,7981,8066,8628,11280,14035,5570,9260,131337,107436,9544,3980,54304,17,6,35,17
2021-04-17T23:59:59+02:00,1,6,3984,4273,7492,8615,8180,10608,10636,13952,14568,16620,19283,21489,17436,21557,5928,9945,0,2,2672,2619,4650,4615,5100,5782,6333,7559,7245,7958,8019,8582,11261,14012,5568,9260,130896,107423,9534,3774,54102,17,6,35,17
2021-04-16T23:59:59+02:00,1,6,3973,4229,7419,8493,8077,10453,10443,13690,13898,15858,18717,20846,17311,21382,5917,9927,0,2,2669,2616,4645,4608,5095,5769,6315,7548,7207,7923,7709,8189,11167,13871,5561,9242,128052,106617,9473,3481,53075,16,5,35,17
2021-04-15T23:59:59+02:00,1,5,3929,4177,7305,8360,7898,10217,10108,13300,13171,14998,17905,19980,17070,21057,5902,9907,0,2,2668,2608,4633,4590,5081,5736,6282,7512,7135,7849,7146,7522,11037,13708,5557,9232,124396,104935,9313,3328,51542,14,4,35,17
2021-04-14T23:59:59+02:00,1,4,3902,4146,7239,8254,7791,10064,9928,13098,12752,14549,17377,19366,16918,20848,5896,9893,0,2,2634,2589,4615,4557,5053,5689,6247,7479,7077,7789,6495,6750,10771,13408,5553,9224,122997,102573,9073,3326,49920,12,4,32,17
2021-04-13T23:59:59+02:00,1,4,3898,4140,7201,8237,7734,10029,9820,13043,12378,14256,16686,18512,16680,20544,5892,9887,0,2,2608,2560,4595,4531,5025,5654,6189,7409,6988,7685,6282,6493,10178,12718,5544,9203,122287,100316,8851,3315,47768,12,4,32,17
2021-04-12T23:59:59+02:00,1,4,3885,4122,7146,8190,7676,9958,9710,12942,12129,14039,16242,17994,16492,20330,5887,9884,0,2,2579,2549,4528,4487,4919,5583,6071,7332,6870,7585,5535,5668,9725,12179,5504,9161,121947,96938,8814,3306,45835,12,4,31,17
2021-04-11T23:59:59+02:00,1,4,3870,4114,7104,8138,7616,9914,9619,12864,11891,13830,15672,17302,16215,19988,5882,9874,0,2,2503,2470,4399,4366,4768,5450,5909,7180,6720,7480,5233,5306,9593,12017,5504,9157,121351,94770,8378,3255,44134,11,4,31,17
2021-04-10T23:59:59+02:00,1,4,3852,4094,7064,8089,7573,9857,9557,12805,11800,13745,15455,17109,16166,19918,5881,9867,0,2,1942,1907,3587,3646,3896,4684,4904,6258,5865,6687,4959,5000,9464,11865,5497,9148,120883,86024,8378,3255,43541,11,4,31,17
2021-04-09T23:59:59+02:00,1,4,3831,4074,7026,8058,7512,9800,9406,12674,11470,13463,14270,15575,15720,19386,5868,9855,0,2,1085,1087,2226,2448,2386,3314,3117,4613,4231,5218,4264,4261,9212,11501,5472,9118,118980,70272,8375,3252,40604,11,3,31,17
2021-04-08T23:59:59+02:00,1,4,3805,4057,6964,8000,7408,9704,9218,12556,11063,13111,13133,14310,15299,18856,5846,9819,0,2,587,598,1303,1744,1480,2387,2015,3521,2854,3827,3014,2855,8388,10492,5314,8881,117709,55986,8291,3248,37122,10,1,31,17
2021-04-07T23:59:59+02:00,1,4,3758,4031,6886,7942,7316,9633,9090,12427,10751,12802,12401,13539,15080,18591,5840,9797,0,2,358,382,953,1397,1074,2001,1507,3058,1902,2821,1825,1563,7478,9339,5158,8621,116742,46164,8135,3248,34982,9,1,29,17
2021-04-06T23:59:59+02:00,1,4,3742,4019,6864,7903,7260,9567,8997,12347,10539,12583,12015,13042,14857,18298,5829,9784,0,2,351,369,943,1386,1060,1979,1479,3030,1843,2762,1746,1494,7059,8778,5005,8380,115466,44394,8036,3246,34122,8,1,26,17
2021-04-05T23:59:59+02:00,1,4,3736,4018,6853,7889,7246,9557,8978,12319,10475,12524,11903,12895,14758,18205,5827,9781,0,2,349,363,933,1382,1054,1970,1469,3009,1821,2728,1692,1441,6826,8467,4880,8194,115126,43309,8014,3245,33803,8,1,25,17
2021-04-04T23:59:59+02:00,1,4,3736,4018,6851,7883,7245,9556,8975,12319,10465,12519,11899,12891,14755,18204,5827,9781,0,2,349,362,931,1381,1053,1968,1468,3008,1819,2725,1689,1436,6819,8454,4875,8191,115120,43261,8013,3243,33770,8,1,25,17
2021-04-03T23:59:59+02:00,1,4,3736,4018,6851,7882,7244,9556,8975,12318,10464,12519,11899,12890,14753,18201,5827,9781,0,2,349,361,929,1377,1051,1967,1467,3003,1817,2725,1683,1424,6776,8372,4840,8155,115115,43030,8013,3243,33765,7,1,25,17
2021-04-02T23:59:59+02:00,1,4,3734,4016,6847,7878,7237,9550,8962,12310,10448,12503,11772,12774,14709,18142,5824,9772,0,2,347,359,927,1371,1045,1955,1452,2978,1776,2686,1587,1338,6008,7470,4397,7583,114984,40338,8007,2918,33466,7,1,25,17
2021-04-01T23:59:59+02:00,1,3,3695,4004,6812,7857,7195,9519,8910,12271,10374,12432,11425,12366,14327,17621,5818,9753,0,2,342,356,910,1357,1033,1934,1420,2933,1716,2618,1461,1240,5059,6343,3827,6741,114583,36354,6587,2913,33187,7,1,25,17
2021-03-31T23:59:59+02:00,0,3,3689,3999,6798,7837,7177,9501,8875,12238,10284,12360,11090,11955,13977,17121,5812,9731,0,2,339,352,902,1346,1022,1918,1400,2905,1666,2581,1393,1187,4465,5653,3464,6263,113997,33993,5577,2840,32847,7,1,25,17
2021-03-30T23:59:59+02:00,0,3,3671,3973,6762,7799,7120,9434,8785,12135,10122,12203,10831,11678,13757,16855,5805,9717,0,2,335,345,897,1335,1014,1912,1376,2898,1638,2555,1366,1161,4345,5529,3402,6168,113180,33613,5326,2640,32120,7,1,23,17
2021-03-29T23:59:59+02:00,0,3,3661,3951,6736,7777,7080,9380,8689,12040,9939,11993,10391,11207,13383,16387,5789,9684,0,2,329,342,893,1324,1008,1903,1367,2887,1624,2546,1343,1147,4210,5385,3305,6035,111498,32993,5020,2633,31548,6,1,23,17
2021-03-28T23:59:59+02:00,0,3,3620,3894,6621,7619,6963,9236,8563,11848,9786,11801,10181,10945,13206,16205,5785,9675,0,2,329,342,893,1322,1006,1902,1365,2887,1623,2544,1334,1144,4177,5341,3279,6009,111124,32947,4755,2530,30049,5,1,22,16
2021-03-27T23:59:59+01:00,0,3,3619,3882,6609,7555,6933,9123,8513,11677,9734,11647,10068,10821,13111,16116,5784,9675,0,2,329,341,893,1322,1006,1899,1365,2885,1619,2543,1332,1142,4151,5306,3266,5994,111113,32844,4755,2529,28979,5,1,22,16
2021-03-26T23:59:59+01:00,0,3,3612,3875,6581,7518,6905,9048,8465,11564,9643,11519,10019,10758,13062,16059,5776,9654,0,2,324,339,892,1319,1002,1887,1362,2863,1599,2529,1307,1125,3964,5076,3157,5839,111054,32076,4531,2488,28453,5,1,22,16
2021-03-25T23:59:59+01:00,0,3,3588,3844,6487,7393,6813,8882,8276,11333,9333,11201,9639,10373,12756,15743,5771,9643,0,2,324,338,890,1311,999,1876,1348,2850,1575,2510,1281,1105,3725,4826,2904,5498,110675,30853,4318,2488,26062,4,1,22,16
2021-03-24T23:59:59+01:00,0,3,3530,3792,6397,7209,6688,8656,8112,11095,9106,10876,9223,9881,12337,15285,5760,9632,0,2,324,337,889,1307,994,1874,1341,2846,1559,2494,1272,1095,3658,4752,2719,5272,110155,30229,4179,2488,23225,1,1,22,16
2021-03-23T23:59:59+01:00,0,3,3512,3759,6350,7153,6611,8597,7995,10967,8859,10642,8801,9413,11885,14763,5750,9618,0,2,324,337,888,1297,989,1865,1336,2837,1555,2485,1247,1070,3566,4675,2521,4948,109339,29437,4088,2488,21229,1,0,22,16
2021-03-22T23:59:59+01:00,0,3,3503,3739,6308,7125,6576,8549,7929,10892,8711,10506,8518,9061,11583,14439,5715,9579,0,2,322,332,882,1286,981,1858,1329,2826,1545,2475,1235,1061,3537,4639,2502,4915,108669,29222,4086,2488,19959,1,0,22,16
2021-03-21T23:59:59+01:00,0,3,3501,3737,6304,7115,6558,8533,7912,10873,8654,10448,8398,8944,11513,14336,5712,9576,0,2,320,331,874,1283,974,1851,1320,2824,1540,2471,1231,1058,3528,4624,2487,4905,108582,29118,4084,2488,19429,1,0,22,16
2021-03-20T23:59:59+01:00,0,3,3492,3699,6296,7043,6541,8396,7887,10689,8610,10312,8320,8858,11475,14297,5712,9576,0,2,320,331,874,1283,974,1850,1319,2824,1540,2469,1231,1058,3528,4623,2487,4905,108547,29114,3872,2487,18765,1,0,22,16
2021-03-19T23:59:59+01:00,0,3,3479,3669,6268,6957,6517,8302,7841,10572,8497,10151,7777,8250,11288,14053,5703,9558,0,2,317,330,869,1276,957,1840,1297,2793,1490,2424,1146,989,2855,3826,2067,4323,106922,26297,3571,2487,18370,1,0,22,16
2021-03-18T23:59:59+01:00,0,3,3468,3652,6227,6917,6482,8240,7777,10486,8381,10023,6815,7145,11006,13751,5691,9533,0,2,316,330,865,1271,951,1830,1281,2784,1466,2403,1107,969,2646,3585,1910,4099,103887,25311,3410,2487,18278,1,0,22,16
2021-03-17T23:59:59+01:00,0,3,3430,3614,6157,6832,6427,8136,7686,10354,8250,9865,6128,6294,10724,13436,5674,9506,0,2,315,330,857,1265,946,1817,1267,2762,1447,2376,1069,944,2517,3453,1828,3982,101083,24675,3408,2487,18003,1,0,22,14
2021-03-16T23:59:59+01:00,0,3,3411,3582,6119,6779,6382,8062,7631,10288,8159,9763,5951,6117,10012,12617,5633,9441,0,2,308,319,843,1248,934,1808,1261,2742,1435,2368,1054,924,2302,3206,1691,3784,98798,23729,3395,2485,17735,1,0,22,14
2021-03-15T23:59:59+01:00,0,3,3374,3549,6020,6697,6252,7969,7487,10168,8031,9636,5196,5281,9562,12065,5589,9371,0,2,307,318,839,1244,932,1801,1259,2729,1426,2359,1040,912,2157,3032,1599,3689,95262,23146,3386,2484,17580,1,0,22,14
2021-03-14T23:59:59+01:00,0,3,3250,3408,5741,6353,5979,7609,7171,9753,7745,9319,4864,4890,9401,11864,5585,9356,0,2,307,317,839,1244,931,1801,1256,2728,1424,2356,1037,909,2154,3029,1596,3688,92865,23122,3331,2481,16073,1,0,22,14
2021-03-13T23:59:59+01:00,0,3,2595,2754,4807,5486,4967,6682,5983,8639,6731,8370,4547,4507,9014,11339,5493,9248,0,2,307,316,838,1242,931,1795,1254,2726,1423,2356,1037,908,2130,2992,1565,3652,82198,22978,3331,2481,15614,1,0,22,14
2021-03-12T23:59:59+01:00,0,2,1773,1944,3470,4333,3459,5353,4234,6999,5089,6859,3871,3801,7757,9787,4978,8558,0,2,303,312,836,1238,925,1789,1247,2706,1399,2339,991,881,1773,2526,1291,3289,63335,21351,3328,2481,15582,1,0,22,14
2021-03-11T23:59:59+01:00,0,2,1277,1466,2563,3596,2558,4418,3141,5909,3730,5472,2693,2522,6047,7673,4202,7376,0,2,298,303,820,1230,912,1766,1229,2677,1374,2292,953,861,1614,2291,1164,3099,46016,20389,3325,2481,15282,1,0,22,14
2021-03-10T23:59:59+01:00,0,2,1056,1250,2196,3236,2184,4025,2691,5468,2817,4505,1555,1317,4683,5948,3635,6607,0,2,288,293,802,1209,890,1729,1195,2603,1335,2226,926,841,1432,2100,1067,2923,34948,19475,3324,2372,14882,0,0,21,14
2021-03-09T23:59:59+01:00,0,2,1040,1220,2133,3099,2120,3910,2607,5334,2734,4379,1521,1286,4605,5872,3593,6548,0,2,284,286,788,1188,873,1703,1169,2562,1317,2198,911,829,1354,1976,995,2807,34532,18900,3321,2328,14129,0,0,21,14
2021-03-08T23:59:59+01:00,0,2,1018,1191,2075,2999,2080,3829,2547,5222,2679,4306,1483,1265,4459,5711,3492,6405,0,2,284,282,783,1180,871,1694,1161,2554,1309,2182,886,808,1183,1750,868,2636,33838,18095,3321,2324,13583,0,0,21,14
2021-03-07T23:59:59+01:00,0,2,1013,1172,2035,2953,2038,3788,2507,5157,2638,4269,1478,1262,4452,5703,3489,6405,0,2,284,282,783,1179,871,1694,1161,2554,1308,2182,883,808,1174,1741,859,2625,33803,18094,3315,2282,13222,0,0,21,14
2021-03-06T23:59:59+01:00,0,2,1012,1169,2024,2939,2026,3769,2491,5130,2621,4247,1465,1252,4418,5657,3475,6393,0,2,284,282,783,1179,871,1693,1161,2554,1308,2182,883,808,1174,1741,859,2624,33659,18093,3314,2281,13096,0,0,21,14
2021-03-05T23:59:59+01:00,0,2,1008,1163,2009,2919,1996,3746,2448,5075,2568,4210,1429,1224,4148,5331,3323,6172,0,2,283,278,776,1171,865,1685,1158,2545,1304,2171,869,804,1166,1732,858,2622,32912,17996,2981,2280,12857,0,0,21,13
2021-03-04T23:59:59+01:00,0,2,915,1014,1920,2793,1930,3609,2371,4920,2478,4050,1398,1202,3905,5069,3056,5818,0,2,283,276,773,1166,862,1676,1157,2530,1299,2162,837,788,1152,1722,851,2609,31649,17876,2977,2256,11803,0,0,21,13
2021-03-03T23:59:59+01:00,0,2,868,905,1853,2695,1859,3505,2301,4806,2404,3966,1385,1187,3795,4962,2833,5543,0,2,281,273,772,1154,859,1657,1150,2488,1289,2136,820,784,1144,1701,843,2600,30968,17841,2857,2099,11023,0,0,21,13
2021-03-02T23:59:59+01:00,0,2,824,828,1757,2572,1775,3381,2209,4682,2344,3888,1350,1165,3665,4827,2623,5190,0,2,281,272,771,1148,855,1653,1144,2483,1284,2126,818,782,1129,1680,832,2581,30228,17730,2667,2098,10166,0,0,21,13
2021-03-01T23:59:59+01:00,0,2,801,792,1657,2429,1703,3236,2109,4509,2264,3767,1332,1153,3614,4762,2579,5130,0,2,281,270,767,1143,850,1641,1139,2471,1279,2115,811,779,1124,1668,824,2573,29973,17626,2583,2098,9262,0,0,21,13
2021-02-28T23:59:59+01:00,0,2,795,769,1639,2361,1675,3163,2086,4410,2249,3700,1326,1147,3604,4746,2564,5119,0,2,280,269,767,1142,850,1636,1139,2469,1279,2110,807,777,1116,1655,820,2563,29864,17603,2579,2065,8892,0,0,20,13
2021-02-27T23:59:59+01:00,0,2,780,752,1617,2300,1658,3052,2067,4284,2228,3605,1323,1144,3604,4744,2562,5118,0,2,280,269,767,1142,850,1636,1139,2469,1279,2109,807,777,1106,1649,803,2549,29858,17602,2578,2018,8384,0,0,20,13
2021-02-26T23:59:59+01:00,0,2,652,671,1513,2188,1606,2894,2004,4047,2127,3369,1231,1073,2948,3947,2127,4525,0,2,280,268,766,1140,849,1635,1139,2467,1277,2106,805,772,1088,1636,793,2532,27035,17526,2578,2016,7291,0,0,20,13
2021-02-25T23:59:59+01:00,0,2,504,594,1396,2083,1538,2766,1944,3920,2027,3255,1180,1038,2714,3675,1960,4281,0,2,263,253,742,1119,807,1566,1089,2366,1201,2014,749,751,1055,1598,781,2504,25955,17435,2550,1412,6352,0,0,20,13
2021-02-24T23:59:59+01:00,0,2,474,564,1326,1973,1468,2623,1874,3770,1951,3105,1142,1009,2574,3540,1881,4160,0,2,235,241,717,1073,780,1504,1059,2303,1146,1963,722,728,1008,1568,768,2473,25311,17244,2538,1033,5567,0,0,20,13
2021-02-23T23:59:59+01:00,0,2,419,524,1244,1831,1393,2477,1798,3560,1882,2984,1116,974,2367,3310,1753,3967,0,2,230,235,702,1047,768,1465,1037,2256,1120,1921,713,717,999,1554,765,2469,24372,17151,2529,836,4680,0,0,20,13
2021-02-22T23:59:59+01:00,0,2,406,490,1144,1722,1290,2380,1689,3453,1801,2912,1094,961,2223,3136,1661,3868,0,2,220,226,678,995,737,1403,1011,2162,1077,1839,669,684,929,1474,726,2410,23780,16959,2526,270,3906,0,0,20,13
2021-02-21T23:59:59+01:00,0,2,389,474,1042,1690,1140,2356,1533,3430,1696,2894,1086,959,2222,3135,1661,3868,0,2,193,220,647,987,725,1395,997,2157,1071,1837,666,681,926,1468,718,2402,23749,16825,2526,255,3282,0,0,20,12
2021-02-20T23:59:59+01:00,0,2,388,472,1041,1690,1139,2356,1532,3427,1696,2892,1086,958,2221,3135,1660,3867,0,2,192,218,644,987,722,1394,991,2154,1069,1837,666,681,926,1468,718,2401,23743,16803,2525,255,3274,0,0,20,12
2021-02-19T23:59:59+01:00,0,2,383,462,1029,1686,1129,2346,1517,3408,1663,2877,1035,929,1845,2627,1358,3474,0,2,169,208,618,983,705,1386,974,2152,1063,1835,663,680,925,1468,717,2398,21978,16679,2525,255,3247,0,0,20,12
2021-02-18T23:59:59+01:00,0,2,361,441,990,1602,1091,2260,1462,3291,1622,2785,1006,905,1668,2381,1224,3263,0,2,149,197,579,972,685,1373,940,2136,1037,1813,652,661,904,1440,703,2376,20978,16352,2525,255,2831,0,0,20,12
2021-02-17T23:59:59+01:00,0,2,338,389,907,1459,982,2063,1329,3036,1511,2565,968,875,1476,2167,1123,3082,0,2,143,190,567,941,660,1319,907,2057,990,1736,617,629,897,1413,697,2356,19896,15854,2525,255,1833,0,0,18,12
2021-02-16T23:59:59+01:00,0,2,332,349,864,1320,931,1877,1268,2816,1444,2404,957,858,1413,2070,1055,2979,0,2,137,177,553,900,645,1265,880,1992,960,1694,607,619,873,1379,683,2291,19518,15525,2524,120,879,0,0,18,12
2021-02-15T23:59:59+01:00,0,2,317,307,835,1289,914,1821,1228,2732,1405,2348,928,825,1234,1840,924,2801,0,2,129,169,532,874,627,1203,854,1919,937,1617,586,582,855,1342,674,2246,18600,15056,2523,80,611,0,0,16,12
2021-02-14T23:59:59+01:00,0,2,317,307,834,1289,913,1820,1227,2732,1405,2348,928,825,1234,1840,924,2800,0,2,128,169,531,866,623,1197,848,1913,933,1614,585,581,852,1341,672,2242,18598,15006,2523,79,608,0,0,16,12
2021-02-13T23:59:59+01:00,0,2,317,307,834,1289,913,1817,1227,2730,1405,2346,928,825,1234,1840,922,2800,0,2,128,169,531,866,623,1197,845,1910,931,1610,582,581,837,1319,660,2225,18591,15003,2521,1,608,0,0,16,12
2021-02-12T23:59:59+01:00,0,2,311,306,825,1284,909,1787,1221,2703,1377,2316,926,823,1233,1837,922,2800,0,2,128,169,529,864,622,1190,839,1898,925,1597,579,579,823,1308,654,2212,18583,14905,2521,1,462,0,0,16,12
2021-02-11T23:59:59+01:00,0,2,293,297,810,1249,903,1752,1204,2638,1354,2261,892,809,1221,1826,921,2790,0,2,125,155,511,825,600,1125,805,1798,903,1538,566,565,796,1272,639,2179,18470,14392,2520,0,216,0,0,16,12
2021-02-10T23:59:59+01:00,0,2,289,288,791,1210,890,1723,1192,2592,1339,2219,887,807,1206,1809,916,2771,0,2,121,145,444,739,554,1032,727,1672,845,1451,551,548,779,1249,626,2149,18442,13634,2415,0,59,0,0,15,0
2021-02-09T23:59:59+01:00,0,2,289,285,785,1194,878,1705,1176,2572,1324,2195,872,801,1192,1790,904,2751,0,2,105,126,386,649,500,897,646,1464,756,1258,496,468,659,1078,545,1881,18329,11916,2368,0,3,0,0,15,0
2021-02-08T23:59:59+01:00,0,2,289,284,783,1188,874,1698,1173,2568,1317,2187,866,798,1176,1766,886,2726,0,2,94,102,339,553,448,792,556,1253,648,1091,419,391,570,880,440,1548,18200,10126,2365,0,1,0,0,15,0
2021-02-07T23:59:59+01:00,0,2,288,283,782,1186,873,1698,1173,2567,1317,2184,860,796,1175,1763,884,2724,0,2,91,101,337,548,446,788,554,1243,644,1085,413,385,549,857,434,1533,18176,10010,2364,0,0,0,0,15,0
2021-02-06T23:59:59+01:00,0,2,288,282,781,1185,873,1697,1173,2567,1317,2183,859,796,1173,1757,882,2722,0,2,91,100,337,544,445,787,553,1239,642,1084,409,380,500,788,403,1487,18160,9791,2362,0,0,0,0,15,0
2021-02-05T23:59:59+01:00,0,2,288,281,781,1184,872,1696,1172,2566,1316,2178,852,790,1150,1746,875,2706,0,1,85,97,329,538,429,768,528,1203,613,1041,386,351,474,760,382,1440,18078,9425,2362,0,0,0,0,15,0
2021-02-04T23:59:59+01:00,0,2,285,273,777,1163,860,1674,1157,2538,1302,2154,829,776,1121,1715,868,2687,0,0,71,78,260,415,334,597,410,973,501,838,314,288,366,614,315,1217,17828,7591,2338,0,0,0,0,15,0
2021-02-03T23:59:59+01:00,0,2,284,268,774,1140,858,1647,1150,2487,1290,2123,810,762,1105,1693,856,2674,0,0,57,57,172,285,259,445,290,722,373,597,216,206,261,453,226,911,17730,5530,2178,0,0,0,0,15,0
2021-02-02T23:59:59+01:00,0,2,283,262,770,1131,852,1625,1142,2461,1278,2106,803,755,1097,1682,854,2666,0,0,37,35,94,145,150,258,177,452,241,377,142,136,179,276,159,588,17577,3446,2177,0,0,0,0,15,0
2021-02-01T23:59:59+01:00,0,2,281,258,765,1112,844,1606,1137,2432,1274,2071,793,742,1091,1671,849,2650,0,0,13,12,17,31,27,68,48,91,77,105,56,48,66,83,47,199,17386,988,2177,0,0,0,0,15,0
2021-01-31T23:59:59+01:00,0,2,275,256,749,1110,835,1595,1126,2421,1263,2063,787,736,1081,1653,842,2636,0,0,12,12,16,29,25,65,42,86,69,97,52,48,61,76,44,186,17349,920,2067,0,0,0,0,14,0
2021-01-30T23:59:59+01:00,0,2,275,256,749,1109,834,1595,1126,2421,1263,2063,786,736,1071,1646,825,2621,0,0,12,10,15,29,25,65,42,86,68,95,51,47,60,76,44,185,17344,910,2020,0,0,0,0,14,0
2021-01-29T23:59:59+01:00,0,2,273,256,749,1108,834,1595,1126,2421,1263,2062,785,735,1070,1644,825,2619,0,0,10,5,13,27,25,63,41,85,67,95,50,46,60,76,44,185,17335,892,2018,0,0,0,0,14,0
2021-01-28T23:59:59+01:00,0,2,269,252,737,1083,799,1539,1089,2360,1185,2002,744,721,1042,1624,809,2598,0,0,5,0,4,9,10,27,20,37,22,45,22,22,26,49,17,109,17152,424,1689,0,0,0,0,14,0
2021-01-27T23:59:59+01:00,0,2,263,245,714,1051,754,1483,1030,2279,1112,1922,709,694,1028,1601,806,2591,0,0,4,0,4,6,7,23,15,23,15,32,7,9,11,12,5,30,16705,203,1565,0,0,0,0,14,0
2021-01-26T23:59:59+01:00,0,2,239,236,699,1025,746,1435,1010,2205,1085,1857,697,680,1004,1585,796,2572,0,0,4,0,2,6,6,12,13,12,8,11,4,5,7,8,2,17,16655,117,1205,0,0,0,0,13,0
2021-01-25T23:59:59+01:00,0,2,208,221,646,953,694,1313,967,2060,1027,1721,650,624,926,1488,749,2496,0,0,4,0,2,6,6,12,13,12,8,11,4,5,7,8,2,17,16428,117,304,0,0,0,0,13,0
2021-01-24T23:59:59+01:00,0,2,191,215,620,941,676,1298,949,2043,1011,1711,643,618,915,1469,740,2483,0,0,3,0,2,5,6,12,12,12,7,11,4,5,7,8,2,17,16252,113,260,0,0,0,0,13,0
2021-01-23T23:59:59+01:00,0,2,191,215,620,941,676,1298,949,2043,1011,1711,643,618,915,1469,740,2483,0,0,3,0,2,4,6,12,10,12,7,11,4,5,7,8,2,17,16252,110,260,0,0,0,0,13,0
2021-01-22T23:59:59+01:00,0,2,144,197,562,931,658,1283,915,2033,999,1700,638,617,914,1469,740,2483,0,0,3,0,1,4,6,11,10,12,6,11,4,5,7,8,2,17,16012,107,260,0,0,0,0,13,0
2021-01-21T23:59:59+01:00,0,2,139,189,547,910,638,1242,882,1979,978,1653,626,596,902,1437,733,2464,0,0,3,0,0,4,5,11,9,12,6,11,4,5,7,8,2,16,15644,103,260,0,0,0,0,13,0
2021-01-20T23:59:59+01:00,0,2,133,172,500,845,615,1164,819,1869,941,1581,606,578,885,1414,723,2434,0,0,3,0,0,4,5,11,9,12,6,11,3,5,7,8,2,16,15010,102,258,0,0,0,0,13,0
2021-01-19T23:59:59+01:00,0,2,123,154,429,759,552,1035,735,1680,841,1422,559,528,784,1251,640,2169,0,0,3,0,0,4,5,8,9,12,6,11,3,5,7,8,2,16,13459,99,191,0,0,0,0,13,0
2021-01-18T23:59:59+01:00,0,2,105,120,360,608,461,863,604,1419,715,1213,489,462,695,1088,561,1878,0,0,1,0,0,1,1,0,0,0,0,1,0,0,0,1,0,0,11548,5,82,0,0,0,0,13,0
2021-01-17T23:59:59+01:00,0,2,100,118,356,603,460,857,602,1401,708,1203,483,452,668,1057,541,1831,0,0,1,0,0,1,0,0,0,0,0,1,0,0,0,1,0,0,11348,4,81,0,0,0,0,13,0
2021-01-16T23:59:59+01:00,0,2,100,115,354,594,457,852,590,1388,697,1191,468,438,571,931,479,1732,0,0,0,0,0,1,0,0,0,0,0,0,0,0,0,0,0,0,10943,1,3,0,0,0,0,13,0
2021-01-15T23:59:59+01:00,0,2,98,113,349,592,451,847,584,1380,680,1175,452,420,562,919,468,1708,0,0,0,0,0,0,0,0,0,0,0,0,0,0,0,0,0,0,10786,0,1,0,0,0,0,13,0
2021-01-14T23:59:59+01:00,0,0,80,90,294,490,372,682,466,1126,561,995,371,338,442,753,384,1452,0,0,0,0,0,0,0,0,0,0,0,0,0,0,0,0,0,0,8883,0,0,0,0,0,0,13,0
2021-01-13T23:59:59+01:00,0,0,66,67,209,373,296,511,353,844,431,713,261,239,326,566,295,1114,0,0,0,0,0,0,0,0,0,0,0,0,0,0,0,0,0,0,6652,0,0,0,0,0,0,12,0
2021-01-12T23:59:59+01:00,0,0,44,45,130,221,183,317,213,537,288,445,168,155,213,372,203,749,0,0,0,0,0,0,0,0,0,0,0,0,0,0,0,0,0,0,4283,0,0,0,0,0,0,0,0
2021-01-11T23:59:59+01:00,0,0,14,14,45,62,42,97,61,123,100,132,70,61,94,115,58,256,0,0,0,0,0,0,0,0,0,0,0,0,0,0,0,0,0,0,1344,0,0,0,0,0,0,0,0
2021-01-10T23:59:59+01:00,0,0,13,14,32,50,35,79,52,114,85,122,63,57,86,105,55,241,0,0,0,0,0,0,0,0,0,0,0,0,0,0,0,0,0,0,1203,0,0,0,0,0,0,0,0
2021-01-09T23:59:59+01:00,0,0,13,13,28,49,35,78,51,113,83,119,62,56,85,104,53,240,0,0,0,0,0,0,0,0,0,0,0,0,0,0,0,0,0,0,1182,0,0,0,0,0,0,0,0
2021-01-08T23:59:59+01:00,0,0,9,5,28,43,33,75,49,110,82,118,59,52,79,99,49,240,0,0,0,0,0,0,0,0,0,0,0,0,0,0,0,0,0,0,1130,0,0,0,0,0,0,0,0
2021-01-07T23:59:59+01:00,0,0,6,1,10,22,16,41,28,77,36,77,33,27,52,82,33,183,0,0,0,0,0,0,0,0,0,0,0,0,0,0,0,0,0,0,724,0,0,0,0,0,0,0,0
2021-01-06T23:59:59+01:00,0,0,6,0,5,11,11,33,25,43,22,48,27,24,38,56,23,131,0,0,0,0,0,0,0,0,0,0,0,0,0,0,0,0,0,0,503,0,0,0,0,0,0,0,0
2021-01-05T23:59:59+01:00,0,0,5,0,5,10,11,33,25,43,22,48,27,24,38,55,23,131,0,0,0,0,0,0,0,0,0,0,0,0,0,0,0,0,0,0,500,0,0,0,0,0,0,0,0
2021-01-04T23:59:59+01:00,0,0,4,0,2,5,5,13,14,12,7,12,4,5,7,9,2,18,0,0,0,0,0,0,0,0,0,0,0,0,0,0,0,0,0,0,119,0,0,0,0,0,0,0,0
2021-01-03T23:59:59+01:00,0,0,3,0,2,5,5,12,13,12,7,12,4,5,7,9,2,17,0,0,0,0,0,0,0,0,0,0,0,0,0,0,0,0,0,0,115,0,0,0,0,0,0,0,0
2021-01-02T23:59:59+01:00,0,0,3,0,2,5,5,12,11,12,7,12,4,5,7,9,2,17,0,0,0,0,0,0,0,0,0,0,0,0,0,0,0,0,0,0,113,0,0,0,0,0,0,0,0
2021-01-01T23:59:59+01:00,0,0,3,0,1,4,5,11,11,12,6,12,4,5,7,8,2,17,0,0,0,0,0,0,0,0,0,0,0,0,0,0,0,0,0,0,108,0,0,0,0,0,0,0,0
2020-12-31T23:59:59+01:00,0,0,3,0,0,4,5,11,9,12,6,12,4,5,7,8,2,17,0,0,0,0,0,0,0,0,0,0,0,0,0,0,0,0,0,0,105,0,0,0,0,0,0,0,0
2020-12-30T23:59:59+01:00,0,0,3,0,0,4,5,11,9,12,6,12,3,5,7,8,2,17,0,0,0,0,0,0,0,0,0,0,0,0,0,0,0,0,0,0,104,0,0,0,0,0,0,0,0
2020-12-29T23:59:59+01:00,0,0,3,0,0,3,5,8,9,12,6,12,3,5,7,8,2,17,0,0,0,0,0,0,0,0,0,0,0,0,0,0,0,0,0,0,100,0,0,0,0,0,0,0,0
2020-12-28T23:59:59+01:00,0,0,3,0,0,3,5,8,9,12,5,12,3,5,7,8,2,17,0,0,0,0,0,0,0,0,0,0,0,0,0,0,0,0,0,0,99,0,0,0,0,0,0,0,0
2020-12-27T23:59:59+01:00,0,0,1,0,0,0,0,0,0,0,0,1,0,0,2,4,0,8,0,0,0,0,0,0,0,0,0,0,0,0,0,0,0,0,0,0,16,0,0,0,0,0,0,0,0
