Datum,<15_m,<15_w,15-24_1_m,15-24_1_w,25-34_1_m,25-34_1_w,35-44_1_m,35-44_1_w,45-54_1_m,45-54_1_w,55-64_1_m,55-64_1_w,65-74_1_m,65-74_1_w,75-84_1_m,75-84_1_w,>84_1_m,>84_1_w,<24_2_m,<24_2_w,25-34_2_m,25-34_2_w,35-44_2_m,35-44_2_w,45-54_2_m,45-54_2_w,55-64_2_m,55-64_2_w,65-74_2_m,65-74_2_w,75-84_2_m,75-84_2_w,>84_2_m,>84_2_w,bp_1,bp_2,mo_1,mo_2,az_1,az_2,ja,unb_1,unb_2
2021-08-18T23:59:59+02:00,2284,2029,22154,21201,31850,29264,32540,32507,38258,38716,42038,42323,27725,30958,19718,24755,5987,10131,18762,18015,28919,26299,30364,30004,36020,36155,39807,40058,26574,29626,18953,23635,5730,9629,315336,290690,44573,42878,77486,70781,16981,62,26
2021-08-17T23:59:59+02:00,2267,2013,22127,21174,31833,29240,32515,32483,38246,38705,42016,42305,27720,30946,19713,24751,5987,10131,18719,17963,28886,26258,30322,29977,35997,36125,39783,40037,26558,29616,18950,23621,5728,9625,315107,290323,44573,42875,77486,70780,16944,62,26
2021-08-16T23:59:59+02:00,2247,2003,22079,21140,31805,29204,32501,32466,38227,38691,41991,42290,27712,30941,19711,24742,5987,10131,18656,17922,28852,26228,30295,29949,35969,36095,39762,40019,26547,29609,18947,23611,5724,9625,314854,290001,44573,42875,77486,70780,16893,62,26
2021-08-15T23:59:59+02:00,2244,2000,22073,21127,31802,29200,32497,32462,38219,38684,41982,42288,27711,30941,19709,24740,5987,10131,18636,17904,28832,26193,30275,29924,35958,36083,39750,40011,26544,29606,18946,23608,5723,9625,314784,289800,44573,42875,77486,70778,16892,62,26
2021-08-14T23:59:59+02:00,2238,1997,22047,21112,31790,29184,32493,32456,38211,38679,41976,42285,27710,30940,19708,24739,5987,10130,18524,17813,28771,26128,30240,29877,35934,36052,39729,39998,26536,29601,18943,23607,5722,9622,314695,289267,44570,42856,77486,70774,16869,62,26
2021-08-13T23:59:59+02:00,2225,1990,22027,21093,31786,29177,32484,32444,38206,38674,41975,42283,27710,30940,19706,24739,5987,10130,18394,17695,28724,26092,30201,29843,35915,36025,39712,39983,26524,29594,18940,23602,5721,9618,314610,288723,44567,42848,77486,70773,16851,62,26
2021-08-12T23:59:59+02:00,2189,1954,21944,21003,31717,29105,32432,32397,38159,38633,41939,42250,27694,30921,19699,24729,5986,10130,18090,17388,28473,25872,30059,29721,35823,35936,39638,39917,26490,29549,18920,23580,5719,9615,314062,287013,44556,42796,77483,70729,16718,62,26
2021-08-11T23:59:59+02:00,2187,1949,21926,20986,31700,29083,32417,32381,38151,38624,41928,42234,27686,30918,19695,24724,5985,10126,18034,17331,28436,25827,30010,29684,35802,35899,39603,39885,26479,29523,18913,23570,5719,9613,313883,286536,44556,42795,77483,70726,16716,62,26
2021-08-10T23:59:59+02:00,2179,1928,21901,20951,31670,29064,32403,32363,38127,38598,41911,42229,27681,30911,19694,24721,5984,10122,17609,16985,28294,25689,29917,29601,35639,35779,39556,39847,26458,29500,18908,23558,5715,9612,313657,285116,44553,42776,77481,70476,16684,62,26
2021-08-09T23:59:59+02:00,2155,1914,21849,20902,31616,29022,32371,32336,38102,38577,41898,42205,27670,30903,19693,24712,5983,10120,17145,16540,28162,25587,29864,29549,35594,35734,39525,39812,26449,29486,18903,23552,5715,9610,313296,283663,44549,42761,77480,70465,16641,62,26
2021-08-08T23:59:59+02:00,2140,1898,21797,20862,31575,28989,32344,32315,38080,38571,41878,42185,27663,30899,19689,24708,5983,10117,16804,16199,28051,25505,29810,29479,35548,35696,39505,39787,26438,29473,18894,23543,5713,9605,313014,282441,44548,42740,77480,70458,16589,62,26
2021-08-07T23:59:59+02:00,2095,1855,21665,20779,31493,28922,32270,32254,38024,38520,41845,42158,27655,30873,19684,24699,5981,10115,16298,15748,27751,25226,29582,29296,35370,35541,39366,39677,26384,29412,18875,23514,5710,9601,312390,279825,44516,42620,77474,70369,16445,62,26
2021-08-06T23:59:59+02:00,2085,1845,21616,20743,31453,28890,32237,32235,37998,38500,41836,42142,27649,30864,19680,24699,5981,10115,15277,14773,26612,24334,29290,29064,35123,35343,39056,39439,26340,29368,18865,23504,5709,9598,312167,274853,44513,42599,77474,69575,16352,62,26
2021-08-05T23:59:59+02:00,2048,1816,21509,20657,31396,28813,32182,32179,37943,38451,41791,42105,27632,30845,19671,24686,5979,10112,14392,14028,25596,23560,28578,28554,34598,34912,38741,39194,26272,29289,18833,23470,5706,9588,311627,270000,44490,42546,77472,68080,16164,62,26
2021-08-04T23:59:59+02:00,2029,1797,21439,20604,31354,28742,32152,32138,37911,38428,41759,42079,27620,30830,19666,24673,5977,10109,14026,13692,25201,23257,28366,28336,34459,34787,38648,39101,26234,29245,18812,23447,5702,9583,311188,267594,44484,42520,77472,68038,16101,62,26
2021-08-03T23:59:59+02:00,2020,1781,21413,20578,31337,28728,32139,32129,37902,38415,41744,42067,27613,30824,19662,24666,5976,10107,13942,13606,25123,23182,28299,28280,34415,34744,38602,39068,26219,29224,18803,23439,5700,9577,310990,266919,44481,42519,77471,68012,16097,62,26
2021-08-02T23:59:59+02:00,2010,1760,21368,20542,31294,28708,32113,32098,37877,38400,41731,42052,27604,30812,19662,24659,5975,10103,13738,13397,24420,22633,28022,28060,34265,34632,38522,39007,26192,29192,18795,23434,5700,9575,310711,264509,44478,42505,77471,67788,16046,62,26
2021-08-01T23:59:59+02:00,1993,1744,21317,20495,31243,28671,32089,32081,37858,38381,41709,42035,27598,30806,19659,24650,5975,10102,13569,13238,24119,22379,27783,27844,34173,34523,38453,38935,26176,29173,18789,23428,5700,9573,310422,262814,44472,42493,77470,67765,15980,62,26
2021-07-31T23:59:59+02:00,1968,1714,21234,20422,31178,28635,32034,32043,37822,38353,41686,42014,27594,30798,19654,24646,5975,10102,12631,12214,23600,21939,27439,27490,33865,34226,38023,38594,26106,29088,18763,23384,5695,9567,310013,257796,44461,42458,77468,67197,15868,62,26
2021-07-30T23:59:59+02:00,1943,1695,21213,20400,31148,28616,32019,32027,37816,38346,41678,42006,27589,30795,19653,24646,5974,10102,12544,12138,23271,21651,27156,27278,33650,34066,37862,38462,26082,29071,18761,23376,5695,9565,309834,256370,44460,42450,77468,66646,15842,62,26
2021-07-29T23:59:59+02:00,1874,1626,20980,20167,31009,28471,31918,31919,37724,38257,41589,41946,27561,30771,19640,24628,5968,10094,11918,11608,22144,20813,26119,26440,32672,33376,37480,38173,26000,28970,18732,23329,5690,9558,308642,250776,44433,42365,77460,64891,15545,62,26
2021-07-28T23:59:59+02:00,1854,1611,20940,20118,30990,28444,31903,31898,37704,38237,41568,41926,27550,30759,19635,24618,5968,10092,11641,11308,21733,20432,25688,26010,32509,33225,37369,38082,25963,28919,18714,23306,5689,9553,308335,247867,44432,42363,77448,64831,15539,61,26
2021-07-27T23:59:59+02:00,1844,1605,20899,20077,30966,28412,31870,31883,37683,38205,41544,41912,27543,30752,19634,24613,5968,10089,11392,11096,21535,20243,25548,25891,32400,33123,37287,38000,25938,28882,18706,23297,5686,9549,308100,246398,44432,42358,77447,64756,15459,61,26
2021-07-26T23:59:59+02:00,1818,1571,20775,19962,30862,28314,31813,31821,37632,38139,41501,41882,27519,30734,19624,24600,5962,10086,11104,10773,21031,19803,25303,25685,32239,32973,37156,37914,25904,28847,18693,23275,5685,9541,307364,244119,44403,42247,77442,64551,15345,61,26
2021-07-25T23:59:59+02:00,1811,1562,20753,19951,30853,28305,31803,31807,37626,38133,41491,41873,27515,30732,19623,24598,5962,10085,11000,10667,20881,19695,25069,25492,32001,32766,37013,37782,25886,28833,18687,23268,5684,9538,307256,242862,44393,42232,77434,64141,15339,61,26
2021-07-24T23:59:59+02:00,1791,1547,20673,19878,30811,28267,31768,31771,37600,38105,41468,41861,27508,30727,19620,24596,5962,10085,10937,10612,20805,19633,24997,25431,31948,32735,36984,37762,25880,28829,18685,23266,5684,9538,306915,242493,44382,42209,77430,64075,15250,61,26
2021-07-23T23:59:59+02:00,1736,1512,20483,19737,30649,28156,31680,31701,37533,38053,41428,41819,27497,30711,19615,24590,5961,10080,10681,10409,20442,19328,24192,24787,31466,32406,36421,37306,25837,28787,18669,23249,5683,9536,306096,239629,44373,42165,77413,62686,14998,61,25
2021-07-22T23:59:59+02:00,1673,1456,20174,19469,30410,27976,31549,31588,37405,37948,41330,41738,27471,30688,19604,24566,5957,10079,10222,10034,19699,18819,23237,24120,30760,31819,35391,36546,25726,28691,18636,23217,5681,9532,304634,236032,44339,41501,77409,60174,14638,61,25
2021-07-21T23:59:59+02:00,1658,1448,20138,19421,30382,27947,31526,31565,37385,37923,41309,41715,27462,30680,19599,24560,5952,10075,9912,9699,19241,18369,22369,23357,30426,31486,35160,36349,25643,28594,18605,23165,5673,9522,304313,233299,44333,39817,77407,60002,14631,61,22
2021-07-20T23:59:59+02:00,1652,1443,20105,19394,30355,27924,31502,31546,37369,37907,41297,41703,27447,30665,19599,24553,5952,10072,9646,9420,18910,18100,22101,23072,30251,31332,34996,36204,25597,28549,18590,23131,5672,9518,304068,230915,44331,39808,77406,59903,14619,61,22
2021-07-19T23:59:59+02:00,1641,1435,19992,19306,30275,27852,31444,31493,37350,37888,41282,41685,27442,30654,19593,24546,5951,10069,9446,9223,18597,17824,21638,22654,29997,31100,34876,36103,25563,28511,18572,23115,5672,9515,303496,229285,44325,38866,77405,59789,14611,61,22
2021-07-18T23:59:59+02:00,1630,1430,19925,19241,30149,27752,31381,31430,37288,37837,41241,41634,27422,30624,19584,24531,5947,10066,9337,9108,18432,17675,21449,22464,29829,30902,34763,36003,25533,28488,18561,23098,5672,9509,302721,228038,44325,38566,77403,59748,14602,61,22
2021-07-17T23:59:59+02:00,1629,1426,19918,19239,30149,27749,31381,31426,37283,37835,41237,41632,27421,30623,19583,24531,5947,10066,9316,9093,18399,17653,21431,22451,29819,30895,34744,35999,25530,28486,18561,23097,5672,9509,302688,227884,44325,38563,77403,59737,14598,61,22
2021-07-16T23:59:59+02:00,1576,1381,19643,18991,30024,27653,31298,31353,37226,37772,41197,41600,27402,30606,19576,24521,5945,10060,9202,8980,18029,17354,21128,22181,29430,30540,34613,35896,25507,28463,18554,23084,5670,9507,301690,226640,44303,37849,77401,59405,14369,61,21
2021-07-15T23:59:59+02:00,1518,1338,19382,18743,29844,27506,31190,31254,37144,37690,41130,41533,27359,30576,19560,24507,5941,10057,8840,8676,17112,16524,19582,20958,28513,29617,33993,35317,25341,28283,18499,23035,5664,9495,300419,220541,44261,36395,77393,58480,14138,61,21
2021-07-14T23:59:59+02:00,1505,1326,19353,18707,29821,27480,31167,31223,37133,37677,41111,41527,27351,30569,19551,24500,5940,10054,8553,8379,16560,15924,19090,20440,27951,29118,33601,34942,25229,28154,18460,22969,5659,9484,300149,216379,44259,36037,77390,58053,14136,61,21
2021-07-13T23:59:59+02:00,1493,1316,19317,18682,29804,27456,31145,31208,37118,37650,41087,41499,27342,30555,19549,24495,5939,10048,8250,8118,16162,15569,18816,20162,27688,28869,33330,34686,25131,28034,18427,22928,5657,9479,299867,213683,44258,36002,77389,57561,14128,61,21
2021-07-12T23:59:59+02:00,1478,1306,19272,18665,29771,27427,31128,31187,37106,37633,41070,41484,27339,30551,19547,24489,5938,10048,7990,7902,15882,15293,18117,19616,27375,28549,32917,34324,24964,27842,18368,22853,5651,9474,299613,212404,44257,34072,77389,56584,14119,61,21
2021-07-11T23:59:59+02:00,1468,1298,19240,18635,29741,27396,31112,31158,37098,37611,41056,41472,27330,30542,19545,24489,5937,10047,7946,7855,15817,15222,18029,19562,27291,28487,32805,34262,24910,27797,18348,22831,5651,9471,299361,211830,44255,34061,77387,56341,14111,61,21
2021-07-10T23:59:59+02:00,1339,1182,18736,18217,29299,27103,30830,30928,36854,37452,40856,41322,27258,30482,19519,24457,5934,10044,7816,7786,15535,15088,17812,19413,27051,28347,32641,34145,24845,27751,18332,22818,5650,9471,297166,211411,44122,33943,77358,56100,13105,61,21
2021-07-09T23:59:59+02:00,1328,1176,18708,18187,29279,27086,30818,30915,36844,37440,40845,41314,27254,30478,19517,24453,5934,10043,7774,7739,15465,15022,17749,19320,26831,28117,32392,33932,24782,27688,18310,22792,5650,9468,297024,211132,44103,33940,77357,54938,13074,61,21
2021-07-08T23:59:59+02:00,1252,1095,18442,17974,29132,26936,30681,30798,36742,37338,40747,41237,27220,30443,19498,24435,5929,10039,7607,7605,15169,14775,17319,18960,26139,27518,32122,33666,24614,27531,18252,22730,5647,9462,295763,210001,44049,32523,77349,53920,12716,61,21
2021-07-07T23:59:59+02:00,1153,1003,18132,17650,28935,26753,30553,30675,36629,37218,40641,41152,27186,30395,19484,24418,5926,10036,7411,7394,14728,14407,16854,18518,25385,26909,31714,33287,24351,27207,18157,22636,5638,9453,294194,207084,44000,31688,77338,52964,12346,61,21
2021-07-06T23:59:59+02:00,1130,987,18055,17584,28890,26703,30502,30629,36593,37183,40606,41120,27169,30370,19473,24405,5924,10033,7195,7162,14385,14051,16505,18169,24636,26263,31415,33023,24161,26993,18109,22565,5631,9446,293618,205031,43997,30283,77337,52072,12343,61,21
2021-07-05T23:59:59+02:00,1087,959,17982,17520,28847,26647,30463,30595,36569,37138,40578,41094,27163,30356,19467,24399,5924,10028,6966,6972,14082,13780,16153,17804,24087,25756,30848,32457,23882,26694,18001,22425,5623,9436,293134,203537,43995,28193,77333,50940,12293,61,21
2021-07-04T23:59:59+02:00,1065,943,17911,17471,28808,26626,30442,30566,36559,37128,40563,41082,27157,30345,19462,24396,5924,10027,6940,6955,14028,13734,16079,17746,24003,25700,30695,32366,23790,26605,17969,22384,5621,9432,292818,203147,43994,28184,77322,50433,12280,61,21
2021-07-03T23:59:59+02:00,649,571,16184,15753,27638,25703,29643,29850,35919,36518,40065,40652,27000,30177,19395,24310,5915,10010,6555,6714,13514,13431,15677,17444,23642,25423,30391,32172,23694,26510,17936,22346,5617,9428,285314,202856,43955,28108,77239,50144,9383,61,21
2021-07-02T23:59:59+02:00,610,533,16053,15608,27477,25557,29563,29790,35888,36491,40046,40639,26994,30167,19392,24307,5915,10010,6507,6643,13440,13330,15589,17313,23499,25241,30237,32007,23501,26299,17847,22268,5615,9425,284410,202173,43955,27949,77237,49259,9377,61,21
2021-07-01T23:59:59+02:00,552,487,15875,15454,27259,25403,29486,29712,35833,36440,39980,40594,26974,30150,19381,24295,5913,10006,6368,6514,13100,13059,15062,16876,22236,24257,29476,31327,23223,26012,17729,22134,5608,9410,283223,198648,43950,26284,77225,48120,9335,61,21
2021-06-30T23:59:59+02:00,522,467,15771,15348,27149,25317,29419,29641,35777,36389,39937,40558,26959,30119,19370,24278,5909,10006,6175,6336,12669,12676,14493,16328,21614,23664,28886,30799,22804,25548,17599,21950,5601,9398,282401,194407,43947,26260,77219,46558,9308,61,21
2021-06-29T23:59:59+02:00,465,417,15009,14680,26887,25095,29325,29542,35698,36308,39869,40511,26939,30096,19362,24265,5909,10004,6063,6209,12409,12413,14098,15932,20825,23044,28303,30249,22357,25025,17447,21775,5593,9388,279899,191258,43946,25752,77211,44847,9264,61,21
2021-06-28T23:59:59+02:00,429,386,14381,14041,26730,24991,29251,29476,35640,36243,39825,40477,26921,30076,19354,24254,5909,10000,5996,6114,12230,12274,13910,15755,20205,22497,27904,29879,22021,24668,17318,21612,5588,9384,277964,189576,43942,25098,77207,43461,9210,61,21
2021-06-27T23:59:59+02:00,352,319,14035,13663,26666,24932,29211,29441,35618,36221,39808,40464,26910,30069,19351,24250,5908,9999,5960,6071,12116,12160,13765,15626,19655,22023,27296,29382,21744,24332,17198,21489,5584,9383,276843,188744,43940,23581,77196,42272,9177,61,21
2021-06-26T23:59:59+02:00,351,319,14024,13652,26650,24921,29205,29435,35612,36220,39805,40463,26909,30068,19351,24250,5908,9999,5955,6068,12104,12157,13759,15622,19642,22012,27251,29347,21599,24202,17158,21433,5583,9381,276771,188718,43938,23577,77196,41792,9176,61,21
2021-06-25T23:59:59+02:00,227,206,12763,12433,25186,23777,28904,29201,35506,36138,39739,40401,26885,30041,19341,24239,5905,9997,5912,6021,12008,12078,13617,15500,19332,21774,26867,28988,21276,23809,16984,21236,5580,9372,270543,187495,43934,23294,77178,40382,9173,61,21
2021-06-24T23:59:59+02:00,162,152,11792,11604,24073,22898,28539,28852,35359,35972,39627,40297,26850,29991,19330,24215,5903,9993,5695,5790,11549,11662,13039,14909,17803,20379,25224,27395,20507,22956,16669,20830,5570,9362,265318,182523,43917,19677,77174,37988,9140,60,21
2021-06-23T23:59:59+02:00,126,126,11432,11281,23576,22529,28293,28611,35182,35846,39538,40209,26820,29964,19322,24178,5901,9982,5621,5677,11337,11447,12739,14558,17412,19969,24476,26629,19715,22208,16477,20578,5562,9346,262715,180171,43911,19064,77169,35444,9061,60,21
2021-06-22T23:59:59+02:00,105,113,11249,11069,23418,22387,28213,28539,35106,35784,39492,40164,26805,29940,19314,24170,5901,9981,5512,5556,11071,11189,12372,14188,16810,19373,23746,25863,19336,21784,16314,20399,5555,9330,261570,177143,43908,18200,77167,33996,9045,60,21
2021-06-21T23:59:59+02:00,92,101,10997,10884,22586,21715,27962,28313,35040,35722,39428,40123,26789,29922,19308,24161,5901,9980,5393,5452,10856,10969,12066,13867,16419,19028,23300,25396,19046,21470,16210,20280,5549,9328,258979,175687,43902,17185,77162,32821,8921,60,21
2021-06-20T23:59:59+02:00,86,100,10933,10793,22338,21499,27705,28115,34960,35644,39383,40079,26780,29908,19306,24157,5899,9977,5352,5397,10770,10868,11971,13765,16222,18844,23030,25158,18945,21364,16157,20222,5543,9324,257698,175377,43900,16124,77160,32571,8844,60,21
2021-06-19T23:59:59+02:00,85,96,10909,10769,22305,21475,27687,28102,34948,35640,39373,40075,26779,29907,19306,24155,5899,9977,5321,5365,10689,10778,11879,13644,16074,18692,22723,24797,18859,21277,16145,20209,5542,9324,257544,175273,43879,14627,77160,32558,8844,60,21
2021-06-18T23:59:59+02:00,82,94,10862,10718,21987,21153,27423,27887,34895,35603,39342,40053,26771,29898,19305,24152,5899,9975,5306,5356,10659,10748,11839,13596,16013,18629,22638,24701,18693,21096,16100,20143,5541,9319,256158,174878,43878,14626,77159,32013,8844,60,21
2021-06-17T23:59:59+02:00,73,86,10283,10289,20714,20195,26564,27156,34527,35279,39089,39865,26707,29816,19285,24116,5892,9970,5108,5217,10284,10495,11396,13197,15333,18019,21273,23392,18239,20611,15937,19972,5537,9304,250397,169596,43860,14053,77148,31208,8441,60,21
2021-06-16T23:59:59+02:00,65,74,9946,9976,20035,19565,25926,26554,34279,35079,38929,39717,26665,29763,19262,24093,5891,9966,4965,5071,9897,10160,10937,12746,14630,17329,20425,22465,17837,20166,15769,19760,5527,9292,246566,165825,43848,12781,77135,30178,8176,60,21
2021-06-15T23:59:59+02:00,50,68,9701,9735,19739,19316,25704,26356,34149,34973,38833,39637,26636,29727,19255,24078,5886,9962,4859,4961,9658,9942,10706,12488,14209,16903,19828,21890,17519,19781,15549,19532,5518,9281,244800,163762,43836,11693,77129,29174,7980,60,20
2021-06-14T23:59:59+02:00,46,63,9568,9610,19440,19056,25529,26213,34028,34894,38772,39598,26619,29707,19249,24067,5886,9959,4778,4898,9468,9803,10533,12352,13948,16687,19512,21597,17355,19625,15448,19399,5517,9277,243605,162309,43834,11691,77125,28501,7681,59,20
2021-06-13T23:59:59+02:00,44,59,9408,9480,19151,18871,25178,25959,33827,34727,38666,39531,26604,29695,19239,24060,5886,9956,4696,4832,9259,9637,10369,12181,13624,16351,19164,21266,17228,19477,15401,19334,5515,9275,241962,161463,43834,11691,77122,27075,7364,59,20
2021-06-12T23:59:59+02:00,44,59,9399,9466,19138,18858,25178,25954,33827,34724,38663,39530,26604,29695,19239,24060,5886,9956,4693,4818,9249,9576,10337,12079,13575,16197,19109,21130,17119,19352,15285,19232,5513,9273,241916,161435,43834,11689,77118,26044,7353,59,20
2021-06-11T23:59:59+02:00,39,55,9242,9284,18905,18645,24378,25281,33647,34571,38530,39418,26571,29662,19229,24037,5886,9951,4616,4703,9032,9321,10078,11786,13054,15649,18137,20239,16933,19155,15245,19188,5510,9270,239001,157431,43833,11688,77115,25458,7323,59,20
2021-06-10T23:59:59+02:00,37,51,8848,8950,18253,18155,23527,24603,33327,34291,38328,39253,26515,29608,19206,24009,5883,9944,4441,4526,8454,8830,9275,11067,11908,14549,16156,18333,16045,18197,14960,18821,5501,9248,235382,147792,43173,11655,77089,23763,7086,58,19
2021-06-09T23:59:59+02:00,20,33,8399,8446,17419,17428,22375,23559,32838,33825,38042,39035,26406,29504,19160,23953,5873,9931,4305,4411,8167,8564,9032,10813,11577,14182,15671,17787,15674,17768,14719,18536,5494,9238,231393,145969,41282,11613,77054,21853,6488,29,19
2021-06-08T23:59:59+02:00,11,21,8081,8129,16948,17011,21957,23194,32593,33632,37880,38905,26362,29464,19150,23930,5870,9926,4185,4329,7913,8310,8727,10468,11219,13835,15030,17084,15219,17245,14458,18259,5489,9220,228666,144267,41250,10493,77045,20141,6074,29,19
2021-06-07T23:59:59+02:00,8,17,7884,7897,16590,16687,21413,22739,32312,33361,37763,38789,26336,29416,19133,23904,5865,9925,4109,4249,7732,8169,8567,10326,11049,13663,14720,16758,15023,16992,14285,18068,5485,9215,227046,143189,40275,10401,77034,19149,5656,28,19
2021-06-06T23:59:59+02:00,6,14,7776,7788,16456,16542,21218,22531,32085,33137,37628,38683,26309,29391,19120,23888,5865,9919,4080,4214,7686,8051,8515,10198,10944,13517,14524,16541,14841,16814,14196,17948,5478,9209,225814,142709,39976,10391,77016,18119,5522,28,19
2021-06-05T23:59:59+02:00,6,14,7754,7774,16427,16515,21211,22528,32075,33131,37626,38682,26308,29391,19119,23887,5865,9919,4071,4175,7671,7986,8501,10065,10930,13346,14506,16436,14804,16759,14187,17938,5478,9208,225705,142628,39976,10391,77015,17519,5508,28,19
2021-06-04T23:59:59+02:00,6,12,7640,7672,16148,16278,20934,22282,31651,32758,37513,38561,26275,29352,19107,23874,5863,9917,4064,4166,7645,7963,8475,10035,10863,13273,14401,16306,14723,16666,14150,17894,5478,9206,224111,142295,39200,10062,76996,17428,5508,28,19
2021-06-03T23:59:59+02:00,4,12,7385,7444,15271,15494,19300,20890,30740,31828,37010,38102,26144,29219,19063,23823,5857,9899,4003,4128,7557,7892,8353,9937,10694,13092,13833,15737,14461,16352,14065,17787,5475,9193,217490,140081,37622,9950,76986,17154,5359,28,19
2021-06-02T23:59:59+02:00,4,12,7250,7300,14885,15065,18868,20488,30271,31373,36784,37838,26080,29155,19043,23794,5854,9897,3973,4098,7492,7805,8265,9845,10554,12961,13387,15306,14337,16169,14038,17750,5472,9188,214402,138292,37191,9856,76985,17122,5355,28,19
2021-06-01T23:59:59+02:00,4,9,6974,7055,14488,14753,18525,20170,29944,31062,36561,37604,26024,29076,19019,23765,5852,9886,3871,4012,7250,7629,8033,9652,10290,12687,12985,14884,13906,15719,13922,17598,5465,9180,211658,136177,37146,9602,76964,16314,4975,28,19
2021-05-31T23:59:59+02:00,4,9,6811,6865,14269,14520,17821,19568,29603,30723,36264,37341,25935,28979,18993,23711,5842,9873,3792,3900,7041,7383,7810,9366,9948,12304,12545,14365,13378,15106,13723,17369,5457,9165,210232,132998,35097,9278,76947,15534,4827,28,19
2021-05-30T23:59:59+02:00,4,9,6788,6850,14223,14482,17744,19509,29553,30685,36233,37318,25923,28967,18990,23705,5841,9871,3749,3826,6893,7177,7662,9136,9744,11990,12289,14016,13257,14936,13654,17287,5454,9158,209937,132279,35085,9177,76893,14005,4752,28,19
2021-05-29T23:59:59+02:00,4,9,6786,6849,14214,14476,17739,19503,29548,30681,36230,37317,25921,28964,18990,23704,5841,9871,3740,3813,6864,7144,7629,9085,9708,11943,12216,13918,13216,14868,13624,17263,5453,9153,209905,132140,35085,9176,76878,13555,4751,28,19
2021-05-28T23:59:59+02:00,4,9,6776,6837,14199,14459,17722,19482,29537,30668,36219,37299,25920,28960,18988,23700,5841,9871,3726,3790,6842,7104,7595,9031,9655,11839,11976,13648,13027,14677,13594,17223,5450,9150,209754,130850,35084,9175,76875,13536,4750,28,19
2021-05-27T23:59:59+02:00,4,9,6685,6756,13931,14242,17237,19135,28858,30126,36060,37168,25874,28926,18973,23686,5840,9865,3601,3630,6555,6852,7219,8725,9157,11281,11267,12754,12477,14109,13464,17031,5443,9138,208677,127340,33644,8846,76833,12308,4193,28,19
2021-05-26T23:59:59+02:00,4,9,6614,6648,13717,14039,16984,18828,28314,29614,35885,36993,25837,28881,18958,23662,5839,9860,3511,3486,6330,6563,6932,8298,8817,10803,10615,11956,11915,13493,13318,16816,5438,9116,207086,123730,32890,8663,76820,11136,3862,28,19
2021-05-25T23:59:59+02:00,4,9,6533,6553,13512,13818,16721,18618,27589,28968,35792,36896,25814,28853,18946,23646,5834,9859,3462,3395,6185,6395,6786,8108,8591,10512,10269,11590,11569,13019,13213,16655,5435,9108,206376,121892,31438,8524,76334,10070,3790,27,19
2021-05-24T23:59:59+02:00,4,9,6463,6456,13335,13618,16499,18335,27178,28543,35446,36497,25757,28785,18927,23622,5833,9857,3448,3373,6127,6313,6741,8025,8532,10417,10196,11493,11396,12787,13166,16564,5427,9088,205843,121269,29216,8479,76327,9578,3751,27,19
2021-05-23T23:59:59+02:00,4,9,6461,6455,13330,13609,16496,18325,27159,28533,35416,36463,25754,28779,18927,23616,5833,9857,3445,3369,6121,6303,6731,8018,8504,10387,10156,11436,11313,12686,13146,16533,5427,9087,205728,121263,29200,8067,76326,9571,3745,27,19
2021-05-22T23:59:59+02:00,4,9,6454,6451,13323,13598,16490,18321,27156,28532,35413,36457,25754,28779,18927,23616,5833,9857,3444,3369,6118,6300,6730,8014,8500,10385,10151,11433,11302,12672,13141,16529,5426,9087,205678,121223,29200,8067,76324,9550,3745,27,19
2021-05-21T23:59:59+02:00,4,9,6394,6391,13171,13492,16317,18170,26886,28354,34984,36191,25728,28742,18919,23610,5832,9853,3435,3359,6085,6279,6699,7980,8461,10336,10098,11383,10785,11959,13001,16369,5423,9082,204989,119465,29075,8064,75282,9515,3674,27,19
2021-05-20T23:59:59+02:00,3,8,6101,6190,12561,13075,15123,17248,24972,26858,34031,35422,25623,28597,18865,23529,5826,9838,3375,3314,5992,6162,6587,7824,8314,10175,9861,11077,10450,11509,12889,16188,5413,9069,200229,117477,27331,7988,72739,9173,3545,26,19
2021-05-19T23:59:59+02:00,3,8,5895,5949,12047,12617,14414,16543,24025,26044,33407,34825,25513,28507,18830,23473,5818,9826,3298,3241,5830,5992,6397,7584,8039,9895,9559,10698,10138,11094,12810,16043,5411,9061,194543,115570,27293,7793,72724,8553,3158,26,19
2021-05-18T23:59:59+02:00,3,7,5725,5840,11647,12295,13791,16043,22869,25095,32741,34219,25397,28372,18784,23423,5813,9817,3255,3209,5719,5885,6234,7426,7834,9678,9362,10458,9971,10846,12665,15823,5402,9052,189592,114430,26787,7725,72680,7852,2796,26,19
2021-05-17T23:59:59+02:00,3,6,5672,5795,11484,12188,13520,15821,22055,24460,32433,33905,25318,28313,18762,23393,5804,9808,3138,3133,5528,5701,6061,7211,7624,9451,9137,10215,9883,10722,12607,15760,5399,9047,187829,113677,26087,7719,72288,6695,2510,26,19
2021-05-16T23:59:59+02:00,3,6,5645,5775,11423,12133,13435,15741,21445,23913,31819,33375,25277,28270,18752,23378,5803,9808,3134,3111,5514,5632,6033,7152,7596,9350,9105,10131,9867,10703,12604,15757,5399,9047,187062,113567,24544,7712,71869,6341,2500,26,18
2021-05-15T23:59:59+02:00,3,6,5636,5766,11390,12124,13406,15731,21371,23842,31280,33001,25266,28265,18751,23375,5802,9807,3120,3096,5495,5590,6019,7076,7556,9235,8869,9877,9834,10672,12570,15706,5399,9046,187013,113562,24532,7574,71220,5978,2031,26,18
2021-05-14T23:59:59+02:00,3,6,5596,5741,11328,12086,13334,15666,20960,23530,30849,32656,25230,28219,18740,23358,5802,9805,3088,3056,5459,5501,5998,6941,7516,9033,8809,9682,9763,10562,12483,15581,5399,9043,186290,113393,24213,7244,70350,5232,2030,26,18
2021-05-13T23:59:59+02:00,3,6,5438,5583,10947,11790,12620,15078,18776,21782,29304,31188,25000,27976,18673,23287,5800,9802,3076,3021,5435,5462,5981,6883,7492,8962,8765,9622,9548,10319,12286,15279,5394,9033,182338,113037,20414,6429,68260,5062,2015,26,18
2021-05-12T23:59:59+02:00,2,6,5409,5556,10875,11732,12519,14990,18654,21658,28941,30824,24908,27881,18656,23258,5799,9797,3076,3017,5429,5456,5971,6869,7467,8947,8726,9568,9364,10089,12056,14958,5391,9026,181390,112756,19777,5568,68257,5056,2015,26,18
2021-05-11T23:59:59+02:00,2,6,5272,5452,10628,11485,12153,14617,18043,21022,28010,29855,24715,27692,18597,23183,5794,9782,3034,2976,5340,5301,5871,6686,7337,8707,8566,9346,9183,9895,11909,14771,5382,9008,177316,111723,18887,5459,68124,4160,1955,26,18
2021-05-10T23:59:59+02:00,2,5,5148,5374,10415,11290,11894,14362,17717,20689,27590,29448,24606,27585,18559,23136,5786,9778,2965,2923,5223,5184,5757,6583,7213,8566,8439,9239,9079,9771,11819,14643,5379,9000,175315,111194,18197,5447,67899,3180,1947,26,18
2021-05-09T23:59:59+02:00,2,5,5075,5326,10316,11176,11795,14243,17377,20406,27200,29075,24520,27499,18530,23100,5783,9775,2896,2892,5077,5141,5582,6540,7045,8537,8311,9203,9067,9761,11801,14623,5379,9000,174921,111118,16919,5437,67405,2353,1932,26,18
2021-05-08T23:59:59+02:00,2,5,5074,5325,10314,11172,11795,14243,17373,20404,27197,29072,24520,27499,18530,23100,5783,9775,2896,2891,5076,5141,5582,6540,7045,8537,8308,9203,9066,9760,11801,14623,5379,9000,174904,111115,16919,5437,67402,2349,1932,26,18
2021-05-07T23:59:59+02:00,2,5,5040,5299,10245,11119,11666,14119,16973,20129,26561,28514,24472,27448,18513,23066,5776,9746,2886,2883,5060,5132,5571,6522,7033,8526,8300,9192,9060,9752,11790,14601,5371,8973,174070,111100,16916,5428,65878,2306,1803,26,18
2021-05-06T23:59:59+02:00,1,5,4770,5138,9783,10775,11104,13603,15887,19108,24155,26223,23974,26923,18407,22963,5771,9732,2844,2839,4993,5057,5531,6430,6950,8407,8169,9041,8960,9642,11766,14550,5368,8970,169047,110558,14464,5372,62995,1780,1792,24,18
2021-05-05T23:59:59+02:00,1,5,4692,5061,9490,10545,10762,13277,15307,18503,23313,25261,23713,26599,18338,22857,5761,9714,2824,2803,4943,4971,5472,6309,6866,8242,8045,8826,8854,9511,11689,14465,5367,8962,165387,109620,13154,5367,62845,1357,1789,24,18
2021-05-04T23:59:59+02:00,1,5,4607,4970,9316,10338,10554,13035,14919,18104,22769,24697,23499,26326,18266,22778,5753,9701,2815,2769,4915,4895,5439,6190,6812,8102,7952,8671,8750,9400,11615,14407,5365,8959,163131,109123,12030,5356,62684,792,1769,24,18
2021-05-03T23:59:59+02:00,1,5,4535,4896,9124,10201,10377,12859,14636,17857,22360,24282,23360,26177,18239,22731,5753,9695,2739,2699,4828,4821,5363,6104,6716,7996,7771,8506,8664,9314,11576,14358,5362,8954,161626,108903,12029,5353,62592,682,817,24,18
2021-05-02T23:59:59+02:00,1,5,4522,4882,9047,10143,10252,12747,14310,17550,22058,23996,23310,26118,18220,22706,5752,9694,2733,2692,4768,4787,5273,6020,6579,7867,7654,8406,8618,9272,11552,14324,5360,8949,160740,108787,12026,5351,62488,665,35,24,18
2021-05-01T23:59:59+02:00,1,5,4522,4880,9045,10142,10251,12747,14307,17547,22056,23996,23309,26117,18220,22706,5752,9694,2733,2692,4768,4787,5273,6020,6578,7867,7654,8406,8618,9272,11552,14324,5360,8949,160724,108787,12026,5350,62488,665,35,24,18
2021-04-30T23:59:59+02:00,0,5,4450,4789,8803,9928,9989,12505,13825,17122,21215,23228,23183,25981,18204,22678,5749,9691,2730,2690,4757,4779,5264,5986,6566,7837,7620,8369,8614,9269,11551,14321,5358,8948,157135,108760,12025,5348,62159,533,2,24,18
2021-04-29T23:59:59+02:00,0,5,4301,4645,8322,9520,9290,11901,12824,16225,19375,21549,22478,25223,18066,22468,5743,9674,2708,2669,4716,4707,5221,5911,6503,7731,7541,8251,8504,9154,11486,14245,5352,8939,147965,108271,12011,5075,61608,274,2,23,18
2021-04-28T23:59:59+02:00,0,5,4268,4626,8251,9446,9214,11814,12705,16106,19158,21335,22390,25131,18038,22427,5741,9669,2705,2658,4690,4647,5194,5867,6473,7658,7493,8169,8487,9130,11470,14223,5351,8933,147584,108081,11921,5003,60795,48,1,23,17
2021-04-27T23:59:59+02:00,0,5,4228,4580,8113,9306,9101,11663,12560,15937,18710,20837,22162,24873,17973,22349,5738,9661,2702,2654,4688,4643,5184,5859,6460,7639,7461,8132,8429,9051,11389,14141,5347,8929,146858,107825,10840,4830,60074,40,1,23,14
2021-04-26T23:59:59+02:00,0,5,4186,4552,8007,9211,8954,11558,12386,15764,18298,20473,22028,24727,17938,22321,5738,9660,2702,2652,4684,4639,5180,5849,6446,7619,7427,8104,8381,9003,11333,14063,5344,8912,146090,107717,10705,4574,58988,35,0,23,14
2021-04-25T23:59:59+02:00,0,5,4172,4537,7971,9181,8890,11496,12251,15634,17953,20143,21828,24489,17898,22266,5734,9655,2702,2652,4683,4638,5178,5845,6441,7616,7425,8100,8325,8944,11310,14035,5344,8911,144709,107696,10694,4407,58677,34,0,23,14
2021-04-24T23:59:59+02:00,0,5,4166,4529,7956,9177,8875,11486,12203,15604,17895,20105,21812,24476,17896,22261,5734,9655,2701,2652,4683,4638,5178,5845,6441,7616,7425,8100,8325,8943,11310,14035,5344,8911,144613,107696,10694,4407,58505,33,0,23,13
2021-04-23T23:59:59+02:00,0,5,4146,4496,7899,9114,8792,11384,11863,15279,17462,19708,21598,24243,17833,22184,5732,9647,2698,2650,4680,4635,5171,5838,6427,7607,7402,8069,8304,8916,11302,14027,5342,8908,143351,107684,10347,4249,57664,32,0,23,13
2021-04-22T23:59:59+02:00,0,5,4097,4431,7767,8922,8607,11124,11536,14859,16548,18722,21026,23534,17698,22004,5723,9628,2689,2644,4675,4614,5148,5812,6385,7571,7332,8023,8171,8760,11160,13875,5338,8899,139614,107066,10221,3994,56375,25,0,21,13
2021-04-21T23:59:59+02:00,0,5,4055,4388,7665,8802,8451,10965,11242,14580,15814,17964,20647,23086,17626,21899,5718,9615,2681,2633,4657,4595,5132,5791,6373,7553,7304,8002,8122,8699,11123,13836,5336,8897,136701,106785,10091,3916,55713,23,0,17,12
2021-04-20T23:59:59+02:00,0,5,4030,4362,7630,8750,8374,10885,11080,14405,15379,17487,20186,22572,17527,21747,5710,9604,2673,2624,4647,4582,5107,5771,6345,7529,7264,7962,8028,8567,11048,13749,5332,8893,134557,106213,9827,3876,55332,22,0,17,12
2021-04-19T23:59:59+02:00,0,5,3999,4311,7568,8646,8282,10746,10922,14222,15126,17193,19708,22008,17361,21533,5699,9592,2668,2623,4641,4578,5094,5756,6326,7512,7238,7918,7975,8513,11022,13703,5329,8888,132493,105879,9473,3873,54938,22,0,17,12
2021-04-18T23:59:59+02:00,0,5,3981,4282,7508,8595,8176,10619,10663,13980,14634,16654,19278,21498,17239,21347,5695,9586,2667,2623,4641,4578,5094,5756,6325,7509,7235,7917,7971,8510,11020,13699,5328,8885,130079,105856,9402,3871,54242,21,0,17,12
2021-04-17T23:59:59+02:00,0,5,3978,4274,7488,8589,8166,10601,10621,13934,14524,16566,19157,21374,17217,21319,5693,9584,2667,2623,4640,4576,5088,5751,6311,7504,7210,7894,7925,8464,11001,13676,5327,8885,129641,105846,9393,3665,54039,21,0,17,12
2021-04-16T23:59:59+02:00,0,5,3967,4231,7415,8467,8063,10443,10427,13673,13855,15804,18589,20728,17092,21144,5682,9567,2664,2620,4635,4571,5083,5739,6294,7493,7172,7859,7618,8075,10910,13537,5319,8869,126794,105051,9333,3376,53008,21,0,17,12
2021-04-15T23:59:59+02:00,0,4,3923,4177,7302,8336,7892,10205,10092,13283,13125,14946,17781,19862,16850,20820,5669,9546,2663,2612,4623,4555,5070,5709,6264,7457,7102,7789,7062,7429,10791,13385,5315,8858,123141,103419,9175,3236,51480,19,0,17,12
2021-04-14T23:59:59+02:00,0,3,3896,4148,7236,8230,7786,10055,9917,13084,12707,14500,17255,19250,16699,20610,5664,9533,2630,2593,4605,4523,5041,5662,6229,7424,7045,7728,6429,6672,10529,13097,5311,8850,121754,101108,8941,3236,49861,14,0,17,12
2021-04-13T23:59:59+02:00,0,3,3893,4142,7199,8214,7729,10022,9809,13031,12334,14207,16566,18403,16463,20309,5660,9527,2606,2566,4585,4497,5016,5628,6170,7356,6956,7627,6217,6422,9954,12443,5303,8831,121063,98926,8723,3228,47708,14,0,17,11
2021-04-12T23:59:59+02:00,0,3,3879,4124,7146,8168,7672,9953,9701,12929,12087,13995,16123,17887,16275,20095,5655,9524,2577,2555,4519,4455,4909,5559,6055,7280,6838,7528,5472,5602,9506,11907,5263,8789,120730,95571,8687,3220,45782,14,0,17,11
2021-04-11T23:59:59+02:00,0,3,3865,4116,7104,8116,7613,9909,9608,12851,11849,13787,15559,17199,16000,19754,5650,9514,2501,2472,4390,4333,4754,5426,5892,7128,6686,7422,5169,5241,9375,11748,5263,8785,120143,93392,8259,3171,44078,13,0,17,11
2021-04-10T23:59:59+02:00,0,3,3847,4097,7065,8069,7569,9853,9548,12792,11757,13702,15342,17007,15951,19686,5649,9507,1942,1904,3571,3612,3879,4661,4887,6208,5831,6637,4896,4935,9247,11596,5257,8776,119679,84646,8259,3171,43489,13,0,17,11
2021-04-09T23:59:59+02:00,0,3,3827,4077,7027,8040,7505,9797,9395,12664,11430,13417,14160,15477,15509,19155,5637,9497,1083,1077,2214,2419,2372,3288,3101,4567,4213,5175,4213,4202,9000,11242,5233,8747,117784,68956,8257,3168,40559,13,0,17,11
2021-04-08T23:59:59+02:00,0,3,3801,4061,6966,7987,7402,9702,9208,12545,11026,13063,13027,14221,15100,18634,5618,9467,582,588,1296,1713,1466,2356,2001,3479,2829,3789,2969,2804,8199,10264,5093,8526,116540,54769,8176,3165,37098,11,0,17,11
2021-04-07T23:59:59+02:00,0,3,3754,4036,6888,7933,7310,9632,9080,12416,10717,12755,12300,13451,14883,18369,5612,9448,351,371,945,1368,1060,1970,1490,3016,1885,2782,1787,1517,7295,9124,4938,8267,115579,44984,8025,3165,34967,8,0,16,11
2021-04-06T23:59:59+02:00,0,3,3738,4024,6866,7895,7255,9565,8987,12336,10506,12537,11915,12956,14661,18072,5601,9434,344,357,935,1358,1045,1949,1463,2988,1826,2723,1708,1451,6885,8570,4788,8030,114300,43240,7926,3164,34111,7,0,14,11
2021-04-05T23:59:59+02:00,0,3,3733,4023,6855,7883,7243,9555,8968,12308,10442,12478,11804,12811,14563,17980,5599,9431,342,351,924,1354,1039,1941,1453,2968,1805,2689,1655,1398,6657,8268,4666,7848,113965,42179,7905,3163,33795,7,0,14,11
2021-04-04T23:59:59+02:00,0,3,3733,4023,6853,7877,7242,9554,8965,12308,10432,12473,11801,12807,14560,17979,5599,9431,342,350,922,1354,1038,1939,1452,2967,1803,2686,1652,1393,6650,8255,4661,7845,113960,42131,7904,3162,33762,7,0,14,11
2021-04-03T23:59:59+02:00,0,3,3733,4023,6853,7876,7241,9554,8965,12308,10431,12473,11801,12806,14558,17977,5599,9431,342,349,920,1350,1036,1938,1451,2962,1801,2686,1647,1381,6607,8174,4626,7810,113956,41902,7904,3162,33758,7,0,14,11
2021-04-02T23:59:59+02:00,0,3,3731,4021,6851,7873,7235,9548,8953,12301,10415,12457,11674,12692,14515,17920,5595,9423,340,347,918,1343,1030,1927,1436,2937,1761,2647,1552,1295,5844,7275,4194,7248,113833,39238,7899,2840,33461,7,0,14,11
2021-04-01T23:59:59+02:00,0,2,3691,4009,6817,7851,7193,9517,8901,12262,10344,12386,11334,12285,14140,17409,5591,9410,335,344,902,1328,1018,1907,1404,2891,1702,2582,1429,1202,4911,6170,3644,6426,113450,35344,6493,2835,33185,7,0,14,11
2021-03-31T23:59:59+02:00,0,2,3685,4005,6802,7832,7176,9499,8866,12230,10256,12314,11004,11879,13796,16916,5585,9389,332,341,894,1320,1008,1892,1384,2863,1652,2546,1364,1150,4338,5505,3297,5968,112877,33076,5495,2762,32850,7,0,14,11
2021-03-30T23:59:59+02:00,0,2,3667,3981,6766,7793,7119,9432,8777,12126,10093,12159,10746,11602,13573,16650,5579,9375,328,334,888,1310,1001,1886,1361,2857,1624,2520,1337,1124,4220,5383,3237,5876,112056,32704,5245,2566,32125,7,0,14,11
2021-03-29T23:59:59+02:00,0,2,3658,3959,6740,7771,7079,9379,8681,12031,9910,11952,10314,11134,13200,16182,5562,9342,323,330,884,1300,995,1878,1353,2846,1608,2511,1312,1110,4087,5240,3140,5745,110382,32087,4937,2560,31563,6,0,14,11
2021-03-28T23:59:59+02:00,0,2,3616,3903,6625,7613,6962,9238,8554,11838,9758,11761,10103,10874,13024,15996,5557,9332,323,330,884,1300,993,1877,1352,2846,1607,2509,1303,1107,4054,5198,3114,5719,110009,32044,4673,2458,30060,5,0,14,11
2021-03-27T23:59:59+01:00,0,2,3615,3892,6613,7548,6932,9124,8504,11667,9706,11607,9989,10751,12930,15908,5556,9332,323,329,884,1300,993,1874,1352,2844,1603,2508,1301,1105,4028,5163,3101,5704,110000,31941,4673,2457,28989,5,0,14,11
2021-03-26T23:59:59+01:00,0,2,3609,3884,6585,7511,6903,9051,8456,11554,9615,11479,9940,10688,12884,15854,5549,9312,318,327,883,1297,989,1862,1349,2823,1582,2494,1276,1089,3848,4941,2995,5551,109944,31194,4453,2416,28465,5,0,14,11
2021-03-25T23:59:59+01:00,0,2,3586,3853,6494,7384,6811,8886,8265,11322,9306,11163,9561,10306,12581,15539,5544,9303,318,326,881,1289,986,1851,1336,2810,1558,2475,1250,1070,3615,4699,2745,5216,109571,29996,4246,2416,26075,4,0,14,11
2021-03-24T23:59:59+01:00,0,2,3531,3802,6405,7197,6691,8660,8098,11086,9081,10838,9146,9819,12164,15080,5533,9293,318,325,880,1286,981,1849,1328,2806,1542,2459,1242,1060,3548,4626,2564,4995,109060,29383,4109,2416,23243,1,0,14,11
2021-03-23T23:59:59+01:00,0,2,3513,3769,6356,7141,6615,8601,7980,10957,8832,10605,8726,9350,11713,14561,5524,9278,318,325,879,1276,976,1840,1323,2797,1538,2451,1218,1035,3456,4550,2372,4678,108247,28606,4016,2416,21246,1,0,14,11
2021-03-22T23:59:59+01:00,0,2,3505,3749,6313,7112,6581,8554,7914,10881,8683,10469,8445,8997,11410,14235,5488,9239,316,320,873,1266,968,1833,1316,2786,1529,2441,1206,1026,3428,4515,2353,4645,107576,28396,4013,2415,19974,1,0,14,11
2021-03-21T23:59:59+01:00,0,2,3503,3747,6309,7101,6564,8538,7895,10862,8627,10411,8325,8880,11339,14133,5486,9236,314,319,864,1263,961,1826,1307,2784,1525,2437,1202,1023,3419,4500,2339,4636,107491,28294,4012,2415,19441,1,0,14,11
2021-03-20T23:59:59+01:00,0,2,3495,3709,6301,7029,6549,8401,7870,10678,8583,10275,8247,8794,11301,14094,5486,9236,314,319,864,1263,961,1825,1306,2784,1525,2435,1202,1023,3419,4499,2339,4635,107458,28289,3800,2414,18778,1,0,14,11
2021-03-19T23:59:59+01:00,0,2,3482,3679,6275,6946,6525,8308,7824,10561,8469,10114,7710,8187,11117,13853,5476,9218,311,318,859,1256,944,1815,1283,2753,1475,2390,1118,955,2755,3710,1928,4066,105845,25512,3500,2414,18387,1,0,14,11
2021-03-18T23:59:59+01:00,0,2,3471,3661,6234,6905,6492,8246,7761,10474,8354,9985,6754,7091,10838,13553,5466,9193,310,318,856,1251,938,1806,1264,2745,1450,2371,1081,938,2548,3471,1772,3845,102828,24540,3342,2414,18296,1,0,14,11
2021-03-17T23:59:59+01:00,0,2,3434,3623,6163,6821,6439,8143,7671,10346,8224,9827,6072,6249,10552,13249,5449,9167,309,318,849,1246,934,1794,1250,2723,1432,2346,1045,915,2429,3346,1693,3735,100058,23940,3341,2414,18018,1,0,14,11
2021-03-16T23:59:59+01:00,0,2,3416,3594,6124,6768,6394,8070,7618,10282,8134,9726,5896,6073,9851,12460,5410,9104,302,308,835,1230,922,1785,1244,2703,1419,2338,1031,896,2215,3107,1560,3540,97824,23013,3331,2412,17753,1,0,14,11
2021-03-15T23:59:59+01:00,0,2,3379,3562,6028,6689,6264,7978,7476,10163,8005,9601,5144,5239,9408,11912,5367,9034,301,307,831,1226,921,1778,1242,2690,1410,2329,1018,884,2073,2934,1474,3446,94314,22443,3324,2411,17599,1,0,14,11
2021-03-14T23:59:59+01:00,0,2,3254,3415,5750,6343,5988,7617,7162,9748,7720,9282,4811,4848,9251,11715,5363,9024,301,306,831,1226,920,1778,1240,2689,1408,2326,1016,882,2070,2931,1471,3445,91920,22422,3269,2408,16090,1,0,14,11
2021-03-13T23:59:59+01:00,0,2,2600,2753,4809,5475,4970,6688,5967,8629,6705,8339,4498,4465,8868,11196,5273,8916,301,306,830,1224,920,1773,1237,2687,1407,2326,1016,881,2046,2895,1441,3410,81233,22282,3269,2408,15637,1,0,14,11
2021-03-12T23:59:59+01:00,0,2,1774,1932,3471,4325,3464,5354,4220,6990,5071,6833,3831,3761,7619,9649,4773,8237,297,303,828,1220,914,1766,1229,2667,1381,2309,970,856,1698,2433,1173,3059,62418,20685,3266,2408,15608,1,0,14,11
2021-03-11T23:59:59+01:00,0,2,1274,1455,2567,3584,2560,4414,3127,5900,3709,5449,2656,2484,5922,7540,4010,7062,292,294,812,1211,901,1743,1211,2638,1356,2263,933,836,1541,2204,1050,2871,45133,19739,3264,2408,15304,1,0,14,10
2021-03-10T23:59:59+01:00,0,2,1050,1237,2198,3223,2185,4023,2676,5459,2806,4482,1528,1286,4573,5822,3455,6293,282,284,794,1192,879,1707,1177,2565,1317,2197,908,816,1362,2014,954,2698,34119,18836,3264,2301,14902,1,0,13,10
2021-03-09T23:59:59+01:00,0,2,1034,1209,2132,3082,2120,3908,2591,5325,2722,4356,1494,1256,4498,5749,3416,6236,278,277,780,1171,862,1680,1152,2525,1299,2169,893,804,1285,1890,883,2588,33714,18270,3261,2257,14142,1,0,13,10
2021-03-08T23:59:59+01:00,0,2,1012,1178,2075,2983,2080,3826,2532,5212,2666,4284,1456,1236,4352,5591,3315,6095,278,273,775,1163,860,1671,1144,2517,1291,2153,869,783,1119,1665,760,2424,33025,17483,3261,2253,13596,1,0,13,10
2021-03-07T23:59:59+01:00,0,2,1007,1159,2035,2940,2038,3785,2492,5147,2625,4247,1451,1233,4345,5583,3313,6095,278,273,775,1163,860,1671,1144,2517,1290,2153,866,783,1110,1655,752,2413,32995,17483,3255,2212,13234,0,0,13,10
2021-03-06T23:59:59+01:00,0,2,1007,1155,2024,2926,2026,3766,2476,5120,2607,4226,1438,1223,4311,5539,3299,6083,278,273,775,1163,860,1670,1144,2517,1290,2153,866,783,1110,1655,752,2412,32851,17482,3254,2211,13110,0,0,13,10
2021-03-05T23:59:59+01:00,0,2,1003,1151,2009,2906,1996,3743,2433,5068,2554,4189,1402,1195,4045,5214,3149,5862,277,270,768,1156,854,1662,1141,2508,1287,2143,852,779,1102,1646,751,2410,32112,17387,2923,2211,12873,0,0,13,10
2021-03-04T23:59:59+01:00,0,2,909,1004,1921,2778,1928,3606,2357,4914,2464,4031,1372,1174,3805,4955,2885,5513,277,268,766,1151,851,1654,1140,2494,1283,2134,820,765,1090,1635,744,2398,30866,17274,2919,2188,11820,0,0,13,10
2021-03-03T23:59:59+01:00,0,2,863,896,1856,2682,1857,3501,2288,4798,2390,3947,1360,1161,3695,4850,2663,5241,276,266,765,1142,848,1636,1134,2452,1273,2108,803,761,1082,1617,737,2391,30194,17248,2802,2035,11041,0,0,13,10
2021-03-02T23:59:59+01:00,0,2,818,821,1759,2558,1772,3377,2197,4674,2330,3869,1325,1139,3566,4715,2460,4895,276,265,764,1136,845,1633,1129,2447,1269,2098,801,759,1068,1596,726,2372,29470,17142,2613,2034,10181,0,0,13,10
2021-03-01T23:59:59+01:00,0,2,795,782,1659,2414,1701,3233,2097,4502,2250,3748,1307,1127,3516,4652,2416,4833,276,264,760,1132,844,1621,1125,2435,1264,2088,795,757,1063,1585,719,2365,29218,17051,2529,2034,9274,0,0,13,10
2021-02-28T23:59:59+01:00,0,2,789,759,1640,2348,1673,3161,2074,4402,2236,3681,1301,1121,3506,4637,2402,4823,275,263,760,1131,844,1616,1125,2433,1264,2083,792,755,1055,1572,715,2355,29111,17029,2527,2001,8904,0,0,13,10
2021-02-27T23:59:59+01:00,0,2,774,742,1618,2288,1656,3049,2055,4276,2215,3585,1298,1118,3506,4635,2401,4822,275,263,760,1131,844,1615,1125,2433,1264,2082,792,755,1054,1571,714,2353,29106,17027,2526,1996,8395,0,0,13,10
2021-02-26T23:59:59+01:00,0,2,646,661,1513,2175,1604,2890,1992,4039,2114,3349,1208,1047,2855,3842,1975,4240,275,263,759,1129,843,1614,1125,2431,1262,2079,790,750,1036,1558,704,2337,26316,16953,2526,1994,7297,0,0,13,10
2021-02-25T23:59:59+01:00,0,2,496,581,1394,2073,1537,2762,1931,3911,2014,3237,1159,1015,2625,3572,1811,3997,258,248,734,1105,801,1545,1078,2333,1188,1986,733,729,1004,1521,692,2309,25251,16860,2499,1396,6354,0,0,13,10
2021-02-24T23:59:59+01:00,0,2,466,550,1325,1960,1464,2618,1861,3758,1937,3088,1121,985,2486,3435,1732,3878,229,235,707,1060,774,1483,1048,2273,1134,1936,706,706,958,1492,681,2279,24600,16674,2488,1019,5565,0,0,13,10
2021-02-23T23:59:59+01:00,0,2,410,510,1242,1820,1389,2472,1784,3547,1866,2966,1096,951,2283,3206,1607,3692,224,229,692,1037,762,1444,1026,2230,1109,1895,697,694,949,1478,678,2275,23678,16588,2478,823,4674,0,0,13,10
2021-02-22T23:59:59+01:00,0,2,397,477,1142,1709,1287,2375,1675,3441,1785,2895,1075,938,2141,3034,1522,3596,213,220,670,986,731,1381,1000,2136,1065,1813,654,662,880,1401,642,2219,23103,16399,2474,266,3901,0,0,13,10
2021-02-21T23:59:59+01:00,0,2,378,461,1041,1677,1135,2351,1520,3418,1682,2877,1067,936,2140,3033,1522,3596,186,214,639,978,720,1373,986,2131,1060,1811,651,659,877,1397,634,2212,23074,16268,2474,252,3275,0,0,13,10
2021-02-20T23:59:59+01:00,0,2,378,459,1040,1677,1134,2351,1518,3416,1682,2875,1067,935,2139,3033,1521,3595,185,212,636,978,717,1372,980,2128,1058,1811,651,659,877,1397,634,2212,23067,16247,2473,252,3269,0,0,13,10
2021-02-19T23:59:59+01:00,0,2,373,450,1028,1673,1124,2341,1505,3397,1649,2860,1017,907,1768,2526,1224,3213,164,202,610,974,699,1364,963,2126,1052,1809,648,658,875,1397,633,2211,21326,16125,2473,252,3245,0,0,13,10
2021-02-18T23:59:59+01:00,0,2,353,430,988,1591,1086,2254,1452,3279,1608,2770,987,884,1595,2283,1095,3009,144,191,571,963,679,1351,929,2110,1027,1789,637,639,854,1369,619,2190,20346,15802,2473,252,2834,0,0,13,10
2021-02-17T23:59:59+01:00,0,2,330,377,904,1448,979,2054,1318,3025,1496,2550,950,854,1406,2071,994,2832,138,184,559,932,653,1300,896,2032,977,1713,603,607,847,1343,614,2171,19273,15309,2473,252,1831,0,0,13,10
2021-02-16T23:59:59+01:00,0,2,324,338,860,1310,927,1866,1257,2800,1430,2389,938,837,1343,1975,927,2736,132,171,545,889,638,1246,868,1969,947,1671,593,597,825,1312,601,2111,18902,14991,2472,116,872,0,0,13,10
2021-02-15T23:59:59+01:00,0,2,308,298,832,1279,910,1810,1217,2716,1392,2333,910,805,1166,1743,798,2560,123,163,524,862,620,1184,842,1896,924,1594,572,560,807,1275,592,2069,17991,14523,2471,76,604,0,0,13,10
2021-02-14T23:59:59+01:00,0,2,308,298,831,1279,909,1810,1215,2716,1392,2333,910,805,1166,1743,798,2560,123,163,523,855,616,1179,836,1890,920,1591,571,559,805,1274,591,2066,17990,14479,2471,75,601,0,0,13,10
2021-02-13T23:59:59+01:00,0,2,308,298,831,1279,909,1807,1215,2714,1392,2331,910,805,1166,1743,798,2560,123,163,523,855,616,1179,834,1887,918,1587,569,559,790,1254,579,2050,17983,14477,2471,1,601,0,0,13,10
2021-02-12T23:59:59+01:00,0,2,304,297,821,1274,905,1777,1209,2686,1364,2302,908,803,1165,1740,798,2560,123,163,521,852,615,1172,828,1875,912,1574,566,557,776,1243,573,2037,17974,14378,2471,1,457,0,0,13,10
2021-02-11T23:59:59+01:00,0,2,285,288,806,1239,899,1743,1193,2620,1342,2247,873,790,1154,1728,797,2550,121,149,503,811,593,1107,794,1775,889,1514,552,543,752,1208,559,2005,17861,13867,2470,0,212,0,0,13,10
2021-02-10T23:59:59+01:00,0,2,282,282,787,1201,886,1713,1181,2574,1327,2205,868,788,1139,1712,792,2533,117,140,436,726,547,1014,716,1648,830,1430,537,527,738,1188,549,1978,17837,13123,2365,0,58,0,0,12,0
2021-02-09T23:59:59+01:00,0,2,282,279,783,1187,875,1696,1166,2555,1313,2181,853,783,1125,1695,781,2517,100,121,381,639,495,885,637,1449,742,1242,485,449,619,1026,481,1740,17739,11493,2319,0,3,0,0,12,0
2021-02-08T23:59:59+01:00,0,2,282,278,781,1182,875,1689,1164,2551,1307,2173,847,780,1109,1673,764,2496,90,99,336,545,443,785,548,1241,635,1077,409,375,535,837,388,1432,17624,9777,2316,0,1,0,0,12,0
2021-02-07T23:59:59+01:00,0,2,281,277,779,1181,874,1689,1164,2550,1307,2170,841,778,1107,1670,763,2494,88,98,334,540,441,781,546,1232,631,1071,404,370,514,814,382,1418,17599,9666,2316,0,0,0,0,12,0
2021-02-06T23:59:59+01:00,0,2,281,276,779,1180,874,1688,1164,2550,1307,2169,840,777,1105,1664,762,2492,88,97,334,537,440,780,545,1228,629,1070,400,365,466,745,354,1373,17583,9453,2315,0,0,0,0,12,0
2021-02-05T23:59:59+01:00,0,2,281,276,779,1179,873,1687,1163,2549,1306,2166,833,771,1082,1654,755,2476,82,95,326,531,424,762,520,1193,600,1028,377,338,446,721,340,1333,17505,9117,2315,0,0,0,0,12,0
2021-02-04T23:59:59+01:00,0,2,278,269,776,1158,861,1665,1150,2521,1292,2142,811,758,1054,1624,748,2460,68,77,256,409,329,595,403,965,487,826,304,274,335,576,277,1114,17265,7295,2292,0,0,0,0,12,0
2021-02-03T23:59:59+01:00,0,2,277,264,772,1137,859,1639,1143,2471,1279,2112,792,744,1037,1601,739,2446,54,54,170,280,255,444,283,715,363,587,208,194,237,423,194,837,17169,5298,2133,0,0,0,0,12,0
2021-02-02T23:59:59+01:00,0,2,276,259,768,1129,852,1617,1135,2447,1267,2095,788,737,1028,1590,737,2438,35,35,92,139,147,255,171,448,235,368,134,124,161,254,136,538,17020,3272,2133,0,0,0,0,12,0
2021-02-01T23:59:59+01:00,0,2,274,256,763,1110,844,1597,1129,2418,1263,2062,780,724,1021,1580,733,2425,11,12,15,27,25,65,44,88,71,101,49,45,57,74,39,178,16837,901,2133,0,0,0,0,11,0
2021-01-31T23:59:59+01:00,0,2,268,254,747,1108,836,1586,1119,2407,1252,2053,774,718,1011,1563,726,2412,10,12,14,26,23,62,38,83,64,93,46,45,53,67,36,165,16802,837,2023,0,0,0,0,11,0
2021-01-30T23:59:59+01:00,0,2,268,254,747,1107,835,1586,1119,2407,1252,2053,773,718,1010,1561,725,2410,10,10,14,26,23,62,38,83,63,91,45,44,52,67,36,164,16798,828,2018,0,0,0,0,11,0
2021-01-29T23:59:59+01:00,0,2,268,254,747,1106,835,1586,1119,2407,1252,2052,772,717,1009,1559,725,2408,9,5,12,24,23,61,36,81,62,91,44,43,52,67,36,164,16791,810,2016,0,0,0,0,11,0
2021-01-28T23:59:59+01:00,0,2,264,249,735,1081,800,1531,1082,2347,1175,1994,731,703,980,1539,709,2386,4,0,3,6,9,25,18,36,20,45,21,22,23,45,15,97,16612,389,1685,0,0,0,0,11,0
2021-01-27T23:59:59+01:00,0,2,258,242,712,1049,752,1476,1024,2266,1102,1913,696,676,966,1518,706,2379,3,0,3,4,6,21,14,22,13,32,6,9,10,10,4,27,16164,184,1562,0,0,0,0,11,0
2021-01-26T23:59:59+01:00,0,2,234,233,695,1025,744,1426,1004,2192,1075,1848,684,662,943,1502,696,2360,3,0,1,4,5,11,12,12,6,11,3,5,6,7,1,16,16113,103,1201,0,0,0,0,11,0
2021-01-25T23:59:59+01:00,0,2,202,218,643,952,692,1303,961,2046,1017,1713,636,607,866,1407,653,2287,3,0,1,4,5,11,12,12,6,11,3,5,6,7,1,16,15887,103,307,0,0,0,0,11,0
2021-01-24T23:59:59+01:00,0,2,185,212,617,940,673,1289,943,2030,1002,1703,629,601,856,1387,644,2274,3,0,1,4,5,10,11,12,5,11,3,5,6,7,1,16,15714,100,262,0,0,0,0,11,0
2021-01-23T23:59:59+01:00,0,2,185,212,617,940,673,1289,943,2030,1002,1703,629,601,856,1387,644,2274,3,0,1,4,5,10,9,12,5,11,3,5,6,7,1,16,15714,98,262,0,0,0,0,11,0
2021-01-22T23:59:59+01:00,0,2,138,194,559,930,655,1274,909,2020,990,1692,624,600,855,1387,644,2274,3,0,0,4,5,10,9,12,5,11,3,5,6,7,1,16,15474,97,262,0,0,0,0,11,0
2021-01-21T23:59:59+01:00,0,2,133,186,544,907,634,1233,876,1966,968,1644,613,579,843,1356,637,2255,3,0,0,4,4,10,9,12,5,11,3,5,6,7,1,15,15103,95,262,0,0,0,0,11,0
2021-01-20T23:59:59+01:00,0,2,128,170,497,841,611,1157,813,1856,931,1573,592,562,826,1333,627,2227,3,0,0,4,4,10,9,12,5,11,3,5,6,7,1,15,14475,95,260,0,0,0,0,11,0
2021-01-19T23:59:59+01:00,0,2,115,151,424,753,546,1027,728,1658,827,1409,546,508,725,1174,554,1979,3,0,0,4,4,8,9,12,5,11,3,5,6,7,1,15,12922,93,193,0,0,0,0,11,0
2021-01-18T23:59:59+01:00,0,2,97,119,355,600,455,855,598,1397,701,1203,478,442,641,1017,487,1712,1,0,0,1,0,0,0,0,0,0,0,0,0,1,0,0,11065,3,83,0,0,0,0,11,0
2021-01-17T23:59:59+01:00,0,2,93,117,351,595,454,850,596,1378,693,1193,473,432,614,988,471,1671,1,0,0,1,0,0,0,0,0,0,0,0,0,1,0,0,10878,3,82,0,0,0,0,11,0
2021-01-16T23:59:59+01:00,0,2,93,114,349,587,451,845,585,1365,682,1181,458,418,519,862,410,1574,0,0,0,1,0,0,0,0,0,0,0,0,0,0,0,0,10481,1,3,0,0,0,0,11,0
2021-01-15T23:59:59+01:00,0,2,92,112,344,585,445,840,579,1358,665,1165,442,400,511,850,402,1551,0,0,0,0,0,0,0,0,0,0,0,0,0,0,0,0,10331,0,1,0,0,0,0,11,0
2021-01-14T23:59:59+01:00,0,0,75,90,287,483,367,676,462,1104,545,983,363,320,401,695,332,1321,0,0,0,0,0,0,0,0,0,0,0,0,0,0,0,0,8493,0,0,0,0,0,0,11,0
2021-01-13T23:59:59+01:00,0,0,61,67,203,365,291,503,348,822,419,702,253,224,293,520,250,1015,0,0,0,0,0,0,0,0,0,0,0,0,0,0,0,0,6326,0,0,0,0,0,0,10,0
2021-01-12T23:59:59+01:00,0,0,40,44,122,216,178,313,207,529,280,435,159,142,188,337,171,682,0,0,0,0,0,0,0,0,0,0,0,0,0,0,0,0,4043,0,0,0,0,0,0,0,0
2021-01-11T23:59:59+01:00,0,0,11,14,42,58,41,93,59,119,93,128,65,58,83,103,49,223,0,0,0,0,0,0,0,0,0,0,0,0,0,0,0,0,1239,0,0,0,0,0,0,0,0
2021-01-10T23:59:59+01:00,0,0,11,14,29,47,34,75,50,110,80,118,57,54,77,93,46,209,0,0,0,0,0,0,0,0,0,0,0,0,0,0,0,0,1104,0,0,0,0,0,0,0,0
2021-01-09T23:59:59+01:00,0,0,11,13,26,46,34,75,49,109,78,115,56,53,76,92,45,208,0,0,0,0,0,0,0,0,0,0,0,0,0,0,0,0,1086,0,0,0,0,0,0,0,0
2021-01-08T23:59:59+01:00,0,0,7,6,26,41,32,72,46,107,77,114,53,49,71,87,41,208,0,0,0,0,0,0,0,0,0,0,0,0,0,0,0,0,1037,0,0,0,0,0,0,0,0
2021-01-07T23:59:59+01:00,0,0,5,1,9,20,15,38,28,77,33,77,32,27,47,74,28,162,0,0,0,0,0,0,0,0,0,0,0,0,0,0,0,0,673,0,0,0,0,0,0,0,0
2021-01-06T23:59:59+01:00,0,0,5,0,4,8,10,30,25,43,19,47,26,24,34,51,19,120,0,0,0,0,0,0,0,0,0,0,0,0,0,0,0,0,465,0,0,0,0,0,0,0,0
2021-01-05T23:59:59+01:00,0,0,5,0,4,8,10,30,25,43,19,47,26,24,34,50,19,120,0,0,0,0,0,0,0,0,0,0,0,0,0,0,0,0,464,0,0,0,0,0,0,0,0
2021-01-04T23:59:59+01:00,0,0,4,0,1,3,4,11,13,12,5,11,3,5,6,8,1,17,0,0,0,0,0,0,0,0,0,0,0,0,0,0,0,0,104,0,0,0,0,0,0,0,0
2021-01-03T23:59:59+01:00,0,0,3,0,1,3,4,10,12,12,5,11,3,5,6,8,1,16,0,0,0,0,0,0,0,0,0,0,0,0,0,0,0,0,100,0,0,0,0,0,0,0,0
2021-01-02T23:59:59+01:00,0,0,3,0,1,3,4,10,10,12,5,11,3,5,6,8,1,16,0,0,0,0,0,0,0,0,0,0,0,0,0,0,0,0,98,0,0,0,0,0,0,0,0
2021-01-01T23:59:59+01:00,0,0,3,0,0,3,4,10,10,12,5,11,3,5,6,7,1,16,0,0,0,0,0,0,0,0,0,0,0,0,0,0,0,0,96,0,0,0,0,0,0,0,0
2020-12-31T23:59:59+01:00,0,0,3,0,0,3,4,10,9,12,5,11,3,5,6,7,1,16,0,0,0,0,0,0,0,0,0,0,0,0,0,0,0,0,95,0,0,0,0,0,0,0,0
2020-12-30T23:59:59+01:00,0,0,3,0,0,3,4,10,9,12,5,11,3,5,6,7,1,16,0,0,0,0,0,0,0,0,0,0,0,0,0,0,0,0,95,0,0,0,0,0,0,0,0
2020-12-29T23:59:59+01:00,0,0,3,0,0,3,4,8,9,12,5,11,3,5,6,7,1,16,0,0,0,0,0,0,0,0,0,0,0,0,0,0,0,0,93,0,0,0,0,0,0,0,0
2020-12-28T23:59:59+01:00,0,0,3,0,0,3,4,8,9,12,5,11,3,5,6,7,1,16,0,0,0,0,0,0,0,0,0,0,0,0,0,0,0,0,93,0,0,0,0,0,0,0,0
2020-12-27T23:59:59+01:00,0,0,1,0,0,0,0,0,0,0,0,0,0,0,1,3,0,7,0,0,0,0,0,0,0,0,0,0,0,0,0,0,0,0,12,0,0,0,0,0,0,0,0
