Datum,<15_m,<15_w,15-24_1_m,15-24_1_w,25-34_1_m,25-34_1_w,35-44_1_m,35-44_1_w,45-54_1_m,45-54_1_w,55-64_1_m,55-64_1_w,65-74_1_m,65-74_1_w,75-84_1_m,75-84_1_w,>84_1_m,>84_1_w,<24_2_m,<24_2_w,25-34_2_m,25-34_2_w,35-44_2_m,35-44_2_w,45-54_2_m,45-54_2_w,55-64_2_m,55-64_2_w,65-74_2_m,65-74_2_w,75-84_2_m,75-84_2_w,>84_2_m,>84_2_w,bp_1,bp_2,mo_1,mo_2,az_1,az_2,ja,unb_1,unb_2
2021-08-30T23:59:59+02:00,2634,2344,22978,21997,32500,29891,33029,32951,38682,39101,42373,42596,27876,31118,19801,24866,6024,10177,20411,19510,30207,27366,31138,30753,36656,36744,40335,40539,26805,29860,19069,23783,5782,9680,320489,299976,44772,43149,77532,70987,18086,59,27
2021-08-29T23:59:59+02:00,2621,2333,22943,21970,32485,29875,33013,32940,38663,39093,42353,42584,27872,31116,19799,24864,6024,10177,20348,19475,30188,27340,31121,30733,36631,36726,40317,40530,26796,29853,19068,23779,5782,9680,320312,299726,44770,43140,77531,70976,18053,59,27
2021-08-28T23:59:59+02:00,2615,2331,22943,21970,32483,29875,33011,32940,38660,39092,42352,42584,27871,31116,19799,24864,6024,10177,20347,19474,30185,27339,31121,30730,36628,36724,40317,40530,26796,29853,19068,23779,5782,9680,320299,299714,44769,43140,77531,70976,18049,59,27
2021-08-27T23:59:59+02:00,2615,2331,22938,21966,32479,29875,33010,32938,38658,39091,42348,42584,27870,31116,19799,24864,6023,10177,20343,19472,30173,27337,31120,30728,36626,36724,40315,40530,26796,29853,19068,23778,5782,9680,320285,299698,44769,43140,77531,70973,18038,59,27
2021-08-26T23:59:59+02:00,2533,2247,22756,21762,32353,29739,32896,32838,38572,39003,42284,42516,27845,31083,19786,24847,6022,10171,20074,19208,30033,27176,30984,30608,36518,36630,40235,40457,26754,29814,19049,23755,5776,9679,319096,298217,44749,43117,77530,70957,17819,59,27
2021-08-25T23:59:59+02:00,2527,2239,22737,21738,32343,29721,32883,32825,38562,38989,42275,42512,27840,31081,19779,24842,6020,10169,20030,19168,29994,27146,30963,30572,36492,36598,40217,40441,26741,29801,19046,23747,5775,9678,318927,297862,44749,43116,77530,70956,17817,59,27
2021-08-24T23:59:59+02:00,2509,2228,22699,21696,32317,29680,32864,32792,38554,38970,42257,42498,27834,31070,19774,24834,6019,10168,19992,19127,29962,27106,30942,30536,36478,36577,40197,40424,26736,29791,19042,23744,5775,9674,318647,297577,44739,43110,77530,70951,17788,59,27
2021-08-23T23:59:59+02:00,2492,2199,22632,21631,32259,29629,32833,32763,38519,38940,42230,42486,27818,31061,19771,24825,6019,10166,19876,19015,29853,27035,30883,30493,36434,36536,40156,40396,26725,29780,19037,23736,5775,9668,318242,296885,44729,43091,77528,70947,17715,59,27
2021-08-22T23:59:59+02:00,2483,2190,22598,21599,32240,29611,32816,32755,38503,38924,42225,42478,27814,31056,19766,24825,6019,10165,19837,18978,29818,27002,30852,30458,36414,36520,40138,40374,26717,29776,19034,23733,5775,9666,318077,296601,44722,43088,77527,70938,17682,59,27
2021-08-21T23:59:59+02:00,2464,2178,22544,21550,32201,29574,32792,32731,38489,38902,42208,42468,27807,31048,19764,24822,6019,10164,19735,18881,29748,26946,30818,30416,36380,36478,40113,40353,26706,29767,19029,23729,5773,9666,317836,296100,44709,43073,77525,70932,17596,59,27
2021-08-20T23:59:59+02:00,2428,2138,22456,21447,32128,29494,32730,32684,38442,38864,42167,42440,27800,31035,19760,24808,6018,10160,19566,18756,29621,26844,30744,30358,36321,36434,40067,40316,26691,29749,19020,23721,5772,9662,317272,295298,44686,43051,77522,70914,17460,59,27
2021-08-19T23:59:59+02:00,2341,2072,22299,21318,31999,29377,32641,32604,38342,38789,42099,42387,27775,31003,19753,24796,6013,10152,19310,18551,29419,26695,30628,30254,36202,36339,39968,40232,26664,29719,19009,23705,5768,9657,316376,294045,44666,43022,77522,70890,17138,58,27
2021-08-18T23:59:59+02:00,2332,2064,22274,21296,31978,29357,32620,32582,38314,38771,42086,42372,27761,30993,19747,24791,6013,10150,19256,18492,29380,26661,30603,30223,36176,36318,39944,40201,26647,29708,19005,23693,5763,9653,316124,293616,44666,43022,77522,70888,17131,58,27
2021-08-17T23:59:59+02:00,2315,2048,22247,21269,31961,29331,32595,32558,38302,38760,42064,42354,27756,30981,19742,24786,6013,10150,19213,18440,29347,26620,30561,30196,36151,36286,39919,40180,26630,29696,19002,23679,5761,9649,315892,293244,44666,43019,77522,70884,17094,58,27
2021-08-16T23:59:59+02:00,2282,2031,22181,21228,31922,29286,32571,32536,38278,38740,42033,42337,27747,30974,19740,24776,6013,10149,19010,18301,29208,26510,30484,30109,36104,36233,39881,40139,26611,29681,18994,23661,5755,9647,315551,292268,44666,43014,77520,70883,17029,58,27
2021-08-15T23:59:59+02:00,2255,2009,22127,21171,31878,29248,32548,32504,38250,38721,42016,42324,27740,30969,19735,24769,6012,10149,18896,18185,29054,26381,30403,30026,36038,36182,39824,40084,26594,29658,18985,23652,5752,9646,315228,291354,44658,42998,77520,70875,16961,58,27
2021-08-14T23:59:59+02:00,2249,2006,22101,21155,31866,29231,32544,32498,38242,38716,42010,42321,27739,30968,19734,24768,6012,10148,18783,18092,28993,26316,30368,29979,36014,36151,39803,40071,26586,29652,18982,23651,5751,9643,315138,290817,44655,42980,77520,70871,16937,58,27
2021-08-13T23:59:59+02:00,2232,1995,22056,21119,31830,29207,32510,32471,38226,38702,42000,42312,27737,30964,19731,24765,6011,10148,18529,17835,28815,26161,30254,29887,35961,36081,39758,40036,26570,29640,18977,23642,5748,9639,314911,289458,44650,42966,77518,70862,16879,58,27
2021-08-12T23:59:59+02:00,2196,1958,21970,21028,31759,29134,32457,32421,38179,38660,41964,42279,27720,30945,19724,24755,6010,10148,18224,17526,28562,25939,30109,29762,35867,35989,39683,39970,26536,29595,18957,23620,5746,9636,314351,287731,44639,42914,77515,70816,16744,58,27
2021-08-11T23:59:59+02:00,2194,1953,21951,21011,31742,29112,32442,32405,38171,38651,41953,42263,27712,30942,19720,24750,6009,10144,18168,17469,28525,25893,30060,29725,35846,35952,39648,39938,26525,29569,18950,23610,5746,9634,314171,287254,44639,42912,77515,70813,16742,58,27
2021-08-10T23:59:59+02:00,2186,1932,21924,20975,31712,29092,32428,32386,38147,38625,41936,42257,27707,30934,19719,24747,6008,10140,17650,17018,28353,25737,29965,29638,35678,35830,39600,39898,26504,29546,18945,23596,5742,9633,313940,285564,44636,42893,77513,70563,16708,58,27
2021-08-09T23:59:59+02:00,2162,1918,21872,20925,31656,29048,32395,32357,38122,38604,41923,42233,27696,30925,19718,24738,6007,10138,17179,16562,28220,25632,29910,29585,35633,35784,39568,39863,26495,29532,18940,23590,5742,9631,313571,284089,44631,42874,77512,70551,16665,58,27
2021-08-08T23:59:59+02:00,2147,1902,21820,20885,31615,29015,32366,32335,38100,38597,41903,42213,27689,30921,19714,24734,6007,10135,16837,16221,28109,25550,29855,29514,35587,35746,39547,39838,26484,29519,18931,23581,5740,9626,313285,282863,44630,42853,77512,70544,16613,58,27
2021-08-07T23:59:59+02:00,2102,1859,21688,20802,31533,28948,32292,32274,38044,38546,41870,42185,27681,30895,19709,24725,6005,10133,16331,15769,27809,25269,29627,29331,35409,35591,39408,39728,26430,29458,18912,23552,5737,9622,312660,280242,44598,42733,77506,70455,16469,58,27
2021-08-06T23:59:59+02:00,2092,1849,21639,20766,31493,28916,32259,32255,38018,38526,41861,42169,27675,30886,19705,24725,6005,10133,15305,14792,26663,24376,29335,29099,35161,35393,39095,39489,26386,29413,18902,23542,5736,9619,312437,275253,44595,42712,77506,69656,16376,58,26
2021-08-05T23:59:59+02:00,2053,1820,21532,20680,31435,28839,32204,32199,37963,38476,41816,42132,27658,30867,19696,24712,6003,10130,14417,14046,25647,23602,28623,28588,34635,34961,38780,39243,26319,29334,18870,23508,5733,9609,311893,270395,44572,42659,77505,68160,16187,58,26
2021-08-04T23:59:59+02:00,2034,1801,21461,20627,31391,28768,32174,32158,37930,38453,41782,42106,27646,30852,19691,24699,6001,10127,14049,13708,25248,23298,28411,28369,34496,34836,38686,39150,26281,29290,18849,23485,5729,9604,311450,267981,44566,42631,77505,68118,16122,58,26
2021-08-03T23:59:59+02:00,2025,1785,21435,20601,31374,28754,32161,32149,37921,38440,41767,42094,27639,30846,19687,24692,6000,10125,13965,13619,25169,23222,28344,28313,34450,34790,38640,39117,26266,29268,18840,23477,5727,9598,311252,267295,44563,42630,77504,68092,16118,58,26
2021-08-02T23:59:59+02:00,2015,1764,21390,20565,31331,28734,32134,32118,37895,38425,41754,42079,27630,30834,19687,24685,5999,10121,13761,13410,24463,22673,28066,28092,34300,34678,38560,39056,26239,29236,18832,23473,5727,9596,310971,264882,44560,42616,77504,67867,16067,58,26
2021-08-01T23:59:59+02:00,1997,1748,21339,20518,31280,28697,32109,32100,37876,38406,41732,42062,27625,30827,19684,24676,5999,10120,13592,13251,24162,22418,27826,27875,34208,34569,38491,38984,26223,29217,18826,23467,5727,9594,310679,263184,44554,42604,77503,67844,16001,58,26
2021-07-31T23:59:59+02:00,1972,1718,21256,20443,31215,28661,32054,32062,37840,38378,41709,42041,27621,30819,19679,24672,5999,10120,12652,12227,23642,21976,27481,27521,33899,34272,38061,38643,26153,29132,18800,23423,5722,9588,310268,258159,44543,42569,77501,67275,15889,58,26
2021-07-30T23:59:59+02:00,1947,1699,21235,20421,31183,28642,32039,32044,37834,38371,41701,42033,27616,30816,19678,24672,5998,10120,12565,12151,23311,21688,27198,27309,33682,34110,37900,38510,26129,29115,18798,23415,5722,9586,310086,256730,44542,42561,77501,66721,15862,58,26
2021-07-29T23:59:59+02:00,1878,1630,21002,20187,31044,28496,31938,31935,37742,38282,41610,41973,27588,30792,19665,24653,5991,10112,11939,11619,22182,20850,26160,26471,32704,33419,37516,38221,26047,29014,18769,23368,5717,9579,308888,251129,44515,42474,77493,64966,15564,58,26
2021-07-28T23:59:59+02:00,1858,1615,20962,20138,31024,28467,31923,31914,37722,38262,41588,41952,27577,30780,19660,24643,5991,10110,11661,11318,21771,20469,25726,26040,32540,33267,37405,38130,26010,28963,18751,23345,5716,9574,308576,248212,44514,42472,77481,64906,15558,57,26
2021-07-27T23:59:59+02:00,1848,1609,20921,20096,31000,28434,31890,31899,37701,38229,41564,41938,27570,30773,19659,24638,5991,10107,11412,11104,21573,20280,25586,25920,32431,33164,37323,38049,25985,28926,18743,23336,5713,9570,308340,246741,44514,42468,77480,64831,15476,57,26
2021-07-26T23:59:59+02:00,1822,1575,20796,19976,30895,28335,31833,31837,37648,38162,41521,41908,27546,30755,19648,24624,5985,10104,11121,10780,21068,19838,25341,25713,32270,33014,37192,37963,25950,28891,18730,23313,5712,9562,307593,244454,44484,42356,77475,64626,15361,57,26
2021-07-25T23:59:59+02:00,1815,1566,20774,19965,30885,28326,31823,31822,37642,38156,41511,41899,27542,30753,19647,24622,5985,10103,11017,10674,20917,19730,25107,25520,32032,32807,37049,37830,25932,28877,18724,23306,5711,9559,307483,243196,44474,42341,77467,64215,15355,57,26
2021-07-24T23:59:59+02:00,1795,1551,20694,19891,30843,28288,31788,31786,37616,38128,41488,41887,27535,30748,19644,24620,5985,10103,10954,10619,20841,19668,25035,25459,31979,32776,37020,37810,25926,28873,18722,23304,5711,9559,307141,242827,44463,42318,77463,64149,15266,57,26
2021-07-23T23:59:59+02:00,1740,1516,20504,19749,30679,28175,31700,31715,37549,38076,41448,41844,27524,30732,19639,24614,5984,10098,10698,10416,20479,19361,24229,24815,31495,32446,36455,37353,25883,28831,18706,23287,5710,9557,306316,239960,44454,42273,77446,62757,15013,57,25
2021-07-22T23:59:59+02:00,1677,1459,20193,19479,30440,27994,31569,31602,37420,37970,41350,41763,27498,30708,19628,24590,5980,10097,10239,10041,19735,18852,23272,24148,30786,31859,35424,36593,25772,28734,18673,23255,5708,9553,304846,236362,44419,41607,77442,60240,14653,57,25
2021-07-21T23:59:59+02:00,1662,1451,20157,19431,30412,27965,31546,31579,37400,37945,41329,41739,27489,30700,19623,24584,5975,10093,9928,9706,19274,18402,22401,23385,30452,31526,35193,36395,25689,28637,18642,23203,5700,9543,304524,233622,44413,39922,77440,60068,14646,57,22
2021-07-20T23:59:59+02:00,1656,1446,20124,19404,30385,27942,31522,31560,37384,37929,41317,41727,27474,30685,19623,24577,5975,10090,9660,9427,18943,18133,22133,23100,30277,31372,35029,36250,25643,28592,18627,23169,5699,9539,304279,231236,44411,39913,77439,59969,14634,57,22
2021-07-19T23:59:59+02:00,1645,1438,20011,19316,30305,27871,31464,31507,37365,37910,41302,41709,27469,30674,19617,24570,5974,10087,9460,9230,18628,17857,21669,22682,30023,31140,34909,36149,25609,28554,18609,23153,5699,9536,303708,229604,44405,38970,77438,59855,14626,57,22
2021-07-18T23:59:59+02:00,1634,1433,19944,19250,30179,27771,31399,31442,37303,37858,41260,41657,27448,30643,19608,24555,5970,10084,9351,9115,18462,17708,21479,22492,29855,30942,34796,36048,25579,28531,18598,23136,5699,9530,302923,228354,44405,38670,77436,59814,14617,57,22
2021-07-17T23:59:59+02:00,1633,1429,19937,19248,30179,27768,31399,31438,37298,37856,41256,41655,27447,30642,19607,24555,5970,10084,9330,9100,18429,17686,21461,22479,29845,30935,34777,36044,25576,28529,18598,23135,5699,9530,302890,228200,44405,38667,77436,59803,14613,57,22
2021-07-16T23:59:59+02:00,1580,1384,19662,19000,30054,27672,31315,31365,37241,37793,41215,41623,27428,30625,19600,24545,5968,10078,9212,8985,18055,17383,21155,22205,29456,30578,34644,35938,25553,28506,18591,23122,5697,9528,301890,226934,44383,37946,77434,59470,14384,57,21
2021-07-15T23:59:59+02:00,1522,1341,19401,18751,29872,27526,31207,31266,37158,37711,41148,41555,27385,30595,19584,24531,5964,10075,8850,8681,17139,16553,19608,20981,28539,29655,34024,35359,25387,28326,18536,23073,5691,9516,300614,220834,44341,36491,77426,58545,14154,57,21
2021-07-14T23:59:59+02:00,1508,1328,19372,18715,29849,27500,31183,31235,37147,37698,41128,41548,27377,30588,19575,24524,5963,10072,8563,8383,16586,15953,19115,20463,27974,29157,33633,34984,25275,28197,18497,23007,5686,9505,300339,216667,44339,36134,77423,58118,14152,57,21
2021-07-13T23:59:59+02:00,1496,1318,19336,18690,29832,27476,31161,31220,37132,37671,41104,41520,27368,30574,19573,24519,5962,10066,8259,8122,16188,15598,18841,20185,27711,28908,33362,34728,25177,28077,18464,22966,5684,9500,300057,213970,44338,36099,77422,57626,14144,57,21
2021-07-12T23:59:59+02:00,1480,1308,19290,18673,29798,27447,31144,31199,37120,37654,41087,41505,27365,30570,19571,24513,5961,10066,7999,7906,15908,15321,18142,19639,27398,28588,32948,34366,25010,27883,18405,22891,5678,9495,299800,212691,44337,34166,77422,56648,14135,57,21
2021-07-11T23:59:59+02:00,1470,1300,19258,18643,29768,27416,31128,31169,37112,37632,41073,41493,27356,30561,19569,24513,5960,10065,7955,7859,15843,15250,18054,19585,27314,28526,32836,34304,24956,27838,18385,22869,5678,9492,299548,212117,44334,34155,77420,56405,14127,57,21
2021-07-10T23:59:59+02:00,1341,1183,18754,18225,29326,27123,30844,30938,36868,37473,40873,41343,27283,30501,19543,24481,5957,10062,7825,7789,15560,15116,17834,19435,27074,28386,32671,34187,24890,27792,18369,22856,5677,9492,297352,211696,44201,34035,77391,56164,13117,57,21
2021-07-09T23:59:59+02:00,1330,1177,18726,18195,29306,27106,30832,30925,36858,37461,40862,41335,27279,30497,19541,24477,5957,10061,7783,7742,15490,15050,17771,19342,26854,28156,32422,33974,24826,27729,18347,22830,5677,9489,297210,211417,44182,34032,77390,55001,13086,57,21
2021-07-08T23:59:59+02:00,1252,1096,18460,17982,29159,26956,30695,30808,36756,37359,40764,41258,27245,30462,19522,24459,5952,10057,7616,7608,15194,14803,17341,18982,26162,27555,32152,33708,24658,27572,18289,22768,5674,9483,295947,210285,44128,32613,77382,53984,12728,57,21
2021-07-07T23:59:59+02:00,1153,1004,18150,17658,28960,26773,30567,30685,36643,37239,40658,41173,27211,30414,19508,24442,5949,10054,7420,7397,14753,14435,16875,18540,25408,26946,31744,33329,24393,27248,18194,22674,5665,9474,294377,207368,44078,31777,77371,53026,12358,57,21
2021-07-06T23:59:59+02:00,1130,988,18073,17592,28915,26723,30516,30639,36607,37204,40623,41141,27194,30389,19497,24429,5947,10051,7204,7165,14410,14079,16524,18191,24658,26298,31445,33065,24203,27034,18146,22603,5658,9467,293801,205312,44075,30371,77370,52133,12355,57,21
2021-07-05T23:59:59+02:00,1087,960,18000,17528,28872,26667,30477,30605,36583,37159,40595,41115,27188,30375,19491,24423,5947,10046,6975,6975,14107,13808,16172,17826,24109,25790,30877,32499,23923,26735,18038,22463,5650,9457,293317,203818,44073,28279,77366,51000,12305,57,21
2021-07-04T23:59:59+02:00,1065,944,17929,17479,28833,26646,30456,30576,36573,37149,40580,41103,27182,30364,19486,24420,5947,10045,6949,6958,14053,13762,16098,17768,24025,25734,30724,32408,23831,26646,18006,22422,5648,9453,293001,203428,44072,28270,77355,50493,12292,57,21
2021-07-03T23:59:59+02:00,649,572,16202,15761,27662,25722,29657,29859,35932,36539,40082,40673,27025,30196,19418,24334,5938,10028,6564,6718,13538,13459,15696,17465,23664,25457,30419,32214,23735,26551,17972,22384,5644,9449,285494,203137,44033,28193,77272,50204,9393,57,21
2021-07-02T23:59:59+02:00,610,534,16071,15616,27501,25576,29577,29799,35901,36512,40063,40660,27019,30186,19415,24331,5938,10028,6516,6647,13464,13358,15608,17334,23521,25274,30265,32049,23542,26340,17883,22306,5642,9446,284590,202454,44033,28034,77270,49318,9387,57,21
2021-07-01T23:59:59+02:00,552,488,15893,15462,27283,25422,29500,29721,35846,36461,39997,40615,26999,30169,19404,24319,5936,10024,6377,6518,13124,13087,15081,16895,22258,24288,29504,31367,23264,26053,17765,22172,5635,9431,283403,198928,44028,26366,77258,48177,9345,57,21
2021-06-30T23:59:59+02:00,522,468,15789,15356,27172,25336,29433,29650,35790,36410,39954,40579,26984,30138,19393,24302,5932,10024,6183,6340,12693,12703,14513,16347,21635,23693,28913,30839,22845,25589,17635,21988,5628,9419,282580,194683,44025,26342,77252,46614,9318,57,21
2021-06-29T23:59:59+02:00,465,418,15027,14688,26910,25112,29339,29551,35711,36329,39886,40532,26965,30115,19385,24289,5932,10022,6071,6213,12433,12440,14118,15951,20844,23073,28329,30288,22398,25066,17483,21814,5620,9409,280077,191532,44024,25834,77244,44902,9274,57,21
2021-06-28T23:59:59+02:00,429,387,14398,14049,26753,25008,29265,29485,35653,36264,39842,40498,26947,30095,19377,24278,5932,10018,6004,6118,12254,12301,13930,15774,20224,22524,27930,29918,22062,24709,17354,21651,5615,9405,278141,189850,44020,25178,77240,43516,9220,57,21
2021-06-27T23:59:59+02:00,352,320,14052,13671,26689,24949,29225,29449,35631,36242,39825,40485,26936,30088,19374,24274,5931,10017,5967,6075,12140,12187,13785,15645,19674,22048,27322,29421,21785,24373,17234,21528,5611,9404,277019,189017,44018,23660,77229,42326,9187,57,21
2021-06-26T23:59:59+02:00,351,320,14041,13660,26673,24938,29219,29443,35625,36241,39822,40484,26935,30087,19374,24274,5931,10017,5962,6072,12129,12184,13779,15641,19661,22037,27277,29386,21640,24243,17194,21472,5610,9402,276947,188991,44016,23656,77229,41847,9186,57,21
2021-06-25T23:59:59+02:00,227,207,12777,12441,25209,23792,28918,29209,35519,36159,39756,40422,26911,30060,19364,24263,5928,10015,5919,6025,12033,12105,13637,15519,19351,21799,26893,29027,21317,23850,17020,21275,5607,9393,270714,187768,44012,23373,77211,40437,9183,57,21
2021-06-24T23:59:59+02:00,162,153,11805,11611,24095,22913,28552,28859,35372,35993,39644,40318,26876,30010,19353,24239,5926,10011,5702,5794,11574,11689,13058,14928,17819,20403,25249,27433,20547,22996,16704,20869,5597,9383,265484,182792,43995,19754,77207,38039,9150,56,21
2021-06-23T23:59:59+02:00,126,127,11444,11288,23598,22543,28306,28618,35194,35866,39554,40230,26846,29983,19345,24202,5924,10000,5628,5681,11362,11474,12759,14577,17429,19992,24501,26667,19753,22248,16512,20617,5589,9367,262876,180442,43989,19140,77202,35493,9071,56,21
2021-06-22T23:59:59+02:00,105,114,11261,11076,23440,22401,28226,28546,35118,35804,39508,40185,26831,29959,19337,24194,5924,9999,5519,5560,11096,11216,12392,14207,16827,19396,23769,25901,19373,21824,16349,20438,5582,9351,261731,177414,43986,18275,77200,34043,9055,56,21
2021-06-21T23:59:59+02:00,92,102,11009,10891,22606,21729,27974,28320,35052,35742,39444,40144,26815,29941,19331,24185,5924,9998,5400,5456,10881,10996,12085,13886,16436,19050,23323,25434,19083,21510,16245,20319,5576,9349,259137,175957,43980,17259,77195,32868,8931,56,21
2021-06-20T23:59:59+02:00,86,101,10945,10800,22358,21513,27716,28120,34972,35664,39399,40100,26806,29927,19329,24181,5922,9995,5359,5401,10794,10895,11989,13784,16239,18866,23052,25194,18982,21404,16192,20261,5570,9345,257854,175647,43978,16193,77192,32618,8854,56,21
2021-06-19T23:59:59+02:00,85,97,10921,10776,22325,21489,27698,28107,34960,35660,39389,40096,26805,29926,19329,24179,5922,9995,5328,5369,10713,10805,11897,13663,16091,18714,22745,24833,18896,21317,16180,20248,5569,9345,257700,175543,43957,14696,77192,32605,8854,56,21
2021-06-18T23:59:59+02:00,82,95,10873,10725,22006,21167,27434,27891,34907,35623,39358,40074,26797,29917,19328,24176,5922,9993,5313,5360,10682,10775,11857,13615,16029,18651,22660,24737,18730,21136,16135,20182,5568,9340,256312,175146,43955,14695,77191,32060,8854,56,21
2021-06-17T23:59:59+02:00,73,87,10293,10294,20732,20209,26575,27160,34539,35299,39105,39886,26733,29835,19308,24140,5915,9988,5115,5221,10307,10521,11414,13215,15349,18041,21295,23425,18276,20650,15972,20011,5564,9325,250548,169859,43936,14122,77180,31254,8451,56,21
2021-06-16T23:59:59+02:00,65,75,9956,9981,20053,19578,25937,26557,34291,35099,38945,39738,26691,29782,19285,24117,5914,9984,4972,5076,9921,10187,10956,12764,14645,17350,20446,22494,17873,20204,15804,19799,5554,9313,246716,166082,43923,12853,77167,30222,8186,56,21
2021-06-15T23:59:59+02:00,50,69,9711,9740,19757,19329,25714,26360,34161,34993,38849,39658,26662,29746,19278,24102,5909,9980,4866,4965,9682,9969,10724,12505,14223,16923,19849,21919,17553,19816,15583,19570,5545,9302,244950,164009,43911,11764,77161,29217,7990,56,20
2021-06-14T23:59:59+02:00,46,64,9578,9615,19457,19068,25539,26217,34040,34914,38788,39619,26645,29726,19272,24091,5909,9977,4785,4902,9491,9830,10551,12369,13962,16707,19533,21626,17388,19659,15482,19437,5544,9298,243753,162555,43909,11762,77157,28543,7690,56,20
2021-06-13T23:59:59+02:00,44,60,9419,9485,19167,18883,25188,25963,33839,34747,38682,39552,26629,29714,19262,24084,5909,9974,4702,4836,9282,9664,10387,12198,13637,16370,19185,21295,17261,19511,15435,19372,5542,9296,242110,161707,43909,11762,77153,27116,7373,56,20
2021-06-12T23:59:59+02:00,44,60,9410,9471,19154,18870,25188,25958,33839,34744,38679,39551,26629,29714,19262,24084,5909,9974,4699,4822,9272,9603,10355,12096,13588,16216,19130,21159,17152,19386,15318,19270,5540,9294,242064,161679,43909,11760,77149,26084,7362,56,20
2021-06-11T23:59:59+02:00,39,56,9252,9289,18921,18657,24388,25285,33659,34590,38545,39438,26596,29681,19251,24061,5909,9969,4622,4707,9054,9348,10095,11802,13067,15668,18156,20268,16966,19189,15278,19226,5537,9291,239144,157670,43908,11759,77146,25498,7332,56,20
2021-06-10T23:59:59+02:00,37,52,8858,8955,18269,18166,23536,24607,33339,34310,38343,39273,26540,29627,19228,24033,5906,9962,4447,4530,8474,8854,9290,11081,11920,14567,16172,18359,16077,18230,14992,18859,5528,9269,235524,148013,43247,11726,77120,23801,7095,55,19
2021-06-09T23:59:59+02:00,20,34,8409,8450,17434,17439,22384,23563,32850,33844,38057,39055,26431,29523,19182,23977,5896,9949,4311,4413,8186,8588,9047,10827,11589,14200,15687,17812,15706,17800,14751,18574,5521,9259,231532,146188,41356,11684,77085,21889,6496,28,19
2021-06-08T23:59:59+02:00,11,22,8091,8133,16963,17022,21966,23198,32605,33651,37895,38925,26387,29483,19172,23954,5893,9944,4191,4331,7932,8334,8742,10482,11231,13853,15045,17109,15250,17277,14489,18297,5516,9241,228805,144485,41324,10562,77076,20177,6082,28,19
2021-06-07T23:59:59+02:00,8,18,7893,7901,16605,16698,21422,22743,32324,33380,37778,38809,26361,29435,19155,23928,5888,9943,4115,4251,7751,8193,8582,10339,11061,13681,14733,16783,15053,17023,14316,18106,5512,9236,227184,143406,40349,10470,77065,19181,5664,27,19
2021-06-06T23:59:59+02:00,6,15,7785,7792,16470,16553,21227,22535,32097,33156,37643,38703,26334,29410,19142,23912,5888,9937,4086,4216,7705,8075,8530,10211,10956,13535,14537,16566,14869,16844,14227,17986,5505,9230,225951,142924,40050,10460,77047,18150,5530,27,19
2021-06-05T23:59:59+02:00,6,15,7763,7778,16441,16526,21220,22532,32087,33150,37640,38702,26333,29410,19141,23911,5888,9937,4077,4177,7690,8010,8516,10078,10942,13364,14518,16461,14832,16789,14218,17976,5505,9229,225842,142843,40050,10460,77046,17550,5515,27,19
2021-06-04T23:59:59+02:00,6,13,7649,7675,16163,16288,20943,22285,31663,32776,37527,38581,26300,29371,19129,23898,5886,9935,4070,4168,7664,7987,8490,10048,10875,13291,14413,16331,14751,16696,14181,17932,5505,9227,224245,142510,39274,10131,77027,17459,5515,27,19
2021-06-03T23:59:59+02:00,4,13,7393,7447,15286,15503,19308,20893,30752,31846,37024,38122,26169,29238,19085,23847,5880,9917,4009,4130,7575,7916,8368,9950,10706,13110,13844,15762,14487,16381,14096,17824,5502,9214,217623,140293,37694,10016,77017,17185,5366,27,19
2021-06-02T23:59:59+02:00,4,13,7258,7303,14900,15074,18876,20491,30282,31391,36798,37858,26105,29174,19065,23818,5877,9915,3979,4100,7510,7829,8280,9858,10565,12979,13398,15330,14363,16198,14068,17786,5499,9209,214534,138500,37263,9922,77016,17153,5362,27,19
2021-06-01T23:59:59+02:00,4,10,6982,7058,14503,14762,18533,20173,29955,31080,36575,37624,26049,29095,19041,23789,5875,9904,3877,4014,7267,7652,8048,9665,10301,12705,12995,14907,13930,15746,13952,17633,5492,9201,211790,136376,37218,9668,76995,16345,4982,27,19
2021-05-31T23:59:59+02:00,4,10,6819,6868,14284,14529,17829,19571,29614,30740,36278,37361,25959,28998,19015,23735,5865,9891,3798,3902,7058,7405,7825,9379,9958,12322,12555,14388,13401,15133,13753,17404,5484,9186,210362,133195,35169,9343,76978,15565,4834,27,19
2021-05-30T23:59:59+02:00,4,10,6796,6853,14238,14491,17752,19512,29564,30702,36247,37338,25947,28986,19012,23729,5864,9889,3755,3828,6902,7191,7677,9145,9751,12003,12298,14035,13280,14963,13684,17322,5481,9179,210067,132460,35157,9242,76924,14019,4759,27,19
2021-05-29T23:59:59+02:00,4,10,6794,6852,14229,14485,17747,19506,29559,30698,36244,37337,25945,28983,19012,23728,5864,9889,3746,3815,6873,7158,7644,9094,9715,11956,12225,13937,13239,14895,13654,17298,5480,9174,210035,132321,35157,9241,76909,13569,4758,27,19
2021-05-28T23:59:59+02:00,4,10,6784,6840,14214,14468,17730,19485,29548,30685,36233,37319,25944,28979,19010,23724,5864,9889,3732,3792,6851,7118,7610,9040,9662,11852,11985,13667,13050,14704,13624,17258,5477,9171,209884,131031,35156,9240,76906,13550,4757,27,19
2021-05-27T23:59:59+02:00,4,10,6693,6759,13946,14251,17245,19138,28869,30142,36074,37188,25898,28945,18995,23710,5863,9883,3607,3632,6564,6866,7234,8733,9164,11293,11276,12773,12499,14135,13494,17066,5470,9159,208807,127518,33715,8910,76864,12322,4200,27,19
2021-05-26T23:59:59+02:00,4,10,6622,6651,13732,14048,16992,18831,28325,29630,35899,37013,25861,28900,18980,23686,5862,9878,3516,3488,6339,6577,6946,8306,8823,10815,10624,11975,11937,13519,13348,16851,5465,9137,207216,123905,32961,8727,76851,11150,3869,27,19
2021-05-25T23:59:59+02:00,4,10,6541,6556,13527,13827,16729,18621,27600,28983,35806,36916,25838,28871,18968,23671,5857,9877,3467,3397,6194,6408,6800,8116,8597,10524,10278,11609,11591,13044,13243,16690,5462,9129,206505,122065,31508,8588,76366,10084,3797,26,19
2021-05-24T23:59:59+02:00,4,10,6471,6459,13350,13627,16507,18338,27189,28556,35460,36517,25781,28803,18949,23647,5856,9875,3453,3375,6136,6326,6755,8033,8538,10429,10205,11512,11418,12811,13195,16599,5454,9109,205971,121440,29285,8543,76359,9592,3758,26,19
2021-05-23T23:59:59+02:00,4,10,6469,6458,13345,13618,16504,18328,27170,28546,35430,36483,25778,28797,18949,23641,5856,9875,3449,3371,6130,6316,6745,8026,8510,10399,10165,11455,11335,12710,13175,16568,5454,9108,205856,121432,29269,8131,76358,9585,3752,26,19
2021-05-22T23:59:59+02:00,4,10,6462,6454,13338,13607,16498,18324,27167,28545,35427,36477,25778,28797,18949,23641,5856,9875,3448,3371,6127,6313,6744,8022,8506,10397,10160,11452,11324,12696,13170,16564,5453,9108,205806,121392,29269,8131,76356,9564,3752,26,19
2021-05-21T23:59:59+02:00,4,10,6401,6394,13185,13501,16325,18173,26897,28367,34998,36210,25752,28760,18941,23635,5855,9871,3439,3361,6094,6292,6713,7988,8467,10348,10107,11402,10806,11983,13029,16404,5450,9103,205117,119632,29144,8128,75311,9529,3681,26,19
2021-05-20T23:59:59+02:00,3,9,6108,6193,12575,13084,15131,17251,24983,26871,34045,35440,25647,28615,18887,23554,5849,9856,3379,3316,6001,6175,6600,7832,8320,10187,9870,11095,10471,11530,12917,16223,5440,9090,200357,117640,27399,8051,72768,9187,3552,25,19
2021-05-19T23:59:59+02:00,3,9,5902,5952,12061,12625,14422,16546,24036,26057,33419,34843,25537,28525,18852,23498,5841,9844,3302,3243,5839,6005,6410,7591,8045,9906,9567,10715,10159,11115,12838,16078,5438,9082,194668,115731,27361,7855,72753,8566,3165,25,19
2021-05-18T23:59:59+02:00,3,8,5732,5843,11661,12302,13799,16047,22880,25108,32753,34237,25421,28390,18806,23448,5836,9835,3259,3211,5726,5894,6245,7432,7840,9688,9369,10475,9990,10866,12693,15857,5429,9073,189717,114582,26855,7787,72709,7859,2803,25,19
2021-05-17T23:59:59+02:00,3,7,5679,5798,11498,12195,13528,15825,22066,24473,32445,33923,25342,28331,18784,23418,5827,9826,3142,3135,5535,5710,6072,7217,7630,9461,9144,10232,9901,10742,12635,15794,5426,9068,187954,113828,26155,7781,72317,6702,2517,25,19
2021-05-16T23:59:59+02:00,3,7,5651,5778,11437,12139,13443,15745,21456,23925,31831,33393,25301,28288,18774,23403,5826,9826,3137,3112,5521,5640,6044,7157,7602,9360,9112,10148,9885,10723,12632,15791,5426,9068,187187,113716,24611,7774,71898,6348,2505,25,18
2021-05-15T23:59:59+02:00,3,7,5642,5768,11404,12130,13414,15735,21382,23854,31291,33019,25290,28283,18773,23400,5825,9825,3123,3097,5502,5598,6030,7081,7562,9245,8875,9894,9852,10692,12598,15740,5426,9067,187137,113711,24599,7636,71249,5985,2035,25,18
2021-05-14T23:59:59+02:00,3,7,5602,5743,11342,12092,13342,15670,20971,23542,30860,32673,25254,28237,18762,23383,5825,9823,3091,3057,5466,5509,6009,6945,7522,9043,8815,9699,9781,10582,12511,15613,5426,9064,186414,113542,24280,7304,70378,5238,2034,25,18
2021-05-13T23:59:59+02:00,3,7,5444,5585,10961,11796,12628,15081,18785,21793,29315,31205,25024,27994,18695,23312,5823,9820,3079,3022,5441,5470,5992,6887,7498,8972,8771,9639,9564,10338,12314,15310,5421,9054,182460,113185,20479,6485,68288,5068,2019,25,18
2021-05-12T23:59:59+02:00,2,7,5415,5558,10889,11738,12527,14993,18663,21669,28952,30841,24932,27899,18678,23283,5822,9815,3079,3018,5435,5464,5982,6873,7473,8957,8732,9585,9380,10108,12084,14988,5418,9047,181512,112904,19842,5623,68285,5062,2019,25,18
2021-05-11T23:59:59+02:00,2,7,5278,5454,10642,11491,12161,14621,18052,21033,28020,29871,24739,27710,18619,23208,5817,9800,3037,2977,5346,5309,5882,6689,7343,8715,8572,9363,9199,9913,11937,14800,5409,9029,177437,111867,18952,5514,68152,4165,1959,25,18
2021-05-10T23:59:59+02:00,2,6,5154,5376,10429,11296,11902,14366,17726,20698,27600,29464,24630,27603,18581,23161,5809,9796,2968,2924,5229,5192,5768,6586,7219,8574,8445,9256,9095,9789,11847,14672,5406,9021,175436,111338,18260,5502,67927,3185,1951,25,18
2021-05-09T23:59:59+02:00,2,6,5080,5328,10329,11182,11802,14247,17386,20415,27209,29088,24544,27517,18552,23125,5806,9793,2899,2893,5083,5148,5593,6543,7051,8545,8317,9220,9083,9779,11829,14652,5406,9021,175041,111262,16977,5492,67432,2357,1936,25,18
2021-05-08T23:59:59+02:00,2,6,5079,5327,10327,11178,11802,14247,17382,20413,27206,29085,24544,27517,18552,23125,5806,9793,2899,2892,5082,5148,5593,6543,7051,8545,8314,9220,9082,9778,11829,14652,5406,9021,175024,111259,16977,5492,67429,2353,1936,25,18
2021-05-07T23:59:59+02:00,2,6,5045,5301,10257,11125,11673,14123,16981,20138,26569,28527,24496,27466,18535,23091,5799,9764,2889,2885,5066,5139,5582,6527,7039,8534,8306,9209,9076,9770,11818,14630,5398,8994,174189,111244,16974,5486,65903,2310,1807,25,18
2021-05-06T23:59:59+02:00,1,6,4775,5140,9794,10780,11111,13607,15893,19116,24162,26236,23998,26941,18429,22988,5794,9750,2847,2841,4999,5064,5542,6434,6956,8415,8175,9058,8976,9659,11794,14579,5395,8991,169164,110701,14521,5430,63017,1783,1796,23,18
2021-05-05T23:59:59+02:00,1,6,4697,5063,9501,10550,10769,13281,15313,18511,23318,25273,23737,26617,18360,22882,5784,9732,2827,2805,4949,4978,5483,6313,6872,8250,8051,8843,8870,9528,11716,14494,5394,8983,165502,109762,13210,5425,62867,1360,1793,23,18
2021-05-04T23:59:59+02:00,1,6,4612,4972,9327,10343,10561,13039,14925,18112,22774,24709,23523,26344,18288,22803,5776,9719,2818,2771,4921,4902,5450,6193,6818,8109,7958,8688,8766,9417,11641,14436,5392,8980,163246,109264,12086,5414,62706,793,1773,23,18
2021-05-03T23:59:59+02:00,1,6,4539,4898,9134,10206,10384,12863,14642,17865,22365,24294,23384,26195,18261,22756,5776,9713,2741,2701,4833,4828,5374,6107,6722,8003,7777,8522,8680,9331,11602,14387,5389,8975,161741,109043,12085,5411,62614,683,819,23,18
2021-05-02T23:59:59+02:00,1,6,4526,4884,9057,10148,10258,12751,14315,17558,22063,24008,23334,26136,18242,22731,5775,9712,2735,2694,4773,4794,5283,6023,6584,7874,7660,8422,8634,9289,11578,14353,5387,8970,160855,108927,12082,5409,62510,666,35,23,18
2021-05-01T23:59:59+02:00,1,6,4526,4882,9055,10147,10257,12751,14311,17555,22061,24008,23333,26135,18242,22731,5775,9712,2735,2694,4773,4794,5283,6023,6583,7874,7660,8422,8634,9289,11578,14353,5387,8970,160838,108927,12082,5408,62510,666,35,23,18
2021-04-30T23:59:59+02:00,0,6,4454,4791,8813,9933,9995,12509,13829,17130,21220,23240,23207,25999,18226,22703,5772,9709,2732,2692,4762,4786,5274,5989,6571,7844,7626,8385,8630,9286,11577,14350,5385,8969,157249,108900,12081,5406,62181,534,2,23,18
2021-04-29T23:59:59+02:00,0,6,4305,4647,8329,9522,9293,11905,12828,16232,19379,21560,22501,25240,18088,22493,5766,9692,2709,2671,4720,4714,5230,5913,6508,7738,7547,8267,8519,9171,11512,14274,5379,8960,148065,108407,12067,5133,61630,274,2,22,18
2021-04-28T23:59:59+02:00,0,6,4272,4628,8258,9448,9217,11818,12709,16113,19162,21346,22413,25148,18060,22452,5764,9687,2706,2660,4694,4654,5203,5869,6477,7664,7499,8185,8502,9147,11496,14252,5378,8954,147684,108215,11977,5061,60817,48,1,22,17
2021-04-27T23:59:59+02:00,0,6,4232,4582,8120,9308,9104,11667,12564,15944,18714,20848,22184,24890,17995,22374,5761,9679,2703,2656,4692,4650,5193,5861,6464,7645,7466,8148,8444,9068,11415,14170,5374,8950,146958,107958,10895,4888,60096,40,1,22,14
2021-04-26T23:59:59+02:00,0,6,4190,4554,8014,9213,8957,11562,12390,15771,18302,20484,22050,24744,17960,22346,5761,9678,2703,2654,4688,4646,5188,5852,6450,7625,7432,8120,8396,9020,11359,14091,5370,8933,146190,107850,10760,4630,59010,35,0,22,14
2021-04-25T23:59:59+02:00,0,6,4176,4538,7978,9183,8893,11499,12255,15641,17957,20154,21850,24506,17920,22291,5757,9673,2703,2654,4687,4645,5186,5848,6445,7622,7430,8116,8340,8961,11335,14063,5370,8932,144806,107828,10749,4463,58700,34,0,22,14
2021-04-24T23:59:59+02:00,0,6,4170,4530,7963,9179,8878,11489,12207,15611,17899,20116,21834,24493,17918,22286,5757,9673,2702,2654,4687,4645,5186,5848,6445,7622,7430,8116,8340,8960,11335,14063,5370,8932,144710,107828,10749,4463,58528,33,0,22,13
2021-04-23T23:59:59+02:00,0,6,4150,4497,7906,9116,8795,11387,11867,15285,17466,19719,21620,24260,17855,22209,5755,9665,2699,2652,4684,4642,5179,5841,6431,7613,7407,8085,8319,8933,11327,14055,5368,8929,143448,107816,10401,4305,57687,32,0,22,13
2021-04-22T23:59:59+02:00,0,6,4101,4432,7774,8924,8610,11127,11540,14865,16552,18733,21046,23550,17720,22028,5746,9646,2690,2646,4679,4621,5156,5815,6388,7577,7336,8037,8186,8777,11185,13904,5363,8920,139711,107199,10272,4045,56397,25,0,20,13
2021-04-21T23:59:59+02:00,0,6,4059,4389,7671,8804,8454,10968,11245,14586,15818,17974,20667,23102,17648,21922,5741,9633,2682,2635,4661,4601,5140,5794,6376,7559,7308,8016,8136,8716,11148,13865,5361,8918,136794,106918,10142,3965,55734,23,0,17,12
2021-04-20T23:59:59+02:00,0,6,4034,4363,7636,8752,8378,10888,11082,14411,15383,17497,20203,22586,17549,21770,5733,9622,2674,2626,4651,4588,5115,5774,6348,7535,7268,7976,8042,8584,11073,13778,5357,8914,134646,106346,9878,3925,55352,22,0,17,12
2021-04-19T23:59:59+02:00,0,6,4003,4312,7574,8648,8286,10749,10924,14228,15130,17203,19724,22022,17383,21556,5722,9610,2669,2625,4645,4584,5102,5759,6329,7518,7242,7932,7989,8530,11047,13732,5354,8909,132581,106012,9524,3922,54958,22,0,17,12
2021-04-18T23:59:59+02:00,0,5,3984,4283,7514,8597,8180,10622,10665,13986,14638,16664,19294,21512,17261,21370,5718,9604,2668,2625,4645,4584,5102,5759,6327,7515,7239,7931,7985,8527,11045,13728,5353,8906,130165,105988,9453,3920,54262,21,0,17,12
2021-04-17T23:59:59+02:00,0,5,3981,4275,7494,8591,8170,10604,10623,13940,14528,16576,19173,21388,17239,21342,5717,9602,2668,2625,4644,4582,5096,5754,6313,7510,7214,7908,7939,8481,11026,13705,5352,8906,129728,105978,9444,3714,54059,21,0,17,12
2021-04-16T23:59:59+02:00,0,5,3970,4232,7421,8469,8067,10446,10429,13678,13859,15813,18605,20742,17114,21167,5706,9585,2665,2622,4639,4577,5091,5742,6295,7499,7176,7873,7631,8092,10935,13566,5344,8890,126881,105182,9384,3424,53026,21,0,17,12
2021-04-15T23:59:59+02:00,0,4,3926,4178,7308,8338,7896,10208,10094,13288,13129,14954,17797,19876,16872,20843,5693,9564,2664,2614,4627,4561,5078,5710,6265,7463,7106,7801,7072,7442,10815,13413,5340,8879,123228,103540,9225,3281,51498,19,0,17,12
2021-04-14T23:59:59+02:00,0,3,3899,4149,7242,8232,7790,10058,9919,13089,12711,14508,17271,19264,16721,20633,5688,9551,2631,2595,4609,4529,5049,5663,6230,7430,7049,7740,6439,6680,10553,13122,5336,8871,121841,101221,8991,3281,49879,14,0,17,12
2021-04-13T23:59:59+02:00,0,3,3896,4143,7205,8216,7733,10024,9811,13036,12338,14215,16582,18416,16485,20332,5684,9545,2607,2568,4589,4503,5024,5629,6171,7362,6960,7639,6226,6428,9972,12460,5328,8852,121148,99022,8773,3273,47726,14,0,17,11
2021-04-12T23:59:59+02:00,0,3,3882,4125,7152,8170,7676,9955,9703,12934,12091,14003,16139,17900,16297,20118,5679,9542,2578,2557,4522,4461,4917,5560,6056,7286,6842,7540,5481,5607,9524,11924,5288,8810,120815,95665,8737,3265,45800,14,0,17,11
2021-04-11T23:59:59+02:00,0,3,3867,4117,7110,8118,7617,9911,9610,12856,11853,13795,15574,17211,16021,19777,5674,9532,2502,2474,4393,4339,4762,5427,5893,7134,6690,7434,5178,5246,9393,11765,5288,8806,120226,93486,8309,3216,44094,13,0,17,11
2021-04-10T23:59:59+02:00,0,3,3849,4098,7071,8071,7573,9855,9550,12797,11761,13710,15357,17019,15972,19709,5673,9525,1943,1906,3574,3618,3887,4662,4888,6214,5835,6647,4904,4940,9265,11613,5282,8797,119762,84737,8309,3216,43505,13,0,17,11
2021-04-09T23:59:59+02:00,0,3,3829,4078,7033,8042,7509,9799,9397,12669,11434,13425,14173,15489,15529,19178,5661,9515,1084,1078,2216,2425,2379,3289,3102,4572,4216,5184,4220,4206,9018,11259,5258,8768,117864,69039,8307,3213,40575,13,0,17,11
2021-04-08T23:59:59+02:00,0,3,3803,4062,6972,7989,7406,9704,9210,12550,11030,13071,13040,14230,15120,18657,5642,9485,582,589,1298,1718,1472,2357,2002,3483,2832,3798,2974,2808,8216,10280,5116,8547,116618,54842,8226,3210,37113,11,0,17,11
2021-04-07T23:59:59+02:00,0,3,3756,4037,6894,7935,7314,9634,9082,12421,10721,12763,12312,13460,14903,18392,5636,9466,351,372,947,1373,1066,1971,1491,3020,1888,2790,1792,1520,7311,9140,4961,8288,115657,45054,8075,3210,34981,8,0,16,11
2021-04-06T23:59:59+02:00,0,3,3740,4025,6872,7897,7259,9567,8989,12341,10508,12545,11927,12965,14681,18096,5625,9452,344,358,937,1363,1051,1950,1464,2992,1829,2731,1713,1453,6901,8585,4811,8050,114378,43307,7976,3209,34124,7,0,14,11
2021-04-05T23:59:59+02:00,0,3,3735,4024,6861,7885,7246,9557,8970,12313,10444,12486,11816,12819,14583,18004,5623,9449,342,352,926,1359,1045,1942,1454,2972,1808,2697,1660,1400,6672,8280,4689,7868,114042,42242,7955,3208,33807,7,0,14,11
2021-04-04T23:59:59+02:00,0,3,3735,4024,6859,7879,7245,9556,8967,12313,10434,12481,11813,12815,14580,18003,5623,9449,342,351,924,1359,1044,1940,1453,2971,1806,2694,1657,1395,6665,8267,4684,7865,114037,42194,7954,3207,33774,7,0,14,11
2021-04-03T23:59:59+02:00,0,3,3735,4024,6859,7878,7244,9556,8967,12313,10433,12481,11813,12814,14578,18001,5623,9449,342,350,922,1355,1042,1939,1452,2966,1804,2694,1652,1383,6622,8186,4649,7830,114033,41965,7954,3207,33770,7,0,14,11
2021-04-02T23:59:59+02:00,0,3,3733,4022,6857,7875,7238,9550,8955,12306,10417,12465,11686,12700,14535,17944,5619,9441,340,348,920,1348,1036,1928,1437,2941,1764,2655,1557,1297,5859,7287,4216,7268,113910,39300,7949,2885,33473,7,0,14,11
2021-04-01T23:59:59+02:00,0,2,3693,4010,6823,7853,7196,9519,8903,12267,10346,12394,11344,12292,14159,17431,5615,9428,335,345,904,1333,1024,1907,1405,2895,1705,2589,1434,1204,4926,6182,3666,6447,113527,35405,6538,2880,33196,7,0,14,11
2021-03-31T23:59:59+02:00,0,2,3687,4006,6808,7834,7179,9501,8868,12235,10258,12322,11014,11886,13815,16938,5609,9407,332,342,896,1325,1014,1892,1385,2867,1655,2553,1369,1152,4346,5508,3314,5979,112954,33106,5540,2807,32861,7,0,14,11
2021-03-30T23:59:59+02:00,0,2,3669,3982,6772,7795,7122,9434,8779,12131,10095,12167,10756,11609,13592,16672,5603,9393,328,335,890,1315,1007,1886,1362,2861,1627,2527,1342,1126,4228,5386,3254,5887,112133,32734,5290,2611,32136,7,0,14,11
2021-03-29T23:59:59+02:00,0,2,3660,3960,6746,7773,7082,9381,8683,12036,9912,11960,10324,11141,13219,16203,5586,9360,323,331,886,1305,1001,1878,1354,2850,1611,2518,1317,1112,4095,5243,3157,5756,110458,32117,4982,2605,31574,6,0,14,11
2021-03-28T23:59:59+02:00,0,2,3618,3904,6631,7615,6965,9240,8556,11843,9760,11769,10113,10881,13043,16017,5581,9350,323,331,886,1305,999,1877,1353,2850,1610,2516,1308,1109,4062,5201,3131,5730,110085,32074,4718,2503,30071,5,0,14,11
2021-03-27T23:59:59+01:00,0,2,3617,3893,6619,7550,6935,9126,8506,11672,9708,11615,9999,10758,12948,15929,5580,9350,323,330,886,1305,999,1874,1353,2848,1606,2515,1306,1107,4036,5166,3118,5715,110076,31971,4718,2502,28999,5,0,14,11
2021-03-26T23:59:59+01:00,0,2,3611,3885,6591,7513,6906,9053,8458,11559,9617,11487,9950,10695,12902,15874,5572,9330,318,328,885,1302,995,1862,1350,2827,1585,2501,1281,1091,3856,4943,3012,5562,110020,31223,4496,2461,28475,5,0,14,11
2021-03-25T23:59:59+01:00,0,2,3588,3854,6500,7386,6814,8888,8267,11327,9308,11170,9571,10313,12599,15559,5567,9321,318,327,883,1294,992,1851,1337,2814,1561,2482,1255,1072,3623,4701,2761,5227,109647,30024,4289,2461,26084,4,0,14,11
2021-03-24T23:59:59+01:00,0,2,3533,3803,6411,7200,6694,8662,8100,11091,9082,10845,9156,9825,12182,15100,5556,9311,318,326,882,1291,987,1849,1329,2810,1545,2466,1246,1062,3556,4628,2580,5005,109136,29409,4153,2461,23250,1,0,14,11
2021-03-23T23:59:59+01:00,0,2,3515,3770,6362,7144,6618,8603,7982,10962,8833,10612,8735,9355,11731,14581,5547,9296,318,326,881,1281,982,1840,1324,2801,1541,2458,1222,1037,3464,4552,2387,4688,108321,28631,4060,2461,21253,1,0,14,11
2021-03-22T23:59:59+01:00,0,2,3507,3750,6319,7115,6584,8556,7916,10886,8684,10476,8454,9002,11428,14255,5511,9257,316,321,875,1271,974,1833,1317,2790,1532,2448,1210,1028,3436,4517,2368,4655,107650,28421,4057,2460,19981,1,0,14,11
2021-03-21T23:59:59+01:00,0,2,3505,3748,6315,7104,6567,8540,7897,10867,8628,10418,8334,8885,11357,14153,5509,9254,314,320,866,1268,967,1826,1308,2788,1528,2444,1206,1025,3427,4502,2354,4646,107565,28319,4056,2460,19448,1,0,14,11
2021-03-20T23:59:59+01:00,0,2,3497,3710,6307,7032,6552,8403,7872,10683,8584,10282,8256,8799,11319,14114,5509,9254,314,320,866,1268,967,1825,1307,2788,1528,2442,1206,1025,3427,4501,2354,4645,107532,28314,3844,2459,18785,1,0,14,11
2021-03-19T23:59:59+01:00,0,2,3484,3680,6281,6948,6528,8310,7826,10566,8470,10121,7718,8192,11135,13873,5499,9236,311,319,861,1261,950,1815,1284,2757,1478,2397,1122,957,2763,3712,1943,4076,105917,25537,3544,2459,18394,1,0,14,11
2021-03-18T23:59:59+01:00,0,2,3473,3662,6240,6907,6495,8248,7763,10479,8355,9992,6760,7096,10856,13572,5489,9211,310,319,858,1256,944,1806,1265,2749,1453,2378,1085,940,2556,3473,1787,3855,102897,24565,3386,2459,18303,1,0,14,11
2021-03-17T23:59:59+01:00,0,2,3436,3624,6169,6823,6442,8145,7673,10351,8225,9834,6078,6253,10570,13267,5472,9185,309,319,851,1250,939,1794,1251,2727,1434,2352,1049,917,2437,3348,1708,3745,100125,23961,3385,2459,18025,1,0,14,11
2021-03-16T23:59:59+01:00,0,2,3418,3595,6130,6770,6397,8072,7620,10286,8135,9733,5902,6077,9866,12472,5433,9122,302,309,837,1234,927,1785,1245,2707,1421,2344,1035,898,2223,3108,1575,3550,97882,23033,3375,2457,17759,1,0,14,11
2021-03-15T23:59:59+01:00,0,2,3381,3563,6033,6691,6267,7980,7478,10167,8006,9608,5150,5243,9423,11924,5390,9052,301,308,833,1230,925,1778,1243,2694,1412,2335,1022,886,2081,2935,1489,3456,94371,22462,3368,2456,17605,1,0,14,11
2021-03-14T23:59:59+01:00,0,2,3256,3416,5753,6345,5991,7619,7163,9752,7721,9288,4816,4852,9266,11727,5386,9042,301,307,833,1230,924,1778,1241,2693,1410,2332,1020,884,2078,2932,1486,3455,91976,22441,3313,2453,16092,1,0,14,11
2021-03-13T23:59:59+01:00,0,2,2601,2754,4812,5477,4973,6690,5968,8633,6706,8343,4502,4469,8883,11207,5296,8934,301,307,832,1228,924,1773,1238,2691,1409,2332,1020,883,2054,2896,1456,3420,81285,22301,3313,2453,15638,1,0,14,11
2021-03-12T23:59:59+01:00,0,2,1775,1933,3474,4327,3467,5355,4221,6993,5071,6836,3834,3764,7634,9660,4795,8255,297,304,830,1224,918,1766,1230,2671,1383,2315,974,858,1706,2433,1188,3069,62463,20703,3310,2453,15609,1,0,14,11
2021-03-11T23:59:59+01:00,0,2,1274,1456,2570,3586,2562,4415,3128,5903,3709,5451,2658,2487,5937,7549,4030,7081,292,295,814,1215,905,1743,1212,2642,1358,2269,937,838,1549,2204,1065,2881,45171,19757,3308,2453,15305,1,0,14,10
2021-03-10T23:59:59+01:00,0,2,1050,1238,2201,3225,2187,4024,2677,5462,2806,4484,1530,1287,4587,5831,3474,6312,282,285,796,1196,883,1707,1178,2569,1319,2203,912,818,1370,2014,969,2708,34153,18854,3308,2346,14903,1,0,13,10
2021-03-09T23:59:59+01:00,0,2,1034,1210,2135,3084,2122,3909,2592,5328,2722,4358,1496,1257,4512,5758,3435,6255,278,278,782,1175,866,1681,1153,2529,1301,2175,897,806,1293,1890,898,2598,33748,18289,3305,2302,14143,1,0,13,10
2021-03-08T23:59:59+01:00,0,2,1012,1179,2078,2985,2082,3827,2533,5215,2666,4286,1458,1237,4366,5600,3334,6114,278,274,777,1167,864,1672,1145,2521,1293,2159,872,785,1127,1665,775,2434,33059,17501,3305,2298,13597,1,0,13,10
2021-03-07T23:59:59+01:00,0,2,1007,1160,2038,2942,2040,3786,2493,5150,2625,4249,1453,1234,4359,5592,3332,6114,278,274,777,1167,864,1672,1145,2521,1292,2159,869,785,1118,1655,767,2423,33029,17501,3299,2257,13235,0,0,13,10
2021-03-06T23:59:59+01:00,0,2,1007,1156,2027,2928,2028,3767,2477,5123,2607,4228,1440,1224,4325,5548,3318,6102,278,274,777,1167,864,1671,1145,2521,1292,2159,869,785,1118,1655,767,2422,32885,17500,3298,2256,13111,0,0,13,10
2021-03-05T23:59:59+01:00,0,2,1003,1152,2012,2908,1998,3744,2434,5071,2554,4191,1404,1196,4059,5222,3168,5881,277,271,770,1160,858,1663,1142,2512,1289,2149,855,781,1110,1646,766,2420,32145,17405,2967,2256,12874,0,0,13,10
2021-03-04T23:59:59+01:00,0,2,909,1005,1924,2780,1930,3607,2358,4917,2464,4033,1374,1175,3819,4963,2904,5532,277,269,768,1155,855,1655,1141,2498,1285,2140,822,766,1098,1635,759,2408,30899,17290,2963,2233,11821,0,0,13,10
2021-03-03T23:59:59+01:00,0,2,863,897,1859,2684,1859,3502,2289,4801,2390,3949,1361,1162,3709,4858,2682,5260,276,267,767,1145,852,1637,1135,2456,1275,2114,805,762,1090,1617,752,2401,30225,17264,2846,2079,11043,0,0,13,10
2021-03-02T23:59:59+01:00,0,2,818,822,1762,2560,1774,3378,2198,4677,2330,3871,1326,1140,3579,4723,2479,4914,276,266,766,1139,848,1634,1130,2451,1271,2104,803,760,1076,1596,741,2382,29500,17157,2657,2078,10183,0,0,13,10
2021-03-01T23:59:59+01:00,0,2,795,783,1662,2416,1703,3234,2098,4505,2250,3750,1308,1128,3529,4660,2435,4852,276,264,762,1135,847,1622,1126,2439,1266,2094,797,758,1071,1585,734,2375,29248,17065,2573,2078,9276,0,0,13,10
2021-02-28T23:59:59+01:00,0,2,789,760,1643,2350,1675,3162,2075,4405,2236,3683,1302,1122,3519,4645,2421,4842,275,263,762,1134,847,1617,1126,2437,1266,2089,793,756,1063,1572,730,2365,29141,17042,2571,2045,8906,0,0,13,10
2021-02-27T23:59:59+01:00,0,2,774,743,1621,2290,1658,3050,2056,4279,2215,3587,1299,1119,3519,4643,2420,4841,275,263,762,1134,847,1616,1126,2437,1266,2088,793,756,1053,1566,713,2351,29136,17040,2570,1998,8397,0,0,13,10
2021-02-26T23:59:59+01:00,0,2,646,662,1516,2177,1606,2891,1993,4042,2114,3351,1209,1048,2868,3850,1994,4259,275,263,761,1132,846,1615,1126,2435,1264,2085,791,751,1035,1553,703,2335,26346,16966,2570,1996,7299,0,0,13,10
2021-02-25T23:59:59+01:00,0,2,496,582,1397,2075,1539,2763,1932,3914,2014,3239,1160,1016,2638,3580,1830,4016,258,248,736,1108,804,1545,1079,2337,1190,1992,734,730,1003,1516,692,2307,25281,16874,2543,1397,6356,0,0,13,10
2021-02-24T23:59:59+01:00,0,2,466,551,1328,1962,1466,2619,1862,3761,1937,3089,1122,986,2499,3443,1751,3897,229,235,709,1063,777,1483,1049,2277,1136,1941,707,707,956,1487,681,2277,24629,16687,2532,1019,5567,0,0,13,10
2021-02-23T23:59:59+01:00,0,2,410,511,1245,1822,1391,2472,1785,3550,1866,2967,1097,952,2296,3214,1626,3711,224,229,694,1040,765,1444,1027,2233,1111,1900,698,695,947,1473,678,2273,23707,16600,2522,823,4675,0,0,13,10
2021-02-22T23:59:59+01:00,0,2,397,478,1145,1711,1288,2375,1676,3444,1785,2896,1076,939,2154,3042,1541,3615,213,220,672,989,734,1381,1001,2139,1067,1818,655,663,878,1396,642,2217,23131,16411,2518,266,3902,0,0,13,10
2021-02-21T23:59:59+01:00,0,2,378,462,1044,1679,1136,2351,1521,3421,1682,2878,1068,937,2153,3041,1541,3615,186,214,641,981,723,1373,987,2134,1062,1816,652,660,875,1392,634,2210,23102,16280,2518,252,3276,0,0,13,10
2021-02-20T23:59:59+01:00,0,2,378,460,1043,1679,1135,2351,1519,3419,1682,2876,1068,936,2152,3041,1540,3614,185,212,638,981,720,1372,981,2131,1060,1816,652,660,875,1392,634,2210,23095,16259,2517,252,3270,0,0,13,10
2021-02-19T23:59:59+01:00,0,2,373,451,1031,1675,1125,2341,1506,3400,1649,2861,1018,908,1781,2534,1243,3232,164,202,612,977,702,1364,964,2129,1054,1814,649,659,873,1392,633,2209,21354,16137,2517,252,3246,0,0,13,10
2021-02-18T23:59:59+01:00,0,2,353,431,991,1593,1087,2254,1453,3282,1608,2771,988,885,1608,2291,1114,3028,144,191,573,966,682,1351,930,2112,1029,1794,638,640,852,1364,619,2188,20374,15813,2517,252,2835,0,0,13,10
2021-02-17T23:59:59+01:00,0,2,330,378,907,1450,980,2054,1319,3028,1496,2551,951,855,1419,2079,1013,2851,138,184,561,935,656,1300,897,2034,979,1718,603,608,845,1338,614,2169,19301,15319,2517,252,1832,0,0,13,10
2021-02-16T23:59:59+01:00,0,2,324,339,863,1312,928,1867,1258,2803,1430,2390,939,838,1356,1983,946,2755,132,171,547,892,641,1246,869,1970,949,1676,593,598,823,1307,601,2109,18931,15000,2516,116,873,0,0,13,10
2021-02-15T23:59:59+01:00,0,2,308,299,835,1281,911,1811,1218,2719,1392,2334,911,806,1179,1751,817,2579,123,163,525,865,623,1184,843,1897,926,1599,572,561,805,1270,592,2067,18020,14531,2515,76,605,0,0,13,10
2021-02-14T23:59:59+01:00,0,2,308,299,834,1281,910,1811,1216,2719,1392,2334,911,806,1179,1751,817,2579,123,163,524,858,619,1179,837,1891,922,1596,571,560,803,1269,591,2064,18019,14487,2515,75,602,0,0,13,10
2021-02-13T23:59:59+01:00,0,2,308,299,834,1281,910,1808,1216,2717,1392,2332,911,806,1179,1751,817,2579,123,163,524,858,619,1179,835,1888,920,1592,569,560,788,1249,579,2048,18012,14485,2515,1,602,0,0,13,10
2021-02-12T23:59:59+01:00,0,2,304,298,824,1276,906,1778,1210,2689,1364,2303,909,804,1178,1748,817,2579,123,163,522,855,618,1172,829,1876,914,1579,566,558,774,1238,573,2035,18003,14386,2515,1,458,0,0,13,10
2021-02-11T23:59:59+01:00,0,2,285,289,809,1241,900,1743,1194,2623,1342,2248,874,790,1167,1736,816,2569,121,149,504,814,596,1107,795,1776,891,1519,552,544,750,1203,559,2003,17889,13875,2514,0,212,0,0,13,10
2021-02-10T23:59:59+01:00,0,2,282,283,790,1203,887,1713,1182,2577,1327,2206,869,788,1152,1720,811,2552,117,140,437,728,550,1014,717,1649,832,1435,537,528,735,1183,549,1976,17865,13129,2409,0,58,0,0,12,0
2021-02-09T23:59:59+01:00,0,2,282,280,786,1189,875,1696,1167,2558,1313,2182,854,783,1138,1703,800,2536,100,121,382,641,497,885,638,1449,743,1247,485,450,616,1021,481,1738,17766,11496,2363,0,3,0,0,12,0
2021-02-08T23:59:59+01:00,0,2,282,279,784,1184,875,1689,1165,2554,1307,2174,848,780,1122,1681,783,2515,90,99,336,545,444,785,549,1241,635,1082,409,376,532,831,388,1428,17651,9772,2360,0,1,0,0,12,0
2021-02-07T23:59:59+01:00,0,2,281,278,782,1183,874,1689,1165,2553,1307,2171,842,778,1120,1678,782,2513,88,98,334,540,442,781,547,1232,631,1076,404,371,511,808,382,1414,17626,9661,2360,0,0,0,0,12,0
2021-02-06T23:59:59+01:00,0,2,281,277,781,1182,874,1688,1165,2553,1307,2170,841,777,1118,1672,781,2511,88,97,334,537,441,780,546,1228,629,1075,400,366,463,739,354,1369,17609,9448,2359,0,0,0,0,12,0
2021-02-05T23:59:59+01:00,0,2,281,277,781,1181,873,1687,1164,2552,1306,2167,834,771,1095,1662,774,2495,82,95,326,531,425,762,521,1193,600,1033,377,339,441,713,337,1324,17531,9100,2359,0,0,0,0,12,0
2021-02-04T23:59:59+01:00,0,2,278,269,778,1160,861,1665,1151,2524,1292,2144,812,758,1067,1632,767,2479,68,77,256,409,330,595,404,965,487,830,304,275,336,577,277,1114,17291,7304,2336,0,0,0,0,12,0
2021-02-03T23:59:59+01:00,0,2,277,264,774,1138,859,1639,1144,2474,1279,2114,793,744,1050,1609,758,2465,54,54,170,280,256,444,284,715,363,590,208,195,238,424,194,837,17195,5306,2176,0,0,0,0,12,0
2021-02-02T23:59:59+01:00,0,2,276,259,770,1130,852,1617,1136,2449,1267,2097,789,737,1041,1598,756,2457,35,35,92,139,147,255,172,448,235,370,134,125,161,255,136,538,17045,3277,2176,0,0,0,0,12,0
2021-02-01T23:59:59+01:00,0,2,274,256,765,1111,844,1597,1130,2420,1263,2064,780,724,1034,1588,752,2444,11,12,15,27,25,65,45,88,71,102,49,45,57,75,39,178,16861,904,2176,0,0,0,0,11,0
2021-01-31T23:59:59+01:00,0,2,268,254,749,1109,836,1586,1120,2409,1252,2055,774,718,1024,1571,745,2431,10,12,14,26,23,62,39,83,64,94,46,45,53,68,36,165,16826,840,2066,0,0,0,0,11,0
2021-01-30T23:59:59+01:00,0,2,268,254,749,1108,835,1586,1120,2409,1252,2055,773,718,1014,1564,728,2417,10,10,14,26,23,62,39,83,63,92,45,44,52,68,36,164,16822,831,2019,0,0,0,0,11,0
2021-01-29T23:59:59+01:00,0,2,268,254,749,1107,835,1586,1120,2409,1252,2054,772,717,1013,1562,728,2415,9,5,12,24,23,61,37,81,62,92,44,43,52,68,36,164,16815,813,2017,0,0,0,0,11,0
2021-01-28T23:59:59+01:00,0,2,264,249,737,1082,800,1531,1083,2348,1175,1996,731,703,984,1542,712,2393,4,0,3,6,9,25,18,36,20,45,21,22,23,45,15,97,16635,389,1686,0,0,0,0,11,0
2021-01-27T23:59:59+01:00,0,2,258,242,714,1050,752,1476,1025,2267,1102,1915,696,676,970,1521,709,2386,3,0,3,4,6,21,14,22,13,32,6,9,10,10,4,27,16187,184,1563,0,0,0,0,11,0
2021-01-26T23:59:59+01:00,0,2,234,233,697,1026,744,1426,1005,2193,1075,1850,684,662,947,1505,699,2367,3,0,1,4,5,11,12,12,6,11,3,5,6,7,1,16,16136,103,1202,0,0,0,0,11,0
2021-01-25T23:59:59+01:00,0,2,202,218,644,953,692,1303,962,2047,1017,1714,636,607,869,1410,656,2294,3,0,1,4,5,11,12,12,6,11,3,5,6,7,1,16,15908,103,307,0,0,0,0,11,0
2021-01-24T23:59:59+01:00,0,2,185,212,618,941,673,1289,944,2031,1002,1704,629,601,859,1390,647,2281,3,0,1,4,5,10,11,12,5,11,3,5,6,7,1,16,15735,100,262,0,0,0,0,11,0
2021-01-23T23:59:59+01:00,0,2,185,212,618,941,673,1289,944,2031,1002,1704,629,601,859,1390,647,2281,3,0,1,4,5,10,9,12,5,11,3,5,6,7,1,16,15735,98,262,0,0,0,0,11,0
2021-01-22T23:59:59+01:00,0,2,138,194,560,931,655,1274,910,2021,990,1693,624,600,858,1390,647,2281,3,0,0,4,5,10,9,12,5,11,3,5,6,7,1,16,15495,97,262,0,0,0,0,11,0
2021-01-21T23:59:59+01:00,0,2,133,186,545,908,634,1233,877,1967,968,1645,613,579,846,1359,640,2262,3,0,0,4,4,10,9,12,5,11,3,5,6,7,1,15,15124,95,262,0,0,0,0,11,0
2021-01-20T23:59:59+01:00,0,2,128,170,498,842,611,1157,814,1857,931,1574,592,562,829,1336,630,2234,3,0,0,4,4,10,9,12,5,11,3,5,6,7,1,15,14496,95,260,0,0,0,0,11,0
2021-01-19T23:59:59+01:00,0,2,117,152,427,756,549,1030,730,1669,831,1416,548,512,732,1184,558,1988,3,0,0,4,4,8,9,12,5,11,3,5,6,7,1,15,12997,93,193,0,0,0,0,11,0
2021-01-18T23:59:59+01:00,0,2,99,120,358,603,458,858,600,1408,705,1210,480,446,648,1026,491,1719,1,0,0,1,0,0,0,0,0,0,0,0,0,1,0,0,11137,3,83,0,0,0,0,11,0
2021-01-17T23:59:59+01:00,0,2,95,118,354,597,457,853,598,1389,697,1200,475,436,621,997,475,1678,1,0,0,1,0,0,0,0,0,0,0,0,0,1,0,0,10949,3,82,0,0,0,0,11,0
2021-01-16T23:59:59+01:00,0,2,95,115,352,589,454,848,587,1376,686,1188,460,422,526,871,414,1581,0,0,0,1,0,0,0,0,0,0,0,0,0,0,0,0,10552,1,3,0,0,0,0,11,0
2021-01-15T23:59:59+01:00,0,2,94,113,347,587,448,843,581,1369,669,1172,444,404,518,859,406,1558,0,0,0,0,0,0,0,0,0,0,0,0,0,0,0,0,10402,0,1,0,0,0,0,11,0
2021-01-14T23:59:59+01:00,0,0,77,91,290,485,370,679,464,1115,549,990,365,324,406,702,333,1323,0,0,0,0,0,0,0,0,0,0,0,0,0,0,0,0,8552,0,0,0,0,0,0,11,0
2021-01-13T23:59:59+01:00,0,0,63,68,206,367,294,506,350,833,423,709,255,228,298,527,251,1017,0,0,0,0,0,0,0,0,0,0,0,0,0,0,0,0,6385,0,0,0,0,0,0,10,0
2021-01-12T23:59:59+01:00,0,0,41,45,125,216,180,313,209,532,282,441,160,145,192,344,172,683,0,0,0,0,0,0,0,0,0,0,0,0,0,0,0,0,4080,0,0,0,0,0,0,0,0
2021-01-11T23:59:59+01:00,0,0,11,14,42,58,41,93,60,119,93,129,65,58,83,103,49,223,0,0,0,0,0,0,0,0,0,0,0,0,0,0,0,0,1241,0,0,0,0,0,0,0,0
2021-01-10T23:59:59+01:00,0,0,11,14,29,47,34,75,51,110,80,119,57,54,77,93,46,209,0,0,0,0,0,0,0,0,0,0,0,0,0,0,0,0,1106,0,0,0,0,0,0,0,0
2021-01-09T23:59:59+01:00,0,0,11,13,26,46,34,75,50,109,78,116,56,53,76,92,45,208,0,0,0,0,0,0,0,0,0,0,0,0,0,0,0,0,1088,0,0,0,0,0,0,0,0
2021-01-08T23:59:59+01:00,0,0,7,6,26,41,32,72,47,107,77,115,53,49,71,87,41,208,0,0,0,0,0,0,0,0,0,0,0,0,0,0,0,0,1039,0,0,0,0,0,0,0,0
2021-01-07T23:59:59+01:00,0,0,5,1,9,20,15,38,28,77,33,77,32,27,47,74,28,162,0,0,0,0,0,0,0,0,0,0,0,0,0,0,0,0,673,0,0,0,0,0,0,0,0
2021-01-06T23:59:59+01:00,0,0,5,0,4,8,10,30,25,43,19,47,26,24,34,51,19,120,0,0,0,0,0,0,0,0,0,0,0,0,0,0,0,0,465,0,0,0,0,0,0,0,0
2021-01-05T23:59:59+01:00,0,0,5,0,4,8,10,30,25,43,19,47,26,24,34,50,19,120,0,0,0,0,0,0,0,0,0,0,0,0,0,0,0,0,464,0,0,0,0,0,0,0,0
2021-01-04T23:59:59+01:00,0,0,4,0,1,3,4,11,13,12,5,11,3,5,6,8,1,17,0,0,0,0,0,0,0,0,0,0,0,0,0,0,0,0,104,0,0,0,0,0,0,0,0
2021-01-03T23:59:59+01:00,0,0,3,0,1,3,4,10,12,12,5,11,3,5,6,8,1,16,0,0,0,0,0,0,0,0,0,0,0,0,0,0,0,0,100,0,0,0,0,0,0,0,0
2021-01-02T23:59:59+01:00,0,0,3,0,1,3,4,10,10,12,5,11,3,5,6,8,1,16,0,0,0,0,0,0,0,0,0,0,0,0,0,0,0,0,98,0,0,0,0,0,0,0,0
2021-01-01T23:59:59+01:00,0,0,3,0,0,3,4,10,10,12,5,11,3,5,6,7,1,16,0,0,0,0,0,0,0,0,0,0,0,0,0,0,0,0,96,0,0,0,0,0,0,0,0
2020-12-31T23:59:59+01:00,0,0,3,0,0,3,4,10,9,12,5,11,3,5,6,7,1,16,0,0,0,0,0,0,0,0,0,0,0,0,0,0,0,0,95,0,0,0,0,0,0,0,0
2020-12-30T23:59:59+01:00,0,0,3,0,0,3,4,10,9,12,5,11,3,5,6,7,1,16,0,0,0,0,0,0,0,0,0,0,0,0,0,0,0,0,95,0,0,0,0,0,0,0,0
2020-12-29T23:59:59+01:00,0,0,3,0,0,3,4,8,9,12,5,11,3,5,6,7,1,16,0,0,0,0,0,0,0,0,0,0,0,0,0,0,0,0,93,0,0,0,0,0,0,0,0
2020-12-28T23:59:59+01:00,0,0,3,0,0,3,4,8,9,12,5,11,3,5,6,7,1,16,0,0,0,0,0,0,0,0,0,0,0,0,0,0,0,0,93,0,0,0,0,0,0,0,0
2020-12-27T23:59:59+01:00,0,0,1,0,0,0,0,0,0,0,0,0,0,0,1,3,0,7,0,0,0,0,0,0,0,0,0,0,0,0,0,0,0,0,12,0,0,0,0,0,0,0,0
