Datum,<24_1_m,<24_1_w,25-34_1_m,25-34_1_w,35-44_1_m,35-44_1_w,45-54_1_m,45-54_1_w,55-64_1_m,55-64_1_w,65-74_1_m,65-74_1_w,75-84_1_m,75-84_1_w,>84_1_m,>84_1_w,<24_2_m,<24_2_w,25-34_2_m,25-34_2_w,35-44_2_m,35-44_2_w,45-54_2_m,45-54_2_w,55-64_2_m,55-64_2_w,65-74_2_m,65-74_2_w,75-84_2_m,75-84_2_w,>84_2_m,>84_2_w,bp_1,bp_2,mo_1,mo_2,az_1,az_2,ja
2021-05-06T23:59:59+02:00,5241,5748,9343,10251,10580,13131,16095,19082,23445,25261,23265,26366,16875,21382,4768,8217,3085,3144,4789,4780,5263,6134,6763,8126,7602,8264,8816,9652,11452,14474,4395,7554,165482,107118,11800,5084,61210,1533,558
2021-05-05T23:59:59+02:00,5196,5709,9209,10155,10404,12920,15645,18616,22879,24601,23072,26122,16825,21313,4761,8206,3071,3112,4753,4711,5210,6032,6680,7987,7483,8082,8724,9527,11399,14413,4394,7546,162186,106248,11765,5083,61127,1238,555
2021-05-04T23:59:59+02:00,5170,5673,9147,10083,10285,12785,15353,18314,22470,24178,22915,25928,16775,21265,4754,8197,3067,3071,4730,4648,5179,5921,6638,7865,7411,7955,8635,9427,11339,14370,4393,7544,160041,105801,11689,5079,61013,764,549
2021-05-03T23:59:59+02:00,5127,5633,9012,10000,10159,12665,15108,18123,22152,23856,22833,25840,16759,21232,4754,8193,3028,3039,4696,4627,5154,5891,6594,7821,7297,7875,8604,9384,11310,14338,4390,7541,158569,105590,11688,5076,60920,654,269
2021-05-02T23:59:59+02:00,5116,5620,8968,9965,10092,12607,14828,17869,21976,23668,22802,25806,16751,21210,4754,8192,3024,3035,4667,4615,5124,5863,6536,7772,7274,7849,8574,9358,11296,14309,4389,7536,157693,105481,11685,5074,60817,637,29
2021-05-01T23:59:59+02:00,5116,5618,8965,9964,10091,12607,14825,17866,21974,23668,22801,25805,16751,21210,4754,8192,3024,3035,4667,4615,5124,5863,6536,7772,7274,7849,8574,9358,11296,14309,4389,7536,157676,105481,11685,5074,60817,637,29
2021-04-30T23:59:59+02:00,5036,5511,8707,9742,9840,12367,14300,17405,21164,22915,22734,25723,16735,21186,4752,8189,3021,3033,4659,4605,5116,5832,6525,7737,7244,7821,8573,9356,11296,14307,4387,7535,154129,105461,11685,5072,60490,512,2
2021-04-29T23:59:59+02:00,4860,5338,8193,9319,9165,11781,13215,16411,19390,21295,22124,25057,16637,21021,4747,8174,2996,3003,4621,4539,5073,5751,6465,7635,7169,7710,8463,9240,11237,14245,4381,7529,145103,104994,11671,4801,59951,260,2
2021-04-28T23:59:59+02:00,4822,5321,8117,9245,9090,11698,13096,16278,19183,21107,22047,24969,16615,20986,4745,8171,2991,2984,4594,4487,5046,5703,6436,7559,7119,7637,8449,9216,11225,14226,4380,7524,144726,104806,11607,4732,59155,36,2
2021-04-27T23:59:59+02:00,4768,5257,7980,9114,8984,11548,12931,16099,18743,20596,21845,24749,16566,20926,4742,8164,2988,2978,4593,4485,5039,5694,6422,7542,7087,7603,8380,9122,11165,14168,4377,7522,144012,104557,10545,4577,58453,29,2
2021-04-26T23:59:59+02:00,4716,5219,7872,9027,8847,11439,12727,15916,18349,20231,21727,24616,16545,20908,4742,8164,2988,2976,4589,4481,5035,5689,6409,7524,7060,7577,8330,9073,11121,14100,4374,7510,143251,104484,10410,4326,57383,25,1
2021-04-25T23:59:59+02:00,4701,5198,7825,8980,8780,11364,12565,15766,18000,19887,21549,24405,16511,20865,4738,8159,2988,2976,4588,4481,5032,5686,6406,7521,7056,7572,8275,9009,11100,14078,4374,7508,141891,104464,10400,4161,57001,24,1
2021-04-24T23:59:59+02:00,4694,5190,7810,8975,8766,11355,12512,15733,17945,19849,21536,24396,16509,20860,4738,8159,2987,2976,4588,4481,5032,5686,6406,7521,7056,7572,8275,9009,11100,14078,4374,7508,141796,104464,10400,4161,56830,23,1
2021-04-23T23:59:59+02:00,4674,5152,7753,8907,8676,11254,12121,15369,17552,19462,21351,24205,16452,20793,4737,8152,2985,2974,4584,4479,5023,5678,6394,7510,7031,7539,8256,8985,11094,14071,4372,7505,140556,104454,10055,4003,55998,22,1
2021-04-22T23:59:59+02:00,4614,5071,7627,8713,8468,10987,11784,14926,16597,18413,20851,23611,16353,20648,4729,8140,2975,2966,4579,4461,4998,5653,6351,7473,6970,7496,8124,8828,10972,13935,4369,7499,136871,103850,9937,3782,54723,16,1
2021-04-21T23:59:59+02:00,4568,5020,7522,8588,8307,10837,11465,14632,15831,17592,20556,23281,16306,20559,4724,8131,2963,2953,4564,4446,4979,5632,6341,7458,6948,7478,8072,8766,10941,13900,4367,7498,134039,103581,9808,3709,54071,15,1
2021-04-20T23:59:59+02:00,4543,4993,7485,8533,8225,10755,11295,14453,15355,17075,20149,22806,16228,20442,4717,8120,2957,2944,4557,4434,4953,5613,6316,7438,6906,7440,7965,8623,10886,13830,4363,7495,131936,103030,9546,3674,53691,15,1
2021-04-19T23:59:59+02:00,4510,4928,7425,8435,8125,10610,11135,14269,15074,16762,19691,22251,16090,20265,4706,8112,2954,2943,4552,4431,4941,5602,6300,7423,6881,7397,7905,8560,10867,13797,4361,7492,129890,102718,9192,3672,53305,15,1
2021-04-18T23:59:59+02:00,4489,4898,7363,8378,8013,10476,10839,14012,14600,16203,19288,21779,15993,20108,4704,8108,2954,2943,4552,4431,4941,5602,6299,7421,6879,7396,7903,8556,10864,13794,4361,7489,127516,102699,9123,3670,52611,15,1
2021-04-17T23:59:59+02:00,4484,4890,7345,8371,8003,10457,10795,13963,14489,16104,19172,21669,15975,20085,4703,8107,2954,2943,4550,4429,4936,5598,6283,7413,6856,7373,7855,8510,10848,13774,4360,7489,127084,102692,9116,3463,52411,15,1
2021-04-16T23:59:59+02:00,4470,4836,7270,8251,7908,10297,10559,13682,13807,15322,18669,21087,15879,19955,4697,8100,2951,2940,4544,4424,4933,5586,6264,7404,6805,7321,7560,8138,10769,13655,4353,7476,124270,101930,9067,3177,51451,15,1
2021-04-15T23:59:59+02:00,4420,4771,7154,8117,7736,10050,10214,13255,13016,14429,17921,20290,15699,19689,4683,8086,2950,2932,4534,4407,4920,5557,6232,7368,6721,7236,7010,7509,10699,13564,4349,7467,120674,100396,8912,3045,49943,13,1
2021-04-14T23:59:59+02:00,4392,4731,7089,8009,7631,9904,10025,13045,12579,13952,17420,19700,15580,19533,4679,8073,2913,2911,4517,4372,4894,5517,6198,7331,6666,7177,6287,6636,10565,13425,4345,7460,119312,98159,8681,3045,48348,9,1
2021-04-13T23:59:59+02:00,4388,4725,7045,7992,7578,9870,9911,12987,12154,13613,16748,18854,15409,19313,4675,8067,2889,2880,4499,4348,4865,5481,6140,7261,6574,7078,6074,6371,10116,12876,4338,7446,118647,96188,8463,3038,46218,9,1
2021-04-12T23:59:59+02:00,4372,4708,6996,7942,7524,9797,9796,12886,11878,13354,16318,18349,15266,19152,4670,8065,2864,2870,4439,4309,4782,5417,6039,7189,6447,6958,5290,5510,9739,12411,4311,7409,118331,92944,8429,3030,44312,9,1
2021-04-11T23:59:59+02:00,4355,4699,6953,7892,7469,9751,9698,12801,11622,13120,15730,17640,15061,18892,4666,8057,2783,2780,4319,4193,4657,5306,5892,7034,6333,6863,4978,5150,9645,12283,4311,7406,117760,90939,8007,2985,42638,8,1
2021-04-10T23:59:59+02:00,4333,4674,6915,7845,7421,9699,9633,12742,11536,13021,15510,17452,15025,18839,4665,8052,2140,2144,3492,3494,3795,4517,4851,6099,5564,6150,4723,4858,9542,12151,4305,7398,117301,82229,8007,2985,42053,8,1
2021-04-09T23:59:59+02:00,4310,4653,6875,7817,7352,9637,9469,12606,11129,12644,14351,15927,14679,18428,4655,8044,1171,1219,2124,2274,2267,3139,3002,4423,4117,4801,4073,4157,9331,11859,4286,7374,115436,66625,8005,2983,39134,8,1
2021-04-08T23:59:59+02:00,4282,4634,6814,7765,7255,9537,9268,12480,10670,12237,13227,14676,14362,18000,4638,8018,589,671,1207,1553,1350,2189,1886,3316,2734,3392,2879,2819,8600,10964,4185,7208,114227,52553,7926,2980,35709,8,1
2021-04-07T23:59:59+02:00,4233,4602,6733,7713,7166,9472,9135,12336,10352,11926,12523,13932,14201,17789,4633,8001,342,425,844,1211,950,1809,1375,2851,1725,2298,1749,1561,7773,9909,4076,7021,113292,42932,7779,2980,33675,6,1
2021-04-06T23:59:59+02:00,4218,4587,6710,7677,7113,9405,9038,12258,10129,11689,12137,13432,14033,17564,4623,7990,334,409,838,1203,935,1786,1348,2821,1664,2241,1670,1487,7335,9329,3976,6850,112079,41241,7682,2979,32841,5,1
2021-04-05T23:59:59+02:00,4212,4586,6700,7667,7102,9394,9015,12230,10072,11635,12026,13293,13958,17499,4622,7989,332,404,826,1199,930,1777,1336,2801,1642,2204,1616,1433,7085,8999,3896,6718,111812,40214,7661,2978,32526,5,1
2021-04-04T23:59:59+02:00,4212,4586,6697,7660,7101,9393,9014,12230,10061,11630,12023,13290,13956,17499,4622,7989,332,403,826,1199,929,1775,1335,2800,1641,2200,1613,1429,7077,8985,3892,6716,111807,40168,7661,2978,32494,5,1
2021-04-03T23:59:59+02:00,4212,4586,6697,7659,7101,9393,9014,12230,10061,11630,12023,13289,13954,17497,4622,7989,332,402,823,1195,928,1774,1334,2795,1639,2198,1606,1416,7032,8900,3862,6689,111803,39941,7661,2978,32492,5,1
2021-04-02T23:59:59+02:00,4210,4584,6696,7656,7094,9386,9005,12223,10040,11609,11895,13170,13917,17451,4618,7983,330,399,821,1188,921,1763,1318,2768,1596,2157,1497,1321,6211,7920,3508,6225,111684,37276,7657,2661,32195,5,1
2021-04-01T23:59:59+02:00,4168,4571,6657,7637,7057,9356,8954,12183,9967,11529,11505,12693,13609,17043,4614,7973,325,394,804,1171,911,1746,1284,2717,1530,2093,1377,1226,5186,6697,3066,5543,111299,33408,6284,2656,31932,5,1
2021-03-31T23:59:59+02:00,4160,4565,6643,7620,7041,9337,8917,12146,9874,11456,11142,12225,13336,16643,4608,7957,322,391,794,1163,904,1731,1263,2692,1480,2054,1300,1162,4578,5961,2775,5177,110737,31157,5329,2584,31603,5,1
2021-03-30T23:59:59+02:00,4137,4537,6607,7583,6988,9272,8819,12032,9709,11303,10866,11914,13149,16427,4601,7945,317,385,789,1152,893,1725,1242,2684,1453,2032,1274,1136,4447,5830,2728,5094,109917,30786,5085,2389,30886,5,1
2021-03-29T23:59:59+02:00,4128,4514,6583,7558,6949,9216,8723,11932,9500,11088,10405,11392,12849,16043,4587,7919,312,382,789,1147,889,1718,1233,2675,1437,2026,1251,1120,4304,5662,2644,4994,108262,30193,4778,2384,30345,5,1
2021-03-28T23:59:59+02:00,4075,4447,6471,7403,6835,9076,8596,11736,9347,10904,10186,11111,12697,15896,4584,7911,312,382,789,1147,887,1717,1232,2675,1436,2024,1244,1118,4270,5618,2622,4974,107897,30159,4515,2283,28862,4,1
2021-03-27T23:59:59+01:00,4073,4429,6460,7341,6805,8950,8545,11563,9295,10767,10059,10981,12623,15823,4584,7911,312,382,789,1147,887,1715,1231,2673,1433,2023,1241,1115,4243,5583,2611,4961,107890,30059,4515,2282,27803,4,1
2021-03-26T23:59:59+01:00,4068,4419,6429,7304,6774,8871,8495,11445,9206,10646,10008,10923,12589,15773,4577,7895,309,380,787,1144,883,1702,1225,2653,1415,2015,1213,1096,4056,5347,2517,4828,107835,29322,4295,2243,27291,4,1
2021-03-25T23:59:59+01:00,4043,4377,6337,7175,6673,8704,8294,11212,8899,10330,9616,10513,12330,15515,4573,7887,309,378,785,1137,880,1691,1211,2635,1391,1999,1184,1078,3807,5078,2328,4561,107429,28204,4087,2243,24961,4,1
2021-03-24T23:59:59+01:00,3977,4306,6254,7003,6551,8473,8125,10968,8662,10017,9171,9989,11984,15130,4564,7880,309,377,784,1134,875,1689,1205,2626,1374,1986,1177,1068,3733,5000,2162,4349,106922,27604,3956,2240,22175,3,1
2021-03-23T23:59:59+01:00,3958,4270,6206,6951,6469,8403,8007,10840,8402,9782,8724,9460,11596,14706,4556,7868,309,376,782,1123,870,1683,1200,2617,1373,1974,1151,1050,3644,4915,2008,4106,106123,26937,3863,2240,20211,3,1
2021-03-22T23:59:59+01:00,3945,4250,6170,6918,6435,8359,7936,10762,8249,9623,8413,9094,11338,14426,4530,7833,306,370,777,1111,862,1678,1191,2609,1365,1963,1138,1041,3612,4876,1994,4079,105457,26730,3861,2239,18963,3,0
2021-03-21T23:59:59+01:00,3945,4246,6165,6911,6420,8347,7914,10743,8184,9563,8302,8964,11273,14344,4528,7830,304,369,768,1107,853,1673,1185,2607,1361,1958,1134,1039,3603,4860,1980,4071,105383,26630,3860,2239,18436,3,0
2021-03-20T23:59:59+01:00,3937,4199,6155,6838,6406,8204,7887,10550,8139,9452,8221,8877,11242,14309,4528,7830,304,369,768,1107,853,1673,1184,2607,1361,1956,1134,1039,3603,4858,1980,4071,105352,26626,3647,2238,17775,3,0
2021-03-19T23:59:59+01:00,3924,4164,6128,6755,6380,8110,7837,10436,8004,9268,7687,8284,11089,14107,4520,7817,301,368,762,1099,837,1662,1159,2577,1308,1909,1046,963,2880,3989,1639,3599,103765,23857,3348,2238,17397,3,0
2021-03-18T23:59:59+01:00,3912,4144,6086,6714,6348,8044,7768,10351,7860,9107,6709,7169,10892,13894,4509,7799,300,368,758,1095,830,1656,1142,2566,1283,1890,1004,945,2656,3712,1509,3421,100807,22894,3190,2238,17309,3,0
2021-03-17T23:59:59+01:00,3869,4102,6018,6636,6289,7943,7672,10225,7736,8950,5922,6194,10742,13744,4495,7778,299,368,753,1090,827,1645,1131,2550,1259,1868,978,921,2546,3598,1465,3341,98062,22398,3189,2238,17064,3,0
2021-03-16T23:59:59+01:00,3850,4066,5980,6582,6243,7877,7614,10153,7648,8858,5739,5986,10150,13070,4461,7726,291,358,741,1075,815,1636,1125,2534,1246,1860,965,900,2318,3331,1354,3179,96023,21489,3179,2236,16801,3,0
2021-03-15T23:59:59+01:00,3819,4045,5898,6515,6136,7785,7488,10043,7512,8721,4954,5109,9776,12585,4425,7670,290,357,738,1071,814,1627,1123,2522,1238,1851,949,886,2164,3145,1282,3104,92625,20923,3172,2236,16684,2,0
2021-03-14T23:59:59+01:00,3674,3865,5636,6190,5894,7457,7189,9609,7269,8439,4616,4722,9654,12422,4422,7660,290,357,738,1071,814,1627,1121,2521,1236,1848,948,884,2161,3141,1279,3104,90403,20904,3119,2234,15196,2,0
2021-03-13T23:59:59+01:00,2929,3124,4684,5335,4888,6516,5952,8472,6362,7594,4321,4364,9286,11918,4357,7578,289,356,735,1069,811,1618,1118,2515,1235,1846,948,883,2129,3101,1257,3074,79728,20748,3119,2234,14833,2,0
2021-03-12T23:59:59+01:00,1988,2206,3327,4156,3376,5173,4138,6783,4894,6210,3659,3679,7995,10303,3963,7041,285,352,730,1066,807,1611,1111,2497,1206,1827,901,856,1729,2585,1043,2776,60969,19146,3117,2234,14805,2,0
2021-03-11T23:59:59+01:00,1407,1664,2421,3401,2461,4226,3027,5664,3520,4800,2549,2459,6214,8084,3371,6098,280,344,715,1057,794,1587,1092,2467,1182,1786,861,832,1553,2331,941,2614,43741,18200,3116,2234,14509,2,0
2021-03-10T23:59:59+01:00,1161,1427,2052,3040,2077,3838,2564,5247,2542,3728,1458,1275,4855,6342,2930,5494,270,336,700,1041,774,1546,1060,2409,1150,1733,836,813,1364,2112,858,2473,32758,17307,3116,2166,14156,2,0
2021-03-09T23:59:59+01:00,1140,1384,1988,2904,2014,3729,2481,5106,2464,3619,1426,1248,4777,6263,2896,5445,263,328,689,1023,753,1518,1036,2371,1134,1709,821,798,1271,1981,804,2372,32354,16747,3113,2122,13417,2,0
2021-03-08T23:59:59+01:00,1116,1354,1939,2810,1972,3651,2424,5002,2411,3563,1387,1226,4623,6078,2809,5334,263,323,685,1018,750,1509,1029,2363,1123,1690,802,773,1085,1737,702,2235,31667,15967,3113,2119,12919,1,0
2021-03-07T23:59:59+01:00,1109,1335,1902,2770,1933,3609,2387,4935,2374,3539,1381,1223,4617,6070,2806,5334,263,323,685,1018,750,1509,1029,2363,1122,1690,798,773,1077,1726,694,2225,31655,15967,3108,2078,12561,0,0
2021-03-06T23:59:59+01:00,1107,1331,1894,2755,1920,3590,2372,4905,2355,3521,1368,1210,4584,6030,2795,5323,263,323,685,1018,750,1509,1029,2363,1122,1690,798,773,1077,1726,694,2224,31513,15967,3108,2077,12439,0,0
2021-03-05T23:59:59+01:00,1101,1327,1877,2734,1891,3562,2332,4851,2308,3493,1327,1179,4303,5681,2666,5132,262,321,678,1013,747,1502,1027,2356,1118,1685,788,770,1070,1716,693,2222,30775,15892,2778,2076,12211,0,0
2021-03-04T23:59:59+01:00,1001,1162,1795,2618,1825,3433,2259,4693,2225,3365,1296,1157,4042,5391,2462,4851,262,319,676,1009,745,1496,1026,2348,1113,1681,773,764,1061,1705,686,2211,29594,15822,2774,2053,11207,0,0
2021-03-03T23:59:59+01:00,946,1049,1741,2530,1759,3350,2197,4595,2162,3299,1286,1142,3919,5278,2256,4589,261,314,675,1002,742,1474,1020,2306,1099,1661,760,760,1052,1683,680,2205,28927,15790,2659,1904,10512,0,0
2021-03-02T23:59:59+01:00,894,963,1649,2407,1669,3230,2111,4471,2100,3228,1258,1123,3777,5127,2094,4312,261,313,674,996,739,1472,1017,2301,1095,1652,758,757,1037,1660,671,2189,28284,15689,2470,1903,9659,0,0
2021-03-01T23:59:59+01:00,860,902,1555,2278,1600,3097,2013,4316,2031,3126,1240,1113,3722,5057,2056,4259,260,313,672,994,739,1470,1013,2298,1092,1651,753,755,1030,1649,666,2184,28040,15636,2385,1903,8800,0,0
2021-02-28T23:59:59+01:00,851,873,1537,2214,1572,3018,1993,4225,2018,3060,1235,1109,3713,5042,2043,4250,260,313,672,993,739,1469,1013,2298,1091,1650,751,754,1021,1634,663,2176,27935,15627,2385,1870,8433,0,0
2021-02-27T23:59:59+01:00,833,851,1516,2149,1557,2906,1970,4089,1999,2984,1232,1107,3713,5040,2042,4249,260,313,672,993,739,1468,1013,2298,1091,1649,751,754,1021,1634,663,2176,27928,15625,2384,1870,7925,0,0
2021-02-26T23:59:59+01:00,686,763,1426,2030,1504,2752,1907,3833,1895,2769,1139,1033,3001,4163,1686,3764,260,313,670,992,739,1467,1013,2294,1089,1648,748,749,1001,1617,656,2164,25131,15551,2384,1869,6836,0,0
2021-02-25T23:59:59+01:00,514,675,1325,1924,1437,2627,1840,3702,1801,2660,1088,1007,2750,3848,1549,3569,258,297,654,968,703,1399,971,2197,1023,1568,699,732,971,1575,645,2142,24062,15462,2355,1340,5899,0,0
2021-02-24T23:59:59+01:00,479,642,1256,1823,1377,2487,1768,3575,1739,2539,1058,979,2616,3713,1506,3481,246,278,630,927,682,1338,940,2136,976,1528,673,711,933,1542,633,2117,23502,15284,2344,1006,5192,0,0
2021-02-23T23:59:59+01:00,419,592,1173,1681,1310,2333,1687,3374,1678,2428,1034,949,2394,3453,1402,3327,240,269,616,903,670,1302,917,2092,954,1488,664,701,922,1528,632,2113,22588,15200,2334,811,4312,0,0
2021-02-22T23:59:59+01:00,404,562,1073,1582,1212,2247,1598,3286,1603,2376,1015,934,2240,3266,1329,3250,229,254,588,851,642,1235,892,1999,911,1412,627,673,852,1447,601,2064,22012,15015,2330,262,3635,0,0
2021-02-21T23:59:59+01:00,380,543,964,1552,1061,2223,1446,3264,1510,2360,1011,932,2239,3265,1329,3250,198,247,561,844,631,1226,878,1994,908,1410,624,671,847,1443,595,2057,21983,14885,2330,249,3016,0,0
2021-02-20T23:59:59+01:00,380,542,963,1552,1060,2223,1446,3263,1510,2358,1011,931,2238,3265,1328,3249,197,245,557,844,628,1225,871,1991,907,1410,624,671,847,1443,595,2057,21978,14863,2329,249,3012,0,0
2021-02-19T23:59:59+01:00,373,532,955,1550,1049,2213,1434,3246,1479,2340,959,902,1814,2701,1085,2924,174,235,531,840,611,1216,857,1989,901,1409,621,670,845,1443,594,2055,20238,14742,2329,249,2989,0,0
2021-02-18T23:59:59+01:00,352,508,910,1465,1014,2127,1384,3124,1441,2263,928,877,1614,2430,982,2746,153,223,493,829,586,1205,823,1969,882,1390,610,653,824,1411,586,2044,19253,14432,2329,249,2583,0,0
2021-02-17T23:59:59+01:00,324,447,830,1331,907,1917,1251,2887,1336,2062,895,853,1415,2186,894,2601,147,218,486,803,570,1162,790,1900,837,1321,577,623,818,1389,582,2025,18180,13999,2329,249,1627,0,0
2021-02-16T23:59:59+01:00,316,398,789,1191,859,1733,1190,2687,1282,1926,887,839,1340,2079,841,2516,138,202,474,760,551,1110,768,1837,806,1284,567,610,798,1358,569,1966,17806,13685,2328,113,739,0,0
2021-02-15T23:59:59+01:00,298,358,769,1169,841,1684,1147,2615,1248,1875,862,809,1142,1826,733,2365,129,194,462,742,539,1057,746,1770,783,1214,547,575,780,1319,560,1930,16893,13274,2328,73,520,0,0
2021-02-14T23:59:59+01:00,297,358,768,1169,840,1684,1145,2615,1248,1875,862,809,1142,1826,733,2365,129,193,461,736,534,1052,742,1766,780,1211,545,575,779,1318,560,1927,16892,13235,2328,73,516,0,0
2021-02-13T23:59:59+01:00,297,358,768,1168,840,1681,1145,2613,1248,1873,862,809,1142,1826,733,2365,129,193,461,736,534,1052,741,1762,778,1209,542,575,765,1297,548,1911,16884,13233,2328,0,516,0,0
2021-02-12T23:59:59+01:00,293,357,764,1160,836,1654,1139,2581,1221,1851,862,808,1141,1823,733,2365,129,192,459,733,532,1044,734,1752,774,1195,539,573,751,1285,542,1900,16878,13134,2328,0,382,0,0
2021-02-11T23:59:59+01:00,272,349,753,1132,831,1621,1123,2527,1202,1802,830,794,1131,1812,732,2355,125,173,444,690,509,979,700,1646,749,1149,529,559,726,1246,529,1874,16767,12627,2327,0,172,0,0
2021-02-10T23:59:59+01:00,269,341,740,1107,820,1600,1117,2498,1193,1782,826,793,1115,1792,727,2339,123,163,401,649,480,919,650,1570,724,1111,513,544,717,1224,519,1855,16744,12162,2259,0,56,0,0
2021-02-09T23:59:59+01:00,269,338,734,1094,811,1585,1102,2480,1179,1763,815,789,1100,1775,719,2324,107,143,355,574,445,794,580,1406,647,961,455,457,603,1061,453,1637,16661,10678,2214,0,2,0,0
2021-02-08T23:59:59+01:00,269,337,732,1089,811,1580,1101,2475,1172,1756,810,787,1079,1748,707,2306,96,124,329,512,411,707,510,1223,559,845,387,383,527,867,359,1342,16547,9181,2211,0,1,0,0
2021-02-07T23:59:59+01:00,268,336,731,1088,810,1580,1101,2473,1172,1754,804,785,1077,1744,706,2305,94,123,327,507,409,703,507,1214,555,842,384,380,504,843,355,1328,16523,9075,2211,0,0,0,0
2021-02-06T23:59:59+01:00,268,335,731,1088,810,1579,1101,2473,1172,1753,803,782,1074,1740,706,2303,94,122,327,504,408,701,506,1211,553,842,381,376,453,770,327,1291,16508,8866,2210,0,0,0,0
2021-02-05T23:59:59+01:00,268,335,730,1086,810,1579,1101,2471,1171,1751,798,778,1051,1727,701,2290,86,118,320,497,394,683,482,1176,524,811,361,350,432,747,313,1258,16437,8552,2210,0,0,0,0
2021-02-04T23:59:59+01:00,265,327,726,1066,800,1557,1085,2443,1157,1731,775,762,1025,1698,695,2277,68,89,245,375,298,533,379,945,422,643,292,283,332,593,255,1058,16202,6810,2187,0,0,0,0
2021-02-03T23:59:59+01:00,264,317,723,1049,798,1525,1078,2392,1140,1708,761,750,1006,1675,689,2268,55,61,164,268,230,407,274,690,307,463,196,201,233,436,181,788,16111,4954,2032,0,0,0,0
2021-02-02T23:59:59+01:00,263,312,719,1041,795,1506,1067,2371,1134,1692,758,745,996,1663,688,2259,35,39,94,144,141,238,177,451,199,296,129,125,154,261,131,519,15978,3133,2031,0,0,0,0
2021-02-01T23:59:59+01:00,262,307,710,1026,790,1485,1064,2343,1131,1664,749,733,991,1655,683,2245,13,12,16,27,28,63,47,95,58,86,45,43,53,75,41,170,15807,872,2031,0,0,0,0
2021-01-31T23:59:59+01:00,255,305,695,1024,782,1474,1052,2331,1121,1656,744,727,981,1636,676,2234,12,12,14,26,26,60,40,89,54,79,41,43,49,67,38,160,15772,810,1921,0,0,0,0
2021-01-30T23:59:59+01:00,255,305,695,1024,781,1474,1052,2331,1121,1656,743,727,981,1635,676,2234,12,10,14,26,26,60,39,89,53,77,41,42,48,67,38,159,15769,801,1921,0,0,0,0
2021-01-29T23:59:59+01:00,255,305,695,1024,781,1474,1052,2331,1121,1656,742,725,980,1634,676,2232,11,6,13,26,26,58,38,88,52,77,40,41,48,67,38,159,15763,788,1920,0,0,0,0
2021-01-28T23:59:59+01:00,251,298,679,999,746,1417,1013,2268,1050,1606,701,714,951,1608,666,2216,4,0,3,9,11,21,17,42,19,39,20,21,23,46,16,98,15587,389,1596,0,0,0,0
2021-01-27T23:59:59+01:00,246,293,660,969,705,1371,958,2197,982,1534,669,686,940,1590,664,2209,3,0,3,6,8,17,12,27,13,28,5,7,10,9,5,25,15198,178,1475,0,0,0,0
2021-01-26T23:59:59+01:00,239,280,647,945,696,1325,938,2118,960,1477,657,675,919,1572,654,2192,3,0,1,6,6,7,11,11,5,12,3,3,6,6,2,16,15148,98,1146,0,0,0,0
2021-01-25T23:59:59+01:00,221,264,612,876,657,1217,902,1978,903,1362,613,622,840,1469,617,2130,3,0,1,6,6,7,11,11,5,12,3,3,6,6,2,16,14979,98,304,0,0,0,0
2021-01-24T23:59:59+01:00,202,253,587,869,640,1202,882,1962,891,1352,605,616,831,1449,608,2118,3,0,1,6,5,7,11,11,4,12,3,3,6,6,2,16,14807,96,260,0,0,0,0
2021-01-23T23:59:59+01:00,202,253,587,869,640,1202,882,1962,891,1352,605,616,831,1449,608,2118,3,0,1,6,5,7,10,11,4,12,3,3,6,6,2,16,14807,95,260,0,0,0,0
2021-01-22T23:59:59+01:00,150,234,534,860,619,1188,852,1950,880,1344,600,615,831,1449,608,2118,3,0,0,6,5,7,10,11,4,12,3,3,6,6,2,16,14572,94,260,0,0,0,0
2021-01-21T23:59:59+01:00,144,223,519,836,597,1148,814,1892,861,1302,593,594,817,1417,603,2103,3,0,0,6,4,7,10,11,4,12,3,3,6,6,2,15,14203,92,260,0,0,0,0
2021-01-20T23:59:59+01:00,137,205,485,785,576,1088,757,1797,830,1243,572,577,800,1395,595,2076,3,0,0,6,4,7,10,11,4,12,3,3,6,6,2,15,13660,92,258,0,0,0,0
2021-01-19T23:59:59+01:00,122,179,412,707,517,955,679,1620,735,1109,519,513,700,1221,525,1842,3,0,0,6,4,7,10,11,4,12,3,3,6,6,2,15,12164,92,191,0,0,0,0
2021-01-18T23:59:59+01:00,106,147,354,576,435,794,564,1375,630,959,455,451,623,1051,460,1591,1,0,0,0,0,0,0,0,0,0,0,0,0,1,0,0,10490,2,81,0,0,0,0
2021-01-17T23:59:59+01:00,102,145,350,571,434,787,561,1358,622,951,452,444,594,1020,446,1548,1,0,0,0,0,0,0,0,0,0,0,0,0,1,0,0,10304,2,81,0,0,0,0
2021-01-16T23:59:59+01:00,102,142,348,563,432,779,551,1344,610,943,438,430,495,882,386,1464,0,0,0,0,0,0,0,0,0,0,0,0,0,0,0,0,9907,0,2,0,0,0,0
2021-01-15T23:59:59+01:00,100,140,344,561,426,774,545,1335,591,929,424,414,485,867,379,1443,0,0,0,0,0,0,0,0,0,0,0,0,0,0,0,0,9757,0,0,0,0,0,0
2021-01-14T23:59:59+01:00,76,109,282,454,351,619,434,1086,488,776,350,333,387,713,312,1237,0,0,0,0,0,0,0,0,0,0,0,0,0,0,0,0,8007,0,0,0,0,0,0
2021-01-13T23:59:59+01:00,59,79,201,340,274,460,333,780,362,555,238,233,280,530,232,938,0,0,0,0,0,0,0,0,0,0,0,0,0,0,0,0,5894,0,0,0,0,0,0
2021-01-12T23:59:59+01:00,41,55,127,214,173,296,214,525,238,354,152,146,181,353,164,650,0,0,0,0,0,0,0,0,0,0,0,0,0,0,0,0,3883,0,0,0,0,0,0
2021-01-11T23:59:59+01:00,14,17,45,58,43,88,66,130,73,109,63,56,79,109,48,213,0,0,0,0,0,0,0,0,0,0,0,0,0,0,0,0,1211,0,0,0,0,0,0
2021-01-10T23:59:59+01:00,14,16,33,47,35,71,54,122,66,99,54,52,74,97,45,202,0,0,0,0,0,0,0,0,0,0,0,0,0,0,0,0,1081,0,0,0,0,0,0
2021-01-09T23:59:59+01:00,14,15,30,46,35,71,51,121,65,96,54,51,73,96,43,201,0,0,0,0,0,0,0,0,0,0,0,0,0,0,0,0,1062,0,0,0,0,0,0
2021-01-08T23:59:59+01:00,10,9,30,42,33,67,49,120,64,95,51,46,67,92,40,201,0,0,0,0,0,0,0,0,0,0,0,0,0,0,0,0,1016,0,0,0,0,0,0
2021-01-07T23:59:59+01:00,5,2,10,23,18,34,26,89,32,63,31,27,46,76,27,158,0,0,0,0,0,0,0,0,0,0,0,0,0,0,0,0,667,0,0,0,0,0,0
2021-01-06T23:59:59+01:00,5,0,4,11,13,27,22,50,19,39,25,24,32,51,20,114,0,0,0,0,0,0,0,0,0,0,0,0,0,0,0,0,456,0,0,0,0,0,0
2021-01-05T23:59:59+01:00,5,0,4,11,13,27,22,50,19,39,25,24,32,50,20,114,0,0,0,0,0,0,0,0,0,0,0,0,0,0,0,0,455,0,0,0,0,0,0
2021-01-04T23:59:59+01:00,4,0,1,6,4,7,12,11,4,12,3,3,6,7,2,17,0,0,0,0,0,0,0,0,0,0,0,0,0,0,0,0,99,0,0,0,0,0,0
2021-01-03T23:59:59+01:00,3,0,1,6,4,7,11,11,4,12,3,3,6,7,2,16,0,0,0,0,0,0,0,0,0,0,0,0,0,0,0,0,96,0,0,0,0,0,0
2021-01-02T23:59:59+01:00,3,0,1,6,4,7,10,11,4,12,3,3,6,7,2,16,0,0,0,0,0,0,0,0,0,0,0,0,0,0,0,0,95,0,0,0,0,0,0
2021-01-01T23:59:59+01:00,3,0,0,6,4,7,10,11,4,12,3,3,6,6,2,16,0,0,0,0,0,0,0,0,0,0,0,0,0,0,0,0,93,0,0,0,0,0,0
2020-12-31T23:59:59+01:00,3,0,0,6,4,7,10,11,4,12,3,3,6,6,2,16,0,0,0,0,0,0,0,0,0,0,0,0,0,0,0,0,93,0,0,0,0,0,0
2020-12-30T23:59:59+01:00,3,0,0,6,4,7,10,11,4,12,3,3,6,6,2,16,0,0,0,0,0,0,0,0,0,0,0,0,0,0,0,0,93,0,0,0,0,0,0
2020-12-29T23:59:59+01:00,3,0,0,6,4,7,10,11,4,12,3,3,6,6,2,16,0,0,0,0,0,0,0,0,0,0,0,0,0,0,0,0,93,0,0,0,0,0,0
2020-12-28T23:59:59+01:00,3,0,0,6,4,7,10,11,4,12,3,3,6,6,2,16,0,0,0,0,0,0,0,0,0,0,0,0,0,0,0,0,93,0,0,0,0,0,0
2020-12-27T23:59:59+01:00,1,0,0,0,0,0,0,0,0,0,0,0,1,3,0,7,0,0,0,0,0,0,0,0,0,0,0,0,0,0,0,0,12,0,0,0,0,0,0
