Datum,<15_m,<15_w,15-24_1_m,15-24_1_w,25-34_1_m,25-34_1_w,35-44_1_m,35-44_1_w,45-54_1_m,45-54_1_w,55-64_1_m,55-64_1_w,65-74_1_m,65-74_1_w,75-84_1_m,75-84_1_w,>84_1_m,>84_1_w,<24_2_m,<24_2_w,25-34_2_m,25-34_2_w,35-44_2_m,35-44_2_w,45-54_2_m,45-54_2_w,55-64_2_m,55-64_2_w,65-74_2_m,65-74_2_w,75-84_2_m,75-84_2_w,>84_2_m,>84_2_w,bp_1,bp_2,mo_1,mo_2,az_1,az_2,ja,unb_1,unb_2
2021-10-16T23:59:59+02:00,4007,3707,25803,24779,34972,32333,34747,34700,40132,40466,43563,43616,28416,31648,20233,25361,6336,10702,23255,22298,32551,29718,32798,32480,38076,38081,41490,41581,27403,30473,19529,24397,6062,10136,341153,319766,45620,43922,77568,71254,21124,61,35
2021-10-15T23:59:59+02:00,3997,3697,25765,24751,34942,32307,34724,34677,40113,40455,43551,43611,28412,31645,20230,25358,6334,10698,23195,22230,32497,29671,32769,32436,38047,38054,41470,41565,27396,30465,19527,24393,6062,10132,340925,319329,45604,43896,77567,71254,21115,61,35
2021-10-14T23:59:59+02:00,3978,3672,25694,24695,34884,32246,34681,34642,40082,40422,43521,43596,28405,31636,20225,25355,6332,10695,23112,22144,32435,29579,32719,32381,37990,38011,41433,41528,27379,30451,19519,24385,6059,10132,340478,318659,45583,43851,77567,71254,21077,61,35
2021-10-13T23:59:59+02:00,3966,3650,25665,24674,34863,32218,34663,34627,40069,40398,43503,43578,28397,31628,20220,25342,6325,10687,23080,22107,32409,29541,32708,32347,37973,37991,41416,41517,27372,30437,19512,24378,6059,10127,340199,318349,45581,43843,77567,71254,21070,61,35
2021-10-12T23:59:59+02:00,3949,3630,25615,24622,34803,32157,34632,34598,40041,40371,43483,43565,28385,31614,20216,25333,6319,10680,22993,22011,32309,29453,32665,32299,37916,37954,41391,41480,27348,30424,19505,24368,6056,10117,339779,317665,45564,43806,77567,71252,21047,61,35
2021-10-11T23:59:59+02:00,3942,3618,25590,24597,34787,32134,34602,34580,40030,40360,43472,43551,28375,31605,20209,25328,6315,10676,22963,21979,32266,29418,32639,32268,37899,37938,41370,41463,27342,30418,19499,24361,6054,10113,339563,317353,45549,43798,77567,71252,21036,61,35
2021-10-10T23:59:59+02:00,3939,3616,25586,24590,34779,32124,34596,34566,40023,40355,43464,43544,28374,31600,20204,25324,6315,10672,22951,21961,32254,29401,32634,32261,37888,37927,41364,41458,27337,30415,19498,24360,6054,10113,339465,317228,45547,43795,77567,71252,21036,61,35
2021-10-09T23:59:59+02:00,3938,3613,25585,24587,34778,32120,34594,34565,40020,40351,43462,43544,28372,31599,20203,25321,6314,10672,22951,21961,32254,29401,32632,32260,37887,37927,41363,41457,27337,30415,19497,24360,6054,10112,339432,317219,45547,43795,77567,71252,21036,61,35
2021-10-08T23:59:59+02:00,3903,3589,25516,24530,34719,32065,34561,34534,39986,40323,43428,43518,28362,31589,20191,25305,6306,10668,22853,21897,32205,29346,32595,32213,37859,37884,41338,41433,27325,30397,19492,24352,6050,10111,338926,316675,45528,43780,77567,71251,21016,61,35
2021-10-07T23:59:59+02:00,3879,3545,25441,24449,34649,31994,34513,34494,39948,40283,43398,43490,28352,31577,20175,25295,6299,10658,22728,21755,32135,29261,32543,32135,37814,37837,41295,41393,27305,30379,19476,24339,6043,10099,338339,315808,45501,43755,77567,71250,20976,61,35
2021-10-06T23:59:59+02:00,3865,3526,25404,24406,34609,31955,34487,34463,39929,40266,43380,43472,28344,31568,20162,25276,6295,10646,22695,21714,32104,29224,32521,32104,37798,37813,41277,41379,27295,30369,19466,24327,6041,10095,337963,315471,45498,43752,77567,71250,20969,61,35
2021-10-05T23:59:59+02:00,3843,3507,25347,24346,34538,31880,34448,34424,39909,40230,43342,43448,28334,31556,20142,25256,6290,10616,22619,21598,32012,29133,32466,32041,37756,37771,41247,41350,27279,30359,19456,24317,6031,10085,337448,314776,45476,43726,77565,71248,20911,61,35
2021-10-04T23:59:59+02:00,3820,3485,25300,24304,34494,31849,34414,34393,39885,40212,43322,43429,28327,31548,20134,25240,6281,10603,22574,21552,31983,29085,32436,32017,37736,37753,41221,41334,27268,30343,19447,24308,6027,10078,337061,314429,45465,43711,77565,71245,20893,61,35
2021-10-03T23:59:59+02:00,3811,3483,25285,24298,34485,31844,34408,34387,39881,40203,43317,43425,28323,31546,20131,25231,6280,10596,22560,21541,31975,29075,32422,32008,37729,37747,41213,41331,27266,30338,19443,24302,6022,10072,336959,314304,45464,43710,77565,71245,20890,61,35
2021-10-02T23:59:59+02:00,3811,3483,25285,24297,34484,31844,34408,34387,39880,40203,43317,43425,28323,31546,20131,25231,6280,10596,22560,21541,31975,29075,32422,32008,37729,37747,41213,41331,27266,30338,19443,24302,6022,10072,336956,314303,45464,43710,77565,71245,20890,61,35
2021-10-01T23:59:59+02:00,3792,3465,25237,24230,34422,31775,34346,34347,39847,40179,43287,43407,28320,31540,20129,25229,6278,10593,22460,21452,31923,29005,32372,31966,37693,37699,41188,41315,27259,30333,19439,24297,6021,10070,336520,313742,45440,43683,77564,71243,20843,61,35
2021-09-30T23:59:59+02:00,3760,3423,25137,24115,34320,31697,34276,34289,39777,40121,43236,43366,28305,31521,20114,25217,6274,10580,22340,21334,31841,28901,32312,31895,37640,37651,41148,41289,27230,30321,19436,24284,6019,10065,335752,312950,45399,43658,77559,71243,20762,61,34
2021-09-29T23:59:59+02:00,3742,3403,25110,24071,34292,31669,34250,34263,39757,40099,43216,43349,28296,31513,20109,25211,6268,10573,22312,21303,31818,28881,32291,31871,37623,37634,41132,41277,27223,30309,19432,24275,6018,10064,335434,312705,45395,43654,77559,71243,20747,61,34
2021-09-28T23:59:59+02:00,3715,3373,25023,24001,34211,31602,34202,34214,39712,40060,43181,43320,28280,31494,20101,25199,6264,10564,22219,21229,31751,28808,32244,31824,37589,37591,41107,41252,27202,30294,19430,24266,6015,10062,334885,312201,45361,43624,77559,71242,20655,61,34
2021-09-27T23:59:59+02:00,3693,3349,24985,23975,34174,31564,34181,34184,39692,40028,43162,43299,28273,31484,20093,25194,6260,10556,22183,21197,31719,28768,32218,31803,37567,37573,41088,41239,27193,30289,19427,24262,6014,10058,334561,311935,45352,43608,77558,71242,20619,61,34
2021-09-26T23:59:59+02:00,3540,3244,24927,23940,34164,31556,34174,34181,39686,40021,43156,43293,28272,31482,20091,25193,6259,10555,22167,21178,31715,28761,32214,31799,37559,37566,41083,41234,27190,30285,19424,24260,6013,10057,334154,311831,45352,43607,77558,71241,20614,61,34
2021-09-25T23:59:59+02:00,3539,3244,24926,23940,34164,31556,34174,34181,39685,40020,43155,43293,28272,31481,20091,25193,6259,10555,22165,21175,31715,28761,32212,31798,37556,37564,41083,41234,27190,30284,19424,24260,6013,10057,334148,311816,45352,43607,77558,71241,20614,61,34
2021-09-24T23:59:59+02:00,3515,3212,24845,23864,34051,31476,34106,34118,39628,39973,43121,43267,28257,31470,20088,25187,6258,10553,22079,21087,31622,28697,32165,31760,37500,37526,41063,41212,27177,30273,19421,24257,6012,10057,333622,311360,45319,43594,77557,71240,20435,61,33
2021-09-23T23:59:59+02:00,3346,3061,24707,23714,33961,31385,34030,34059,39570,39921,43063,43223,28240,31456,20080,25175,6255,10551,21965,20985,31554,28619,32115,31704,37464,37492,41028,41178,27163,30254,19414,24241,6011,10054,332583,310743,45290,43576,77557,71238,20311,61,33
2021-09-22T23:59:59+02:00,3323,3036,24671,23662,33929,31352,34007,34022,39543,39905,43040,43199,28231,31447,20076,25164,6255,10546,21937,20956,31517,28581,32097,31676,37442,37477,41005,41167,27153,30248,19411,24237,6011,10053,332239,310482,45281,43572,77555,71237,20277,61,33
2021-09-21T23:59:59+02:00,3199,2903,24474,23508,33786,31252,33943,33939,39474,39858,43018,43157,28212,31427,20067,25158,6247,10539,21800,20818,31407,28476,32020,31598,37388,37428,40972,41133,27142,30236,19403,24222,6008,10048,331189,309705,45242,43544,77555,71236,20119,61,33
2021-09-20T23:59:59+02:00,3175,2881,24429,23461,33741,31211,33913,33906,39444,39827,42994,43132,28207,31418,20063,25152,6247,10535,21763,20777,31363,28429,31999,31562,37359,37410,40958,41124,27132,30229,19394,24216,6006,10041,330827,309406,45226,43537,77555,71234,20072,61,32
2021-09-19T23:59:59+02:00,3171,2879,24419,23455,33733,31203,33906,33899,39439,39812,42985,43131,28206,31417,20063,25150,6247,10535,21756,20772,31359,28421,31996,31561,37352,37402,40950,41123,27132,30229,19393,24215,6006,10041,330750,309353,45226,43536,77554,71234,20064,61,32
2021-09-18T23:59:59+02:00,3171,2879,24419,23455,33733,31203,33906,33899,39439,39812,42985,43131,28206,31417,20063,25150,6247,10535,21756,20772,31359,28419,31994,31561,37352,37402,40950,41123,27132,30229,19393,24214,6006,10041,330750,309348,45226,43536,77554,71234,20064,61,32
2021-09-17T23:59:59+02:00,3144,2841,24314,23341,33628,31102,33830,33831,39369,39758,42950,43104,28192,31409,20061,25144,6245,10533,21676,20695,31289,28357,31929,31514,37312,37369,40930,41109,27124,30214,19391,24207,6006,10040,330101,308899,45184,43516,77553,71234,19902,60,32
2021-09-16T23:59:59+02:00,3094,2792,24201,23209,33533,30993,33763,33726,39323,39698,42897,43055,28166,31388,20045,25133,6242,10525,21571,20599,31207,28285,31865,31449,37289,37314,40897,41071,27113,30194,19384,24199,6004,10039,329280,308304,45145,43507,77553,71228,19749,60,32
2021-09-15T23:59:59+02:00,3071,2779,24160,23161,33502,30949,33748,33695,39293,39670,42879,43037,28156,31377,20039,25127,6241,10523,21534,20556,31175,28238,31838,31426,37257,37280,40874,41045,27099,30185,19377,24191,6004,10035,328949,307944,45132,43506,77552,71226,19718,60,32
2021-09-14T23:59:59+02:00,3031,2747,24054,23019,33358,30808,33664,33610,39236,39618,42828,42987,28138,31361,20030,25119,6237,10518,21449,20474,31084,28148,31774,31364,37208,37237,40830,41019,27089,30165,19368,24183,6002,10032,328138,307420,45097,43499,77551,71222,19521,60,32
2021-09-13T23:59:59+02:00,3013,2728,24004,22966,33312,30748,33632,33560,39211,39588,42797,42963,28132,31348,20025,25117,6235,10514,21398,20427,31039,28097,31745,31332,37185,37217,40816,40997,27083,30159,19364,24179,6001,10031,327757,307120,45081,43486,77551,71221,19448,60,32
2021-09-12T23:59:59+02:00,3009,2721,24000,22958,33307,30744,33623,33554,39206,39585,42794,42961,28130,31346,20024,25116,6235,10513,21382,20418,31030,28079,31726,31324,37179,37210,40810,40991,27078,30158,19362,24176,6001,10029,327691,306998,45081,43486,77550,71220,19448,60,32
2021-09-11T23:59:59+02:00,3007,2720,23998,22956,33305,30743,33621,33553,39206,39583,42793,42961,28127,31344,20024,25116,6235,10513,21378,20417,31029,28076,31726,31324,37179,37209,40809,40990,27076,30158,19362,24176,6001,10029,327671,306982,45081,43486,77550,71220,19447,60,32
2021-09-10T23:59:59+02:00,2965,2678,23865,22828,33176,30627,33519,33478,39132,39499,42745,42921,28111,31327,20019,25108,6234,10511,21261,20314,30917,27983,31637,31271,37116,37167,40763,40957,27068,30148,19356,24166,5999,10028,326930,306440,45061,43467,77550,71219,19146,60,32
2021-09-09T23:59:59+02:00,2915,2639,23690,22680,33067,30499,33421,33378,39061,39428,42705,42874,28084,31309,20010,25102,6232,10509,21141,20183,30824,27886,31561,31176,37053,37111,40714,40909,27044,30132,19347,24157,5995,10025,326051,305688,45037,43447,77548,71216,18917,54,32
2021-09-08T23:59:59+02:00,2894,2608,23651,22631,33038,30460,33405,33350,39041,39407,42690,42859,28078,31300,20007,25097,6231,10509,21108,20151,30793,27870,31546,31151,37035,37088,40703,40895,27037,30125,19341,24152,5994,10024,325739,305456,45031,43443,77548,71215,18888,54,30
2021-09-07T23:59:59+02:00,2841,2553,23501,22486,32918,30353,33330,33264,38985,39343,42646,42825,28060,31283,20003,25092,6230,10506,20972,20017,30675,27786,31471,31085,36987,37036,40665,40866,27020,30100,19335,24141,5993,10022,324988,304806,45006,43421,77547,71210,18627,54,30
2021-09-06T23:59:59+02:00,2818,2538,23470,22442,32887,30320,33309,33244,38964,39330,42630,42810,28057,31279,20001,25090,6229,10503,20931,19974,30644,27759,31451,31060,36968,37017,40651,40854,27012,30092,19333,24132,5990,10020,324723,304506,44990,43413,77546,71209,18611,54,30
2021-09-05T23:59:59+02:00,2807,2535,23463,22436,32885,30315,33307,33239,38961,39327,42626,42804,28055,31275,19999,25089,6228,10502,20919,19967,30634,27753,31448,31056,36965,37015,40646,40851,27007,30090,19331,24128,5989,10020,324658,304432,44989,43413,77546,71209,18609,54,30
2021-09-04T23:59:59+02:00,2807,2535,23460,22435,32884,30315,33307,33238,38961,39326,42625,42803,28055,31275,19999,25089,6228,10502,20917,19967,30634,27753,31447,31055,36965,37015,40645,40851,27007,30090,19331,24128,5989,10020,324652,304425,44989,43413,77546,71209,18606,54,30
2021-09-03T23:59:59+02:00,2784,2501,23383,22358,32812,30244,33267,33195,38917,39297,42595,42790,28047,31262,19998,25087,6226,10501,20868,19909,30586,27714,31414,31020,36937,36990,40616,40839,26999,30082,19329,24126,5988,10020,324153,304082,44961,43405,77544,71201,18555,54,30
2021-09-02T23:59:59+02:00,2754,2469,23277,22261,32751,30153,33208,33140,38879,39264,42556,42757,28027,31250,19994,25073,6224,10498,20794,19848,30527,27652,31376,30989,36898,36953,40583,40810,26989,30070,19326,24115,5988,10020,323548,303656,44931,43388,77543,71196,18462,54,30
2021-09-01T23:59:59+02:00,2732,2455,23253,22224,32722,30121,33186,33114,38852,39243,42543,42741,28019,31243,19989,25071,6224,10498,20753,19804,30496,27624,31349,30963,36879,36937,40565,40793,26979,30061,19325,24109,5988,10020,323293,303376,44920,43381,77542,71195,18424,54,30
2021-08-31T23:59:59+02:00,2687,2412,23130,22119,32641,30021,33132,33056,38807,39201,42517,42716,28008,31237,19983,25067,6223,10494,20665,19710,30425,27564,31300,30920,36839,36905,40536,40768,26970,30049,19319,24104,5988,10018,322715,302959,44890,43366,77541,71188,18254,54,30
2021-08-30T23:59:59+02:00,2665,2388,23077,22076,32601,29979,33108,33019,38778,39181,42498,42698,28003,31230,19976,25058,6222,10490,20539,19609,30328,27469,31240,30869,36806,36877,40515,40734,26955,30035,19318,24095,5988,10016,322375,302248,44875,43357,77541,71183,18205,54,30
2021-08-29T23:59:59+02:00,2634,2358,22990,22013,32538,29922,33065,32988,38732,39145,42468,42677,27994,31223,19973,25053,6222,10489,20436,19541,30259,27419,31205,30835,36765,36848,40490,40716,26942,30024,19317,24090,5988,10016,321921,301820,44860,43334,77539,71173,18113,54,30
2021-08-28T23:59:59+02:00,2628,2356,22990,22013,32534,29922,33064,32988,38729,39144,42467,42677,27993,31223,19973,25053,6222,10489,20435,19540,30254,27418,31205,30832,36762,36846,40490,40716,26942,30024,19317,24090,5988,10016,321908,301809,44860,43333,77539,71173,18107,54,30
2021-08-27T23:59:59+02:00,2628,2356,22985,22009,32529,29922,33063,32985,38727,39142,42463,42677,27992,31223,19973,25053,6221,10489,20429,19538,30245,27417,31204,30830,36759,36845,40488,40716,26942,30024,19317,24089,5988,10016,321892,301794,44860,43333,77539,71170,18095,54,30
2021-08-26T23:59:59+02:00,2545,2272,22795,21803,32396,29780,32945,32878,38639,39053,42398,42608,27967,31190,19960,25035,6220,10483,20157,19268,30103,27250,31062,30704,36650,36750,40403,40642,26900,29983,19298,24065,5982,10014,320671,300279,44840,43309,77538,71154,17867,54,30
2021-08-25T23:59:59+02:00,2539,2264,22775,21778,32385,29759,32931,32863,38627,39039,42387,42602,27962,31187,19953,25029,6217,10481,20109,19224,30067,27220,31041,30668,36624,36718,40385,40626,26887,29970,19295,24057,5981,10013,320484,299916,44840,43309,77538,71153,17865,54,30
2021-08-24T23:59:59+02:00,2521,2253,22736,21736,32359,29714,32912,32830,38617,39019,42368,42588,27956,31176,19948,25021,6216,10480,20071,19182,30034,27179,31020,30633,36610,36697,40365,40608,26881,29960,19291,24054,5981,10009,320196,299627,44830,43304,77538,71148,17835,54,30
2021-08-23T23:59:59+02:00,2502,2221,22665,21663,32288,29657,32876,32799,38578,38988,42338,42575,27940,31167,19945,25010,6216,10478,19945,19060,29916,27099,30955,30586,36561,36654,40323,40579,26869,29947,19285,24044,5981,10003,319753,298892,44819,43279,77536,71141,17747,54,30
2021-08-22T23:59:59+02:00,2493,2212,22629,21631,32269,29639,32860,32791,38561,38972,42333,42566,27936,31162,19940,25010,6216,10477,19906,19022,29880,27066,30924,30550,36540,36638,40304,40557,26861,29943,19282,24041,5981,10001,319583,298602,44813,43276,77535,71132,17715,54,30
2021-08-21T23:59:59+02:00,2474,2199,22574,21581,32229,29602,32836,32767,38547,38949,42316,42556,27929,31154,19938,25007,6216,10476,19804,18923,29808,27008,30890,30506,36505,36596,40280,40536,26850,29934,19277,24037,5979,10001,319337,298093,44800,43261,77533,71126,17629,54,30
2021-08-20T23:59:59+02:00,2436,2157,22485,21474,32153,29519,32773,32719,38497,38909,42274,42528,27922,31140,19934,24992,6215,10472,19630,18796,29682,26905,30815,30446,36442,36550,40234,40498,26835,29915,19268,24028,5978,9997,318751,297277,44777,43235,77530,71108,17490,54,30
2021-08-19T23:59:59+02:00,2346,2089,22323,21338,32015,29395,32684,32636,38396,38831,42204,42474,27896,31107,19927,24980,6210,10463,19371,18590,29470,26755,30695,30336,36323,36456,40132,40413,26807,29885,19257,24012,5974,9992,317816,296005,44757,43205,77530,71083,17160,54,30
2021-08-18T23:59:59+02:00,2336,2080,22297,21316,31993,29374,32662,32613,38368,38813,42191,42458,27881,31097,19921,24975,6210,10461,19316,18530,29430,26721,30669,30305,36295,36435,40108,40382,26790,29874,19253,24000,5969,9988,317555,295570,44757,43205,77530,71081,17153,54,30
2021-08-17T23:59:59+02:00,2319,2064,22272,21288,31977,29344,32636,32588,38355,38801,42167,42439,27875,31084,19915,24970,6210,10461,19273,18479,29399,26682,30624,30278,36267,36400,40080,40358,26768,29859,19246,23983,5965,9984,317308,295167,44757,43202,77530,71077,17119,54,30
2021-08-16T23:59:59+02:00,2280,2047,22206,21245,31936,29300,32613,32567,38331,38780,42135,42422,27866,31077,19913,24960,6210,10460,19065,18334,29253,26568,30547,30189,36219,36348,40043,40316,26748,29843,19239,23964,5959,9982,316960,294165,44757,43196,77528,71075,17052,54,30
2021-08-15T23:59:59+02:00,2253,2024,22152,21188,31888,29260,32589,32534,38303,38761,42114,42408,27859,31072,19907,24953,6209,10460,18946,18217,29094,26440,30467,30106,36151,36297,39988,40259,26729,29819,19229,23955,5956,9981,316625,293238,44748,43179,77527,71067,16983,54,30
2021-08-14T23:59:59+02:00,2247,2021,22126,21172,31876,29244,32585,32528,38295,38756,42108,42405,27858,31071,19906,24952,6209,10459,18833,18123,29031,26376,30427,30058,36127,36266,39967,40244,26721,29813,19226,23954,5955,9978,316536,292693,44745,43159,77527,71063,16959,54,30
2021-08-13T23:59:59+02:00,2230,2010,22080,21134,31839,29220,32548,32500,38280,38742,42098,42395,27856,31066,19903,24949,6208,10459,18577,17863,28851,26217,30311,29966,36075,36197,39922,40208,26705,29801,19221,23945,5952,9974,316300,291323,44740,43143,77525,71053,16901,54,30
2021-08-12T23:59:59+02:00,2194,1972,21993,21040,31768,29144,32491,32450,38233,38699,42061,42361,27840,31047,19896,24939,6206,10459,18270,17548,28599,25989,30167,29837,35981,36104,39846,40140,26669,29754,19201,23922,5950,9971,315728,289571,44729,43090,77522,71006,16763,54,30
2021-08-11T23:59:59+02:00,2192,1967,21973,21024,31750,29124,32476,32434,38225,38690,42050,42345,27831,31044,19893,24935,6205,10455,18215,17492,28563,25944,30119,29798,35960,36066,39810,40107,26657,29727,19194,23912,5950,9969,315549,289092,44729,43087,77522,71003,16762,54,30
2021-08-10T23:59:59+02:00,2183,1946,21945,20987,31713,29102,32460,32414,38197,38663,42032,42336,27825,31036,19892,24932,6204,10451,17694,17038,28387,25786,30025,29708,35792,35943,39760,40064,26633,29704,19187,23896,5946,9968,315300,287389,44724,43058,77520,70753,16725,52,30
2021-08-09T23:59:59+02:00,2159,1932,21894,20936,31656,29055,32426,32384,38172,38643,42018,42312,27814,31027,19891,24923,6203,10449,17221,16577,28255,25679,29970,29654,35745,35898,39726,40029,26624,29690,19182,23890,5946,9966,314924,285903,44718,43038,77520,70740,16683,52,30
2021-08-08T23:59:59+02:00,2143,1914,21840,20892,31611,29018,32391,32358,38148,38635,41996,42291,27807,31023,19885,24919,6203,10446,16876,16236,28144,25596,29913,29581,35697,35860,39704,40003,26612,29677,19173,23881,5944,9961,314606,284665,44717,43017,77519,70732,16629,52,30
2021-08-07T23:59:59+02:00,2099,1871,21704,20810,31528,28950,32317,32297,38091,38585,41963,42263,27798,30996,19880,24910,6201,10444,16364,15785,27840,25306,29685,29394,35517,35703,39564,39891,26556,29613,19154,23852,5941,9957,313976,282012,44684,42895,77513,70644,16485,52,30
2021-08-06T23:59:59+02:00,2089,1861,21653,20771,31487,28918,32285,32278,38065,38565,41951,42247,27794,30987,19876,24910,6201,10444,15337,14805,26687,24409,29395,29163,35268,35503,39249,39651,26514,29567,19144,23842,5940,9954,313747,277008,44680,42873,77513,69841,16393,52,30
2021-08-05T23:59:59+02:00,2050,1832,21544,20684,31428,28840,32224,32219,38006,38514,41906,42209,27777,30968,19867,24897,6199,10441,14446,14060,25663,23626,28680,28647,34738,35067,38931,39405,26447,29487,19111,23808,5937,9944,313184,272112,44657,42822,77512,68342,16203,52,30
2021-08-04T23:59:59+02:00,2030,1813,21472,20633,31384,28768,32190,32176,37969,38492,41872,42180,27764,30952,19862,24884,6197,10437,14075,13718,25256,23318,28467,28420,34595,34941,38833,39312,26408,29442,19089,23785,5932,9939,312731,269663,44650,42792,77512,68300,16133,52,30
2021-08-03T23:59:59+02:00,2021,1797,21445,20607,31368,28754,32177,32166,37959,38478,41856,42167,27755,30946,19857,24877,6196,10435,13991,13626,25177,23241,28399,28363,34547,34894,38781,39273,26381,29415,19077,23773,5929,9933,312527,268932,44646,42789,77510,68274,16129,52,30
2021-08-02T23:59:59+02:00,2011,1776,21400,20568,31322,28732,32150,32135,37933,38463,41843,42152,27746,30934,19857,24869,6195,10431,13788,13416,24470,22692,28116,28140,34398,34782,38703,39210,26354,29383,19069,23769,5929,9931,312237,266514,44643,42775,77510,68046,16078,52,30
2021-08-01T23:59:59+02:00,1991,1759,21347,20521,31273,28693,32123,32116,37914,38444,41822,42135,27740,30927,19854,24861,6195,10431,13617,13254,24170,22438,27877,27922,34307,34674,38635,39139,26338,29364,19063,23763,5929,9929,311934,264813,44637,42763,77509,68023,16017,52,30
2021-07-31T23:59:59+02:00,1966,1729,21267,20444,31202,28654,32067,32076,37879,38415,41798,42114,27736,30919,19849,24857,6195,10431,12672,12228,23651,21996,27531,27565,33996,34378,38201,38795,26267,29279,19037,23718,5924,9923,311513,259775,44625,42727,77507,67451,15903,52,30
2021-07-30T23:59:59+02:00,1941,1709,21245,20423,31170,28635,32052,32058,37873,38408,41790,42106,27731,30916,19848,24857,6194,10431,12585,12155,23324,21706,27251,27353,33777,34214,38039,38660,26243,29261,19036,23710,5924,9921,311330,258350,44624,42719,77507,66894,15876,52,30
2021-07-29T23:59:59+02:00,1872,1640,21013,20185,31028,28486,31949,31946,37780,38318,41695,42045,27703,30891,19835,24838,6187,10422,11956,11621,22192,20866,26208,26513,32793,33521,37655,38368,26160,29160,19007,23663,5918,9912,310114,252728,44595,42629,77499,65135,15575,52,30
2021-07-28T23:59:59+02:00,1852,1625,20973,20132,31009,28456,31933,31925,37759,38299,41672,42024,27692,30879,19830,24828,6187,10420,11676,11319,21781,20483,25776,26087,32628,33365,37543,38276,26123,29109,18988,23640,5917,9907,309794,249804,44595,42629,77487,65074,15570,51,30
2021-07-27T23:59:59+02:00,1842,1619,20933,20089,30985,28423,31899,31909,37738,38265,41648,42011,27685,30872,19829,24823,6187,10417,11430,11103,21578,20294,25633,25967,32516,33258,37454,38193,26092,29071,18978,23628,5914,9903,309556,248325,44595,42595,77486,65002,15488,51,29
2021-07-26T23:59:59+02:00,1816,1583,20807,19959,30876,28322,31840,31844,37682,38197,41606,41980,27659,30854,19818,24809,6181,10414,11137,10778,21071,19851,25383,25758,32354,33107,37323,38105,26056,29037,18965,23605,5913,9895,308789,246030,44563,42481,77480,64797,15366,51,29
2021-07-25T23:59:59+02:00,1809,1575,20784,19947,30865,28312,31828,31829,37674,38191,41596,41970,27655,30851,19817,24807,6181,10413,11032,10671,20921,19745,25149,25563,32115,32897,37179,37972,26038,29023,18959,23597,5912,9892,308671,244768,44554,42466,77471,64384,15359,51,29
2021-07-24T23:59:59+02:00,1789,1560,20702,19872,30821,28272,31793,31793,37645,38162,41574,41958,27648,30845,19814,24805,6181,10413,10969,10616,20846,19683,25077,25502,32062,32867,37149,37951,26032,29018,18957,23595,5912,9892,308319,244399,44543,42443,77467,64318,15269,51,29
2021-07-23T23:59:59+02:00,1734,1525,20509,19726,30660,28158,31705,31719,37578,38110,41535,41914,27637,30828,19809,24799,6180,10408,10710,10412,20488,19383,24269,24857,31579,32535,36581,37494,25989,28976,18941,23577,5911,9890,307486,241535,44534,42395,77450,62926,15014,51,29
2021-07-22T23:59:59+02:00,1670,1468,20198,19453,30419,27976,31575,31605,37448,38003,41438,41831,27610,30804,19798,24775,6176,10407,10249,10033,19743,18869,23314,24187,30869,31947,35546,36733,25878,28877,18907,23544,5909,9886,306008,237924,44498,41730,77444,60397,14654,51,29
2021-07-21T23:59:59+02:00,1655,1460,20160,19401,30389,27945,31551,31582,37428,37978,41417,41807,27601,30796,19793,24769,6171,10403,9939,9699,19280,18416,22438,23421,30534,31614,35311,36535,25795,28780,18876,23491,5901,9876,305679,235174,44489,40038,77442,60224,14646,51,28
2021-07-20T23:59:59+02:00,1648,1454,20127,19374,30359,27921,31526,31562,37412,37960,41405,41794,27586,30781,19793,24762,6171,10400,9671,9421,18947,18149,22165,23137,30357,31457,35146,36391,25749,28733,18860,23455,5900,9872,305422,232776,44487,40030,77441,60123,14635,51,28
2021-07-19T23:59:59+02:00,1637,1446,20013,19288,30275,27849,31467,31507,37393,37941,41390,41776,27581,30770,19787,24755,6170,10397,9474,9225,18635,17875,21703,22716,30103,31226,35027,36288,25715,28694,18842,23439,5900,9869,304845,231148,44481,39091,77439,60008,14627,51,28
2021-07-18T23:59:59+02:00,1626,1440,19944,19221,30146,27750,31402,31441,37331,37889,41346,41724,27560,30739,19778,24740,6166,10394,9365,9110,18467,17724,21512,22527,29933,31028,34912,36187,25683,28671,18831,23421,5900,9863,304051,229890,44481,38788,77437,59967,14618,51,28
2021-07-17T23:59:59+02:00,1625,1436,19937,19219,30146,27749,31402,31437,37326,37887,41342,41722,27559,30738,19777,24740,6166,10394,9345,9095,18436,17702,21493,22514,29923,31021,34894,36183,25680,28669,18831,23420,5900,9863,304020,229739,44481,38785,77437,59956,14614,51,28
2021-07-16T23:59:59+02:00,1572,1391,19662,18973,30024,27653,31320,31367,37270,37824,41301,41690,27540,30721,19770,24730,6164,10388,9227,8980,18057,17399,21190,22241,29533,30664,34759,36076,25656,28645,18824,23407,5898,9861,303029,228464,44458,38063,77436,59626,14387,51,27
2021-07-15T23:59:59+02:00,1514,1348,19402,18726,29849,27506,31210,31268,37186,37741,41231,41623,27497,30691,19754,24717,6160,10385,8864,8678,17149,16573,19642,21014,28612,29742,34136,35496,25488,28463,18768,23357,5892,9849,301752,222355,44417,36604,77428,58705,14161,51,27
2021-07-14T23:59:59+02:00,1500,1335,19372,18689,29823,27480,31185,31236,37174,37727,41212,41616,27488,30684,19745,24710,6159,10382,8575,8381,16599,15971,19149,20494,28048,29242,33745,35120,25375,28334,18728,23290,5887,9838,301468,218185,44416,36247,77425,58275,14158,51,27
2021-07-13T23:59:59+02:00,1489,1324,19335,18664,29806,27455,31161,31220,37159,37700,41188,41588,27479,30670,19743,24705,6158,10376,8267,8119,16203,15623,18872,20215,27786,28992,33474,34862,25276,28213,18695,23249,5885,9833,301182,215486,44415,36212,77424,57782,14149,51,27
2021-07-12T23:59:59+02:00,1473,1314,19287,18646,29770,27426,31144,31199,37147,37683,41172,41575,27475,30666,19741,24699,6157,10376,8007,7907,15923,15346,18172,19666,27470,28670,33061,34500,25108,28016,18636,23175,5879,9828,300922,214202,44414,34279,77424,56802,14140,51,27
2021-07-11T23:59:59+02:00,1463,1306,19255,18615,29742,27394,31127,31168,37139,37662,41158,41563,27466,30657,19739,24699,6156,10375,7963,7860,15857,15276,18082,19612,27385,28607,32947,34437,25053,27971,18616,23153,5879,9825,300669,213623,44411,34268,77422,56556,14132,51,27
2021-07-10T23:59:59+02:00,1334,1190,18749,18196,29292,27094,30842,30934,36890,37502,40954,41413,27392,30597,19713,24667,6153,10372,7833,7791,15569,15138,17865,19461,27142,28465,32780,34321,24987,27925,18600,23140,5878,9825,298455,213202,44272,34146,77394,56314,13113,51,27
2021-07-09T23:59:59+02:00,1323,1184,18721,18165,29270,27077,30829,30921,36879,37490,40943,41404,27388,30593,19711,24663,6153,10371,7791,7745,15499,15071,17800,19367,26921,28235,32531,34108,24923,27862,18578,23114,5878,9822,298307,212917,44253,34143,77393,55153,13082,51,27
2021-07-08T23:59:59+02:00,1245,1102,18452,17949,29119,26925,30690,30800,36776,37387,40844,41326,27354,30559,19692,24643,6148,10365,7621,7607,15200,14823,17368,19007,26229,27631,32256,33841,24754,27705,18519,23052,5875,9814,297033,211776,44196,32721,77385,54134,12712,51,27
2021-07-07T23:59:59+02:00,1146,1010,18141,17626,28918,26740,30558,30674,36664,37266,40737,41239,27320,30510,19678,24627,6145,10362,7424,7396,14760,14457,16903,18563,25475,27019,31847,33459,24487,27380,18425,22959,5866,9805,295457,208860,44144,31886,77374,53173,12336,51,27
2021-07-06T23:59:59+02:00,1123,993,18064,17557,28872,26690,30508,30627,36628,37231,40702,41208,27303,30484,19667,24613,6143,10359,7207,7165,14415,14096,16552,18213,24723,26372,31546,33195,24296,27165,18377,22888,5859,9798,294878,206794,44140,30480,77371,52277,12333,51,27
2021-07-05T23:59:59+02:00,1081,965,17988,17493,28829,26632,30468,30592,36603,37186,40674,41182,27297,30470,19661,24607,6143,10354,6978,6979,14111,13824,16201,17850,24166,25861,30974,32628,24016,26867,18269,22748,5851,9788,294387,205299,44138,28379,77367,51144,12283,51,27
2021-07-04T23:59:59+02:00,1059,949,17916,17442,28791,26610,30445,30563,36593,37177,40659,41170,27291,30459,19656,24604,6143,10353,6953,6960,14059,13774,16124,17790,24082,25804,30819,32536,23923,26778,18237,22707,5849,9784,294068,204905,44138,28369,77356,50631,12268,51,27
2021-07-03T23:59:59+02:00,645,579,16176,15721,27626,25693,29649,29843,35949,36565,40156,40740,27132,30292,19590,24516,6134,10336,6565,6718,13547,13476,15726,17488,23719,25526,30514,32340,23826,26682,18204,22667,5845,9780,286547,204610,44099,28293,77272,50340,9374,51,27
2021-07-02T23:59:59+02:00,606,540,16046,15575,27468,25545,29569,29784,35918,36538,40137,40727,27126,30283,19587,24513,6134,10336,6518,6644,13473,13379,15639,17356,23575,25343,30360,32175,23634,26471,18115,22589,5843,9777,285644,203927,44099,28134,77271,49456,9368,51,27
2021-07-01T23:59:59+02:00,548,492,15867,15421,27256,25390,29490,29705,35864,36487,40072,40681,27105,30264,19576,24500,6132,10332,6375,6513,13126,13105,15108,16917,22304,24353,29599,31491,23353,26183,17996,22454,5836,9761,284454,200386,44095,26457,77258,48301,9325,51,25
2021-06-30T23:59:59+02:00,518,472,15762,15313,27144,25304,29422,29632,35807,36435,40030,40646,27090,30233,19565,24483,6128,10332,6179,6331,12694,12718,14539,16369,21679,23754,29006,30960,22934,25717,17865,22271,5829,9749,283625,196123,44092,26432,77252,46734,9297,51,25
2021-06-29T23:59:59+02:00,462,422,15006,14644,26877,25080,29325,29533,35727,36354,39961,40598,27071,30208,19557,24470,6128,10330,6066,6205,12435,12457,14144,15973,20888,23129,28420,30406,22486,25193,17712,22097,5821,9739,281120,192973,44089,25921,77243,45016,9251,51,25
2021-06-28T23:59:59+02:00,426,391,14378,14000,26719,24975,29253,29467,35667,36288,39918,40564,27053,30188,19549,24459,6128,10326,5999,6108,12256,12317,13957,15797,20263,22578,28020,30031,22150,24836,17583,21934,5816,9734,279178,191290,44086,25257,77238,43624,9197,51,25
2021-06-27T23:59:59+02:00,349,324,14034,13628,26656,24917,29215,29431,35645,36266,39899,40550,27042,30181,19546,24455,6127,10325,5961,6065,12140,12200,13811,15668,19709,22100,27411,29529,21873,24497,17462,21810,5812,9733,278068,190450,44082,23731,77227,42426,9163,51,25
2021-06-26T23:59:59+02:00,348,323,14023,13616,26641,24906,29209,29424,35638,36265,39896,40549,27041,30180,19546,24455,6127,10325,5956,6062,12130,12198,13805,15665,19696,22088,27366,29494,21726,24367,17422,21754,5811,9731,277994,190426,44079,23727,77227,41945,9162,51,25
2021-06-25T23:59:59+02:00,224,210,12763,12398,25174,23755,28910,29191,35532,36180,39828,40487,27017,30153,19535,24443,6125,10323,5913,6015,12032,12116,13661,15544,19385,21849,26980,29135,21404,23973,17245,21557,5808,9722,271761,189198,44075,23442,77206,40532,9156,51,25
2021-06-24T23:59:59+02:00,159,156,11789,11567,24059,22875,28547,28837,35383,36013,39711,40381,26978,30104,19524,24419,6123,10319,5695,5784,11576,11701,13080,14952,17845,20449,25327,27538,20631,23113,16927,21150,5798,9712,266517,184205,44053,19819,77202,38120,9122,51,25
2021-06-23T23:59:59+02:00,123,130,11424,11246,23562,22502,28298,28594,35206,35885,39621,40292,26947,30077,19515,24381,6121,10307,5621,5673,11364,11486,12780,14602,17451,20039,24578,26768,19835,22363,16734,20896,5790,9696,263896,181852,44045,19199,77197,35570,9043,51,25
2021-06-22T23:59:59+02:00,102,117,11242,11036,23401,22362,28218,28521,35130,35823,39574,40246,26932,30052,19507,24372,6121,10306,5511,5552,11096,11227,12413,14232,16848,19438,23844,25999,19455,21938,16571,20717,5783,9680,262749,178812,44042,18327,77195,34124,9026,51,25
2021-06-21T23:59:59+02:00,90,105,10991,10853,22568,21698,27965,28292,35062,35760,39511,40203,26915,30033,19501,24362,6121,10305,5393,5452,10878,11013,12105,13909,16458,19092,23394,25531,19163,21623,16466,20597,5777,9678,260162,177350,44031,17312,77188,32947,8904,51,25
2021-06-20T23:59:59+02:00,84,104,10926,10762,22319,21483,27706,28091,34982,35683,39466,40159,26903,30017,19499,24357,6119,10302,5352,5399,10791,10912,12010,13806,16261,18908,23124,25290,19062,21516,16413,20539,5771,9674,258872,177039,44030,16248,77182,32697,8827,51,25
2021-06-19T23:59:59+02:00,83,100,10903,10739,22287,21460,27688,28078,34970,35679,39457,40155,26902,30016,19499,24355,6119,10302,5321,5367,10709,10822,11918,13686,16113,18757,22816,24928,18974,21429,16401,20526,5770,9674,258722,176933,44010,14750,77182,32684,8827,51,25
2021-06-18T23:59:59+02:00,80,98,10855,10690,21970,21135,27426,27860,34916,35642,39425,40132,26893,30007,19498,24352,6119,10300,5306,5358,10680,10791,11878,13637,16051,18694,22732,24832,18808,21247,16356,20460,5769,9669,257333,176537,44006,14749,77181,32138,8827,51,25
2021-06-17T23:59:59+02:00,71,90,10274,10260,20692,20178,26563,27125,34545,35317,39166,39941,26829,29925,19477,24315,6112,10295,5109,5218,10304,10538,11434,13235,15370,18082,21363,23513,18350,20757,16192,20288,5765,9655,251549,171233,43986,14174,77168,31328,8421,51,25
2021-06-16T23:59:59+02:00,63,78,9938,9952,20007,19545,25930,26524,34294,35114,39005,39791,26783,29872,19453,24290,6111,10291,4965,5074,9915,10205,10974,12783,14666,17392,20510,22576,17946,20310,16021,20075,5755,9643,247710,167445,43970,12903,77154,30289,8156,51,25
2021-06-15T23:59:59+02:00,48,72,9697,9708,19708,19299,25705,26326,34163,35007,38909,39710,26751,29836,19446,24275,6106,10287,4861,4959,9675,9989,10739,12523,14241,16965,19908,21997,17622,19918,15799,19843,5746,9631,245936,165350,43960,11813,77147,29278,7959,51,24
2021-06-14T23:59:59+02:00,44,67,9565,9582,19407,19040,25527,26183,34043,34927,38845,39670,26733,29816,19440,24264,6106,10284,4780,4896,9485,9851,10564,12387,13978,16747,19592,21702,17456,19760,15697,19709,5745,9627,244732,163886,43958,11811,77143,28604,7659,51,24
2021-06-13T23:59:59+02:00,43,63,9405,9454,19117,18857,25172,25929,33844,34759,38737,39603,26717,29804,19430,24256,6106,10280,4697,4827,9274,9678,10396,12211,13652,16400,19243,21371,17328,19612,15650,19644,5743,9625,243086,163020,43958,11810,77138,27161,7343,51,24
2021-06-12T23:59:59+02:00,43,63,9396,9436,19105,18844,25172,25924,33844,34756,38734,39602,26717,29804,19430,24256,6106,10280,4694,4813,9262,9616,10363,12109,13603,16246,19188,21235,17219,19486,15533,19542,5741,9623,243038,162990,43958,11808,77133,26126,7332,51,24
2021-06-11T23:59:59+02:00,38,59,9237,9255,18872,18634,24370,25251,33666,34600,38599,39489,26684,29770,19419,24232,6106,10275,4616,4703,9041,9357,10103,11811,13081,15694,18212,20336,17033,19288,15493,19498,5738,9620,240119,158961,43956,11807,77128,25537,7302,51,24
2021-06-10T23:59:59+02:00,36,55,8843,8925,18224,18138,23521,24579,33347,34319,38396,39324,26625,29715,19395,24204,6103,10268,4441,4526,8467,8862,9293,11089,11930,14587,16209,18414,16143,18322,15207,19131,5729,9598,236497,149253,43302,11774,77102,23837,7067,49,24
2021-06-09T23:59:59+02:00,19,37,8391,8424,17389,17413,22369,23536,32861,33850,38109,39103,26515,29610,19347,24145,6093,10255,4304,4409,8176,8599,9048,10835,11596,14218,15725,17865,15768,17890,14965,18846,5722,9588,232494,147415,41408,11733,77060,21918,6471,33,24
2021-06-08T23:59:59+02:00,11,25,8071,8105,16919,17002,21947,23170,32617,33655,37946,38973,26471,29570,19337,24123,6090,10250,4185,4327,7922,8348,8742,10491,11237,13871,15084,17161,15306,17366,14703,18567,5717,9570,229767,145706,41377,10616,77050,20203,6055,33,24
2021-06-07T23:59:59+02:00,8,21,7874,7875,16561,16679,21408,22714,32335,33386,37828,38856,26442,29522,19317,24094,6085,10249,4109,4247,7741,8205,8583,10345,11066,13699,14769,16833,15106,17110,14529,18374,5713,9565,228146,144619,40407,10523,77030,19197,5638,33,24
2021-06-06T23:59:59+02:00,6,18,7767,7766,16427,16532,21212,22507,32106,33161,37692,38750,26415,29497,19305,24077,6085,10243,4081,4211,7693,8085,8529,10213,10958,13552,14572,16612,14920,16930,14440,18253,5706,9559,226910,144129,40107,10510,77012,18154,5504,33,24
2021-06-05T23:59:59+02:00,6,18,7745,7752,16401,16508,21204,22504,32095,33154,37690,38749,26414,29497,19304,24076,6085,10243,4071,4171,7678,8020,8515,10081,10944,13380,14553,16507,14885,16875,14431,18243,5706,9558,226804,144047,40107,10510,77011,17554,5490,33,24
2021-06-04T23:59:59+02:00,6,16,7634,7650,16122,16269,20930,22254,31672,32779,37575,38627,26381,29458,19293,24063,6083,10241,4064,4162,7650,7997,8488,10050,10877,13307,14448,16374,14803,16782,14394,18199,5706,9556,225205,143709,39333,10180,76992,17461,5490,33,24
2021-06-03T23:59:59+02:00,4,16,7379,7421,15246,15478,19299,20864,30760,31852,37070,38166,26249,29321,19248,24011,6077,10223,4004,4123,7562,7926,8365,9953,10705,13124,13876,15801,14539,16466,14308,18091,5703,9543,218575,141481,37755,10061,76980,17189,5341,33,24
2021-06-02T23:59:59+02:00,4,16,7245,7277,14868,15053,18868,20459,30293,31396,36842,37902,26185,29257,19228,23982,6074,10221,3975,4094,7500,7840,8277,9858,10565,12993,13428,15368,14414,16283,14278,18053,5700,9538,215497,139687,37324,9967,76979,17156,5337,33,24
2021-06-01T23:59:59+02:00,4,13,6971,7033,14470,14743,18524,20142,29966,31084,36618,37669,26129,29177,19204,23953,6072,10210,3874,4010,7259,7664,8044,9665,10301,12717,13020,14943,13979,15829,14162,17898,5693,9530,212751,137550,37280,9713,76958,16348,4960,33,24
2021-05-31T23:59:59+02:00,4,13,6809,6847,14248,14509,17823,19541,29624,30741,36324,37405,26036,29079,19177,23900,6062,10198,3797,3900,7049,7417,7820,9382,9957,12333,12581,14422,13450,15214,13961,17668,5685,9515,211311,134363,35241,9392,76943,15567,4812,33,24
2021-05-30T23:59:59+02:00,4,13,6786,6831,14203,14468,17745,19482,29574,30702,36292,37379,26024,29067,19174,23893,6061,10196,3753,3828,6891,7202,7673,9146,9750,12012,12325,14067,13329,15044,13893,17585,5682,9508,211012,133625,35228,9290,76885,14020,4736,33,24
2021-05-29T23:59:59+02:00,4,13,6784,6830,14194,14462,17740,19476,29569,30698,36289,37378,26022,29064,19174,23892,6061,10196,3743,3816,6861,7169,7639,9095,9714,11965,12251,13968,13287,14975,13863,17561,5681,9503,210980,133483,35228,9289,76870,13567,4735,33,24
2021-05-28T23:59:59+02:00,4,13,6774,6817,14177,14450,17724,19454,29556,30685,36278,37358,26019,29059,19172,23888,6061,10196,3729,3793,6840,7129,7605,9040,9662,11860,12008,13698,13097,14784,13833,17520,5678,9500,210824,132188,35227,9288,76867,13548,4734,33,24
2021-05-27T23:59:59+02:00,4,13,6683,6736,13908,14230,17235,19108,28875,30141,36117,37225,25969,29023,19157,23872,6060,10190,3605,3631,6552,6877,7229,8732,9164,11302,11299,12801,12543,14213,13703,17326,5670,9488,209732,128663,33782,8960,76825,12320,4174,33,24
2021-05-26T23:59:59+02:00,4,13,6613,6629,13698,14028,16982,18798,28331,29628,35941,37049,25928,28974,19140,23843,6059,10183,3514,3489,6329,6588,6940,8305,8822,10824,10645,12000,11979,13597,13556,17110,5665,9466,208120,125041,33032,8776,76810,11150,3846,33,22
2021-05-25T23:59:59+02:00,4,13,6532,6534,13492,13808,16718,18585,27607,28980,35848,36952,25904,28943,19128,23827,6054,10182,3465,3396,6185,6418,6794,8114,8596,10533,10297,11634,11634,13119,13451,16947,5662,9458,207402,123193,31576,8638,76327,10082,3774,32,22
2021-05-24T23:59:59+02:00,4,13,6462,6438,13314,13608,16495,18305,27191,28549,35502,36551,25847,28875,19109,23803,6053,10180,3452,3375,6126,6337,6748,8030,8536,10438,10224,11536,11459,12886,13403,16855,5654,9437,206870,122564,29342,8590,76320,9591,3735,32,22
2021-05-23T23:59:59+02:00,4,13,6460,6437,13309,13600,16492,18295,27172,28539,35472,36517,25844,28868,19109,23797,6053,10180,3447,3371,6120,6327,6738,8023,8508,10407,10184,11477,11376,12785,13383,16823,5654,9436,206756,122550,29325,8177,76319,9584,3729,32,22
2021-05-22T23:59:59+02:00,4,13,6453,6433,13301,13588,16486,18290,27168,28537,35469,36511,25844,28868,19109,23797,6053,10180,3445,3371,6116,6324,6736,8019,8504,10405,10179,11474,11365,12771,13378,16819,5653,9436,206701,122510,29325,8177,76317,9560,3729,32,22
2021-05-21T23:59:59+02:00,4,13,6391,6374,13148,13482,16311,18141,26897,28359,35038,36245,25818,28830,19101,23791,6052,10176,3436,3361,6083,6303,6706,7985,8465,10356,10125,11425,10847,12058,13237,16659,5650,9431,206011,120751,29200,8174,75271,9526,3657,32,22
2021-05-20T23:59:59+02:00,3,12,6096,6172,12536,13067,15118,17219,24984,26858,34084,35477,25713,28686,19046,23709,6046,10161,3377,3315,5986,6187,6592,7828,8316,10194,9886,11117,10508,11602,13124,16475,5640,9417,201240,118743,27456,8092,72732,9182,3528,31,22
2021-05-19T23:59:59+02:00,3,12,5889,5930,12023,12607,14412,16512,24037,26041,33457,34874,25599,28594,19011,23649,6038,10149,3300,3241,5824,6018,6402,7585,8042,9913,9582,10736,10196,11187,13045,16330,5638,9409,195532,116827,27415,7896,72716,8563,3143,31,22
2021-05-18T23:59:59+02:00,3,11,5719,5819,11627,12289,13790,16010,22880,25092,32790,34267,25483,28458,18963,23596,6033,10139,3258,3210,5710,5906,6235,7425,7837,9697,9383,10496,10023,10936,12899,16106,5628,9400,190581,115665,26904,7828,72672,7856,2781,31,22
2021-05-17T23:59:59+02:00,3,10,5666,5775,11463,12182,13517,15789,22062,24454,32480,33951,25404,28398,18941,23566,6024,10130,3141,3136,5518,5721,6061,7209,7628,9469,9158,10251,9930,10811,12841,16042,5625,9395,188811,114902,26201,7820,72277,6700,2495,31,22
2021-05-16T23:59:59+02:00,3,10,5638,5755,11401,12124,13432,15709,21448,23903,31867,33422,25364,28354,18931,23551,6023,10130,3136,3114,5504,5652,6033,7149,7600,9370,9127,10167,9914,10792,12838,16039,5625,9395,188043,114791,24655,7814,71853,6349,2483,31,21
2021-05-15T23:59:59+02:00,3,10,5629,5746,11368,12115,13403,15700,21372,23832,31327,33048,25353,28349,18930,23548,6022,10129,3123,3099,5485,5610,6019,7074,7560,9255,8889,9913,9881,10761,12804,15988,5625,9394,187992,114786,24642,7676,71206,5987,2013,31,21
2021-05-14T23:59:59+02:00,3,10,5590,5721,11306,12075,13330,15636,20961,23521,30895,32701,25318,28303,18918,23532,6022,10127,3091,3059,5449,5521,5998,6939,7519,9053,8829,9718,9808,10651,12718,15859,5625,9391,187270,114616,24321,7341,70335,5241,2012,31,21
2021-05-13T23:59:59+02:00,3,10,5435,5565,10924,11780,12616,15048,18771,21775,29349,31232,25091,28060,18850,23460,6020,10124,3080,3024,5426,5482,5982,6881,7494,8983,8785,9658,9590,10407,12515,15553,5620,9380,183310,114258,20527,6514,68248,5073,1997,31,21
2021-05-12T23:59:59+02:00,2,10,5405,5538,10854,11722,12515,14960,18648,21651,28986,30867,24998,27965,18833,23431,6019,10119,3079,3020,5420,5476,5972,6868,7469,8968,8746,9604,9401,10175,12282,15229,5617,9373,182361,113974,19890,5644,68245,5068,1996,31,20
2021-05-11T23:59:59+02:00,2,10,5268,5433,10605,11469,12148,14592,18037,21011,28054,29895,24806,27775,18773,23355,6014,10105,3036,2979,5330,5321,5872,6683,7340,8725,8583,9382,9219,9977,12130,15040,5608,9354,178274,112920,18996,5536,68114,4169,1937,31,20
2021-05-10T23:59:59+02:00,2,9,5143,5358,10391,11278,11888,14336,17711,20677,27632,29486,24698,27667,18734,23308,6006,10101,2965,2925,5214,5205,5757,6579,7216,8584,8454,9275,9115,9853,12040,14911,5605,9345,176266,112388,18312,5524,67886,3184,1930,31,20
2021-05-09T23:59:59+02:00,2,9,5069,5312,10293,11162,11788,14217,17371,20391,27241,29109,24611,27580,18705,23272,6003,10098,2897,2893,5068,5163,5581,6536,7049,8555,8324,9239,9103,9843,12022,14891,5605,9345,175870,112312,17031,5514,67387,2357,1914,31,20
2021-05-08T23:59:59+02:00,2,9,5068,5311,10290,11158,11788,14217,17367,20389,27238,29107,24611,27580,18705,23272,6003,10098,2897,2892,5066,5163,5581,6536,7049,8555,8321,9239,9102,9842,12022,14891,5605,9345,175854,112309,17031,5514,67384,2353,1913,31,20
2021-05-07T23:59:59+02:00,2,9,5035,5285,10222,11106,11658,14093,16967,20116,26602,28550,24562,27529,18688,23239,5996,10068,2886,2885,5051,5155,5570,6520,7037,8544,8313,9228,9096,9834,12011,14870,5597,9317,175020,112294,17028,5508,65863,2310,1785,31,20
2021-05-06T23:59:59+02:00,1,9,4765,5124,9768,10763,11094,13575,15878,19092,24193,26258,24062,27000,18582,23137,5991,10054,2843,2839,4984,5079,5529,6428,6955,8426,8183,9075,8995,9720,11987,14819,5594,9314,169988,111751,14577,5451,62978,1777,1774,29,20
2021-05-05T23:59:59+02:00,1,9,4684,5043,9473,10534,10753,13249,15299,18490,23346,25291,23802,26673,18514,23032,5981,10036,2824,2802,4935,4994,5470,6308,6873,8262,8059,8859,8887,9588,11909,14732,5593,9305,166322,110805,13259,5445,62827,1359,1773,29,20
2021-05-04T23:59:59+02:00,1,9,4600,4951,9299,10334,10541,13008,14911,18094,22798,24725,23591,26401,18442,22951,5973,10022,2816,2768,4907,4918,5437,6187,6820,8122,7963,8704,8783,9475,11834,14673,5591,9302,164070,110303,12134,5434,62663,790,1755,29,20
2021-05-03T23:59:59+02:00,1,9,4529,4876,9109,10200,10365,12832,14631,17850,22387,24311,23452,26251,18415,22903,5973,10016,2742,2697,4823,4847,5361,6101,6726,8018,7781,8539,8697,9388,11795,14624,5588,9297,162563,110080,12133,5431,62570,680,815,29,20
2021-05-02T23:59:59+02:00,1,9,4516,4862,9033,10143,10240,12723,14304,17544,22085,24025,23402,26192,18396,22878,5972,10015,2736,2690,4764,4814,5271,6019,6589,7889,7663,8439,8651,9346,11771,14590,5586,9292,161677,109962,12130,5429,62466,663,38,29,20
2021-05-01T23:59:59+02:00,1,9,4516,4859,9031,10142,10239,12723,14300,17540,22083,24025,23401,26191,18396,22878,5972,10015,2736,2690,4764,4814,5271,6019,6588,7889,7663,8439,8651,9346,11771,14590,5586,9292,161658,109962,12130,5428,62466,663,38,29,20
2021-04-30T23:59:59+02:00,0,9,4444,4773,8792,9927,9978,12482,13818,17114,21241,23251,23276,26054,18380,22847,5969,10012,2732,2688,4753,4806,5262,5985,6577,7858,7630,8401,8647,9343,11770,14587,5584,9291,158066,109935,12129,5426,62139,531,4,29,20
2021-04-29T23:59:59+02:00,0,9,4297,4628,8313,9516,9276,11879,12814,16210,19390,21565,22567,25292,18241,22636,5963,9995,2710,2669,4713,4735,5219,5911,6515,7752,7548,8285,8538,9228,11704,14512,5577,9282,148857,109442,12114,5163,61588,271,4,28,20
2021-04-28T23:59:59+02:00,0,9,4265,4609,8242,9443,9200,11792,12694,16089,19173,21352,22478,25201,18214,22595,5961,9990,2707,2657,4688,4675,5191,5867,6485,7678,7500,8203,8521,9204,11687,14490,5575,9276,148472,109249,12026,5090,60778,45,3,28,19
2021-04-27T23:59:59+02:00,0,9,4227,4563,8105,9308,9086,11642,12547,15921,18724,20856,22247,24943,18149,22517,5958,9981,2704,2653,4686,4671,5181,5859,6472,7659,7465,8165,8461,9125,11605,14408,5571,9272,147746,108988,10951,4917,60055,37,3,28,14
2021-04-26T23:59:59+02:00,0,9,4186,4536,7998,9212,8939,11536,12374,15747,18312,20491,22113,24796,18113,22485,5957,9979,2704,2651,4682,4667,5176,5851,6459,7639,7432,8137,8413,9077,11549,14329,5567,9255,146969,108883,10816,4659,58968,32,2,28,14
2021-04-25T23:59:59+02:00,0,9,4172,4521,7961,9181,8876,11473,12239,15618,17969,20157,21913,24559,18073,22430,5953,9974,2704,2651,4681,4665,5173,5847,6454,7636,7430,8133,8357,9018,11526,14301,5567,9253,145587,108860,10805,4491,58656,31,2,28,14
2021-04-24T23:59:59+02:00,0,9,4165,4513,7945,9176,8861,11463,12191,15587,17911,20119,21898,24546,18071,22425,5953,9974,2703,2651,4681,4665,5173,5847,6454,7636,7430,8133,8357,9017,11526,14301,5567,9253,145490,108860,10804,4491,58483,30,2,28,13
2021-04-23T23:59:59+02:00,0,9,4145,4483,7888,9113,8776,11361,11853,15261,17477,19720,21684,24313,18006,22348,5951,9966,2700,2649,4678,4662,5167,5839,6440,7627,7407,8102,8336,8990,11517,14292,5565,9250,144223,108848,10457,4331,57644,29,2,28,13
2021-04-22T23:59:59+02:00,0,9,4096,4419,7757,8924,8592,11103,11526,14843,16561,18735,21112,23603,17870,22168,5941,9948,2692,2643,4672,4640,5145,5813,6398,7593,7339,8057,8207,8833,11376,14141,5560,9241,140495,108231,10327,4085,56356,21,2,27,13
2021-04-21T23:59:59+02:00,0,9,4054,4376,7657,8803,8436,10942,11231,14562,15825,17976,20731,23156,17795,22063,5936,9935,2683,2632,4654,4619,5129,5792,6386,7575,7310,8035,8158,8771,11336,14101,5558,9239,137570,107945,10197,4002,55693,19,2,25,12
2021-04-20T23:59:59+02:00,0,9,4029,4350,7623,8750,8360,10862,11068,14388,15391,17501,20267,22639,17691,21911,5928,9923,2675,2623,4644,4606,5105,5772,6358,7551,7270,7995,8064,8639,11260,14014,5554,9235,135420,107372,9932,3963,55311,18,2,25,12
2021-04-19T23:59:59+02:00,0,9,3999,4299,7560,8645,8268,10723,10910,14205,15138,17206,19788,22074,17524,21695,5918,9911,2670,2622,4640,4602,5092,5757,6339,7534,7244,7950,8011,8585,11233,13968,5552,9231,133352,107039,9579,3961,54916,18,2,23,12
2021-04-18T23:59:59+02:00,0,6,3979,4271,7502,8593,8163,10597,10652,13962,14646,16668,19356,21562,17401,21510,5914,9905,2669,2622,4640,4602,5092,5757,6337,7531,7241,7949,8007,8582,11231,13964,5551,9228,130933,107015,9508,3959,54221,17,2,23,12
2021-04-17T23:59:59+02:00,0,6,3976,4263,7482,8587,8152,10579,10611,13916,14534,16580,19236,21440,17379,21482,5913,9903,2669,2622,4639,4600,5086,5752,6323,7526,7216,7926,7961,8536,11212,13941,5549,9228,130496,107004,9499,3753,54019,17,2,23,12
2021-04-16T23:59:59+02:00,0,6,3965,4219,7409,8463,8049,10424,10418,13654,13865,15818,18669,20798,17254,21307,5902,9885,2666,2619,4634,4593,5081,5739,6305,7515,7178,7891,7650,8145,11118,13800,5542,9211,127653,106200,9438,3459,52990,17,1,23,12
2021-04-15T23:59:59+02:00,0,5,3921,4166,7295,8331,7873,10189,10083,13265,13139,14959,17859,19937,17013,20985,5887,9865,2665,2611,4622,4576,5068,5706,6273,7479,7106,7818,7092,7482,10989,13639,5538,9201,124014,104528,9278,3311,51456,15,1,23,12
2021-04-14T23:59:59+02:00,0,4,3894,4134,7229,8225,7766,10038,9906,13066,12721,14513,17331,19325,16861,20776,5881,9850,2631,2592,4604,4544,5040,5659,6238,7446,7048,7758,6447,6716,10725,13343,5534,9193,122621,102184,9041,3310,49834,13,1,23,12
2021-04-13T23:59:59+02:00,0,4,3890,4128,7191,8208,7709,10003,9798,13013,12348,14220,16641,18472,16625,20472,5877,9844,2606,2564,4585,4518,5012,5623,6179,7376,6960,7654,6235,6463,10140,12662,5525,9172,121917,99950,8819,3300,47683,13,1,23,12
2021-04-12T23:59:59+02:00,0,4,3877,4110,7136,8162,7651,9934,9690,12912,12101,14006,16198,17954,16437,20258,5872,9841,2577,2553,4518,4476,4906,5553,6061,7299,6842,7554,5488,5641,9689,12123,5485,9130,121582,96580,8783,3291,45755,13,1,22,12
2021-04-11T23:59:59+02:00,0,4,3862,4102,7094,8110,7591,9891,9599,12835,11865,13798,15629,17266,16161,19918,5867,9831,2501,2473,4389,4355,4755,5421,5899,7147,6692,7449,5186,5280,9557,11961,5485,9126,120991,94413,8355,3240,44054,12,1,22,12
2021-04-10T23:59:59+02:00,0,4,3844,4082,7055,8063,7548,9834,9538,12776,11774,13714,15411,17073,16112,19849,5866,9824,1941,1909,3578,3634,3885,4658,4896,6231,5837,6661,4914,4975,9428,11809,5478,9117,120527,85688,8355,3240,43462,12,1,22,12
2021-04-09T23:59:59+02:00,0,4,3823,4062,7017,8033,7487,9778,9387,12646,11447,13433,14227,15539,15667,19317,5853,9812,1083,1084,2218,2439,2377,3289,3110,4589,4212,5195,4225,4239,9178,11452,5453,9087,118626,69971,8353,3237,40531,12,0,22,12
2021-04-08T23:59:59+02:00,0,4,3797,4047,6957,7980,7385,9684,9199,12529,11044,13081,13091,14274,15250,18787,5830,9776,583,595,1296,1732,1475,2363,2008,3501,2836,3804,2980,2839,8357,10449,5297,8850,117368,55710,8271,3234,37054,11,0,22,12
2021-04-07T23:59:59+02:00,0,4,3749,4021,6879,7924,7293,9614,9071,12400,10734,12774,12363,13508,15031,18523,5824,9754,354,378,947,1386,1069,1977,1498,3039,1889,2799,1797,1550,7448,9302,5141,8591,116407,45913,8119,3234,34919,8,0,21,12
2021-04-06T23:59:59+02:00,0,4,3733,4009,6858,7886,7237,9547,8978,12321,10522,12557,11978,13012,14811,18230,5813,9741,347,364,937,1376,1054,1956,1470,3011,1830,2740,1718,1481,7030,8743,4988,8352,115137,44147,8020,3233,34061,7,0,19,12
2021-04-05T23:59:59+02:00,0,4,3727,4008,6847,7873,7224,9536,8959,12293,10458,12498,11867,12864,14713,18137,5811,9738,345,358,927,1372,1048,1948,1460,2990,1808,2706,1665,1428,6801,8438,4863,8166,114797,43074,7999,3232,33742,7,0,19,12
2021-04-04T23:59:59+02:00,0,4,3727,4008,6845,7867,7223,9535,8956,12293,10448,12493,11864,12860,14710,18136,5811,9738,345,357,925,1372,1047,1946,1459,2989,1806,2703,1662,1423,6794,8424,4858,8163,114792,43025,7998,3231,33709,7,0,19,12
2021-04-03T23:59:59+02:00,0,4,3727,4008,6845,7866,7222,9535,8956,12293,10447,12493,11864,12859,14708,18134,5811,9738,345,356,923,1368,1045,1945,1458,2984,1804,2703,1656,1411,6751,8342,4823,8127,114788,42794,7998,3231,33705,6,0,19,12
2021-04-02T23:59:59+02:00,0,4,3725,4006,6843,7863,7216,9529,8943,12286,10431,12477,11737,12744,14665,18075,5808,9729,343,354,921,1362,1039,1934,1443,2959,1763,2665,1562,1325,5986,7444,4383,7557,114662,40114,7993,2910,33407,6,0,19,12
2021-04-01T23:59:59+02:00,0,3,3686,3994,6809,7842,7174,9499,8891,12247,10359,12406,11389,12336,14284,17557,5802,9712,338,351,905,1347,1027,1913,1411,2914,1703,2600,1438,1229,5036,6322,3815,6715,114264,36143,6577,2905,33130,6,0,19,12
2021-03-31T23:59:59+02:00,0,3,3680,3989,6794,7822,7157,9479,8857,12214,10269,12334,11053,11928,13932,17058,5796,9689,335,347,897,1337,1016,1898,1391,2886,1654,2563,1372,1176,4446,5637,3455,6240,113678,33802,5567,2832,32790,6,0,19,12
2021-03-30T23:59:59+02:00,0,3,3662,3965,6758,7785,7099,9413,8768,12111,10107,12179,10794,11651,13711,16793,5789,9675,331,340,892,1326,1009,1892,1368,2879,1625,2537,1345,1150,4327,5515,3393,6145,112865,33425,5317,2633,32064,6,0,17,12
2021-03-29T23:59:59+02:00,0,3,3652,3943,6732,7763,7059,9360,8673,12016,9924,11971,10356,11182,13339,16324,5773,9642,326,336,888,1315,1003,1884,1359,2868,1611,2528,1323,1136,4191,5372,3295,6012,111191,32805,5009,2627,31495,5,0,17,12
2021-03-28T23:59:59+02:00,0,3,3611,3887,6616,7604,6942,9217,8547,11823,9771,11780,10148,10921,13163,16142,5769,9633,326,336,888,1313,1001,1883,1358,2868,1610,2526,1314,1133,4158,5329,3269,5986,110821,32760,4742,2524,29997,4,0,17,12
2021-03-27T23:59:59+01:00,0,3,3610,3876,6604,7540,6912,9104,8497,11653,9719,11626,10035,10797,13068,16054,5768,9633,326,335,888,1313,1001,1880,1358,2866,1606,2525,1312,1131,4132,5294,3256,5971,110812,32657,4742,2523,28928,4,0,17,12
2021-03-26T23:59:59+01:00,0,3,3604,3869,6576,7503,6884,9029,8449,11540,9628,11498,9986,10733,13020,15998,5760,9612,321,333,887,1310,997,1868,1355,2845,1586,2511,1287,1115,3946,5065,3147,5817,110752,31894,4518,2482,28405,4,0,17,12
2021-03-25T23:59:59+01:00,0,3,3581,3838,6484,7377,6792,8863,8260,11309,9318,11181,9605,10349,12714,15682,5755,9601,321,332,885,1302,994,1858,1342,2832,1563,2492,1262,1095,3708,4815,2894,5477,110374,30677,4307,2482,26014,3,0,17,12
2021-03-24T23:59:59+01:00,0,3,3524,3788,6394,7193,6669,8637,8095,11072,9091,10856,9191,9859,12295,15223,5744,9590,321,331,884,1298,989,1856,1335,2828,1547,2476,1253,1085,3641,4741,2709,5253,109858,30055,4169,2482,23180,0,0,17,12
2021-03-23T23:59:59+01:00,0,3,3506,3755,6346,7139,6592,8577,7977,10944,8843,10623,8771,9392,11844,14701,5734,9576,321,331,883,1288,984,1847,1330,2819,1543,2469,1229,1060,3549,4664,2513,4930,109043,29268,4078,2482,21185,0,0,17,12
2021-03-22T23:59:59+01:00,0,3,3498,3735,6304,7111,6557,8529,7911,10869,8695,10487,8490,9041,11542,14377,5699,9537,319,326,877,1278,976,1840,1323,2808,1533,2459,1217,1050,3520,4628,2494,4897,108376,29054,4076,2481,19916,0,0,17,12
2021-03-21T23:59:59+01:00,0,3,3496,3733,6300,7101,6540,8513,7894,10850,8639,10429,8370,8924,11473,14275,5696,9534,317,325,869,1275,969,1833,1314,2806,1528,2455,1213,1047,3511,4613,2479,4887,108291,28950,4075,2481,19387,0,0,17,12
2021-03-20T23:59:59+01:00,0,3,3488,3695,6292,7029,6524,8376,7869,10666,8595,10294,8293,8838,11435,14236,5696,9534,317,325,869,1275,969,1832,1313,2806,1528,2453,1213,1047,3511,4612,2479,4886,108258,28945,3864,2480,18724,0,0,17,12
2021-03-19T23:59:59+01:00,0,3,3475,3665,6264,6943,6500,8283,7823,10549,8482,10134,7750,8231,11248,13993,5687,9516,314,324,864,1268,952,1823,1291,2775,1478,2409,1131,979,2841,3818,2060,4305,106638,26142,3562,2480,18329,0,0,17,12
2021-03-18T23:59:59+01:00,0,3,3464,3647,6223,6903,6466,8221,7759,10463,8366,10005,6790,7130,10968,13692,5675,9491,313,324,860,1263,946,1813,1276,2767,1454,2390,1092,959,2635,3578,1904,4083,103611,25167,3401,2480,18237,0,0,17,12
2021-03-17T23:59:59+01:00,0,3,3427,3608,6153,6820,6411,8116,7668,10332,8235,9847,6104,6281,10683,13381,5658,9464,312,324,852,1257,941,1801,1262,2745,1435,2363,1055,934,2508,3447,1822,3965,100811,24533,3400,2480,17963,0,0,17,12
2021-03-16T23:59:59+01:00,0,3,3409,3578,6114,6767,6367,8042,7614,10267,8144,9745,5928,6106,9975,12572,5617,9400,305,313,838,1240,928,1792,1256,2725,1423,2355,1041,915,2293,3198,1685,3768,98547,23587,3389,2478,17695,0,0,17,12
2021-03-15T23:59:59+01:00,0,3,3372,3546,6015,6687,6237,7949,7470,10147,8016,9619,5174,5272,9528,12022,5573,9330,304,312,834,1236,926,1785,1254,2712,1414,2346,1028,903,2148,3024,1594,3673,95023,23006,3380,2477,17540,0,0,17,12
2021-03-14T23:59:59+01:00,0,3,3248,3403,5736,6341,5966,7589,7156,9732,7729,9301,4842,4881,9368,11824,5569,9315,304,311,834,1236,925,1785,1252,2711,1412,2343,1026,900,2145,3021,1591,3672,92628,22984,3325,2474,16033,0,0,17,12
2021-03-13T23:59:59+01:00,0,3,2593,2748,4803,5473,4956,6666,5967,8619,6716,8354,4527,4498,8982,11300,5477,9207,304,311,833,1234,925,1779,1250,2709,1411,2343,1026,899,2121,2984,1560,3636,81970,22841,3325,2474,15577,0,0,17,12
2021-03-12T23:59:59+01:00,0,2,1770,1931,3468,4320,3448,5335,4220,6982,5079,6845,3855,3792,7727,9751,4963,8517,300,308,831,1230,919,1773,1243,2689,1386,2326,981,872,1764,2518,1285,3275,63121,21216,3322,2474,15545,0,0,17,12
2021-03-11T23:59:59+01:00,0,2,1271,1454,2562,3580,2548,4400,3127,5892,3721,5459,2682,2516,6021,7644,4189,7337,295,299,815,1221,906,1750,1225,2660,1361,2279,944,852,1606,2283,1158,3085,45825,20255,3320,2474,15243,0,0,17,12
2021-03-10T23:59:59+01:00,0,2,1050,1238,2196,3220,2174,4009,2676,5451,2811,4492,1546,1311,4661,5924,3624,6572,285,289,797,1201,884,1714,1191,2587,1322,2213,917,833,1424,2092,1061,2909,34778,19344,3320,2365,14843,0,0,16,12
2021-03-09T23:59:59+01:00,0,2,1034,1209,2132,3080,2110,3894,2592,5318,2726,4366,1512,1280,4584,5851,3582,6513,281,282,783,1180,867,1688,1165,2546,1304,2185,903,821,1347,1966,989,2793,34365,18769,3317,2321,14087,0,0,16,12
2021-03-08T23:59:59+01:00,0,2,1013,1179,2075,2980,2071,3813,2532,5205,2671,4293,1474,1259,4437,5689,3479,6370,281,278,778,1172,865,1679,1157,2538,1296,2169,878,800,1176,1740,863,2622,33666,17965,3317,2317,13543,0,0,16,12
2021-03-07T23:59:59+01:00,0,2,1008,1160,2035,2934,2029,3772,2493,5140,2630,4256,1469,1256,4430,5681,3476,6370,281,278,778,1172,865,1679,1157,2538,1295,2169,875,800,1167,1730,855,2611,33632,17965,3311,2275,13182,0,0,16,12
2021-03-06T23:59:59+01:00,0,2,1008,1157,2024,2920,2017,3753,2477,5113,2613,4235,1456,1246,4396,5635,3462,6358,281,278,778,1172,865,1678,1157,2538,1295,2169,875,800,1167,1730,855,2610,33488,17964,3310,2274,13058,0,0,16,12
2021-03-05T23:59:59+01:00,0,2,1004,1153,2008,2900,1987,3730,2434,5061,2561,4197,1420,1219,4127,5309,3310,6138,280,275,771,1165,859,1670,1154,2529,1291,2159,861,796,1159,1721,854,2608,32745,17868,2977,2274,12822,0,0,16,12
2021-03-04T23:59:59+01:00,0,2,910,1005,1919,2775,1921,3593,2358,4907,2471,4037,1390,1198,3885,5047,3045,5785,280,273,769,1160,856,1661,1153,2515,1287,2150,829,781,1146,1711,847,2595,31489,17752,2973,2251,11770,0,0,16,12
2021-03-03T23:59:59+01:00,0,2,863,897,1852,2679,1850,3489,2289,4792,2397,3953,1377,1185,3775,4940,2821,5510,279,271,768,1149,853,1643,1147,2473,1277,2124,812,777,1138,1691,839,2587,30810,17723,2854,2095,10991,0,0,16,12
2021-03-02T23:59:59+01:00,0,2,819,820,1756,2556,1766,3365,2199,4668,2337,3875,1342,1163,3645,4805,2613,5159,279,270,767,1143,849,1640,1142,2468,1273,2114,810,775,1123,1670,828,2568,30075,17615,2664,2094,10135,0,0,16,12
2021-03-01T23:59:59+01:00,0,2,796,784,1656,2414,1695,3219,2099,4496,2257,3754,1324,1151,3594,4740,2569,5099,279,268,763,1139,846,1628,1138,2456,1268,2104,803,772,1118,1658,820,2561,29822,17517,2580,2094,9231,0,0,16,12
2021-02-28T23:59:59+01:00,0,2,790,761,1638,2348,1667,3147,2076,4397,2242,3687,1318,1145,3584,4725,2554,5088,278,267,763,1138,846,1623,1137,2454,1268,2099,799,770,1110,1645,816,2551,29713,17494,2578,2060,8862,0,0,16,12
2021-02-27T23:59:59+01:00,0,2,775,744,1617,2288,1650,3036,2057,4271,2221,3592,1315,1142,3584,4724,2554,5087,278,267,763,1138,846,1623,1137,2454,1268,2098,799,770,1100,1639,799,2537,29710,17493,2577,2013,8356,0,0,16,12
2021-02-26T23:59:59+01:00,0,2,645,665,1513,2175,1599,2878,1994,4035,2120,3356,1225,1072,2930,3928,2119,4494,278,266,762,1136,845,1622,1137,2452,1266,2095,798,766,1082,1626,789,2520,26893,17419,2577,2011,7264,0,0,16,12
2021-02-25T23:59:59+01:00,0,2,497,588,1396,2071,1532,2750,1935,3907,2020,3244,1175,1037,2700,3658,1954,4253,261,251,738,1114,803,1553,1088,2352,1193,2002,742,745,1049,1588,777,2492,25827,17327,2548,1411,6328,0,0,16,12
2021-02-24T23:59:59+01:00,0,2,468,558,1326,1961,1462,2607,1865,3757,1944,3094,1138,1008,2561,3523,1874,4131,232,238,713,1068,776,1491,1058,2291,1138,1951,715,723,1002,1558,764,2461,25183,17138,2536,1031,5544,0,0,16,12
2021-02-23T23:59:59+01:00,0,2,413,518,1243,1821,1387,2462,1789,3546,1875,2972,1113,974,2354,3292,1746,3939,227,233,698,1044,764,1452,1036,2244,1112,1910,706,712,993,1544,761,2457,24246,17048,2526,835,4658,0,0,16,12
2021-02-22T23:59:59+01:00,0,2,400,484,1142,1712,1284,2365,1680,3439,1794,2901,1091,960,2210,3118,1655,3840,217,224,675,992,733,1389,1010,2150,1070,1828,662,679,923,1465,722,2398,23655,16858,2522,269,3884,0,0,16,12
2021-02-21T23:59:59+01:00,0,2,381,467,1041,1679,1134,2341,1525,3417,1689,2883,1083,958,2209,3117,1655,3840,190,218,644,984,722,1381,996,2145,1064,1826,659,676,920,1459,714,2390,23626,16724,2522,254,3257,0,0,16,12
2021-02-20T23:59:59+01:00,0,2,381,465,1040,1679,1133,2341,1524,3415,1689,2881,1083,957,2208,3117,1654,3839,189,216,641,984,719,1380,990,2142,1062,1826,659,676,920,1459,714,2389,23620,16702,2521,254,3251,0,0,16,12
2021-02-19T23:59:59+01:00,0,2,376,456,1028,1675,1123,2331,1512,3396,1656,2866,1032,928,1834,2611,1351,3448,167,206,615,980,701,1372,973,2140,1056,1824,656,675,919,1459,713,2386,21861,16578,2521,254,3227,0,0,16,12
2021-02-18T23:59:59+01:00,0,2,356,435,989,1592,1085,2245,1458,3280,1615,2774,1003,904,1657,2365,1217,3237,147,195,576,969,681,1359,939,2123,1030,1804,645,656,898,1431,699,2365,20860,16253,2521,254,2817,0,0,16,12
2021-02-17T23:59:59+01:00,0,2,333,383,905,1449,976,2048,1325,3026,1504,2554,965,874,1466,2152,1116,3056,141,188,564,938,656,1306,907,2044,984,1727,610,624,891,1404,693,2345,19778,15758,2521,254,1819,0,0,16,12
2021-02-16T23:59:59+01:00,0,2,327,344,862,1311,925,1865,1264,2805,1437,2394,954,857,1405,2055,1049,2956,135,175,550,896,641,1252,879,1980,954,1685,600,614,867,1370,679,2280,19407,15428,2520,119,869,0,0,16,12
2021-02-15T23:59:59+01:00,0,2,312,303,833,1280,908,1809,1224,2722,1399,2338,925,824,1226,1825,919,2778,127,167,529,870,624,1190,853,1907,931,1608,579,577,849,1333,670,2235,18492,14960,2519,79,602,0,0,14,12
2021-02-14T23:59:59+01:00,0,2,312,303,832,1280,907,1809,1223,2722,1399,2338,925,824,1226,1825,919,2777,126,167,528,862,620,1185,847,1901,927,1605,578,576,847,1332,668,2231,18490,14912,2519,78,600,0,0,14,12
2021-02-13T23:59:59+01:00,0,2,312,303,832,1280,907,1806,1223,2720,1399,2336,925,824,1226,1824,917,2777,126,167,528,862,620,1185,844,1898,925,1601,575,576,832,1311,656,2214,18483,14909,2516,1,600,0,0,14,12
2021-02-12T23:59:59+01:00,0,2,308,302,823,1275,903,1776,1217,2693,1371,2306,923,822,1225,1821,917,2777,126,167,526,860,619,1178,838,1886,919,1588,572,574,818,1300,650,2201,18475,14811,2516,1,456,0,0,14,12
2021-02-11T23:59:59+01:00,0,2,289,293,808,1240,897,1741,1201,2628,1348,2252,889,808,1214,1810,916,2767,124,153,508,821,597,1113,804,1786,897,1529,559,560,791,1266,635,2168,18363,14301,2515,0,211,0,0,14,12
2021-02-10T23:59:59+01:00,0,2,286,286,789,1203,884,1712,1189,2583,1333,2210,884,806,1199,1793,911,2749,120,143,441,735,551,1020,726,1660,839,1443,544,543,774,1243,622,2138,18338,13544,2410,0,58,0,0,13,0
2021-02-09T23:59:59+01:00,0,2,286,283,783,1188,872,1695,1174,2563,1319,2186,869,800,1185,1774,899,2729,104,124,384,646,498,886,646,1454,750,1250,491,464,655,1074,543,1871,18228,11842,2363,0,3,0,0,13,0
2021-02-08T23:59:59+01:00,0,2,285,282,781,1183,869,1688,1172,2559,1312,2178,863,797,1169,1751,881,2704,93,100,338,551,446,784,556,1243,642,1084,414,388,566,875,438,1539,18102,10059,2360,0,1,0,0,13,0
2021-02-07T23:59:59+01:00,0,2,284,281,780,1182,868,1688,1172,2558,1312,2175,857,795,1168,1748,880,2702,91,99,336,546,444,780,554,1234,638,1078,408,382,545,852,432,1524,18079,9945,2360,0,0,0,0,13,0
2021-02-06T23:59:59+01:00,0,2,284,280,779,1181,868,1687,1172,2558,1312,2174,856,795,1166,1742,878,2700,91,98,336,542,443,779,553,1230,636,1077,405,377,496,783,401,1478,18063,9727,2358,0,0,0,0,13,0
2021-02-05T23:59:59+01:00,0,2,284,279,779,1180,867,1686,1171,2557,1311,2169,849,789,1142,1731,871,2684,85,95,328,536,427,760,528,1195,607,1034,382,349,472,755,381,1431,17980,9366,2358,0,0,0,0,13,0
2021-02-04T23:59:59+01:00,0,2,281,271,776,1159,856,1663,1157,2529,1297,2146,827,776,1113,1701,864,2665,71,76,259,413,332,591,410,966,495,831,310,286,364,610,314,1208,17735,7536,2335,0,0,0,0,13,0
2021-02-03T23:59:59+01:00,0,2,280,266,773,1136,853,1635,1150,2478,1284,2114,807,762,1097,1680,852,2649,57,55,172,285,258,441,290,716,368,594,213,204,259,450,225,905,17631,5492,2174,0,0,0,0,13,0
2021-02-02T23:59:59+01:00,0,2,279,260,769,1127,847,1614,1142,2452,1272,2097,800,755,1089,1669,850,2641,37,34,94,143,149,254,177,447,238,375,139,134,177,274,158,582,17479,3412,2173,0,0,0,0,13,0
2021-02-01T23:59:59+01:00,0,2,277,257,764,1108,839,1594,1137,2422,1268,2062,790,742,1083,1658,845,2625,13,11,17,30,27,64,48,89,75,103,53,48,65,82,47,198,17287,970,2173,0,0,0,0,13,0
2021-01-31T23:59:59+01:00,0,2,271,255,748,1106,831,1583,1126,2411,1257,2054,784,736,1073,1640,838,2611,12,11,16,28,25,61,42,84,68,95,50,48,60,75,44,185,17250,904,2063,0,0,0,0,13,0
2021-01-30T23:59:59+01:00,0,2,271,255,748,1105,831,1583,1126,2411,1257,2054,783,736,1063,1633,821,2596,12,9,15,28,25,61,42,84,67,93,49,47,59,75,44,184,17246,894,2016,0,0,0,0,13,0
2021-01-29T23:59:59+01:00,0,2,270,255,748,1104,831,1583,1126,2411,1257,2053,782,735,1062,1631,821,2594,10,4,13,26,25,60,40,83,66,93,48,46,59,75,44,184,17238,876,2014,0,0,0,0,13,0
2021-01-28T23:59:59+01:00,0,2,266,250,737,1079,797,1527,1089,2350,1181,1994,741,721,1034,1611,805,2574,5,0,4,8,10,24,19,37,21,45,21,22,25,49,17,108,17058,415,1687,0,0,0,0,13,0
2021-01-27T23:59:59+01:00,0,2,260,243,714,1047,751,1472,1030,2269,1108,1913,706,694,1019,1588,802,2566,4,0,4,5,7,20,15,23,14,32,6,9,11,12,5,30,16608,197,1563,0,0,0,0,13,0
2021-01-26T23:59:59+01:00,0,2,236,234,699,1023,743,1424,1010,2195,1081,1848,694,680,995,1572,792,2547,4,0,2,5,6,10,13,12,7,11,3,5,7,8,2,17,16558,112,1204,0,0,0,0,13,0
2021-01-25T23:59:59+01:00,0,2,205,219,646,951,691,1302,967,2050,1023,1713,647,624,917,1475,745,2471,4,0,2,5,6,10,13,12,7,11,3,5,7,8,2,17,16331,112,304,0,0,0,0,13,0
2021-01-24T23:59:59+01:00,0,2,188,213,620,939,672,1288,949,2033,1007,1703,640,618,907,1455,736,2458,3,0,2,5,6,10,12,12,6,11,3,5,7,8,2,17,16156,109,259,0,0,0,0,13,0
2021-01-23T23:59:59+01:00,0,2,188,213,620,939,672,1288,949,2033,1007,1703,640,618,907,1455,736,2458,3,0,2,4,6,10,10,12,6,11,3,5,7,8,2,17,16156,106,259,0,0,0,0,13,0
2021-01-22T23:59:59+01:00,0,2,141,195,562,929,654,1273,915,2023,995,1692,635,617,906,1455,736,2458,3,0,1,4,6,10,10,12,6,11,3,5,7,8,2,17,15916,105,259,0,0,0,0,13,0
2021-01-21T23:59:59+01:00,0,2,137,187,547,908,634,1232,882,1969,974,1645,623,596,894,1424,729,2439,3,0,0,4,5,10,9,12,6,11,3,5,7,8,2,16,15550,101,259,0,0,0,0,13,0
2021-01-20T23:59:59+01:00,0,2,131,170,500,843,611,1154,819,1859,937,1574,603,578,877,1401,719,2409,3,0,0,4,5,10,9,12,6,11,3,5,7,8,2,16,14917,101,257,0,0,0,0,13,0
2021-01-19T23:59:59+01:00,0,2,121,152,428,756,548,1025,735,1671,837,1416,556,528,778,1246,638,2153,3,0,0,4,5,8,9,12,6,11,3,5,7,8,2,16,13387,99,190,0,0,0,0,13,0
2021-01-18T23:59:59+01:00,0,2,103,118,359,606,458,855,604,1410,711,1207,486,462,690,1083,560,1868,1,0,0,1,1,0,0,0,0,1,0,0,0,1,0,0,11488,5,81,0,0,0,0,13,0
2021-01-17T23:59:59+01:00,0,2,99,116,355,601,457,849,602,1391,704,1197,480,452,663,1052,540,1821,1,0,0,1,0,0,0,0,0,1,0,0,0,1,0,0,11288,4,80,0,0,0,0,13,0
2021-01-16T23:59:59+01:00,0,2,99,113,353,592,454,844,590,1378,693,1185,465,438,566,927,478,1722,0,0,0,1,0,0,0,0,0,0,0,0,0,0,0,0,10883,1,3,0,0,0,0,13,0
2021-01-15T23:59:59+01:00,0,2,97,111,348,590,448,839,584,1371,676,1169,449,420,558,915,468,1698,0,0,0,0,0,0,0,0,0,0,0,0,0,0,0,0,10729,0,1,0,0,0,0,13,0
2021-01-14T23:59:59+01:00,0,0,80,89,294,488,370,674,466,1118,557,989,368,338,439,749,384,1443,0,0,0,0,0,0,0,0,0,0,0,0,0,0,0,0,8833,0,0,0,0,0,0,13,0
2021-01-13T23:59:59+01:00,0,0,66,66,209,371,294,504,353,837,428,710,259,239,323,563,295,1107,0,0,0,0,0,0,0,0,0,0,0,0,0,0,0,0,6612,0,0,0,0,0,0,12,0
2021-01-12T23:59:59+01:00,0,0,44,44,129,220,182,313,213,532,285,443,165,154,211,370,203,743,0,0,0,0,0,0,0,0,0,0,0,0,0,0,0,0,4251,0,0,0,0,0,0,0,0
2021-01-11T23:59:59+01:00,0,0,14,13,45,61,42,93,61,120,97,130,68,61,92,114,58,253,0,0,0,0,0,0,0,0,0,0,0,0,0,0,0,0,1322,0,0,0,0,0,0,0,0
2021-01-10T23:59:59+01:00,0,0,13,13,32,49,35,75,52,111,84,120,61,57,85,104,55,238,0,0,0,0,0,0,0,0,0,0,0,0,0,0,0,0,1184,0,0,0,0,0,0,0,0
2021-01-09T23:59:59+01:00,0,0,13,12,28,48,35,75,51,110,82,117,60,56,84,103,53,237,0,0,0,0,0,0,0,0,0,0,0,0,0,0,0,0,1164,0,0,0,0,0,0,0,0
2021-01-08T23:59:59+01:00,0,0,9,4,28,42,33,72,48,108,81,116,57,52,78,98,49,237,0,0,0,0,0,0,0,0,0,0,0,0,0,0,0,0,1112,0,0,0,0,0,0,0,0
2021-01-07T23:59:59+01:00,0,0,6,1,10,21,16,38,27,77,35,77,32,27,51,82,33,180,0,0,0,0,0,0,0,0,0,0,0,0,0,0,0,0,713,0,0,0,0,0,0,0,0
2021-01-06T23:59:59+01:00,0,0,6,0,5,10,11,30,24,43,21,48,26,24,37,56,23,129,0,0,0,0,0,0,0,0,0,0,0,0,0,0,0,0,493,0,0,0,0,0,0,0,0
2021-01-05T23:59:59+01:00,0,0,5,0,5,9,11,30,24,43,21,48,26,24,37,55,23,129,0,0,0,0,0,0,0,0,0,0,0,0,0,0,0,0,490,0,0,0,0,0,0,0,0
2021-01-04T23:59:59+01:00,0,0,4,0,2,4,5,11,13,12,6,12,3,5,7,9,2,18,0,0,0,0,0,0,0,0,0,0,0,0,0,0,0,0,113,0,0,0,0,0,0,0,0
2021-01-03T23:59:59+01:00,0,0,3,0,2,4,5,10,12,12,6,12,3,5,7,9,2,17,0,0,0,0,0,0,0,0,0,0,0,0,0,0,0,0,109,0,0,0,0,0,0,0,0
2021-01-02T23:59:59+01:00,0,0,3,0,2,4,5,10,10,12,6,12,3,5,7,9,2,17,0,0,0,0,0,0,0,0,0,0,0,0,0,0,0,0,107,0,0,0,0,0,0,0,0
2021-01-01T23:59:59+01:00,0,0,3,0,1,4,5,10,10,12,6,12,3,5,7,8,2,17,0,0,0,0,0,0,0,0,0,0,0,0,0,0,0,0,105,0,0,0,0,0,0,0,0
2020-12-31T23:59:59+01:00,0,0,3,0,0,4,5,10,9,12,6,12,3,5,7,8,2,17,0,0,0,0,0,0,0,0,0,0,0,0,0,0,0,0,103,0,0,0,0,0,0,0,0
2020-12-30T23:59:59+01:00,0,0,3,0,0,4,5,10,9,12,6,12,3,5,7,8,2,17,0,0,0,0,0,0,0,0,0,0,0,0,0,0,0,0,103,0,0,0,0,0,0,0,0
2020-12-29T23:59:59+01:00,0,0,3,0,0,3,5,8,9,12,6,12,3,5,7,8,2,17,0,0,0,0,0,0,0,0,0,0,0,0,0,0,0,0,100,0,0,0,0,0,0,0,0
2020-12-28T23:59:59+01:00,0,0,3,0,0,3,5,8,9,12,5,12,3,5,7,8,2,17,0,0,0,0,0,0,0,0,0,0,0,0,0,0,0,0,99,0,0,0,0,0,0,0,0
2020-12-27T23:59:59+01:00,0,0,1,0,0,0,0,0,0,0,0,1,0,0,2,4,0,8,0,0,0,0,0,0,0,0,0,0,0,0,0,0,0,0,16,0,0,0,0,0,0,0,0
