Datum,<15_1_m,<15_1_w,15-24_1_m,15-24_1_w,25-34_1_m,25-34_1_w,35-44_1_m,35-44_1_w,45-54_1_m,45-54_1_w,55-64_1_m,55-64_1_w,65-74_1_m,65-74_1_w,75-84_1_m,75-84_1_w,>84_1_m,>84_1_w,<15_2_m,<15_2_w,15-24_2_m,15-24_2_w,25-34_2_m,25-34_2_w,35-44_2_m,35-44_2_w,45-54_2_m,45-54_2_w,55-64_2_m,55-64_2_w,65-74_2_m,65-74_2_w,75-84_2_m,75-84_2_w,>84_2_m,>84_2_w,bp_1,bp_2,mo_1,mo_2,az_1,az_2,ja,unb_1,unb_2
2021-12-09T23:59:59+01:00,9639,8963,31084,29120,40499,37648,38971,38551,43508,43628,46153,45933,29348,32770,20712,26023,6496,11040,4748,4454,27331,25839,36775,33697,35968,35365,40754,40678,43766,43593,28356,31523,20059,25099,6215,10401,392679,355273,47103,45312,77752,71489,22494,70,53
2021-12-08T23:59:59+01:00,9496,8840,31045,29082,40456,37579,38933,38493,43462,43597,46110,45887,29327,32742,20700,25999,6489,11028,4664,4380,27219,25728,36655,33557,35871,35274,40670,40595,43686,43524,28333,31482,20044,25077,6208,10390,391879,354046,47089,45282,77752,71489,22487,70,53
2021-12-07T23:59:59+01:00,9384,8729,31018,29060,40409,37551,38902,38474,43445,43577,46087,45870,29317,32728,20694,25991,6487,11019,4633,4352,27142,25677,36586,33494,35821,35223,40620,40546,43647,43482,28325,31469,20040,25070,6206,10384,391375,353438,47071,45251,77752,71489,22486,70,53
2021-12-06T23:59:59+01:00,9205,8567,30980,29021,40366,37499,38862,38441,43414,43548,46061,45839,29298,32697,20682,25969,6483,11009,4567,4302,27019,25559,36468,33355,35728,35125,40536,40463,43571,43419,28300,31442,20029,25045,6202,10375,390582,352262,47067,45219,77752,71489,22482,70,53
2021-12-05T23:59:59+01:00,9094,8480,30961,29008,40337,37466,38844,38429,43400,43537,46043,45823,29285,32677,20677,25966,6481,11005,4545,4283,26943,25493,36366,33280,35676,35074,40491,40415,43526,43382,28283,31421,20025,25033,6201,10370,390157,351575,47066,45210,77752,71489,22480,70,53
2021-12-04T23:59:59+01:00,8944,8370,30933,28991,40306,37440,38826,38411,43382,43524,46034,45816,29280,32669,20677,25964,6480,11004,4518,4263,26870,25445,36286,33206,35624,35028,40443,40373,43504,43357,28277,31413,20021,25029,6200,10369,389706,351014,47060,45195,77752,71489,22475,70,53
2021-12-03T23:59:59+01:00,8470,7943,30875,28937,40265,37372,38789,38342,43344,43486,45993,45780,29253,32642,20668,25948,6472,10998,4448,4194,26640,25248,36080,33023,35478,34890,40332,40262,43409,43266,28258,31390,20014,25015,6200,10365,388259,349378,47042,45127,77752,71488,22466,70,53
2021-12-02T23:59:59+01:00,8103,7643,30816,28875,40203,37293,38727,38276,43299,43418,45947,45723,29226,32608,20659,25931,6466,10985,4355,4092,26404,25028,35876,32795,35305,34725,40193,40139,43297,43162,28224,31352,19996,24981,6196,10354,386922,347410,47016,45073,77752,71488,22450,70,53
2021-12-01T23:59:59+01:00,7930,7464,30787,28838,40171,37241,38695,38221,43264,43383,45912,45687,29204,32583,20648,25917,6462,10969,4293,4025,26315,24943,35797,32667,35231,34648,40139,40080,43238,43107,28198,31317,19974,24958,6192,10348,386118,346422,47000,45059,77752,71488,22448,70,53
2021-11-30T23:59:59+01:00,7655,7195,30739,28791,40119,37173,38647,38175,43239,43351,45878,45641,29184,32566,20638,25904,6456,10958,4254,3988,26188,24824,35629,32540,35129,34548,40028,39973,43156,43035,28162,31290,19960,24945,6187,10343,385067,345167,46988,45027,77752,71488,22444,70,53
2021-11-29T23:59:59+01:00,7482,7031,30714,28767,40089,37131,38622,38133,43204,43306,45847,45609,29170,32554,20630,25890,6453,10941,4221,3958,26093,24743,35519,32440,35034,34467,39957,39906,43100,42990,28141,31273,19949,24925,6186,10337,384337,344258,46985,44999,77752,71488,22441,70,53
2021-11-28T23:59:59+01:00,7402,6971,30696,28749,40062,37105,38600,38103,43186,43282,45832,45589,29164,32533,20628,25882,6451,10936,4201,3948,26020,24696,35433,32375,34974,34427,39906,39861,43072,42962,28126,31263,19939,24911,6185,10336,383945,343665,46976,44989,77752,71488,22440,70,53
2021-11-27T23:59:59+01:00,7072,6645,30625,28693,39995,37024,38532,38040,43123,43236,45789,45540,29152,32509,20623,25872,6447,10931,4181,3930,25942,24642,35345,32313,34926,34386,39851,39811,43025,42921,28115,31245,19933,24903,6183,10335,382683,343073,46937,44955,77752,71488,22418,70,53
2021-11-26T23:59:59+01:00,6661,6319,30531,28617,39904,36923,38456,37967,43061,43179,45721,45479,29128,32476,20606,25844,6439,10924,4131,3870,25794,24520,35198,32188,34782,34281,39760,39732,42959,42857,28083,31219,19923,24884,6177,10331,381090,341824,46926,44915,77752,71488,22409,70,53
2021-11-25T23:59:59+01:00,6249,5932,30402,28498,39778,36770,38368,37871,42983,43080,45632,45396,29090,32429,20584,25823,6432,10910,4074,3805,25628,24376,35020,32019,34647,34150,39638,39611,42860,42775,28053,31175,19910,24864,6172,10328,379115,340323,46914,44854,77751,71488,22387,70,53
2021-11-24T23:59:59+01:00,6084,5733,30340,28451,39723,36703,38304,37802,42929,43027,45575,45335,29071,32403,20574,25796,6424,10894,4053,3778,25555,24324,34925,31948,34578,34092,39568,39548,42811,42710,28025,31144,19895,24848,6169,10320,378080,339542,46907,44838,77751,71488,22370,70,53
2021-11-23T23:59:59+01:00,5879,5524,30263,28370,39647,36601,38232,37713,42858,42956,45511,45278,29052,32353,20546,25773,6420,10883,4020,3749,25452,24253,34785,31826,34479,34008,39484,39482,42748,42641,27988,31116,19874,24831,6165,10314,376807,338514,46879,44799,77751,71488,22361,70,53
2021-11-22T23:59:59+01:00,5720,5353,30210,28306,39576,36535,38173,37656,42817,42905,45476,45222,29034,32327,20530,25750,6418,10869,4001,3733,25397,24209,34702,31755,34430,33971,39439,39441,42704,42613,27971,31095,19870,24823,6162,10306,375838,337933,46869,44790,77751,71488,22358,70,53
2021-11-21T23:59:59+01:00,5676,5312,30171,28272,39530,36490,38130,37626,42775,42873,45450,45196,29016,32309,20522,25736,6416,10862,3995,3729,25363,24178,34672,31721,34401,33945,39410,39417,42683,42597,27960,31082,19869,24816,6160,10305,375335,337622,46861,44786,77751,71488,22354,70,53
2021-11-20T23:59:59+01:00,5636,5284,30119,28240,39468,36442,38094,37595,42751,42840,45433,45178,29011,32301,20520,25733,6416,10861,3994,3726,25347,24164,34647,31701,34381,33925,39400,39406,42674,42587,27956,31075,19867,24814,6160,10305,374914,337460,46848,44780,77751,71488,22348,70,53
2021-11-19T23:59:59+01:00,5484,5127,29991,28114,39352,36312,37998,37499,42676,42749,45384,45113,28989,32279,20515,25725,6415,10857,3962,3701,25213,24076,34530,31619,34305,33867,39323,39355,42627,42555,27936,31058,19863,24808,6158,10305,373637,336659,46808,44739,77751,71488,22322,70,53
2021-11-18T23:59:59+01:00,5334,4967,29822,27936,39179,36090,37836,37332,42548,42627,45306,45033,28944,32227,20501,25704,6410,10843,3911,3649,25060,23950,34387,31500,34185,33760,39251,39256,42555,42488,27910,31030,19844,24791,6153,10301,371782,335466,46762,44692,77751,71488,22282,70,53
2021-11-17T23:59:59+01:00,5275,4903,29724,27872,39085,35976,37761,37246,42471,42565,45242,44964,28926,32196,20491,25685,6404,10828,3892,3631,25033,23897,34324,31441,34139,33709,39209,39221,42495,42439,27897,31005,19837,24780,6153,10297,370776,334899,46748,44682,77751,71488,22277,70,53
2021-11-16T23:59:59+01:00,5187,4833,29537,27716,38903,35787,37616,37103,42345,42453,45149,44874,28894,32156,20473,25664,6400,10816,3872,3614,24923,23821,34207,31340,34055,33633,39142,39160,42444,42390,27868,30976,19820,24753,6139,10284,369159,334016,46710,44659,77750,71488,22225,70,53
2021-11-15T23:59:59+01:00,5132,4792,29391,27619,38746,35682,37527,37004,42279,42379,45090,44823,28869,32135,20461,25649,6398,10807,3864,3608,24871,23799,34158,31295,34016,33605,39110,39136,42418,42372,27858,30965,19810,24736,6136,10279,368068,333639,46687,44640,77750,71488,22216,70,53
2021-11-14T23:59:59+01:00,5099,4759,29318,27553,38646,35583,37472,36952,42229,42321,45050,44787,28859,32119,20452,25633,6396,10801,3856,3598,24842,23782,34123,31254,33986,33581,39093,39112,42399,42354,27847,30958,19804,24727,6135,10279,367332,333351,46678,44631,77750,71488,22207,70,53
2021-11-13T23:59:59+01:00,5040,4717,29170,27448,38524,35446,37359,36875,42155,42247,45008,44749,28847,32105,20448,25631,6394,10799,3850,3593,24806,23762,34101,31234,33965,33559,39073,39094,42391,42347,27843,30956,19803,24726,6135,10278,366302,333155,46657,44629,77750,71488,22191,70,53
2021-11-12T23:59:59+01:00,4935,4627,28814,27144,38255,35193,37178,36661,42007,42094,44890,44657,28817,32083,20442,25617,6393,10799,3832,3563,24702,23680,33993,31142,33874,33482,39006,39045,42343,42315,27826,30938,19797,24721,6134,10278,364095,332407,46575,44599,77750,71488,22124,70,53
2021-11-11T23:59:59+01:00,4814,4493,28517,26872,37964,34893,36952,36439,41825,41925,44757,44541,28776,32027,20428,25597,6387,10787,3796,3518,24592,23584,33897,31026,33762,33399,38924,38963,42274,42258,27806,30915,19788,24705,6132,10276,361618,331472,46510,44549,77750,71488,22053,70,53
2021-11-10T23:59:59+01:00,4757,4432,28371,26767,37840,34748,36844,36334,41758,41847,44688,44468,28762,32006,20418,25583,6382,10776,3782,3499,24550,23543,33843,30973,33716,33363,38891,38932,42248,42228,27789,30905,19778,24695,6129,10265,360461,331026,46480,44536,77750,71487,22027,70,53
2021-11-09T23:59:59+01:00,4692,4372,28124,26561,37614,34539,36696,36196,41628,41724,44609,44396,28741,31976,20403,25562,6378,10769,3765,3478,24485,23486,33764,30898,33667,33318,38852,38890,42209,42198,27779,30879,19766,24682,6126,10257,358760,330473,46422,44500,77749,71487,21986,70,53
2021-11-08T23:59:59+01:00,4633,4322,27900,26377,37358,34335,36515,36058,41504,41611,44510,44316,28709,31941,20392,25547,6375,10766,3749,3458,24420,23434,33705,30841,33634,33274,38816,38844,42174,42159,27763,30864,19752,24669,6125,10250,357019,329944,46376,44485,77749,71487,21962,70,53
2021-11-07T23:59:59+01:00,4596,4287,27696,26223,37143,34154,36372,35914,41383,41511,44427,44255,28692,31923,20384,25538,6373,10757,3742,3450,24381,23406,33650,30802,33605,33248,38788,38817,42153,42136,27758,30852,19746,24662,6123,10247,355572,329652,46341,44471,77749,71487,21903,70,53
2021-11-06T23:59:59+01:00,4576,4270,27647,26185,37080,34114,36343,35896,41346,41495,44402,44232,28687,31921,20378,25536,6373,10755,3741,3447,24375,23402,33643,30798,33602,33244,38783,38815,42150,42135,27755,30852,19744,24660,6122,10246,355208,329616,46329,44471,77749,71487,21887,70,53
2021-11-05T23:59:59+01:00,4481,4172,27391,25990,36846,33877,36136,35737,41217,41358,44320,44162,28672,31904,20375,25524,6371,10754,3724,3426,24307,23365,33591,30748,33551,33209,38744,38777,42123,42114,27744,30846,19740,24653,6120,10244,353467,329242,46186,44423,77749,71487,21821,70,53
2021-11-04T23:59:59+01:00,4405,4121,27160,25824,36617,33661,35952,35611,41095,41241,44233,44098,28651,31888,20366,25513,6369,10751,3692,3377,24213,23251,33482,30632,33470,33126,38676,38713,42059,42057,27724,30820,19730,24640,6115,10235,351883,328354,46128,44386,77749,71487,21732,70,53
2021-11-03T23:59:59+01:00,4386,4089,27096,25768,36534,33581,35881,35573,41035,41195,44195,44069,28644,31879,20360,25507,6368,10751,3665,3346,24178,23209,33449,30589,33432,33102,38656,38684,42033,42035,27709,30802,19723,24631,6110,10230,351265,327942,46109,44378,77749,71486,21724,70,53
2021-11-02T23:59:59+01:00,4352,4048,26867,25629,36295,33408,35718,35461,40897,41095,44112,44002,28616,31861,20349,25498,6367,10747,3636,3318,24075,23126,33335,30512,33363,33052,38593,38628,41987,42001,27690,30781,19707,24620,6108,10223,349849,327265,46059,44351,77749,71485,21601,70,53
2021-11-01T23:59:59+01:00,4310,4011,26777,25565,36177,33327,35640,35413,40824,41044,44073,43982,28609,31852,20344,25496,6366,10746,3618,3281,24027,23076,33279,30477,33326,33021,38554,38603,41962,41975,27680,30774,19701,24610,6107,10221,349140,326852,46033,44334,77749,71483,21570,70,53
2021-10-31T23:59:59+01:00,4310,4011,26773,25565,36175,33327,35640,35413,40823,41044,44072,43982,28608,31852,20344,25496,6366,10746,3618,3281,24026,23076,33279,30477,33326,33021,38553,38603,41961,41975,27680,30774,19701,24610,6107,10221,349133,326850,46032,44334,77749,71483,21569,70,53
2021-10-30T23:59:59+02:00,4307,4009,26762,25560,36160,33319,35634,35409,40814,41040,44064,43982,28607,31852,20344,25495,6366,10745,3618,3281,24022,23073,33276,30477,33326,33018,38552,38602,41960,41975,27680,30774,19701,24610,6107,10221,349055,326834,46032,44334,77749,71483,21569,70,53
2021-10-29T23:59:59+02:00,4283,3990,26619,25466,35975,33197,35520,35338,40714,40970,44016,43958,28604,31842,20343,25493,6366,10745,3605,3273,23968,23036,33223,30422,33279,32983,38510,38563,41934,41956,27675,30766,19696,24603,6106,10221,348121,326442,45977,44314,77749,71482,21528,70,53
2021-10-28T23:59:59+02:00,4251,3948,26446,25337,35767,33062,35373,35235,40616,40891,43951,43917,28592,31830,20334,25485,6365,10743,3576,3237,23879,22947,33136,30328,33217,32928,38455,38514,41886,41928,27664,30751,19688,24592,6102,10213,347014,325815,45899,44274,77749,71482,21417,70,53
2021-10-27T23:59:59+02:00,4225,3923,26406,25304,35718,33013,35330,35183,40579,40861,43927,43898,28589,31822,20330,25479,6361,10741,3561,3218,23832,22907,33088,30285,33191,32901,38444,38490,41872,41908,27654,30735,19680,24585,6101,10211,346572,325446,45889,44268,77749,71481,21415,70,53
2021-10-26T23:59:59+02:00,4182,3894,26263,25188,35571,32907,35230,35103,40508,40812,43886,43876,28578,31811,20325,25473,6358,10739,3533,3205,23766,22824,33009,30215,33144,32851,38389,38451,41834,41885,27646,30725,19675,24576,6100,10209,345695,324933,45859,44236,77749,71478,21337,70,53
2021-10-25T23:59:59+02:00,4173,3886,26249,25170,35538,32884,35202,35089,40494,40805,43882,43872,28577,31810,20324,25473,6358,10739,3528,3198,23762,22818,32989,30196,33140,32845,38382,38446,41833,41881,27644,30724,19675,24573,6100,10209,345542,324865,45850,44228,77749,71477,21320,70,53
2021-10-24T23:59:59+02:00,4162,3881,26224,25139,35502,32855,35170,35065,40480,40787,43870,43863,28576,31806,20323,25471,6358,10739,3518,3189,23747,22800,32977,30187,33128,32837,38372,38437,41825,41873,27638,30721,19675,24568,6100,10208,345297,324722,45842,44228,77748,71477,21320,70,53
2021-10-23T23:59:59+02:00,4162,3881,26222,25134,35497,32854,35166,35062,40477,40785,43868,43863,28576,31806,20323,25471,6358,10739,3518,3189,23747,22799,32976,30187,33126,32837,38371,38436,41825,41873,27638,30721,19675,24568,6100,10208,345270,324716,45842,44228,77748,71477,21320,70,53
2021-10-22T23:59:59+02:00,4141,3850,26125,25062,35384,32756,35072,35000,40400,40742,43827,43836,28569,31801,20320,25464,6358,10738,3480,3160,23687,22737,32912,30131,33074,32799,38334,38405,41791,41848,27632,30714,19671,24565,6099,10207,344548,324233,45807,44205,77748,71477,21278,70,53
2021-10-21T23:59:59+02:00,4075,3802,26020,24969,35256,32640,34972,34927,40331,40685,43763,43799,28557,31787,20313,25457,6358,10736,3293,3008,23542,22582,32818,30040,33004,32731,38273,38351,41739,41807,27613,30695,19655,24548,6094,10198,343633,323066,45781,44173,77747,71477,21222,70,53
2021-10-20T23:59:59+02:00,4066,3785,25988,24939,35206,32592,34934,34894,40309,40662,43743,43785,28552,31782,20309,25452,6353,10732,3259,2981,23500,22542,32778,30007,32976,32701,38245,38320,41716,41785,27599,30683,19645,24537,6091,10194,343289,322660,45773,44159,77747,71477,21210,70,53
2021-10-19T23:59:59+02:00,4046,3757,25917,24894,35151,32545,34895,34854,40275,40634,43722,43771,28548,31776,20301,25442,6348,10729,3154,2865,23381,22432,32700,29940,32937,32658,38218,38276,41685,41761,27584,30666,19636,24530,6084,10189,342865,321868,45748,44118,77747,71476,21181,70,53
2021-10-18T23:59:59+02:00,4037,3739,25877,24867,35120,32507,34876,34840,40257,40620,43712,43757,28541,31768,20291,25435,6347,10729,3125,2847,23334,22393,32669,29895,32914,32622,38191,38255,41665,41739,27577,30659,19629,24521,6081,10185,342600,321502,45740,44101,77747,71476,21169,70,53
2021-10-17T23:59:59+02:00,4030,3727,25861,24861,35107,32494,34867,34835,40253,40616,43707,43749,28540,31765,20291,25430,6346,10727,3036,2767,23295,22366,32658,29882,32908,32612,38187,38248,41664,41729,27576,30654,19628,24519,6079,10185,342487,321195,45740,44101,77747,71476,21168,70,53
2021-10-16T23:59:59+02:00,4030,3727,25861,24861,35107,32494,34867,34835,40252,40615,43707,43749,28539,31764,20291,25429,6346,10726,3035,2765,23294,22366,32658,29882,32908,32611,38185,38247,41663,41728,27575,30654,19628,24518,6078,10183,342482,321181,45740,44101,77747,71476,21167,70,53
2021-10-15T23:59:59+02:00,4020,3718,25823,24831,35075,32467,34844,34812,40233,40603,43696,43742,28535,31761,20288,25426,6344,10722,3004,2740,23233,22294,32602,29831,32875,32563,38157,38220,41643,41711,27567,30647,19625,24514,6078,10179,342247,320721,45725,44075,77746,71476,21158,70,53
2021-10-14T23:59:59+02:00,4000,3688,25751,24771,35006,32401,34797,34775,40199,40569,43664,43727,28527,31752,20282,25422,6341,10717,2960,2683,23149,22208,32537,29735,32822,32505,38099,38175,41603,41674,27549,30632,19617,24505,6075,10178,341760,320031,45701,44028,77746,71476,21118,70,53
2021-10-13T23:59:59+02:00,3984,3664,25720,24749,34979,32370,34775,34758,40185,40546,43645,43706,28519,31746,20278,25414,6335,10710,2939,2662,23116,22169,32511,29694,32811,32470,38079,38154,41586,41662,27542,30618,19610,24498,6075,10173,341463,319706,45696,44020,77746,71476,21114,70,53
2021-10-12T23:59:59+02:00,3967,3642,25669,24697,34919,32305,34740,34726,40156,40519,43625,43693,28506,31731,20275,25406,6329,10704,2911,2628,23028,22071,32411,29604,32767,32421,38022,38116,41561,41625,27517,30605,19603,24489,6072,10163,341031,319014,45677,43982,77746,71474,21091,70,53
2021-10-11T23:59:59+02:00,3959,3630,25642,24672,34904,32282,34709,34708,40145,40506,43613,43680,28496,31722,20269,25401,6325,10699,2890,2617,22997,22036,32368,29569,32742,32391,38005,38099,41540,41608,27511,30599,19597,24482,6070,10159,340809,318698,45662,43974,77746,71474,21081,70,53
2021-10-10T23:59:59+02:00,3956,3628,25637,24665,34894,32270,34702,34694,40136,40501,43604,43672,28495,31717,20264,25397,6325,10695,2882,2611,22987,22020,32356,29552,32737,32384,37994,38088,41534,41603,27505,30595,19596,24480,6070,10159,340701,318574,45660,43971,77746,71474,21081,70,53
2021-10-09T23:59:59+02:00,3955,3625,25636,24663,34893,32266,34699,34693,40133,40497,43602,43672,28493,31716,20263,25394,6324,10695,2882,2610,22987,22020,32356,29552,32735,32383,37993,38088,41533,41602,27505,30595,19595,24480,6070,10158,340668,318565,45660,43971,77746,71474,21081,70,53
2021-10-08T23:59:59+02:00,3920,3601,25562,24603,34827,32212,34666,34663,40099,40468,43569,43646,28483,31706,20252,25379,6316,10692,2855,2574,22889,21952,32305,29496,32698,32335,37965,38044,41508,41577,27494,30577,19589,24472,6066,10157,340150,318010,45643,43956,77746,71473,21061,70,53
2021-10-07T23:59:59+02:00,3896,3556,25478,24521,34755,32139,34619,34622,40057,40425,43536,43618,28476,31696,20237,25368,6309,10682,2797,2512,22759,21809,32234,29406,32647,32256,37915,37996,41465,41536,27475,30559,19573,24457,6059,10145,339549,317131,45616,43929,77746,71472,21015,70,53
2021-10-06T23:59:59+02:00,3881,3536,25440,24477,34716,32099,34593,34592,40038,40407,43517,43599,28468,31687,20225,25350,6305,10670,2782,2495,22726,21767,32203,29369,32626,32226,37899,37971,41446,41521,27465,30549,19563,24445,6057,10141,339168,316791,45613,43926,77746,71472,21009,70,53
2021-10-05T23:59:59+02:00,3859,3517,25383,24415,34645,32025,34554,34555,40019,40370,43479,43576,28458,31675,20210,25341,6301,10654,2745,2453,22647,21647,32109,29277,32570,32163,37857,37930,41416,41492,27449,30539,19553,24435,6047,10131,338686,316088,45591,43898,77744,71470,20951,70,53
2021-10-04T23:59:59+02:00,3835,3495,25335,24370,34598,31989,34518,34522,39991,40349,43458,43555,28450,31666,20202,25325,6292,10640,2730,2443,22603,21601,32080,29228,32541,32139,37837,37913,41390,41476,27438,30523,19544,24426,6043,10121,338269,315739,45580,43884,77744,71467,20933,70,53
2021-10-03T23:59:59+02:00,3826,3492,25319,24358,34588,31982,34510,34514,39984,40339,43452,43551,28444,31664,20199,25316,6291,10633,2725,2437,22590,21590,32072,29218,32527,32130,37830,37905,41382,41472,27436,30518,19540,24420,6038,10115,338145,315613,45579,43882,77744,71467,20930,70,53
2021-10-02T23:59:59+02:00,3826,3492,25319,24358,34587,31982,34510,34514,39983,40339,43452,43551,28444,31664,20199,25316,6291,10633,2724,2437,22590,21590,32072,29218,32527,32130,37830,37905,41382,41472,27436,30518,19540,24420,6038,10115,338143,315612,45579,43882,77744,71467,20930,70,53
2021-10-01T23:59:59+02:00,3807,3474,25270,24293,34520,31912,34448,34473,39947,40315,43422,43533,28441,31657,20197,25314,6289,10630,2681,2395,22491,21502,32021,29147,32476,32088,37793,37857,41357,41455,27429,30513,19536,24415,6037,10113,337702,315051,45553,43856,77742,71465,20881,70,53
2021-09-30T23:59:59+02:00,3774,3432,25166,24171,34404,31823,34364,34408,39869,40253,43364,43480,28424,31636,20186,25305,6286,10620,2619,2342,22369,21385,31940,29043,32416,32016,37743,37809,41317,41429,27401,30501,19533,24402,6035,10108,336851,314257,45511,43831,77737,71465,20802,70,53
2021-09-29T23:59:59+02:00,3756,3412,25138,24123,34373,31795,34339,34381,39849,40230,43342,43462,28415,31628,20181,25299,6280,10613,2612,2328,22341,21355,31916,29023,32397,31992,37726,37791,41300,41416,27396,30490,19528,24393,6034,10104,336519,314009,45507,43827,77737,71464,20789,70,53
2021-09-28T23:59:59+02:00,3727,3380,25051,24051,34293,31726,34289,34331,39800,40190,43306,43431,28399,31609,20173,25287,6276,10604,2591,2302,22246,21281,31850,28949,32352,31946,37692,37748,41275,41391,27375,30475,19526,24384,6031,10102,335952,313506,45473,43797,77737,71463,20697,70,53
2021-09-27T23:59:59+02:00,3704,3357,25008,24023,34256,31686,34265,34301,39779,40156,43285,43410,28391,31599,20166,25282,6272,10598,2572,2288,22210,21249,31817,28908,32324,31926,37670,37730,41255,41378,27366,30470,19523,24380,6030,10098,335614,313236,45463,43781,77736,71463,20661,70,53
2021-09-26T23:59:59+02:00,3552,3253,24950,23988,34246,31678,34258,34298,39773,40150,43279,43404,28390,31597,20164,25281,6271,10597,2560,2281,22194,21230,31812,28901,32320,31922,37662,37723,41249,41372,27363,30466,19520,24378,6029,10097,335210,313128,45463,43780,77736,71462,20656,70,53
2021-09-25T23:59:59+02:00,3551,3253,24949,23988,34246,31678,34258,34298,39771,40149,43278,43404,28390,31596,20164,25281,6271,10597,2560,2280,22192,21227,31812,28901,32318,31921,37659,37721,41249,41372,27363,30465,19520,24378,6029,10097,335204,313113,45463,43780,77735,71462,20656,70,53
2021-09-24T23:59:59+02:00,3527,3221,24867,23912,34132,31599,34190,34236,39715,40102,43244,43378,28376,31585,20161,25275,6270,10595,2524,2249,22106,21139,31719,28837,32273,31884,37604,37682,41229,41350,27351,30454,19517,24375,6028,10097,334677,312659,45430,43766,77734,71461,20480,70,52
2021-09-23T23:59:59+02:00,3356,3069,24727,23764,34041,31509,34113,34176,39657,40048,43185,43334,28358,31571,20153,25263,6267,10593,2473,2204,21991,21036,31649,28760,32220,31828,37568,37646,41194,41316,27337,30434,19510,24359,6027,10094,333631,312034,45402,43748,77734,71459,20353,70,52
2021-09-22T23:59:59+02:00,3333,3044,24691,23709,34007,31475,34089,34137,39628,40031,43161,43309,28348,31562,20149,25252,6267,10588,2458,2192,21961,21005,31610,28722,32202,31799,37545,37630,41171,41305,27328,30427,19507,24355,6027,10093,333276,311768,45393,43744,77732,71458,20315,70,52
2021-09-21T23:59:59+02:00,3205,2909,24493,23550,33861,31376,34025,34052,39559,39983,43140,43267,28329,31542,20140,25246,6259,10581,2393,2161,21823,20867,31499,28618,32123,31722,37490,37582,41139,41271,27316,30414,19499,24340,6024,10087,332214,310989,45353,43716,77732,71457,20154,70,52
2021-09-20T23:59:59+02:00,3181,2887,24447,23503,33811,31335,33995,34019,39528,39951,43116,43241,28324,31532,20136,25240,6259,10577,2385,2149,21785,20825,31452,28570,32101,31686,37460,37563,41126,41261,27305,30407,19491,24334,6022,10080,331842,310680,45338,43709,77732,71455,20106,70,52
2021-09-19T23:59:59+02:00,3177,2885,24435,23497,33798,31327,33987,34011,39522,39936,43106,43239,28323,31531,20136,25238,6259,10577,2381,2145,21776,20818,31442,28562,32097,31684,37452,37555,41118,41260,27304,30407,19490,24333,6022,10080,331763,310623,45338,43708,77731,71455,20088,70,52
2021-09-18T23:59:59+02:00,3177,2885,24435,23497,33798,31327,33987,34011,39522,39936,43106,43239,28323,31531,20136,25238,6259,10577,2381,2145,21776,20817,31442,28560,32095,31684,37452,37555,41118,41260,27304,30407,19490,24332,6022,10080,331763,310617,45338,43708,77731,71455,20088,70,52
2021-09-17T23:59:59+02:00,3150,2847,24330,23382,33692,31226,33909,33941,39454,39882,43071,43212,28309,31523,20134,25231,6257,10575,2334,2102,21697,20738,31368,28497,32031,31636,37413,37521,41099,41246,27295,30392,19488,24325,6022,10079,331110,310165,45296,43687,77730,71455,19924,70,52
2021-09-16T23:59:59+02:00,3099,2799,24217,23247,33594,31118,33840,33835,39407,39821,43017,43163,28283,31503,20118,25220,6254,10567,2293,2060,21591,20639,31284,28421,31964,31570,37390,37465,41065,41207,27284,30373,19481,24317,6020,10078,330278,309553,45258,43677,77730,71449,19771,70,52
2021-09-15T23:59:59+02:00,3076,2786,24176,23200,33563,31074,33825,33804,39377,39792,42999,43145,28273,31492,20112,25215,6253,10565,2280,2045,21555,20598,31253,28379,31938,31547,37358,37431,41041,41180,27270,30365,19474,24309,6020,10074,329947,309201,45245,43676,77729,71447,19741,70,52
2021-09-14T23:59:59+02:00,3036,2754,24067,23058,33419,30935,33741,33720,39320,39739,42948,43095,28254,31476,20103,25207,6249,10560,2261,2020,21469,20517,31162,28290,31873,31485,37309,37388,40996,41154,27259,30345,19465,24301,6018,10071,329136,308675,45208,43669,77728,71443,19544,70,52
2021-09-13T23:59:59+02:00,3018,2734,24016,23005,33372,30876,33708,33670,39296,39708,42917,43071,28248,31462,20098,25205,6247,10556,2246,2004,21417,20469,31117,28239,31843,31453,37287,37368,40982,41132,27253,30339,19461,24297,6017,10070,328751,308375,45192,43656,77728,71440,19471,70,52
2021-09-12T23:59:59+02:00,3014,2727,24012,22997,33366,30871,33699,33663,39291,39705,42914,43068,28246,31460,20097,25204,6247,10555,2243,2001,21401,20460,31107,28221,31823,31444,37279,37360,40976,41125,27248,30338,19458,24294,6017,10068,328683,308248,45192,43656,77727,71438,19469,70,52
2021-09-11T23:59:59+02:00,3012,2726,24010,22995,33364,30870,33697,33662,39291,39703,42913,43068,28243,31458,20097,25204,6247,10555,2242,1999,21397,20459,31105,28217,31823,31444,37279,37358,40975,41124,27246,30338,19458,24294,6017,10068,328663,308231,45192,43654,77727,71438,19468,70,52
2021-09-10T23:59:59+02:00,2970,2684,23878,22866,33234,30753,33595,33585,39217,39619,42865,43027,28227,31441,20092,25196,6246,10553,2205,1961,21282,20354,30992,28124,31735,31389,37215,37316,40929,41091,27238,30328,19452,24283,6015,10067,327918,307686,45172,43635,77727,71437,19166,70,52
2021-09-09T23:59:59+02:00,2921,2645,23699,22719,33123,30623,33496,33483,39146,39545,42825,42979,28200,31424,20083,25190,6244,10551,2151,1904,21161,20225,30900,28026,31659,31294,37153,37260,40882,41043,27215,30313,19443,24274,6011,10064,327019,306936,45148,43616,77725,71434,18940,69,52
2021-09-08T23:59:59+02:00,2900,2614,23657,22669,33091,30584,33480,33455,39126,39524,42810,42963,28194,31415,20080,25185,6243,10551,2140,1892,21127,20194,30870,28010,31644,31269,37135,37237,40869,41030,27209,30308,19438,24269,6010,10063,326702,306709,45142,43612,77723,71433,18910,69,50
2021-09-07T23:59:59+02:00,2847,2559,23509,22525,32972,30475,33406,33370,39071,39460,42766,42929,28176,31397,20076,25180,6242,10548,2085,1851,20992,20060,30754,27924,31570,31203,37088,37185,40832,41001,27192,30283,19431,24258,6009,10061,325950,306059,45117,43589,77723,71428,18653,69,50
2021-09-06T23:59:59+02:00,2824,2544,23477,22481,32940,30440,33385,33350,39049,39447,42750,42914,28173,31393,20074,25178,6241,10545,2061,1833,20950,20015,30723,27897,31549,31176,37069,37164,40818,40989,27184,30275,19429,24249,6006,10059,325680,305752,45101,43581,77722,71426,18637,69,50
2021-09-05T23:59:59+02:00,2813,2541,23472,22476,32938,30434,33382,33345,39046,39444,42746,42908,28171,31389,20072,25177,6240,10544,2057,1830,20939,20008,30712,27891,31545,31172,37066,37162,40814,40986,27179,30273,19427,24245,6005,10059,325616,305678,45100,43581,77722,71426,18635,69,50
2021-09-04T23:59:59+02:00,2813,2541,23469,22475,32937,30434,33382,33344,39046,39443,42745,42907,28171,31389,20072,25177,6240,10544,2055,1827,20937,20008,30712,27891,31544,31171,37066,37162,40813,40986,27179,30273,19427,24245,6005,10059,325610,305671,45100,43581,77722,71426,18632,69,50
2021-09-03T23:59:59+02:00,2790,2507,23390,22397,32863,30362,33341,33301,39002,39414,42715,42894,28163,31376,20071,25175,6238,10543,2039,1810,20888,19949,30662,27852,31510,31136,37038,37135,40782,40974,27171,30265,19425,24243,6004,10059,325107,305324,45072,43572,77720,71418,18578,69,50
2021-09-02T23:59:59+02:00,2759,2475,23284,22300,32804,30272,33283,33246,38964,39380,42676,42862,28143,31364,20067,25161,6236,10540,2017,1791,20814,19889,30602,27790,31472,31105,36998,37098,40748,40946,27161,30253,19422,24232,6004,10059,324503,304897,45042,43554,77719,71413,18487,69,50
2021-09-01T23:59:59+02:00,2736,2460,23260,22263,32774,30240,33261,33220,38938,39359,42662,42846,28134,31357,20062,25159,6236,10540,2000,1776,20773,19847,30569,27761,31445,31084,36979,37081,40730,40930,27150,30244,19421,24226,6004,10059,324246,304622,45031,43548,77718,71412,18447,69,50
2021-08-31T23:59:59+02:00,2691,2417,23137,22157,32692,30140,33204,33164,38894,39318,42636,42822,28123,31351,20056,25155,6235,10536,1976,1756,20686,19752,30497,27701,31396,31044,36940,37049,40701,40905,27141,30232,19415,24221,6004,10057,323667,304207,45001,43534,77717,71404,18278,69,50
2021-08-30T23:59:59+02:00,2669,2393,23086,22114,32651,30097,33178,33127,38865,39297,42617,42804,28118,31344,20049,25146,6234,10532,1928,1715,20564,19647,30399,27605,31335,30992,36907,37021,40680,40871,27125,30217,19414,24212,6004,10055,323323,303487,44986,43525,77717,71399,18230,69,50
2021-08-29T23:59:59+02:00,2638,2363,22998,22048,32588,30040,33134,33096,38819,39261,42587,42783,28107,31336,20046,25140,6234,10531,1902,1690,20461,19578,30331,27555,31300,30958,36866,36990,40655,40853,27112,30206,19413,24207,6004,10055,322861,303057,44970,43502,77715,71389,18138,69,50
2021-08-28T23:59:59+02:00,2632,2361,22998,22048,32584,30040,33133,33096,38816,39260,42586,42783,28106,31336,20046,25140,6234,10531,1902,1688,20460,19577,30325,27555,31300,30955,36863,36988,40655,40853,27112,30206,19413,24207,6004,10055,322848,303046,44970,43501,77715,71389,18132,69,50
2021-08-27T23:59:59+02:00,2632,2361,22993,22045,32577,30039,33131,33093,38814,39258,42583,42783,28105,31335,20046,25140,6233,10531,1901,1687,20454,19576,30317,27554,31298,30953,36860,36986,40653,40853,27112,30206,19413,24206,6004,10055,322829,303030,44970,43501,77715,71387,18120,69,50
2021-08-26T23:59:59+02:00,2549,2277,22805,21836,32441,29897,33011,32985,38726,39170,42517,42714,28081,31302,20033,25122,6232,10525,1816,1606,20185,19306,30176,27387,31156,30828,36752,36892,40568,40780,27070,30164,19394,24182,5998,10053,321602,301523,44950,43477,77714,71371,17892,69,50
2021-08-25T23:59:59+02:00,2543,2269,22785,21811,32429,29876,32998,32970,38714,39154,42506,42708,28076,31299,20026,25116,6229,10523,1805,1597,20137,19263,30140,27356,31135,30790,36727,36860,40549,40764,27057,30152,19390,24174,5997,10052,321413,301159,44950,43477,77714,71369,17890,69,50
2021-08-24T23:59:59+02:00,2525,2258,22746,21769,32403,29831,32979,32937,38704,39134,42486,42694,28070,31288,20021,25108,6228,10522,1795,1588,20099,19221,30106,27315,31114,30755,36713,36839,40529,40746,27052,30142,19386,24171,5997,10048,321124,300870,44940,43472,77714,71364,17860,69,50
2021-08-23T23:59:59+02:00,2505,2226,22676,21696,32332,29774,32943,32905,38665,39103,42456,42681,28055,31279,20018,25097,6228,10520,1751,1544,19974,19098,29987,27236,31049,30706,36663,36796,40487,40717,27040,30127,19380,24161,5997,10042,320680,300130,44929,43446,77712,71356,17773,69,50
2021-08-22T23:59:59+02:00,2496,2217,22640,21664,32311,29756,32928,32897,38648,39087,42451,42672,28050,31274,20013,25097,6228,10519,1741,1531,19934,19059,29950,27202,31019,30669,36642,36780,40469,40695,27032,30123,19377,24158,5997,10040,320508,299837,44923,43443,77711,71347,17741,69,50
2021-08-21T23:59:59+02:00,2477,2204,22587,21616,32272,29718,32905,32873,38635,39064,42434,42662,28043,31266,20011,25094,6228,10518,1711,1507,19833,18960,29879,27143,30985,30625,36607,36738,40445,40674,27021,30115,19372,24154,5995,10040,320268,299329,44909,43428,77709,71341,17656,69,50
2021-08-20T23:59:59+02:00,2439,2162,22500,21508,32195,29635,32843,32825,38584,39024,42392,42634,28035,31252,20007,25079,6227,10514,1664,1470,19659,18834,29752,27040,30909,30566,36544,36692,40399,40637,27006,30096,19363,24145,5994,10036,319682,298513,44885,43403,77706,71323,17517,69,50
2021-08-19T23:59:59+02:00,2349,2094,22339,21370,32058,29510,32752,32741,38480,38944,42322,42579,28009,31219,20000,25067,6222,10505,1608,1420,19400,18627,29539,26890,30788,30458,36423,36596,40297,40552,26978,30066,19352,24129,5990,10031,318742,297241,44864,43373,77706,71297,17183,69,50
2021-08-18T23:59:59+02:00,2339,2085,22313,21349,32036,29489,32730,32718,38452,38926,42309,42565,27994,31209,19994,25062,6222,10503,1585,1402,19346,18567,29499,26856,30762,30427,36394,36575,40273,40521,26961,30055,19347,24117,5985,10027,318484,296807,44864,43371,77706,71295,17176,69,50
2021-08-17T23:59:59+02:00,2322,2069,22288,21321,32020,29461,32705,32694,38438,38915,42284,42547,27988,31196,19988,25057,6222,10503,1572,1391,19303,18517,29467,26817,30719,30401,36369,36544,40247,40500,26944,30043,19344,24103,5983,10023,318239,296434,44864,43368,77706,71291,17144,69,50
2021-08-16T23:59:59+02:00,2283,2052,22221,21278,31979,29416,32681,32673,38414,38893,42252,42530,27979,31188,19986,25046,6222,10502,1548,1366,19094,18373,29318,26701,30643,30312,36322,36490,40209,40458,26923,30026,19337,24084,5977,10021,317889,295427,44864,43362,77703,71289,17074,69,50
2021-08-15T23:59:59+02:00,2256,2029,22167,21221,31931,29375,32657,32640,38386,38874,42230,42516,27973,31183,19980,25039,6221,10502,1526,1350,18972,18253,29160,26572,30563,30228,36255,36439,40154,40400,26905,30002,19327,24075,5974,10020,317552,294493,44855,43345,77702,71281,17006,69,50
2021-08-14T23:59:59+02:00,2250,2026,22141,21205,31919,29359,32653,32634,38378,38869,42224,42513,27972,31182,19979,25038,6221,10501,1496,1322,18859,18159,29098,26507,30524,30181,36230,36407,40133,40385,26898,29996,19324,24074,5973,10017,317463,293947,44852,43327,77702,71277,16982,69,50
2021-08-13T23:59:59+02:00,2233,2015,22095,21167,31882,29335,32615,32605,38363,38854,42214,42503,27970,31178,19976,25035,6220,10501,1421,1257,18603,17899,28920,26345,30408,30089,36177,36339,40088,40349,26882,29983,19319,24065,5970,10013,317226,292576,44847,43311,77700,71267,16923,69,50
2021-08-12T23:59:59+02:00,2196,1977,22006,21073,31813,29255,32557,32555,38315,38809,42173,42468,27954,31159,19969,25025,6218,10501,1328,1197,18301,17587,28670,26114,30264,29959,36082,36244,40010,40282,26847,29936,19299,24042,5968,10010,316642,290829,44836,43259,77697,71219,16783,69,50
2021-08-11T23:59:59+02:00,2194,1972,21985,21057,31795,29234,32542,32539,38307,38800,42162,42452,27945,31156,19966,25021,6217,10497,1320,1184,18246,17532,28633,26069,30216,29920,36062,36205,39974,40249,26834,29909,19292,24032,5968,10008,316461,290350,44836,43256,77697,71216,16782,69,49
2021-08-10T23:59:59+02:00,2185,1951,21958,21020,31757,29211,32526,32518,38280,38773,42144,42444,27939,31148,19964,25018,6216,10493,1286,1150,17734,17076,28458,25912,30122,29832,35893,36082,39926,40207,26812,29885,19286,24017,5964,10007,316212,288652,44832,43239,77695,70966,16743,67,49
2021-08-09T23:59:59+02:00,2161,1937,21908,20967,31697,29164,32490,32490,38254,38752,42130,42419,27928,31139,19963,25009,6215,10491,1243,1110,17260,16623,28323,25804,30066,29779,35846,36037,39894,40171,26803,29871,19281,24010,5964,10005,315829,287166,44826,43220,77694,70953,16702,67,49
2021-08-08T23:59:59+02:00,2144,1919,21854,20921,31652,29127,32456,32464,38230,38743,42108,42398,27921,31135,19957,25005,6215,10488,1178,1047,16914,16284,28212,25717,30007,29705,35798,35999,39870,40145,26792,29857,19272,24000,5962,10000,315508,285918,44825,43199,77693,70945,16648,67,49
2021-08-07T23:59:59+02:00,2100,1876,21718,20839,31569,29059,32383,32404,38173,38694,42075,42369,27912,31108,19952,24996,6213,10486,1032,921,16402,15830,27905,25427,29777,29518,35621,35841,39728,40033,26737,29794,19253,23971,5960,9996,314880,283262,44792,43076,77687,70855,16504,67,49
2021-08-06T23:59:59+02:00,2090,1866,21667,20800,31526,29026,32351,32385,38147,38673,42064,42353,27907,31099,19948,24996,6213,10486,913,812,15375,14851,26759,24526,29487,29285,35374,35641,39412,39792,26693,29747,19244,23961,5959,9993,314648,278257,44788,43055,77687,70053,16411,67,48
2021-08-05T23:59:59+02:00,2052,1837,21561,20713,31470,28949,32292,32325,38087,38622,42019,42315,27890,31079,19940,24983,6211,10483,814,706,14482,14103,25732,23744,28772,28769,34842,35206,39094,39547,26626,29667,19212,23927,5956,9983,314091,273354,44765,43003,77686,68554,16223,67,48
2021-08-04T23:59:59+02:00,2032,1818,21490,20662,31426,28883,32258,32283,38050,38598,41982,42286,27877,31064,19935,24970,6209,10479,736,660,14109,13761,25327,23435,28560,28541,34699,35081,38993,39453,26587,29622,19189,23904,5951,9978,313644,270902,44758,42972,77686,68513,16151,67,48
2021-08-03T23:59:59+02:00,2023,1802,21463,20635,31407,28870,32245,32273,38040,38584,41966,42273,27868,31058,19930,24963,6208,10477,716,646,14027,13669,25249,23359,28494,28486,34653,35033,38946,39421,26571,29600,19180,23895,5949,9972,313436,270215,44754,42968,77684,68487,16148,67,48
2021-08-02T23:59:59+02:00,2013,1781,21418,20598,31360,28847,32218,32242,38012,38568,41953,42258,27859,31046,19930,24955,6207,10473,685,616,13824,13458,24545,22805,28210,28262,34505,34922,38868,39357,26543,29567,19172,23891,5949,9970,313143,267792,44750,42954,77684,68257,16098,67,48
2021-08-01T23:59:59+02:00,1993,1764,21366,20549,31311,28806,32191,32222,37993,38549,41932,42241,27853,31039,19927,24947,6207,10473,647,588,13655,13299,24243,22548,27971,28045,34415,34812,38801,39285,26527,29547,19166,23885,5949,9968,312835,266090,44744,42942,77683,68233,16038,67,48
2021-07-31T23:59:59+02:00,1968,1734,21284,20472,31242,28767,32137,32182,37958,38519,41909,42220,27850,31030,19922,24943,6207,10473,375,358,12709,12275,23727,22107,27625,27688,34103,34515,38369,38940,26457,29461,19140,23840,5944,9962,312413,261054,44732,42906,77681,67660,15927,67,48
2021-07-30T23:59:59+02:00,1943,1714,21259,20450,31210,28749,32122,32161,37952,38512,41901,42211,27845,31027,19921,24943,6206,10473,367,351,12621,12202,23406,21815,27349,27477,33882,34349,38207,38804,26433,29443,19138,23832,5944,9960,312222,259635,44731,42897,77681,67099,15901,67,48
2021-07-29T23:59:59+02:00,1874,1645,21027,20212,31066,28600,32018,32048,37860,38422,41807,42150,27817,31002,19908,24924,6199,10464,301,291,11992,11665,22277,20975,26308,26638,32898,33651,37825,38512,26350,29342,19110,23785,5938,9951,311000,254013,44703,42806,77673,65339,15603,67,48
2021-07-28T23:59:59+02:00,1854,1630,20987,20161,31046,28570,32002,32027,37839,38403,41785,42129,27806,30990,19902,24914,6199,10462,257,240,11708,11361,21867,20591,25874,26208,32730,33493,37709,38421,26313,29291,19091,23762,5937,9946,310680,251070,44703,42805,77661,65278,15598,67,48
2021-07-27T23:59:59+02:00,1844,1624,20947,20118,31021,28537,31968,32011,37817,38371,41761,42115,27799,30983,19901,24909,6199,10459,218,217,11460,11145,21664,20400,25731,26085,32622,33390,37626,38339,26288,29254,19083,23753,5934,9942,310441,249582,44703,42801,77660,65205,15516,67,47
2021-07-26T23:59:59+02:00,1818,1588,20821,19987,30913,28435,31908,31947,37762,38303,41718,42084,27773,30965,19890,24895,6193,10456,183,189,11164,10819,21159,19956,25482,25876,32459,33241,37494,38251,26252,29220,19070,23729,5933,9934,309673,247284,44672,42687,77653,64999,15394,67,47
2021-07-25T23:59:59+02:00,1812,1580,20797,19974,30903,28425,31896,31933,37756,38296,41708,42075,27769,30961,19889,24893,6193,10455,171,176,11057,10712,21006,19851,25248,25681,32217,33030,37348,38115,26233,29206,19063,23722,5932,9931,309556,246011,44663,42672,77645,64582,15387,67,47
2021-07-24T23:59:59+02:00,1792,1565,20716,19899,30858,28384,31861,31897,37727,38266,41686,42063,27762,30955,19886,24891,6193,10455,165,171,10993,10657,20932,19788,25175,25619,32165,32999,37319,38093,26227,29201,19061,23720,5932,9931,309203,245642,44652,42648,77641,64515,15296,67,47
2021-07-23T23:59:59+02:00,1737,1530,20524,19753,30697,28269,31775,31822,37660,38214,41647,42022,27751,30938,19881,24885,6192,10450,153,160,10734,10449,20573,19485,24367,24972,31677,32667,36748,37636,26183,29159,19045,23702,5931,9929,308370,242757,44642,42600,77624,63120,15046,67,47
2021-07-22T23:59:59+02:00,1672,1473,20216,19481,30455,28089,31646,31708,37531,38108,41549,41939,27724,30914,19871,24861,6188,10449,116,133,10269,10072,19825,18972,23415,24299,30969,32077,35709,36873,26071,29061,19011,23670,5929,9925,306894,239138,44607,41936,77619,60586,14689,67,47
2021-07-21T23:59:59+02:00,1657,1465,20178,19429,30426,28059,31621,31684,37511,38083,41528,41915,27714,30906,19865,24855,6183,10445,98,112,9960,9738,19362,18519,22543,23529,30635,31743,35472,36675,25989,28964,18981,23617,5921,9915,306564,236384,44597,40247,77617,60415,14681,67,46
2021-07-20T23:59:59+02:00,1650,1459,20144,19402,30393,28032,31596,31664,37495,38065,41516,41903,27699,30891,19865,24848,6183,10442,87,101,9693,9458,19028,18249,22271,23245,30456,31586,35306,36530,25943,28916,18965,23581,5920,9911,306303,233981,44595,40239,77616,60312,14668,67,46
2021-07-19T23:59:59+02:00,1639,1451,20029,19316,30308,27960,31537,31607,37476,38046,41501,41884,27692,30878,19859,24841,6182,10439,80,95,9495,9260,18717,17972,21809,22822,30202,31355,35189,36426,25908,28877,18947,23565,5920,9908,305718,232348,44589,39297,77614,60197,14659,67,46
2021-07-18T23:59:59+02:00,1628,1445,19960,19247,30180,27862,31473,31540,37416,37994,41456,41832,27671,30847,19850,24826,6178,10436,74,87,9384,9144,18546,17821,21616,22633,30033,31154,35075,36326,25876,28853,18936,23547,5920,9902,304928,231086,44589,38993,77611,60154,14648,67,46
2021-07-17T23:59:59+02:00,1627,1441,19953,19244,30180,27861,31473,31536,37411,37992,41451,41830,27670,30846,19849,24826,6178,10436,74,83,9363,9129,18515,17799,21598,22620,30023,31147,35056,36322,25873,28851,18936,23546,5920,9902,304895,230935,44589,38990,77611,60142,14644,67,46
2021-07-16T23:59:59+02:00,1574,1396,19680,19004,30060,27766,31392,31466,37357,37930,41410,41798,27652,30828,19842,24817,6177,10430,73,81,9247,9014,18132,17499,21296,22346,29633,30791,34920,36216,25850,28827,18929,23534,5919,9900,303917,229661,44566,38269,77610,59811,14421,67,45
2021-07-15T23:59:59+02:00,1516,1352,19424,18757,29886,27616,31281,31367,37273,37847,41340,41731,27609,30799,19826,24804,6173,10427,64,69,8882,8710,17224,16678,19740,21119,28710,29868,34296,35632,25682,28646,18873,23484,5913,9888,302641,223540,44526,36808,77602,58890,14195,66,45
2021-07-14T23:59:59+02:00,1502,1339,19394,18720,29858,27590,31256,31335,37260,37833,41320,41724,27601,30792,19817,24797,6173,10424,56,64,8593,8413,16674,16072,19244,20598,28145,29366,33904,35258,25570,28516,18833,23417,5908,9877,302355,219362,44525,36449,77600,58461,14191,66,45
2021-07-13T23:59:59+02:00,1491,1328,19356,18695,29841,27565,31232,31319,37245,37807,41296,41696,27592,30778,19815,24792,6172,10418,38,58,8285,8153,16274,15723,18965,20319,27881,29113,33633,34999,25471,28394,18800,23375,5906,9872,302069,216654,44524,36412,77599,57966,14182,66,45
2021-07-12T23:59:59+02:00,1475,1318,19305,18677,29805,27534,31215,31298,37233,37790,41280,41681,27587,30773,19813,24786,6171,10418,37,53,8025,7940,15992,15442,18263,19767,27566,28789,33222,34637,25300,28196,18741,23301,5900,9867,301800,215355,44523,34481,77599,56984,14173,66,45
2021-07-11T23:59:59+02:00,1465,1310,19273,18646,29778,27501,31198,31267,37225,37769,41265,41669,27577,30764,19811,24786,6170,10417,35,52,7979,7894,15927,15371,18173,19713,27481,28726,33106,34574,25245,28151,18721,23279,5900,9864,301544,214775,44520,34470,77597,56735,14166,66,45
2021-07-10T23:59:59+02:00,1336,1194,18768,18228,29329,27197,30914,31034,36979,37608,41064,41519,27505,30705,19785,24753,6167,10414,34,52,7851,7824,15641,15230,17956,19561,27235,28583,32943,34459,25179,28104,18705,23266,5899,9864,299326,214349,44386,34346,77568,56491,13155,66,45
2021-07-09T23:59:59+02:00,1325,1188,18739,18196,29308,27180,30902,31021,36967,37595,41053,41510,27501,30701,19783,24749,6167,10413,31,50,7809,7779,15567,15162,17891,19467,27011,28354,32693,34245,25113,28040,18683,23239,5899,9861,299178,214059,44366,34342,77567,55325,13123,66,45
2021-07-08T23:59:59+02:00,1247,1106,18471,17982,29153,27025,30762,30900,36864,37493,40954,41432,27466,30666,19764,24730,6162,10407,26,46,7642,7643,15268,14915,17458,19105,26319,27750,32419,33977,24945,27882,18624,23176,5896,9853,297898,212919,44309,32921,77559,54305,12754,66,45
2021-07-07T23:59:59+02:00,1148,1014,18159,17659,28952,26840,30630,30775,36752,37371,40846,41344,27431,30617,19750,24713,6159,10404,23,38,7446,7433,14824,14549,16990,18659,25564,27137,32010,33595,24676,27556,18530,23083,5887,9844,296318,209996,44258,32081,77549,53347,12375,66,45
2021-07-06T23:59:59+02:00,1125,997,18082,17591,28905,26789,30580,30726,36715,37336,40811,41313,27413,30590,19739,24700,6157,10401,16,32,7226,7203,14476,14187,16638,18311,24810,26489,31706,33330,24487,27339,18482,23010,5880,9837,295734,207920,44254,30676,77547,52447,12371,66,45
2021-07-05T23:59:59+02:00,1083,969,18006,17529,28859,26727,30539,30691,36690,37290,40783,41287,27407,30576,19733,24693,6157,10396,6,19,6997,7016,14167,13916,16281,17948,24246,25978,31131,32762,24206,27040,18374,22870,5872,9825,295241,206416,44252,28568,77542,51309,12316,66,45
2021-07-04T23:59:59+02:00,1061,953,17934,17479,28821,26703,30515,30662,36681,37281,40768,41275,27401,30565,19728,24690,6157,10395,6,19,6972,6997,14113,13863,16205,17886,24161,25921,30976,32668,24112,26950,18342,22828,5870,9821,294922,206018,44252,28557,77531,50790,12300,66,45
2021-07-03T23:59:59+02:00,647,582,16201,15760,27672,25782,29719,29941,36039,36670,40268,40848,27244,30398,19662,24602,6148,10378,6,19,6586,6756,13610,13566,15808,17582,23802,25645,30669,32476,24014,26854,18309,22788,5866,9817,287403,205718,44213,28480,77449,50498,9432,66,45
2021-07-02T23:59:59+02:00,608,543,16069,15615,27514,25633,29637,29882,36008,36641,40250,40835,27238,30389,19659,24599,6148,10378,6,19,6540,6683,13536,13470,15721,17451,23657,25459,30515,32312,23821,26642,18220,22710,5864,9814,286496,205034,44213,28321,77448,49615,9425,66,45
2021-07-01T23:59:59+02:00,550,495,15889,15462,27301,25479,29560,29803,35953,36589,40185,40788,27218,30371,19648,24586,6146,10374,6,18,6393,6548,13185,13195,15189,17008,22385,24466,29753,31627,23537,26351,18101,22574,5857,9798,285307,201473,44209,26642,77436,48452,9381,66,43
2021-06-30T23:59:59+02:00,520,475,15784,15354,27191,25391,29492,29729,35896,36536,40143,40753,27203,30340,19636,24569,6142,10374,5,16,6198,6366,12749,12806,14618,16459,21759,23866,29158,31095,23118,25884,17970,22390,5850,9786,284477,197197,44206,26617,77429,46884,9352,66,43
2021-06-29T23:59:59+02:00,464,423,15037,14683,26926,25169,29393,29629,35816,36453,40074,40704,27184,30315,19627,24556,6142,10372,5,14,6085,6236,12485,12541,14220,16063,20968,23240,28574,30542,22671,25359,17816,22216,5842,9776,281978,194036,44202,26108,77420,45163,9303,66,43
2021-06-28T23:59:59+02:00,428,392,14410,14046,26763,25065,29320,29563,35755,36386,40031,40669,27166,30295,19619,24545,6142,10368,4,14,6019,6139,12309,12402,14033,15886,20341,22688,28172,30166,22333,25002,17687,22052,5837,9771,280038,192352,44199,25445,77415,43768,9247,66,43
2021-06-27T23:59:59+02:00,351,325,14063,13675,26700,25007,29281,29525,35731,36364,40013,40654,27155,30288,19616,24541,6141,10367,4,14,5979,6095,12192,12286,13887,15756,19784,22209,27560,29664,22055,24663,17566,21927,5833,9770,278925,191511,44193,23911,77405,42569,9210,66,43
2021-06-26T23:59:59+02:00,350,324,14052,13662,26684,24995,29276,29518,35724,36363,40010,40653,27154,30287,19616,24541,6141,10367,4,14,5974,6093,12182,12284,13881,15753,19771,22197,27515,29629,21908,24533,17526,21869,5832,9768,278849,191489,44190,23907,77405,42085,9209,66,43
2021-06-25T23:59:59+02:00,226,211,12794,12445,25229,23842,28977,29285,35617,36278,39942,40591,27130,30259,19605,24529,6139,10365,4,14,5930,6047,12083,12203,13738,15632,19461,21957,27128,29270,21584,24136,17346,21672,5829,9759,272628,190259,44185,23621,77384,40667,9203,66,43
2021-06-24T23:59:59+02:00,161,157,11819,11613,24108,22959,28612,28934,35467,36112,39827,40487,27091,30210,19594,24505,6137,10361,4,13,5713,5819,11625,11786,13155,15034,17922,20553,25471,27668,20807,23274,17027,21266,5818,9749,267378,185260,44164,19988,77380,38245,9168,66,43
2021-06-23T23:59:59+02:00,125,131,11454,11291,23614,22585,28363,28690,35292,35985,39738,40399,27060,30183,19585,24467,6135,10349,4,13,5637,5707,11411,11570,12853,14686,17528,20142,24719,26895,20011,22520,16833,21013,5810,9733,264763,182899,44154,19368,77375,35685,9090,66,43
2021-06-22T23:59:59+02:00,104,118,11274,11080,23454,22446,28283,28615,35217,35925,39691,40354,27045,30159,19577,24458,6135,10348,3,11,5528,5587,11141,11305,12487,14314,16924,19539,23985,26123,19632,22094,16670,20834,5803,9716,263623,179850,44150,18488,77373,34242,9073,66,43
2021-06-21T23:59:59+02:00,92,106,11023,10896,22620,21777,28030,28385,35149,35864,39627,40311,27028,30141,19571,24449,6135,10347,3,10,5410,5486,10920,11084,12179,13990,16531,19193,23531,25652,19339,21774,16565,20713,5797,9714,261031,178368,44141,17470,77367,33062,8948,66,43
2021-06-20T23:59:59+02:00,86,105,10957,10804,22368,21561,27771,28185,35070,35786,39582,40266,27017,30125,19569,24444,6133,10344,3,9,5369,5435,10833,10977,12081,13887,16335,19007,23260,25411,19237,21667,16512,20655,5791,9710,259738,178051,44138,16405,77362,32810,8870,66,43
2021-06-19T23:59:59+02:00,85,101,10934,10781,22336,21538,27753,28172,35058,35781,39573,40262,27016,30124,19569,24442,6133,10344,3,9,5337,5404,10750,10883,11988,13764,16187,18855,22951,25048,19149,21580,16499,20642,5790,9710,259588,177939,44117,14900,77362,32797,8870,66,43
2021-06-18T23:59:59+02:00,82,99,10886,10729,22026,21212,27496,27953,35003,35744,39539,40239,27007,30115,19568,24439,6133,10342,3,9,5321,5395,10721,10852,11948,13716,16124,18792,22864,24950,18982,21398,16454,20577,5789,9705,258204,177540,44113,14899,77361,32249,8869,66,43
2021-06-17T23:59:59+02:00,73,91,10308,10300,20750,20250,26635,27215,34630,35417,39280,40049,26942,30033,19547,24402,6126,10337,3,9,5125,5255,10339,10599,11501,13313,15445,18179,21491,23626,18523,20904,16289,20404,5785,9691,252415,172216,44093,14323,77348,31435,8464,66,43
2021-06-16T23:59:59+02:00,65,79,9974,9988,20066,19617,26001,26613,34376,35211,39117,39900,26896,29980,19523,24378,6125,10333,3,8,4982,5107,9949,10262,11042,12859,14739,17488,20639,22684,18116,20456,16119,20189,5775,9679,248568,168411,44077,13052,77334,30393,8198,66,42
2021-06-15T23:59:59+02:00,50,73,9729,9744,19767,19370,25773,26415,34243,35102,39021,39819,26864,29944,19516,24363,6120,10329,3,8,4876,4990,9711,10047,10807,12599,14314,17061,20035,22104,17788,20059,15895,19957,5766,9667,246785,166302,44066,11960,77325,29383,8001,66,41
2021-06-14T23:59:59+02:00,46,68,9596,9617,19473,19108,25594,26271,34124,35021,38958,39779,26845,29924,19510,24352,6120,10326,3,8,4795,4926,9524,9907,10629,12463,14053,16842,19715,21810,17622,19897,15791,19822,5765,9663,245580,164830,44064,11958,77321,28704,7702,66,41
2021-06-13T23:59:59+02:00,45,64,9435,9489,19184,18926,25239,26019,33926,34853,38850,39712,26829,29912,19499,24344,6120,10322,2,8,4709,4857,9315,9734,10458,12287,13730,16494,19366,21477,17493,19748,15743,19756,5763,9661,243936,163961,44063,11957,77316,27254,7388,66,41
2021-06-12T23:59:59+02:00,45,64,9426,9471,19173,18913,25239,26014,33926,34850,38847,39711,26829,29912,19499,24344,6120,10322,2,8,4705,4843,9304,9671,10424,12184,13681,16339,19310,21341,17384,19622,15626,19654,5761,9659,243889,163929,44063,11953,77311,26218,7377,66,41
2021-06-11T23:59:59+02:00,40,60,9265,9291,18938,18701,24436,25339,33747,34692,38711,39598,26795,29878,19488,24319,6120,10317,2,8,4625,4732,9083,9412,10162,11885,13158,15784,18330,20436,17198,19423,15586,19609,5758,9656,240956,159879,44061,11952,77306,25628,7347,66,41
2021-06-10T23:59:59+02:00,38,56,8869,8963,18291,18209,23593,24668,33427,34411,38508,39432,26739,29825,19464,24290,6117,10310,2,8,4450,4555,8506,8915,9349,11161,12008,14676,16317,18513,16300,18448,15300,19241,5748,9634,237347,150136,43409,11918,77280,23925,7111,64,41
2021-06-09T23:59:59+02:00,21,38,8416,8458,17462,17484,22443,23623,32939,33942,38221,39211,26632,29720,19416,24231,6107,10297,2,7,4313,4437,8215,8651,9101,10906,11668,14305,15829,17962,15924,18014,15058,18954,5741,9624,233342,148285,41517,11877,77240,21997,6512,51,40
2021-06-08T23:59:59+02:00,12,26,8099,8139,16992,17070,22021,23256,32693,33746,38059,39081,26588,29679,19406,24209,6104,10292,0,7,4195,4357,7960,8396,8794,10561,11304,13958,15185,17256,15457,17489,14796,18675,5736,9606,230615,146563,41484,10758,77231,20279,6092,51,40
2021-06-07T23:59:59+02:00,9,22,7901,7908,16632,16746,21481,22794,32410,33477,37942,38963,26557,29631,19387,24179,6099,10291,0,7,4118,4276,7777,8253,8634,10414,11130,13787,14867,16926,15255,17230,14621,18481,5732,9601,228982,145466,40511,10665,77213,19265,5673,51,40
2021-06-06T23:59:59+02:00,7,19,7793,7800,16498,16600,21286,22588,32182,33250,37806,38857,26530,29605,19374,24162,6099,10285,0,7,4089,4239,7729,8133,8579,10282,11021,13640,14668,16705,15069,17049,14532,18360,5725,9595,227746,144973,40212,10651,77195,18220,5538,51,40
2021-06-05T23:59:59+02:00,7,19,7771,7787,16472,16575,21277,22584,32171,33243,37804,38856,26529,29605,19373,24161,6099,10285,0,7,4078,4198,7713,8066,8565,10149,11006,13468,14649,16599,15034,16994,14523,18350,5725,9594,227638,144883,40212,10651,77194,17620,5524,51,40
2021-06-04T23:59:59+02:00,7,17,7660,7684,16191,16337,21003,22335,31749,32868,37689,38733,26496,29566,19362,24148,6097,10283,0,7,4071,4188,7684,8041,8536,10118,10938,13395,14544,16464,14952,16902,14486,18306,5725,9592,226038,144539,39439,10321,77176,17527,5522,51,40
2021-06-03T23:59:59+02:00,5,17,7407,7452,15313,15543,19367,20947,30835,31939,37182,38270,26363,29431,19317,24096,6091,10265,0,7,4011,4149,7594,7968,8412,10020,10765,13210,13971,15890,14684,16584,14399,18198,5722,9579,219405,142302,37850,10199,77165,17252,5370,51,40
2021-06-02T23:59:59+02:00,5,17,7273,7307,14934,15118,18934,20542,30368,31482,36954,38007,26300,29366,19297,24067,6088,10263,0,7,3983,4118,7531,7882,8323,9924,10623,13078,13522,15456,14559,16400,14369,18160,5719,9574,216323,140500,37419,10104,77164,17218,5366,51,40
2021-06-01T23:59:59+02:00,5,14,6997,7066,14539,14810,18589,20221,30041,31168,36729,37774,26244,29288,19273,24039,6086,10252,0,7,3882,4035,7288,7706,8085,9728,10357,12802,13113,15030,14122,15943,14252,18003,5712,9566,213580,138345,37374,9850,77143,16408,4988,51,40
2021-05-31T23:59:59+02:00,5,14,6836,6877,14312,14575,17887,19620,29697,30824,36436,37510,26150,29188,19246,23986,6076,10240,0,7,3805,3927,7075,7453,7860,9444,10012,12415,12673,14508,13589,15327,14051,17772,5703,9550,212131,135145,35336,9526,77128,15626,4834,51,40
2021-05-30T23:59:59+02:00,5,14,6813,6861,14263,14533,17809,19560,29648,30783,36405,37483,26137,29175,19243,23979,6075,10238,0,7,3761,3854,6916,7239,7710,9202,9802,12091,12416,14153,13467,15155,13984,17689,5700,9543,211828,134403,35320,9422,77070,14069,4756,51,39
2021-05-29T23:59:59+02:00,5,14,6812,6860,14253,14526,17805,19554,29643,30778,36402,37482,26135,29172,19243,23978,6075,10238,0,7,3750,3842,6885,7205,7676,9151,9766,12043,12342,14053,13424,15086,13953,17664,5699,9538,211796,134259,35320,9421,77055,13611,4754,51,39
2021-05-28T23:59:59+02:00,5,14,6801,6847,14235,14513,17789,19532,29629,30765,36391,37462,26133,29168,19241,23974,6075,10238,0,6,3736,3818,6863,7164,7641,9096,9711,11938,12097,13783,13232,14893,13923,17623,5696,9535,211642,132955,35319,9420,77052,13592,4749,51,39
2021-05-27T23:59:59+02:00,5,14,6709,6766,13964,14296,17303,19183,28948,30222,36231,37329,26085,29134,19226,23959,6074,10232,0,6,3613,3654,6574,6911,7265,8785,9212,11378,11382,12879,12673,14319,13791,17428,5688,9523,210554,129407,33873,9080,77011,12363,4192,51,39
2021-05-26T23:59:59+02:00,5,14,6638,6660,13751,14094,17048,18871,28403,29707,36057,37154,26044,29086,19208,23930,6073,10225,0,6,3522,3510,6351,6624,6976,8357,8868,10897,10729,12075,12107,13698,13644,17209,5683,9501,208939,125769,33119,8895,76994,11190,3867,50,36
2021-05-25T23:59:59+02:00,5,14,6556,6563,13540,13874,16785,18658,27679,29058,35963,37056,26020,29055,19196,23914,6068,10224,0,6,3474,3414,6208,6456,6828,8165,8641,10603,10381,11707,11757,13216,13536,17046,5680,9493,208210,123902,31665,8757,76510,10122,3795,49,35
2021-05-24T23:59:59+02:00,5,14,6487,6467,13363,13674,16560,18378,27262,28629,35617,36654,25963,28987,19177,23890,6067,10222,0,6,3461,3393,6146,6373,6780,8080,8580,10507,10308,11608,11581,12982,13487,16954,5671,9472,207680,123263,29430,8705,76503,9631,3755,49,35
2021-05-23T23:59:59+02:00,5,14,6485,6466,13357,13665,16557,18368,27243,28619,35587,36620,25960,28981,19177,23883,6067,10222,0,3,3456,3389,6140,6362,6769,8073,8551,10476,10269,11549,11496,12879,13466,16920,5671,9471,207563,123248,29414,8286,76502,9622,3749,49,35
2021-05-22T23:59:59+02:00,5,14,6478,6463,13349,13653,16551,18363,27239,28617,35584,36614,25960,28981,19177,23883,6067,10222,0,3,3454,3389,6135,6359,6767,8069,8547,10474,10264,11546,11485,12865,13461,16916,5670,9471,207509,123207,29414,8286,76500,9598,3749,49,35
2021-05-21T23:59:59+02:00,5,14,6413,6406,13195,13549,16378,18213,26970,28438,35153,36348,25934,28944,19169,23877,6066,10218,0,3,3445,3379,6099,6336,6736,8035,8506,10425,10209,11496,10965,12150,13320,16756,5667,9466,206820,121438,29289,8283,75456,9560,3677,49,35
2021-05-20T23:59:59+02:00,4,13,6120,6205,12581,13132,15181,17289,25057,26934,34199,35580,25827,28797,19114,23795,6060,10202,0,3,3386,3332,6002,6221,6620,7877,8355,10260,9965,11186,10619,11689,13205,16571,5657,9452,202033,119407,27544,8201,72918,9209,3548,48,35
2021-05-19T23:59:59+02:00,4,13,5908,5962,12066,12669,14473,16583,24108,26115,33569,34975,25711,28705,19079,23737,6052,10190,0,3,3309,3256,5844,6047,6427,7632,8079,9977,9654,10802,10302,11272,13125,16424,5655,9444,196309,117470,27502,7999,72901,8588,3161,47,34
2021-05-18T23:59:59+02:00,4,12,5737,5849,11663,12350,13851,16082,22955,25164,32900,34370,25594,28571,19031,23685,6047,10180,0,3,3267,3224,5726,5934,6261,7472,7872,9759,9453,10560,10123,11019,12977,16199,5645,9435,191355,116288,26990,7929,72856,7880,2798,47,34
2021-05-17T23:59:59+02:00,4,11,5684,5806,11502,12244,13577,15861,22136,24527,32589,34055,25516,28511,19009,23655,6038,10170,0,3,3150,3150,5538,5750,6086,7256,7663,9531,9226,10315,10029,10891,12917,16135,5642,9430,189582,115515,26289,7921,72462,6727,2515,47,34
2021-05-16T23:59:59+02:00,4,11,5655,5786,11437,12187,13491,15781,21520,23977,31976,33527,25476,28466,18999,23640,6037,10170,0,3,3144,3128,5525,5681,6057,7195,7635,9431,9195,10230,10012,10869,12914,16131,5642,9430,188812,115401,24743,7913,72037,6376,2501,47,31
2021-05-15T23:59:59+02:00,4,11,5646,5777,11404,12178,13462,15772,21445,23905,31435,33149,25465,28461,18998,23637,6036,10169,0,3,3131,3113,5504,5638,6043,7120,7591,9313,8954,9975,9979,10838,12880,16080,5642,9429,188761,115393,24728,7775,71389,6007,2029,47,29
2021-05-14T23:59:59+02:00,4,11,5606,5750,11340,12139,13388,15707,21034,23591,31001,32799,25429,28415,18986,23621,6036,10167,0,3,3098,3073,5466,5550,6021,6983,7550,9109,8892,9779,9902,10728,12794,15950,5642,9426,188030,115217,24406,7438,70514,5255,2027,47,29
2021-05-13T23:59:59+02:00,4,10,5449,5594,10957,11843,12673,15120,18845,21844,29453,31327,25201,28172,18919,23550,6034,10164,0,3,3087,3038,5444,5511,6005,6926,7524,9039,8846,9717,9682,10482,12590,15641,5636,9415,184063,114852,20614,6605,68424,5089,2011,47,29
2021-05-12T23:59:59+02:00,2,10,5419,5567,10886,11783,12572,15032,18722,21718,29087,30962,25107,28074,18902,23522,6033,10159,0,3,3086,3031,5437,5505,5995,6912,7499,9024,8806,9662,9493,10248,12356,15317,5633,9408,183102,114561,19977,5733,68421,5083,2010,47,28
2021-05-11T23:59:59+02:00,2,10,5280,5459,10634,11528,12205,14662,18108,21072,28153,29987,24914,27884,18843,23447,6028,10145,0,3,3043,2990,5348,5348,5896,6725,7367,8777,8639,9439,9310,10049,12204,15126,5624,9387,178997,113488,19077,5624,68290,4185,1950,47,28
2021-05-10T23:59:59+02:00,2,9,5155,5384,10418,11335,11945,14404,17778,20737,27728,29578,24806,27777,18805,23401,6020,10141,0,3,2973,2936,5229,5231,5782,6621,7243,8635,8510,9331,9205,9923,12114,14997,5621,9378,176983,112950,18391,5611,68060,3201,1942,47,28
2021-05-09T23:59:59+02:00,2,9,5079,5339,10322,11215,11844,14283,17435,20451,27337,29201,24718,27689,18776,23365,6017,10138,0,3,2905,2904,5083,5188,5605,6578,7075,8606,8381,9295,9192,9913,12096,14976,5621,9378,176586,112869,17106,5602,67555,2374,1926,47,28
2021-05-08T23:59:59+02:00,2,9,5077,5337,10320,11209,11844,14282,17431,20449,27334,29198,24718,27689,18775,23365,6017,10138,0,3,2904,2903,5081,5188,5605,6578,7075,8606,8378,9294,9191,9912,12095,14976,5621,9378,176566,112866,17104,5601,67552,2368,1925,47,28
2021-05-07T23:59:59+02:00,2,9,5043,5311,10252,11157,11714,14158,17029,20174,26694,28639,24668,27637,18758,23333,6011,10108,0,3,2892,2896,5066,5178,5594,6562,7063,8595,8370,9283,9185,9904,12084,14956,5614,9350,175723,112851,17101,5595,66028,2323,1798,47,28
2021-05-06T23:59:59+02:00,2,9,4773,5152,9790,10814,11148,13639,15941,19149,24273,26338,24164,27104,18653,23231,6006,10094,0,3,2849,2848,4999,5101,5553,6470,6980,8476,8240,9130,9084,9789,12060,14905,5611,9347,170667,112309,14643,5539,63136,1781,1788,46,28
2021-05-05T23:59:59+02:00,2,9,4694,5069,9496,10585,10805,13313,15359,18549,23428,25369,23903,26776,18584,23125,5996,10076,0,2,2830,2811,4951,5016,5494,6347,6897,8309,8115,8912,8976,9656,11982,14818,5610,9338,166995,111355,13325,5533,62986,1361,1787,45,28
2021-05-04T23:59:59+02:00,2,9,4608,4977,9323,10387,10594,13070,14968,18152,22877,24801,23690,26500,18510,23043,5988,10062,0,2,2822,2775,4921,4940,5462,6223,6844,8167,8019,8757,8872,9543,11907,14759,5608,9335,164729,110846,12198,5521,62820,792,1769,45,28
2021-05-03T23:59:59+02:00,2,9,4537,4901,9131,10249,10417,12894,14684,17906,22461,24387,23550,26347,18483,22996,5988,10056,0,2,2749,2704,4838,4867,5385,6137,6749,8063,7835,8592,8784,9455,11866,14707,5605,9330,163211,110616,12197,5517,62720,682,825,45,28
2021-05-02T23:59:59+02:00,2,9,4524,4886,9055,10191,10292,12783,14355,17601,22158,24099,23500,26288,18464,22971,5987,10055,0,2,2743,2697,4780,4833,5297,6053,6609,7935,7716,8489,8738,9413,11842,14673,5603,9325,162323,110496,12193,5515,62615,665,44,45,28
2021-05-01T23:59:59+02:00,2,9,4523,4883,9053,10188,10291,12782,14351,17596,22155,24099,23499,26287,18464,22971,5987,10055,0,2,2743,2697,4780,4833,5297,6053,6607,7935,7716,8489,8738,9413,11842,14673,5603,9325,162299,110495,12192,5514,62615,665,44,45,28
2021-04-30T23:59:59+02:00,1,9,4449,4796,8814,9973,10028,12540,13869,17169,21312,23324,23375,26150,18448,22939,5984,10052,0,2,2739,2695,4769,4825,5287,6019,6596,7904,7683,8449,8734,9410,11841,14669,5601,9324,158699,110465,12191,5512,62287,532,10,45,28
2021-04-29T23:59:59+02:00,1,9,4302,4651,8333,9559,9325,11937,12864,16265,19455,21635,22661,25382,18309,22728,5978,10035,0,2,2715,2675,4725,4751,5242,5944,6530,7797,7601,8333,8620,9295,11773,14592,5594,9315,149467,109957,12175,5238,61734,271,10,43,28
2021-04-28T23:59:59+02:00,1,9,4271,4630,8260,9487,9249,11849,12744,16144,19236,21420,22572,25289,18282,22687,5976,10030,0,2,2712,2663,4700,4690,5214,5900,6500,7723,7552,8250,8603,9270,11756,14569,5592,9309,149072,109761,12087,5164,60925,44,9,43,27
2021-04-27T23:59:59+02:00,1,9,4233,4585,8122,9350,9134,11698,12597,15975,18786,20924,22337,25031,18217,22609,5973,10021,0,2,2708,2658,4697,4684,5204,5892,6487,7704,7517,8212,8540,9190,11674,14487,5588,9305,148338,109496,11011,4987,60201,36,9,43,21
2021-04-26T23:59:59+02:00,1,9,4191,4558,8015,9254,8986,11592,12425,15801,18373,20558,22203,24881,18180,22577,5972,10019,0,2,2708,2656,4693,4680,5199,5884,6474,7684,7484,8183,8492,9142,11618,14408,5584,9288,147555,109391,10876,4729,59113,31,8,43,20
2021-04-25T23:59:59+02:00,1,9,4177,4543,7977,9223,8922,11529,12288,15671,18027,20223,22002,24644,18139,22522,5968,10014,0,2,2708,2656,4692,4678,5196,5880,6469,7681,7482,8179,8436,9083,11595,14380,5584,9286,146166,109368,10863,4561,58799,30,8,43,20
2021-04-24T23:59:59+02:00,1,9,4169,4534,7960,9218,8907,11517,12238,15639,17968,20184,21987,24631,18137,22517,5968,10014,0,2,2707,2656,4692,4678,5196,5880,6469,7681,7482,8179,8436,9082,11595,14380,5584,9286,146062,109368,10862,4561,58625,29,8,41,19
2021-04-23T23:59:59+02:00,1,9,4149,4504,7902,9155,8820,11415,11899,15314,17533,19785,21770,24396,18073,22440,5966,10006,0,2,2704,2654,4688,4675,5189,5872,6454,7670,7458,8148,8415,9055,11586,14371,5582,9283,144791,109352,10516,4400,57782,28,7,41,19
2021-04-22T23:59:59+02:00,1,9,4101,4440,7771,8966,8634,11154,11573,14897,16618,18796,21196,23683,17937,22259,5955,9988,0,2,2696,2647,4683,4654,5166,5845,6409,7632,7382,8099,8280,8894,11437,14219,5577,9274,141055,108732,10382,4117,56494,21,7,40,19
2021-04-21T23:59:59+02:00,1,9,4060,4395,7671,8845,8476,10992,11275,14614,15879,18040,20815,23234,17862,22154,5950,9975,0,2,2687,2635,4665,4633,5149,5824,6397,7614,7353,8075,8230,8830,11396,14179,5575,9272,138119,108441,10250,4031,55833,19,7,38,18
2021-04-20T23:59:59+02:00,1,9,4035,4369,7636,8790,8398,10911,11110,14438,15444,17563,20346,22715,17757,22001,5941,9963,0,2,2678,2624,4655,4621,5124,5804,6369,7588,7312,8035,8134,8698,11318,14092,5571,9268,135951,107860,9984,3991,55447,18,7,38,17
2021-04-19T23:59:59+02:00,1,9,4005,4321,7572,8684,8305,10772,10952,14253,15191,17266,19861,22149,17590,21784,5930,9951,0,2,2673,2622,4650,4617,5110,5789,6350,7571,7285,7990,8080,8645,11291,14045,5569,9264,133873,107524,9630,3987,55050,18,7,36,17
2021-04-18T23:59:59+02:00,1,6,3985,4292,7511,8632,8199,10645,10692,14010,14698,16727,19428,21637,17467,21599,5926,9944,0,2,2672,2621,4650,4617,5110,5789,6349,7568,7282,7989,8076,8642,11288,14041,5568,9261,131443,107499,9558,3985,54355,17,7,36,17
2021-04-17T23:59:59+02:00,1,6,3982,4284,7490,8625,8188,10626,10649,13964,14586,16639,19307,21514,17445,21571,5925,9942,0,2,2672,2621,4649,4615,5103,5784,6335,7563,7257,7966,8029,8596,11269,14018,5566,9261,131000,107486,9548,3779,54153,17,7,36,17
2021-04-16T23:59:59+02:00,1,6,3971,4240,7419,8502,8085,10471,10455,13702,13914,15876,18740,20869,17320,21395,5914,9924,0,2,2669,2618,4644,4608,5098,5771,6317,7552,7219,7931,7719,8202,11175,13877,5559,9243,128150,106679,9487,3486,53125,16,6,36,17
2021-04-15T23:59:59+02:00,1,5,3927,4187,7305,8369,7906,10235,10119,13310,13184,15012,17923,20002,17078,21070,5899,9904,0,2,2668,2609,4632,4590,5084,5738,6283,7515,7147,7857,7156,7534,11045,13714,5555,9233,124481,104995,9326,3331,51588,14,5,36,17
2021-04-14T23:59:59+02:00,1,4,3901,4156,7240,8265,7799,10080,9939,13108,12766,14563,17395,19386,16927,20860,5893,9890,0,2,2634,2590,4614,4557,5056,5691,6248,7482,7089,7797,6503,6762,10778,13414,5551,9225,123083,102630,9084,3329,49968,12,5,33,17
2021-04-13T23:59:59+02:00,1,4,3897,4149,7202,8248,7742,10045,9831,13052,12394,14270,16704,18531,16689,20555,5889,9884,0,2,2608,2561,4594,4531,5028,5656,6189,7412,6998,7693,6288,6505,10182,12723,5542,9204,122370,100364,8863,3318,47816,12,5,33,17
2021-04-12T23:59:59+02:00,1,4,3884,4131,7146,8201,7685,9974,9721,12950,12145,14053,16260,18012,16501,20340,5884,9881,0,2,2579,2550,4527,4487,4922,5585,6071,7335,6880,7593,5540,5679,9729,12184,5502,9162,122028,96984,8826,3309,45882,12,5,32,17
2021-04-11T23:59:59+02:00,1,4,3869,4123,7104,8147,7625,9930,9629,12870,11908,13844,15689,17319,16222,19998,5879,9871,0,2,2503,2472,4398,4366,4772,5452,5909,7184,6730,7488,5237,5317,9597,12021,5502,9158,121429,94818,8391,3257,44176,11,5,31,17
2021-04-10T23:59:59+02:00,1,4,3851,4103,7064,8098,7581,9872,9567,12811,11817,13759,15472,17126,16173,19928,5878,9864,0,2,1942,1909,3585,3647,3902,4686,4905,6262,5873,6695,4963,5011,9468,11869,5495,9149,120959,86073,8391,3257,43583,11,5,31,17
2021-04-09T23:59:59+02:00,1,4,3830,4083,7025,8067,7520,9814,9417,12679,11487,13476,14287,15592,15727,19396,5865,9852,0,2,1084,1091,2230,2450,2390,3317,3120,4617,4238,5224,4267,4268,9215,11505,5469,9119,119052,70320,8388,3254,40647,11,4,31,17
2021-04-08T23:59:59+02:00,1,4,3804,4067,6963,8009,7416,9718,9229,12562,11080,13125,13147,14326,15306,18863,5843,9816,0,2,587,602,1309,1743,1483,2391,2018,3525,2857,3833,3016,2862,8391,10497,5311,8883,117778,56031,8303,3250,37165,10,2,31,17
2021-04-07T23:59:59+02:00,1,4,3757,4040,6884,7950,7324,9647,9101,12432,10765,12814,12413,13554,15086,18598,5837,9794,0,2,357,385,956,1398,1077,2005,1509,3062,1904,2828,1827,1568,7482,9343,5156,8623,116804,46204,8145,3250,35021,9,2,29,17
2021-04-06T23:59:59+02:00,1,4,3740,4028,6861,7909,7268,9581,9008,12353,10553,12595,12027,13056,14862,18304,5826,9781,0,2,350,372,946,1387,1063,1983,1481,3035,1845,2769,1748,1499,7062,8783,5004,8382,115523,44436,8046,3248,34160,8,2,26,17
2021-04-05T23:59:59+02:00,1,4,3734,4026,6849,7895,7254,9570,8989,12325,10489,12535,11915,12907,14763,18211,5824,9778,0,2,348,365,936,1383,1057,1974,1471,3014,1823,2735,1694,1446,6829,8472,4879,8197,115179,43352,8024,3246,33839,8,2,25,17
2021-04-04T23:59:59+02:00,1,4,3734,4026,6847,7889,7253,9569,8986,12325,10479,12530,11911,12903,14760,18210,5824,9778,0,2,348,364,934,1382,1056,1972,1470,3013,1821,2732,1691,1441,6822,8458,4874,8194,115173,43303,8023,3244,33806,8,2,25,17
2021-04-03T23:59:59+02:00,1,4,3734,4026,6847,7888,7252,9569,8986,12324,10478,12530,11911,12902,14758,18207,5824,9778,0,2,348,363,932,1378,1054,1971,1469,3008,1819,2732,1685,1429,6779,8376,4839,8158,115168,43072,8023,3244,33801,7,2,25,17
2021-04-02T23:59:59+02:00,1,4,3732,4024,6842,7884,7245,9563,8973,12315,10462,12514,11784,12786,14714,18149,5821,9769,0,2,346,361,929,1372,1048,1959,1454,2983,1778,2693,1589,1343,6010,7474,4396,7586,115036,40379,8017,2919,33503,7,1,25,17
2021-04-01T23:59:59+02:00,1,3,3693,4011,6807,7862,7203,9531,8920,12276,10388,12443,11432,12378,14333,17627,5815,9751,0,2,341,358,912,1358,1036,1938,1422,2938,1718,2625,1463,1244,5061,6346,3826,6743,114632,36392,6594,2914,33222,7,1,25,17
2021-03-31T23:59:59+02:00,0,3,3687,4005,6793,7843,7185,9513,8885,12243,10298,12371,11097,11967,13982,17128,5809,9729,0,2,338,354,904,1347,1025,1921,1402,2910,1668,2588,1394,1191,4467,5656,3463,6265,114046,34030,5584,2840,32882,7,1,25,17
2021-03-30T23:59:59+02:00,0,3,3669,3978,6757,7804,7128,9446,8795,12140,10136,12214,10838,11690,13763,16862,5802,9715,0,2,334,347,898,1336,1017,1915,1378,2903,1640,2562,1367,1165,4347,5532,3401,6170,113230,33649,5331,2640,32155,7,1,23,17
2021-03-29T23:59:59+02:00,0,3,3659,3956,6731,7781,7088,9392,8699,12045,9952,12004,10398,11219,13389,16393,5786,9682,0,2,328,344,894,1324,1011,1906,1368,2890,1626,2553,1343,1149,4212,5388,3303,6037,111546,33021,5025,2633,31582,6,1,23,17
2021-03-28T23:59:59+02:00,0,3,3618,3899,6616,7623,6971,9248,8573,11852,9799,11812,10187,10956,13212,16211,5782,9673,0,2,328,344,894,1322,1009,1905,1366,2890,1625,2551,1334,1146,4179,5344,3277,6011,111170,32975,4760,2530,30082,5,1,22,16
2021-03-27T23:59:59+01:00,0,3,3617,3887,6604,7559,6941,9135,8523,11681,9747,11658,10074,10832,13118,16122,5781,9673,0,2,328,343,894,1322,1009,1902,1366,2888,1621,2550,1332,1144,4153,5309,3264,5996,111159,32872,4760,2529,29013,5,1,22,16
2021-03-26T23:59:59+01:00,0,3,3610,3880,6576,7522,6913,9060,8475,11568,9655,11530,10025,10769,13069,16065,5773,9652,0,2,323,341,893,1319,1005,1891,1363,2866,1601,2536,1307,1127,3966,5079,3155,5840,111100,32103,4536,2489,28486,5,1,22,16
2021-03-25T23:59:59+01:00,0,3,3586,3849,6482,7398,6821,8893,8285,11337,9346,11213,9645,10384,12763,15748,5768,9641,0,2,323,340,891,1310,1001,1880,1349,2853,1577,2517,1281,1107,3727,4829,2902,5498,110721,30877,4322,2489,26096,4,1,22,16
2021-03-24T23:59:59+01:00,0,3,3528,3797,6392,7214,6696,8667,8121,11099,9119,10888,9228,9893,12345,15289,5757,9630,0,2,323,339,890,1306,996,1878,1342,2848,1561,2501,1272,1097,3660,4755,2717,5271,110202,30251,4182,2489,23259,1,1,22,16
2021-03-23T23:59:59+01:00,0,3,3510,3764,6346,7158,6619,8608,8003,10972,8872,10654,8806,9424,11892,14767,5747,9616,0,2,323,339,889,1296,991,1869,1337,2839,1557,2492,1247,1072,3568,4678,2519,4947,109384,29459,4092,2489,21263,1,0,22,16
2021-03-22T23:59:59+01:00,0,3,3501,3744,6304,7130,6582,8560,7937,10897,8724,10518,8523,9072,11590,14443,5712,9577,0,2,321,334,883,1285,983,1862,1329,2828,1547,2482,1235,1063,3539,4642,2500,4914,108714,29243,4090,2489,19991,1,0,22,16
2021-03-21T23:59:59+01:00,0,3,3499,3742,6300,7120,6564,8544,7920,10878,8667,10460,8403,8955,11520,14340,5709,9574,0,2,319,333,875,1282,976,1855,1320,2826,1542,2478,1231,1060,3530,4627,2485,4904,108627,29139,4088,2489,19461,1,0,22,16
2021-03-20T23:59:59+01:00,0,3,3490,3704,6292,7048,6547,8406,7893,10694,8623,10324,8325,8869,11482,14301,5709,9574,0,2,319,333,875,1282,976,1854,1319,2826,1542,2476,1231,1060,3530,4626,2485,4904,108591,29135,3876,2488,18795,1,0,22,16
2021-03-19T23:59:59+01:00,0,3,3477,3674,6264,6962,6523,8312,7847,10577,8510,10163,7781,8260,11294,14057,5700,9556,0,2,316,332,870,1275,959,1844,1297,2795,1492,2431,1146,991,2858,3829,2065,4320,106963,26317,3575,2488,18400,1,0,22,16
2021-03-18T23:59:59+01:00,0,3,3466,3656,6223,6922,6487,8250,7782,10491,8394,10035,6818,7155,11013,13755,5688,9531,0,2,315,332,866,1270,953,1834,1281,2786,1468,2410,1107,971,2650,3589,1908,4096,103927,25333,3412,2488,18308,1,0,22,16
2021-03-17T23:59:59+01:00,0,3,3428,3618,6152,6835,6432,8146,7690,10360,8263,9877,6129,6304,10731,13440,5671,9504,0,2,314,332,858,1264,948,1821,1267,2764,1449,2383,1069,946,2521,3456,1825,3979,101121,24695,3410,2488,18030,1,0,22,14
2021-03-16T23:59:59+01:00,0,3,3409,3586,6114,6783,6387,8072,7635,10295,8172,9775,5952,6127,10016,12620,5630,9439,0,2,307,321,844,1247,936,1812,1261,2744,1437,2375,1054,925,2304,3209,1688,3781,98834,23746,3397,2486,17762,1,0,22,14
2021-03-15T23:59:59+01:00,0,3,3372,3553,6015,6700,6257,7978,7491,10174,8044,9648,5197,5290,9566,12068,5586,9369,0,2,306,320,840,1243,934,1804,1259,2731,1428,2366,1040,913,2159,3034,1596,3686,95296,23161,3388,2485,17605,1,0,22,14
2021-03-14T23:59:59+01:00,0,3,3248,3412,5736,6356,5985,7617,7174,9759,7758,9331,4864,4899,9405,11867,5582,9354,0,2,306,319,840,1243,933,1804,1256,2730,1426,2363,1037,910,2156,3031,1593,3685,92900,23137,3333,2482,16095,1,0,22,14
2021-03-13T23:59:59+01:00,0,3,2593,2758,4802,5490,4973,6690,5986,8645,6742,8382,4547,4516,9018,11341,5491,9247,0,2,306,318,839,1241,933,1798,1254,2728,1425,2363,1037,909,2132,2994,1562,3649,82233,22993,3333,2482,15636,1,0,22,14
2021-03-12T23:59:59+01:00,0,2,1770,1950,3469,4338,3464,5361,4237,7005,5098,6869,3871,3807,7760,9789,4977,8557,0,2,302,314,837,1237,926,1791,1247,2708,1401,2346,991,882,1775,2528,1288,3286,63368,21364,3330,2482,15604,1,0,22,14
2021-03-11T23:59:59+01:00,0,2,1274,1473,2564,3598,2563,4427,3144,5915,3736,5482,2693,2527,6052,7676,4201,7374,0,2,297,305,821,1229,913,1768,1229,2679,1375,2299,953,862,1615,2293,1161,3096,46051,20400,3327,2482,15301,1,0,22,14
2021-03-10T23:59:59+01:00,0,2,1052,1257,2195,3242,2188,4034,2693,5474,2823,4516,1555,1321,4687,5950,3634,6607,0,2,287,295,803,1208,891,1731,1195,2605,1336,2233,925,842,1433,2102,1064,2920,34981,19485,3326,2373,14902,0,0,21,14
2021-03-09T23:59:59+01:00,0,2,1036,1227,2132,3105,2123,3919,2609,5340,2740,4390,1521,1290,4609,5874,3592,6548,0,2,283,288,789,1187,874,1705,1168,2563,1318,2206,910,830,1355,1978,992,2804,34564,18909,3323,2329,14149,0,0,21,14
2021-03-08T23:59:59+01:00,0,2,1014,1198,2074,3003,2082,3838,2549,5226,2685,4317,1483,1267,4462,5713,3490,6405,0,2,283,284,784,1179,872,1696,1160,2555,1310,2190,885,809,1184,1751,865,2633,33863,18103,3323,2325,13601,0,0,21,14
2021-03-07T23:59:59+01:00,0,2,1009,1179,2034,2957,2040,3797,2508,5161,2644,4280,1478,1264,4455,5705,3487,6405,0,2,283,284,784,1178,872,1696,1160,2555,1309,2190,882,809,1175,1741,856,2622,33827,18102,3317,2282,13240,0,0,21,14
2021-03-06T23:59:59+01:00,0,2,1008,1176,2023,2942,2028,3778,2492,5134,2627,4258,1465,1254,4421,5659,3473,6393,0,2,283,284,784,1178,872,1695,1160,2555,1309,2190,882,809,1175,1741,856,2621,33683,18101,3316,2281,13113,0,0,21,14
2021-03-05T23:59:59+01:00,0,2,1004,1170,2007,2922,1998,3754,2449,5079,2573,4221,1429,1226,4151,5333,3321,6171,0,2,282,280,777,1169,866,1687,1157,2546,1305,2179,868,805,1167,1732,855,2619,32935,18003,2983,2280,12871,0,0,21,13
2021-03-04T23:59:59+01:00,0,2,912,1019,1918,2796,1931,3616,2372,4924,2483,4061,1398,1204,3908,5071,3054,5816,0,2,282,278,774,1164,863,1678,1156,2532,1300,2170,836,789,1153,1722,848,2606,31669,17884,2978,2256,11817,0,0,21,13
2021-03-03T23:59:59+01:00,0,2,865,907,1851,2696,1860,3512,2302,4809,2409,3977,1385,1189,3798,4964,2831,5541,0,2,280,275,773,1152,860,1659,1149,2490,1290,2144,819,785,1145,1701,839,2597,30987,17848,2857,2099,11033,0,0,21,13
2021-03-02T23:59:59+01:00,0,2,821,830,1755,2572,1776,3388,2210,4685,2349,3898,1350,1167,3668,4829,2621,5189,0,2,280,274,772,1146,856,1654,1143,2485,1284,2133,817,783,1130,1680,828,2578,30248,17735,2667,2097,10174,0,0,21,13
2021-03-01T23:59:59+01:00,0,2,798,793,1656,2429,1704,3243,2109,4512,2269,3777,1332,1155,3617,4764,2577,5129,0,2,280,272,768,1141,851,1641,1138,2473,1279,2121,810,780,1125,1668,820,2570,29992,17629,2583,2097,9270,0,0,21,13
2021-02-28T23:59:59+01:00,0,2,792,770,1639,2360,1676,3169,2086,4413,2254,3710,1326,1149,3607,4748,2562,5118,0,2,279,271,768,1140,851,1636,1138,2471,1279,2116,806,778,1117,1655,816,2560,29883,17606,2579,2064,8899,0,0,20,13
2021-02-27T23:59:59+01:00,0,2,777,753,1617,2299,1659,3058,2067,4287,2233,3615,1323,1146,3607,4746,2560,5117,0,2,279,271,768,1140,851,1636,1138,2471,1279,2115,806,778,1107,1649,799,2546,29877,17605,2578,2017,8391,0,0,20,13
2021-02-26T23:59:59+01:00,0,2,649,672,1511,2186,1607,2900,2004,4050,2132,3379,1231,1075,2952,3949,2125,4523,0,2,279,270,767,1138,850,1635,1138,2469,1277,2112,804,773,1089,1636,789,2529,27054,17529,2578,2015,7295,0,0,20,13
2021-02-25T23:59:59+01:00,0,2,501,595,1394,2081,1539,2771,1944,3924,2030,3265,1180,1040,2719,3678,1958,4279,0,2,262,255,743,1116,808,1566,1088,2368,1201,2020,748,752,1056,1598,777,2501,25976,17438,2550,1410,6354,0,0,20,13
2021-02-24T23:59:59+01:00,0,2,472,565,1324,1972,1469,2628,1874,3773,1954,3114,1142,1011,2579,3542,1878,4158,0,2,235,243,718,1070,781,1505,1058,2305,1146,1969,721,729,1008,1568,764,2470,25329,17246,2538,1033,5570,0,0,20,13
2021-02-23T23:59:59+01:00,0,2,417,525,1243,1830,1394,2481,1798,3561,1885,2992,1116,975,2370,3312,1750,3965,0,2,230,237,703,1044,769,1466,1036,2258,1119,1926,712,718,999,1554,761,2466,24387,17151,2529,836,4680,0,0,20,13
2021-02-22T23:59:59+01:00,0,2,404,491,1143,1721,1291,2382,1689,3454,1804,2920,1094,962,2226,3137,1658,3866,0,2,220,228,679,992,738,1403,1010,2164,1076,1843,668,685,929,1474,722,2407,23793,16957,2526,270,3905,0,0,20,13
2021-02-21T23:59:59+01:00,0,2,387,475,1042,1689,1141,2358,1532,3431,1699,2902,1086,960,2225,3136,1658,3866,0,2,193,222,648,984,726,1395,996,2159,1070,1841,665,682,926,1468,714,2399,23762,16823,2526,255,3281,0,0,20,12
2021-02-20T23:59:59+01:00,0,2,386,473,1041,1689,1140,2358,1531,3428,1699,2900,1086,959,2224,3136,1657,3865,0,2,192,220,645,984,723,1394,990,2156,1068,1841,665,682,926,1468,714,2398,23756,16801,2525,255,3273,0,0,20,12
2021-02-19T23:59:59+01:00,0,2,381,464,1029,1685,1129,2348,1516,3409,1666,2885,1035,930,1848,2628,1355,3471,0,2,169,210,619,980,706,1386,973,2154,1062,1839,662,681,925,1468,713,2395,21989,16677,2525,255,3247,0,0,20,12
2021-02-18T23:59:59+01:00,0,2,360,443,990,1600,1091,2262,1461,3292,1624,2793,1005,906,1670,2382,1221,3260,0,2,149,199,580,969,686,1373,939,2137,1036,1816,651,662,904,1440,699,2373,20987,16348,2525,255,2830,0,0,20,12
2021-02-17T23:59:59+01:00,0,2,337,391,907,1457,983,2066,1328,3037,1513,2572,967,876,1478,2168,1120,3079,0,2,143,192,567,938,661,1319,906,2058,989,1739,616,630,897,1413,693,2353,19905,15849,2525,255,1833,0,0,18,12
2021-02-16T23:59:59+01:00,0,2,331,351,865,1319,932,1880,1267,2817,1446,2411,956,859,1415,2071,1052,2976,0,2,137,179,553,897,646,1265,879,1993,959,1697,606,620,873,1380,679,2288,19527,15521,2524,120,881,0,0,18,12
2021-02-15T23:59:59+01:00,0,2,316,309,836,1288,915,1824,1226,2733,1407,2355,927,826,1236,1841,921,2798,0,2,129,171,532,870,628,1203,853,1920,936,1620,585,583,855,1343,670,2243,18609,15051,2523,80,612,0,0,16,12
2021-02-14T23:59:59+01:00,0,2,316,309,835,1288,914,1823,1225,2733,1406,2355,927,826,1236,1841,921,2797,0,2,128,171,531,862,624,1197,847,1914,933,1617,584,582,852,1342,669,2239,18607,15003,2523,79,608,0,0,16,12
2021-02-13T23:59:59+01:00,0,2,316,309,835,1288,914,1820,1225,2731,1406,2353,927,826,1236,1841,919,2797,0,2,128,171,531,862,624,1197,844,1911,931,1613,581,582,837,1320,657,2222,18600,15000,2521,1,608,0,0,16,12
2021-02-12T23:59:59+01:00,0,2,310,308,826,1283,910,1790,1219,2704,1378,2323,925,824,1235,1838,919,2797,0,2,128,171,529,860,623,1190,838,1899,925,1600,578,580,823,1309,652,2209,18592,14903,2521,1,462,0,0,16,12
2021-02-11T23:59:59+01:00,0,2,292,299,811,1248,904,1755,1202,2640,1355,2268,891,810,1223,1827,918,2787,0,2,125,156,511,821,601,1125,804,1799,902,1541,565,566,796,1273,637,2176,18480,14388,2520,0,216,0,0,16,12
2021-02-10T23:59:59+01:00,0,2,288,290,792,1209,891,1726,1190,2594,1340,2226,886,808,1208,1810,912,2768,0,2,121,146,444,736,555,1032,726,1673,844,1455,550,549,779,1250,625,2146,18451,13633,2415,0,59,0,0,15,0
2021-02-09T23:59:59+01:00,0,2,288,287,786,1193,879,1707,1174,2574,1324,2200,871,802,1194,1791,900,2748,0,2,105,127,386,647,502,898,645,1465,755,1262,495,469,659,1079,544,1880,18334,11920,2368,0,3,0,0,15,0
2021-02-08T23:59:59+01:00,0,2,288,286,784,1187,875,1700,1171,2570,1317,2192,865,799,1178,1767,882,2723,0,2,94,103,339,550,450,794,555,1254,647,1094,418,392,570,880,439,1547,18205,10128,2365,0,1,0,0,15,0
2021-02-07T23:59:59+01:00,0,2,287,285,783,1185,874,1700,1171,2569,1317,2189,859,797,1177,1764,880,2721,0,2,91,102,337,545,448,790,553,1244,643,1088,412,386,549,857,433,1532,18181,10012,2364,0,0,0,0,15,0
2021-02-06T23:59:59+01:00,0,2,287,284,782,1184,874,1699,1171,2569,1317,2188,858,797,1175,1758,878,2719,0,2,91,101,337,541,447,789,552,1240,641,1086,408,381,500,788,402,1486,18165,9792,2362,0,0,0,0,15,0
2021-02-05T23:59:59+01:00,0,2,287,283,782,1183,873,1698,1170,2568,1316,2183,851,791,1152,1747,871,2703,0,1,85,98,329,535,431,770,527,1204,612,1042,385,352,474,760,381,1439,18083,9425,2362,0,0,0,0,15,0
2021-02-04T23:59:59+01:00,0,2,284,275,778,1162,861,1676,1155,2540,1302,2159,828,777,1123,1716,864,2684,0,0,71,79,260,412,336,599,409,974,500,839,313,288,366,614,314,1216,17833,7590,2338,0,0,0,0,15,0
2021-02-03T23:59:59+01:00,0,2,283,270,774,1139,859,1649,1148,2489,1290,2128,809,763,1107,1694,852,2671,0,0,57,58,171,283,261,447,289,722,372,598,216,206,261,453,225,911,17734,5530,2178,0,0,0,0,15,0
2021-02-02T23:59:59+01:00,0,2,282,264,770,1129,853,1627,1140,2463,1277,2110,802,756,1099,1683,850,2663,0,0,37,36,94,144,152,260,177,451,241,378,142,136,179,276,158,588,17578,3449,2177,0,0,0,0,15,0
2021-02-01T23:59:59+01:00,0,2,280,260,765,1110,845,1606,1135,2434,1273,2075,792,743,1092,1672,845,2647,0,0,13,13,17,31,29,69,48,91,77,105,56,48,66,83,47,199,17385,992,2176,0,0,0,0,15,0
2021-01-31T23:59:59+01:00,0,2,274,258,749,1108,836,1595,1125,2423,1262,2067,786,737,1082,1654,838,2633,0,0,12,13,16,29,26,66,42,86,69,97,52,48,61,76,44,186,17348,923,2067,0,0,0,0,14,0
2021-01-30T23:59:59+01:00,0,2,274,258,749,1107,835,1595,1125,2423,1262,2067,785,737,1072,1647,821,2618,0,0,12,11,15,29,25,66,42,86,68,95,51,47,60,76,44,185,17343,912,2020,0,0,0,0,14,0
2021-01-29T23:59:59+01:00,0,2,272,258,749,1106,835,1595,1125,2423,1262,2066,784,736,1071,1645,821,2616,0,0,10,6,13,27,25,64,41,85,67,95,50,46,60,76,44,185,17334,894,2018,0,0,0,0,14,0
2021-01-28T23:59:59+01:00,0,2,268,254,738,1080,800,1539,1088,2362,1184,2006,743,722,1043,1625,805,2595,0,0,5,0,4,9,10,28,20,37,22,45,22,22,26,49,17,109,17151,425,1689,0,0,0,0,14,0
2021-01-27T23:59:59+01:00,0,2,262,247,715,1048,755,1482,1029,2281,1111,1925,708,695,1029,1602,802,2588,0,0,4,0,4,6,7,24,15,23,15,32,7,9,11,12,5,30,16702,204,1565,0,0,0,0,14,0
2021-01-26T23:59:59+01:00,0,2,239,238,700,1022,747,1434,1009,2207,1084,1860,696,681,1005,1586,792,2569,0,0,4,0,2,6,6,13,13,12,8,11,4,5,7,8,2,17,16652,118,1206,0,0,0,0,13,0
2021-01-25T23:59:59+01:00,0,2,208,223,647,949,695,1312,966,2061,1026,1724,649,625,927,1489,745,2493,0,0,4,0,2,6,6,13,13,12,8,11,4,5,7,8,2,17,16423,118,305,0,0,0,0,13,0
2021-01-24T23:59:59+01:00,0,2,191,217,621,937,677,1297,948,2044,1010,1714,642,619,916,1469,736,2480,0,0,3,0,2,5,6,13,12,12,7,11,4,5,7,8,2,17,16247,114,260,0,0,0,0,13,0
2021-01-23T23:59:59+01:00,0,2,191,217,621,937,677,1297,948,2044,1010,1714,642,619,916,1469,736,2480,0,0,3,0,2,4,6,13,10,12,7,11,4,5,7,8,2,17,16247,111,260,0,0,0,0,13,0
2021-01-22T23:59:59+01:00,0,2,144,199,563,927,659,1282,914,2034,998,1704,637,618,915,1469,736,2480,0,0,3,0,1,4,6,11,10,12,6,11,4,5,7,8,2,17,16008,107,260,0,0,0,0,13,0
2021-01-21T23:59:59+01:00,0,2,139,190,548,906,639,1241,881,1980,977,1657,625,597,903,1437,729,2461,0,0,3,0,0,4,5,11,9,12,6,11,4,5,7,8,2,16,15639,103,260,0,0,0,0,13,0
2021-01-20T23:59:59+01:00,0,2,133,173,501,843,616,1163,818,1870,940,1585,605,579,886,1414,719,2431,0,0,3,0,0,4,5,11,9,12,6,11,3,5,7,8,2,16,15007,102,258,0,0,0,0,13,0
2021-01-19T23:59:59+01:00,0,2,123,155,429,757,554,1035,734,1681,840,1426,558,529,785,1252,637,2167,0,0,3,0,0,4,5,8,9,12,6,11,3,5,7,8,2,16,13460,99,191,0,0,0,0,13,0
2021-01-18T23:59:59+01:00,0,2,105,121,360,606,463,863,603,1420,714,1216,488,463,696,1088,559,1876,0,0,1,0,0,1,1,0,0,0,0,1,0,0,0,1,0,0,11548,5,82,0,0,0,0,13,0
2021-01-17T23:59:59+01:00,0,2,100,119,356,601,461,857,601,1402,707,1206,482,453,669,1057,539,1830,0,0,1,0,0,1,0,0,0,0,0,1,0,0,0,1,0,0,11348,4,81,0,0,0,0,13,0
2021-01-16T23:59:59+01:00,0,2,100,116,354,592,458,852,589,1389,696,1193,467,439,572,931,478,1731,0,0,0,0,0,1,0,0,0,0,0,0,0,0,0,0,0,0,10943,1,3,0,0,0,0,13,0
2021-01-15T23:59:59+01:00,0,2,98,114,349,590,452,847,583,1381,679,1176,451,421,563,919,467,1707,0,0,0,0,0,0,0,0,0,0,0,0,0,0,0,0,0,0,10785,0,1,0,0,0,0,13,0
2021-01-14T23:59:59+01:00,0,0,80,91,294,488,373,683,465,1127,560,996,370,338,443,753,383,1451,0,0,0,0,0,0,0,0,0,0,0,0,0,0,0,0,0,0,8882,0,0,0,0,0,0,13,0
2021-01-13T23:59:59+01:00,0,0,66,68,208,372,297,512,352,844,430,714,261,239,327,566,294,1114,0,0,0,0,0,0,0,0,0,0,0,0,0,0,0,0,0,0,6652,0,0,0,0,0,0,12,0
2021-01-12T23:59:59+01:00,0,0,44,46,130,220,184,317,213,536,287,446,168,155,214,372,202,749,0,0,0,0,0,0,0,0,0,0,0,0,0,0,0,0,0,0,4283,0,0,0,0,0,0,0,0
2021-01-11T23:59:59+01:00,0,0,14,15,45,62,43,98,61,123,100,132,70,61,94,115,58,256,0,0,0,0,0,0,0,0,0,0,0,0,0,0,0,0,0,0,1347,0,0,0,0,0,0,0,0
2021-01-10T23:59:59+01:00,0,0,13,15,32,50,36,80,52,114,85,122,63,57,86,105,55,241,0,0,0,0,0,0,0,0,0,0,0,0,0,0,0,0,0,0,1206,0,0,0,0,0,0,0,0
2021-01-09T23:59:59+01:00,0,0,13,14,28,49,35,79,51,113,83,119,62,56,85,104,53,240,0,0,0,0,0,0,0,0,0,0,0,0,0,0,0,0,0,0,1184,0,0,0,0,0,0,0,0
2021-01-08T23:59:59+01:00,0,0,9,6,28,43,33,76,49,110,82,118,59,52,79,99,49,240,0,0,0,0,0,0,0,0,0,0,0,0,0,0,0,0,0,0,1132,0,0,0,0,0,0,0,0
2021-01-07T23:59:59+01:00,0,0,6,1,10,22,16,42,28,77,36,77,33,27,52,82,33,183,0,0,0,0,0,0,0,0,0,0,0,0,0,0,0,0,0,0,725,0,0,0,0,0,0,0,0
2021-01-06T23:59:59+01:00,0,0,6,0,5,11,11,34,25,43,22,48,27,24,38,56,23,131,0,0,0,0,0,0,0,0,0,0,0,0,0,0,0,0,0,0,504,0,0,0,0,0,0,0,0
2021-01-05T23:59:59+01:00,0,0,5,0,5,10,11,34,25,43,22,48,27,24,38,55,23,131,0,0,0,0,0,0,0,0,0,0,0,0,0,0,0,0,0,0,501,0,0,0,0,0,0,0,0
2021-01-04T23:59:59+01:00,0,0,4,0,2,5,5,14,14,12,7,12,4,5,7,9,2,18,0,0,0,0,0,0,0,0,0,0,0,0,0,0,0,0,0,0,120,0,0,0,0,0,0,0,0
2021-01-03T23:59:59+01:00,0,0,3,0,2,5,5,13,13,12,7,12,4,5,7,9,2,17,0,0,0,0,0,0,0,0,0,0,0,0,0,0,0,0,0,0,116,0,0,0,0,0,0,0,0
2021-01-02T23:59:59+01:00,0,0,3,0,2,5,5,13,11,12,7,12,4,5,7,9,2,17,0,0,0,0,0,0,0,0,0,0,0,0,0,0,0,0,0,0,114,0,0,0,0,0,0,0,0
2021-01-01T23:59:59+01:00,0,0,3,0,1,4,5,11,11,12,6,12,4,5,7,8,2,17,0,0,0,0,0,0,0,0,0,0,0,0,0,0,0,0,0,0,108,0,0,0,0,0,0,0,0
2020-12-31T23:59:59+01:00,0,0,3,0,0,4,5,11,9,12,6,12,4,5,7,8,2,17,0,0,0,0,0,0,0,0,0,0,0,0,0,0,0,0,0,0,105,0,0,0,0,0,0,0,0
2020-12-30T23:59:59+01:00,0,0,3,0,0,4,5,11,9,12,6,12,3,5,7,8,2,17,0,0,0,0,0,0,0,0,0,0,0,0,0,0,0,0,0,0,104,0,0,0,0,0,0,0,0
2020-12-29T23:59:59+01:00,0,0,3,0,0,3,5,8,9,12,6,12,3,5,7,8,2,17,0,0,0,0,0,0,0,0,0,0,0,0,0,0,0,0,0,0,100,0,0,0,0,0,0,0,0
2020-12-28T23:59:59+01:00,0,0,3,0,0,3,5,8,9,12,5,12,3,5,7,8,2,17,0,0,0,0,0,0,0,0,0,0,0,0,0,0,0,0,0,0,99,0,0,0,0,0,0,0,0
2020-12-27T23:59:59+01:00,0,0,1,0,0,0,0,0,0,0,0,1,0,0,2,4,0,8,0,0,0,0,0,0,0,0,0,0,0,0,0,0,0,0,0,0,16,0,0,0,0,0,0,0,0
