Datum,<24_1_m,<24_1_w,25-34_1_m,25-34_1_w,35-44_1_m,35-44_1_w,45-54_1_m,45-54_1_w,55-64_1_m,55-64_1_w,65-74_1_m,65-74_1_w,75-84_1_m,75-84_1_w,>84_1_m,>84_1_w,<24_2_m,<24_2_w,25-34_2_m,25-34_2_w,35-44_2_m,35-44_2_w,45-54_2_m,45-54_2_w,55-64_2_m,55-64_2_w,65-74_2_m,65-74_2_w,75-84_2_m,75-84_2_w,>84_2_m,>84_2_w,bp_1,bp_2,mo_1,mo_2,az_1,az_2,ja
2021-06-06T23:59:59+02:00,8861,9039,16451,16513,21130,22601,32903,34147,36284,37372,25371,28609,17611,22343,4878,8449,4641,4847,7633,7994,8458,10220,11135,13728,14250,16040,14334,16422,13449,17296,4522,7810,221520,140136,39423,9737,76283,17570,5336
2021-06-05T23:59:59+02:00,8840,9023,16437,16497,21128,22600,32896,34141,36283,37371,25370,28609,17610,22342,4878,8449,4632,4798,7620,7932,8448,10084,11120,13550,14232,15955,14298,16369,13442,17286,4522,7810,221437,140057,39423,9737,76282,16972,5332
2021-06-04T23:59:59+02:00,8795,8995,16301,16370,20925,22407,32778,34033,36256,37351,25359,28601,17607,22338,4877,8449,4626,4793,7604,7919,8437,10069,11085,13517,14188,15888,14268,16334,13426,17271,4522,7810,221165,139832,38664,9695,76281,16898,5332
2021-06-03T23:59:59+02:00,8520,8743,15428,15569,19580,21230,31972,33215,35821,36943,25242,28487,17572,22292,4871,8435,4562,4756,7526,7845,8316,9968,10919,13336,13656,15363,14095,16135,13371,17195,4522,7803,215352,137876,37103,9660,76272,16639,5193
2021-06-02T23:59:59+02:00,8367,8569,15045,15158,19129,20822,31552,32797,35661,36756,25185,28433,17555,22270,4869,8434,4530,4720,7459,7756,8233,9880,10769,13205,13199,14885,14021,16026,13354,17166,4519,7800,212465,136145,36675,9567,76272,16620,5190
2021-06-01T23:59:59+02:00,8061,8297,14701,14876,18809,20511,31260,32491,35476,36557,25139,28364,17535,22247,4867,8423,4423,4627,7246,7588,8014,9690,10522,12922,12785,14437,13654,15629,13263,17051,4514,7792,209827,134116,36638,9321,76251,15822,4898
2021-05-31T23:59:59+02:00,7891,8095,14491,14649,18098,19920,30941,32175,35190,36308,25065,28277,17512,22197,4858,8412,4331,4513,7057,7358,7791,9415,10178,12568,12345,13932,13150,15038,13107,16864,4505,7785,208493,131050,34597,9004,76236,15130,4753
2021-05-30T23:59:59+02:00,7864,8078,14449,14617,18025,19865,30888,32137,35167,36288,25051,28264,17511,22192,4857,8410,4274,4422,6920,7158,7635,9188,9961,12250,12114,13617,13038,14885,13056,16799,4504,7779,208213,130338,34586,8904,76185,13679,4679
2021-05-29T23:59:59+02:00,7861,8077,14442,14611,18019,19861,30883,32134,35165,36286,25049,28260,17511,22192,4857,8410,4264,4405,6888,7125,7599,9136,9928,12194,12040,13526,12994,14820,13032,16780,4503,7774,208184,130196,34586,8904,76170,13230,4678
2021-05-28T23:59:59+02:00,7852,8063,14425,14592,18003,19841,30873,32123,35156,36270,25048,28255,17509,22190,4857,8410,4248,4373,6865,7086,7568,9082,9865,12075,11781,13265,12830,14629,13006,16757,4501,7771,208035,128911,34585,8903,76170,13211,4677
2021-05-27T23:59:59+02:00,7750,7959,14131,14377,17541,19498,30238,31619,35014,36154,25007,28222,17496,22180,4856,8404,4099,4187,6578,6836,7205,8777,9354,11489,11068,12357,12332,14115,12907,16610,4496,7763,207012,125441,33152,8577,76135,12008,4147
2021-05-26T23:59:59+02:00,7665,7831,13924,14165,17287,19197,29705,31118,34862,36009,24975,28180,17483,22160,4855,8399,3994,4026,6352,6552,6920,8365,8998,11017,10432,11572,11817,13562,12805,16445,4493,7745,205456,121963,32415,8396,76123,10915,3821
2021-05-25T23:59:59+02:00,7577,7724,13722,13953,16995,18963,29022,30507,34780,35918,24956,28160,17472,22145,4850,8398,3928,3923,6217,6382,6766,8172,8779,10725,10071,11198,11516,13112,12718,16326,4491,7737,204760,120195,30991,8260,75641,9856,3750
2021-05-24T23:59:59+02:00,7488,7616,13558,13748,16760,18685,28622,30083,34464,35547,24913,28100,17453,22126,4850,8396,3913,3892,6160,6302,6722,8088,8720,10635,9951,11049,11394,12941,12678,16251,4486,7727,204261,119597,28802,8227,75633,9372,3713
2021-05-23T23:59:59+02:00,7485,7615,13553,13739,16757,18675,28601,30072,34431,35506,24912,28093,17453,22122,4850,8396,3909,3888,6152,6292,6714,8081,8691,10602,9909,10984,11311,12841,12662,16229,4486,7727,204133,119592,28788,7814,75632,9365,3707
2021-05-22T23:59:59+02:00,7476,7610,13541,13724,16748,18670,28599,30071,34428,35500,24912,28092,17453,22122,4850,8396,3907,3887,6150,6290,6713,8076,8687,10601,9903,10981,11301,12828,12656,16225,4486,7727,204068,119551,28788,7814,75629,9346,3707
2021-05-21T23:59:59+02:00,7402,7537,13392,13619,16569,18519,28319,29894,34038,35248,24893,28064,17445,22114,4849,8394,3896,3875,6117,6269,6687,8044,8649,10553,9818,10898,10808,12130,12549,16104,4483,7723,203396,117841,28663,7811,74600,9314,3637
2021-05-20T23:59:59+02:00,7055,7296,12791,13212,15295,17562,26270,28227,33404,34753,24794,27921,17403,22045,4843,8382,3829,3812,6031,6154,6577,7891,8481,10398,9571,10567,10499,11708,12462,15964,4477,7712,198707,115912,26935,7742,72101,8969,3510
2021-05-19T23:59:59+02:00,6814,7016,12270,12750,14538,16855,25379,27413,32839,34241,24709,27839,17370,22001,4839,8373,3736,3722,5870,5989,6383,7645,8200,10109,9266,10187,10203,11322,12406,15839,4475,7705,193130,114028,26901,7547,72087,8354,3128
2021-05-18T23:59:59+02:00,6607,6878,11871,12431,13891,16345,24221,26442,32271,33716,24610,27729,17330,21958,4834,8365,3684,3687,5757,5881,6219,7481,7998,9896,9073,9958,10032,11061,12292,15671,4465,7698,188285,112944,26399,7478,72046,7662,2769
2021-05-17T23:59:59+02:00,6547,6827,11696,12320,13605,16111,23398,25778,31997,33463,24551,27680,17307,21930,4827,8359,3574,3590,5575,5711,6059,7284,7792,9670,8866,9734,9953,10955,12245,15613,4462,7696,186545,112257,25713,7472,71655,6567,2483
2021-05-16T23:59:59+02:00,6516,6804,11633,12266,13513,16022,22717,25176,31470,33003,24516,27644,17300,21915,4826,8359,3568,3562,5561,5651,6033,7220,7765,9579,8835,9651,9942,10942,12242,15611,4462,7696,185788,112150,24183,7466,71236,6231,2473
2021-05-15T23:59:59+02:00,6503,6795,11601,12255,13482,16012,22647,25106,30943,32631,24509,27642,17299,21912,4825,8358,3552,3545,5545,5607,6019,7145,7724,9455,8609,9414,9906,10900,12214,15574,4462,7695,185739,112149,24171,7332,70596,5871,2014
2021-05-14T23:59:59+02:00,6462,6764,11535,12217,13409,15939,22209,24777,30553,32323,24484,27601,17287,21898,4825,8356,3516,3501,5509,5512,6000,7011,7682,9235,8553,9248,9823,10774,12144,15473,4462,7694,185029,111986,23855,7006,69742,5132,2013
2021-05-13T23:59:59+02:00,6281,6581,11145,11914,12657,15347,19902,22919,29204,31005,24306,27419,17228,21839,4824,8353,3502,3465,5487,5469,5982,6954,7653,9167,8513,9191,9584,10504,11987,15228,4458,7686,181161,111640,20102,6226,67663,4966,1998
2021-05-12T23:59:59+02:00,6247,6552,11071,11852,12552,15251,19774,22792,28808,30604,24254,27367,17215,21814,4823,8348,3502,3461,5480,5463,5973,6939,7626,9147,8475,9139,9374,10242,11810,14974,4455,7681,180195,111367,19471,5416,67660,4960,1998
2021-05-11T23:59:59+02:00,6089,6437,10835,11599,12181,14875,19133,22127,27932,29699,24111,27221,17170,21747,4818,8333,3455,3409,5393,5307,5872,6755,7487,8906,8313,8927,9192,10038,11691,14812,4446,7667,176243,110350,18596,5310,67532,4074,1936
2021-05-10T23:59:59+02:00,5946,6341,10623,11397,11926,14625,18802,21769,27534,29327,24017,27132,17133,21705,4814,8330,3374,3344,5282,5197,5757,6646,7365,8769,8190,8827,9084,9905,11613,14700,4444,7660,174272,109825,17913,5299,67308,3105,1928
2021-05-09T23:59:59+02:00,5866,6278,10524,11290,11817,14504,18432,21449,27187,28994,23942,27052,17105,21679,4812,8327,3298,3311,5136,5155,5581,6606,7207,8738,8072,8795,9076,9893,11597,14685,4444,7660,173882,109750,16646,5290,66816,2300,1914
2021-05-08T23:59:59+02:00,5864,6276,10523,11288,11817,14504,18429,21447,27185,28992,23942,27052,17105,21679,4812,8327,3298,3310,5135,5155,5581,6606,7207,8738,8070,8795,9075,9892,11597,14685,4444,7660,173867,109747,16646,5290,66815,2297,1914
2021-05-07T23:59:59+02:00,5826,6249,10445,11227,11691,14383,17967,21125,26622,28479,23908,27015,17092,21644,4805,8300,3284,3302,5126,5149,5572,6594,7194,8724,8064,8787,9069,9882,11587,14660,4436,7636,173049,109733,16644,5289,65302,2261,1783
2021-05-06T23:59:59+02:00,5535,6055,9949,10869,11139,13879,16788,20042,24289,26192,23538,26643,17004,21558,4800,8290,3232,3257,5067,5070,5528,6506,7110,8601,7942,8651,8972,9778,11567,14620,4433,7634,168079,109217,14252,5235,62467,1744,1772
2021-05-05T23:59:59+02:00,5443,5957,9632,10642,10813,13536,16170,19395,23482,25263,23317,26358,16946,21472,4792,8276,3211,3217,5018,4978,5469,6379,7019,8434,7818,8450,8873,9640,11504,14552,4432,7626,164443,108296,12962,5229,62320,1326,1769
2021-05-04T23:59:59+02:00,5340,5852,9462,10440,10604,13286,15771,18970,22953,24718,23125,26118,16889,21414,4784,8267,3201,3174,4990,4908,5433,6258,6969,8294,7734,8301,8776,9536,11443,14508,4430,7624,162224,107838,11854,5221,62167,772,1748
2021-05-03T23:59:59+02:00,5251,5765,9274,10306,10431,13098,15464,18716,22562,24310,23005,25996,16865,21374,4784,8262,3116,3096,4902,4836,5366,6166,6868,8190,7548,8136,8708,9459,11406,14469,4427,7620,160726,107624,11853,5218,62075,662,809
2021-05-02T23:59:59+02:00,5234,5749,9191,10245,10299,12976,15098,18380,22312,24063,22959,25952,16852,21349,4783,8261,3106,3089,4834,4798,5272,6074,6724,8059,7452,8052,8663,9423,11387,14437,4425,7615,159847,107515,11850,5216,61972,645,34
2021-05-01T23:59:59+02:00,5234,5747,9188,10244,10298,12976,15095,18377,22310,24063,22958,25951,16852,21349,4783,8261,3106,3089,4834,4798,5272,6074,6724,8059,7452,8052,8663,9423,11387,14437,4425,7615,159830,107515,11850,5216,61972,645,34
2021-04-30T23:59:59+02:00,5153,5640,8929,10022,10046,12736,14567,17914,21498,23309,22891,25869,16836,21325,4781,8258,3102,3087,4825,4788,5263,6042,6711,8023,7421,8024,8662,9421,11387,14435,4423,7614,156278,107494,11850,5214,61645,519,1
2021-04-29T23:59:59+02:00,4976,5466,8413,9596,9363,12142,13472,16914,19717,21685,22281,25202,16737,21158,4776,8243,3074,3057,4786,4721,5219,5960,6650,7921,7345,7911,8551,9305,11328,14372,4417,7608,147208,107017,11836,4943,61096,264,1
2021-04-28T23:59:59+02:00,4937,5443,8336,9519,9287,12054,13353,16775,19509,21495,22204,25114,16715,21123,4774,8240,3069,3038,4759,4669,5191,5912,6620,7845,7295,7837,8537,9281,11315,14352,4416,7603,146830,106827,11748,4872,60299,39,1
2021-04-27T23:59:59+02:00,4882,5379,8199,9387,9181,11904,13189,16596,19066,20984,22001,24893,16666,21063,4771,8233,3066,3032,4757,4667,5184,5903,6606,7828,7262,7801,8466,9187,11253,14289,4412,7600,146113,106577,10686,4703,59594,32,1
2021-04-26T23:59:59+02:00,4830,5341,8091,9299,9043,11795,12985,16413,18671,20619,21882,24760,16645,21045,4771,8233,3066,3030,4753,4663,5179,5897,6593,7810,7235,7773,8416,9138,11208,14220,4409,7588,145351,106500,10551,4451,58521,27,0
2021-04-25T23:59:59+02:00,4815,5325,8052,9266,8977,11730,12831,16276,18327,20275,21706,24550,16612,21002,4767,8228,3066,3030,4752,4663,5176,5893,6590,7807,7231,7768,8361,9074,11186,14198,4409,7587,143986,106479,10541,4286,58212,26,0
2021-04-24T23:59:59+02:00,4808,5317,8036,9261,8963,11721,12778,16243,18272,20237,21693,24541,16610,20997,4767,8228,3065,3030,4752,4663,5176,5893,6590,7807,7231,7768,8361,9074,11186,14198,4409,7587,143891,106479,10541,4286,58040,25,0
2021-04-23T23:59:59+02:00,4787,5279,7978,9192,8871,11619,12386,15876,17877,19851,21505,24348,16553,20928,4766,8221,3063,3028,4748,4660,5167,5885,6578,7796,7206,7735,8342,9050,11180,14191,4407,7584,142639,106468,10194,4128,57204,24,0
2021-04-22T23:59:59+02:00,4727,5198,7852,8994,8664,11349,12047,15429,16915,18798,21003,23752,16453,20783,4758,8209,3053,3020,4743,4641,5142,5860,6534,7758,7142,7692,8209,8893,11058,14055,4404,7578,138929,105864,10076,3900,55926,18,0
2021-04-21T23:59:59+02:00,4679,5147,7746,8869,8501,11193,11724,15123,16138,17962,20708,23419,16405,20694,4753,8199,3041,3007,4728,4626,5123,5839,6524,7743,7118,7672,8157,8830,11027,14020,4402,7577,136043,105592,9947,3825,55270,17,0
2021-04-20T23:59:59+02:00,4654,5118,7709,8814,8416,11109,11553,14943,15655,17438,20297,22938,16327,20575,4746,8188,3034,2997,4721,4613,5095,5819,6498,7723,7076,7633,8050,8687,10972,13950,4398,7574,133905,105033,9684,3790,54891,17,0
2021-04-19T23:59:59+02:00,4621,5053,7649,8715,8315,10964,11393,14758,15372,17123,19838,22379,16190,20398,4735,8180,3029,2996,4716,4606,5083,5805,6481,7707,7051,7588,7990,8624,10954,13917,4396,7571,131850,104709,9329,3788,54504,17,0
2021-04-18T23:59:59+02:00,4600,5023,7587,8658,8200,10827,11095,14498,14890,16559,19432,21906,16092,20241,4733,8176,3029,2996,4716,4606,5083,5805,6480,7704,7048,7586,7988,8620,10951,13914,4396,7568,129447,104687,9260,3786,53810,17,0
2021-04-17T23:59:59+02:00,4595,5015,7568,8651,8190,10808,11051,14449,14777,16460,19316,21796,16074,20218,4732,8175,3029,2996,4714,4604,5078,5801,6464,7696,7025,7563,7940,8574,10935,13894,4395,7568,129012,104680,9253,3579,53610,17,0
2021-04-16T23:59:59+02:00,4579,4960,7492,8526,8093,10645,10815,14168,14081,15669,18803,21200,15974,20087,4726,8167,3026,2993,4708,4599,5075,5789,6444,7686,6975,7510,7644,8200,10856,13775,4388,7555,126175,103915,9204,3291,52606,17,0
2021-04-15T23:59:59+02:00,4528,4895,7373,8391,7919,10393,10468,13738,13283,14766,18048,20395,15790,19820,4712,8154,3025,2985,4698,4582,5062,5758,6412,7650,6891,7423,7088,7563,10786,13683,4384,7545,122532,102362,9049,3158,51092,15,0
2021-04-14T23:59:59+02:00,4498,4855,7307,8281,7814,10248,10278,13527,12843,14286,17544,19803,15671,19663,4708,8141,2987,2964,4681,4547,5036,5717,6376,7614,6836,7363,6360,6683,10650,13544,4380,7538,121160,100107,8815,3158,49492,11,0
2021-04-13T23:59:59+02:00,4494,4847,7263,8264,7760,10214,10163,13469,12417,13944,16870,18956,15500,19440,4704,8135,2963,2934,4663,4523,5007,5679,6318,7544,6742,7262,6144,6416,10191,12984,4373,7524,120488,98105,8597,3151,47355,11,0
2021-04-12T23:59:59+02:00,4477,4829,7212,8213,7705,10140,10045,13364,12138,13681,16439,18449,15357,19279,4699,8132,2932,2919,4588,4480,4906,5608,6207,7472,6598,7141,5359,5554,9811,12518,4346,7487,120154,94772,8562,3143,45443,11,0
2021-04-11T23:59:59+02:00,4460,4820,7168,8161,7650,10094,9946,13276,11879,13445,15844,17737,15151,19018,4695,8124,2847,2827,4450,4356,4766,5483,6032,7304,6457,7040,5039,5185,9713,12390,4346,7483,119579,92611,8135,3097,43754,10,0
2021-04-10T23:59:59+02:00,4438,4795,7130,8114,7602,10042,9881,13217,11791,13346,15624,17549,15115,18965,4694,8119,2204,2191,3621,3655,3903,4692,4989,6364,5685,6327,4782,4891,9610,12258,4340,7475,119118,83880,8135,3097,43169,10,0
2021-04-09T23:59:59+02:00,4415,4774,7090,8085,7533,9980,9717,13080,11384,12969,14462,16022,14768,18554,4685,8112,1233,1266,2251,2432,2376,3312,3136,4686,4236,4976,4131,4189,9398,11964,4321,7451,117249,68253,8133,3095,40248,10,0
2021-04-08T23:59:59+02:00,4386,4755,7027,8032,7436,9876,9510,12950,10921,12555,13336,14767,14450,18124,4668,8086,649,719,1330,1710,1458,2363,2020,3575,2848,3563,2935,2848,8663,11066,4219,7283,116026,54147,8054,3092,36799,10,0
2021-04-07T23:59:59+02:00,4334,4723,6945,7978,7345,9811,9371,12799,10584,12219,12616,14013,14288,17912,4663,8068,396,470,959,1362,1045,1977,1501,3106,1827,2454,1793,1584,7834,10003,4108,7096,115068,44415,7903,3092,34698,8,0
2021-04-06T23:59:59+02:00,4319,4708,6921,7941,7289,9737,9269,12717,10351,11976,12223,13500,14116,17682,4653,8057,388,454,952,1354,1029,1954,1475,3076,1766,2397,1714,1509,7395,9421,4007,6926,113796,42719,7805,3091,33858,7,0
2021-04-05T23:59:59+02:00,4313,4706,6910,7930,7278,9726,9246,12688,10287,11910,12102,13351,14035,17604,4651,8056,386,449,940,1350,1024,1945,1463,3056,1744,2360,1659,1455,7145,9088,3926,6793,113466,41686,7784,3090,33543,7,0
2021-04-04T23:59:59+02:00,4313,4706,6907,7923,7277,9725,9245,12688,10276,11905,12099,13348,14033,17604,4651,8056,386,448,940,1350,1023,1943,1462,3054,1743,2356,1656,1451,7137,9074,3922,6791,113461,41640,7784,3089,33511,7,0
2021-04-03T23:59:59+02:00,4313,4706,6907,7922,7277,9725,9245,12688,10276,11905,12099,13347,14031,17602,4651,8056,386,447,937,1346,1022,1942,1461,3049,1741,2354,1649,1438,7091,8989,3892,6764,113457,41412,7784,3089,33509,7,0
2021-04-02T23:59:59+02:00,4310,4704,6906,7919,7270,9718,9236,12681,10255,11884,11971,13229,13995,17555,4647,8049,384,444,935,1339,1015,1931,1445,3022,1698,2313,1538,1343,6268,8007,3539,6298,113337,38742,7780,2770,33212,7,0
2021-04-01T23:59:59+02:00,4268,4691,6867,7900,7233,9688,9185,12640,10182,11803,11580,12750,13686,17144,4643,8039,379,439,917,1322,1005,1914,1409,2970,1632,2248,1418,1247,5244,6780,3097,5614,112949,34863,6401,2765,32949,7,0
2021-03-31T23:59:59+02:00,4260,4685,6853,7882,7217,9669,9147,12604,10086,11730,11213,12283,13411,16741,4637,8023,376,436,907,1314,998,1899,1386,2943,1582,2209,1339,1182,4631,6042,2805,5245,112380,32595,5443,2692,32618,7,0
2021-03-30T23:59:59+02:00,4237,4657,6816,7844,7164,9604,9049,12490,9921,11575,10937,11971,13224,16523,4630,8011,371,430,902,1303,987,1893,1365,2935,1555,2185,1313,1156,4501,5911,2758,5162,111559,32223,5196,2497,31898,7,0
2021-03-29T23:59:59+02:00,4227,4634,6788,7819,7121,9548,8950,12389,9709,11356,10473,11449,12922,16138,4616,7984,366,425,898,1294,981,1885,1354,2924,1537,2176,1290,1140,4358,5741,2673,5060,109895,31605,4888,2491,31340,6,0
2021-03-28T23:59:59+02:00,4174,4567,6676,7663,7007,9408,8822,12191,9555,11171,10252,11166,12770,15991,4613,7976,366,425,898,1294,979,1884,1353,2924,1536,2174,1283,1138,4324,5697,2651,5040,109523,31571,4624,2390,29855,5,0
2021-03-27T23:59:59+01:00,4172,4549,6665,7601,6977,9282,8771,12018,9503,11034,10125,11036,12696,15918,4613,7976,366,425,898,1294,979,1882,1352,2922,1533,2173,1280,1135,4297,5662,2640,5026,109516,31470,4624,2389,28796,5,0
2021-03-26T23:59:59+01:00,4167,4539,6634,7564,6946,9203,8721,11900,9413,10913,10074,10978,12662,15867,4606,7960,362,423,896,1291,975,1869,1346,2899,1515,2165,1252,1116,4110,5424,2546,4893,109460,30728,4404,2349,28283,5,0
2021-03-25T23:59:59+01:00,4141,4497,6542,7433,6845,9033,8521,11665,9107,10595,9680,10568,12403,15609,4602,7952,362,421,894,1284,971,1858,1332,2880,1490,2149,1223,1098,3861,5154,2356,4625,109087,29604,4195,2349,25911,5,0
2021-03-24T23:59:59+01:00,4075,4423,6458,7255,6722,8801,8348,11417,8867,10280,9234,10041,12056,15223,4593,7945,362,420,893,1282,965,1856,1326,2871,1473,2136,1216,1088,3786,5077,2189,4413,108581,29002,4062,2348,23095,3,0
2021-03-23T23:59:59+01:00,4056,4387,6410,7202,6640,8731,8229,11284,8603,10043,8784,9510,11664,14794,4585,7933,362,419,891,1271,960,1849,1321,2861,1470,2124,1190,1070,3691,4987,2033,4165,107778,28313,3968,2348,21109,3,0
2021-03-22T23:59:59+01:00,4042,4367,6374,7169,6606,8686,8156,11205,8447,9883,8472,9143,11404,14514,4559,7898,359,413,886,1259,952,1844,1312,2853,1462,2113,1178,1061,3659,4947,2019,4138,107110,28105,3966,2347,19849,3,0
2021-03-21T23:59:59+01:00,4040,4363,6369,7158,6590,8671,8133,11185,8382,9822,8361,9013,11339,14432,4557,7895,357,412,877,1255,943,1839,1305,2851,1458,2108,1174,1059,3650,4931,2005,4130,107024,28004,3965,2347,19321,3,0
2021-03-20T23:59:59+01:00,4032,4316,6359,7085,6576,8528,8106,10992,8337,9710,8280,8926,11308,14397,4557,7895,357,412,877,1255,943,1839,1304,2851,1458,2106,1174,1059,3650,4929,2005,4130,106993,28000,3752,2346,18659,3,0
2021-03-19T23:59:59+01:00,4019,4281,6332,7002,6550,8434,8056,10878,8201,9524,7744,8331,11155,14193,4549,7882,354,411,871,1247,927,1828,1279,2821,1404,2059,1086,983,2927,4059,1664,3658,105400,25229,3452,2346,18279,3,0
2021-03-18T23:59:59+01:00,4007,4261,6289,6961,6518,8367,7986,10792,8057,9363,6766,7214,10957,13980,4538,7864,353,411,867,1243,920,1820,1262,2811,1379,2038,1044,966,2703,3781,1533,3480,102436,24262,3294,2346,18190,3,0
2021-03-17T23:59:59+01:00,3964,4219,6221,6875,6459,8263,7890,10663,7931,9204,5979,6236,10806,13826,4522,7843,352,411,860,1237,917,1807,1248,2792,1354,2015,1015,942,2568,3644,1474,3388,99686,23675,3293,2346,17922,3,0
2021-03-16T23:59:59+01:00,3944,4183,6183,6821,6411,8196,7831,10591,7843,9111,5794,6028,10207,13142,4488,7791,344,401,847,1221,905,1798,1242,2775,1340,2007,1001,920,2339,3375,1361,3224,97622,22753,3283,2344,17659,3,0
2021-03-15T23:59:59+01:00,3906,4150,6078,6742,6285,8097,7689,10473,7687,8969,5009,5150,9832,12657,4452,7735,343,400,844,1217,904,1790,1239,2763,1332,1998,985,906,2184,3189,1288,3148,94123,22185,3276,2343,17512,2,0
2021-03-14T23:59:59+01:00,3757,3965,5799,6409,6023,7753,7362,10026,7417,8681,4664,4754,9706,12493,4449,7724,343,400,844,1217,903,1790,1237,2762,1330,1995,984,904,2181,3185,1285,3148,91743,22166,3223,2340,16016,2,0
2021-03-13T23:59:59+01:00,3011,3223,4840,5550,5012,6802,6121,8873,6504,7821,4363,4389,9333,11985,4384,7642,343,400,843,1215,903,1785,1236,2760,1329,1995,984,903,2149,3144,1263,3118,81062,22028,3223,2340,15568,2,0
2021-03-12T23:59:59+01:00,2069,2305,3481,4370,3498,5457,4305,7183,5031,6434,3700,3703,8041,10369,3990,7105,339,396,839,1211,899,1779,1229,2741,1302,1977,937,877,1748,2627,1048,2822,62280,20429,3221,2340,15540,2,0
2021-03-11T23:59:59+01:00,1486,1763,2571,3614,2582,4510,3194,6062,3655,5022,2588,2482,6259,8146,3397,6159,334,388,823,1202,886,1755,1210,2711,1278,1936,899,853,1573,2371,946,2661,45027,19484,3219,2340,15244,2,0
2021-03-10T23:59:59+01:00,1237,1517,2198,3242,2198,4118,2727,5633,2674,3948,1494,1297,4900,6401,2956,5554,324,379,808,1185,866,1714,1178,2652,1245,1880,874,834,1383,2151,862,2519,34029,18586,3219,2266,14846,2,0
2021-03-09T23:59:59+01:00,1215,1473,2131,3105,2133,4004,2642,5490,2593,3836,1462,1270,4822,6322,2922,5505,317,370,797,1165,845,1683,1154,2614,1229,1855,859,819,1290,2020,809,2417,33622,18019,3216,2222,14087,2,0
2021-03-08T23:59:59+01:00,1187,1437,2078,3006,2088,3918,2582,5376,2540,3777,1422,1248,4668,6136,2834,5393,317,365,793,1159,842,1674,1147,2606,1218,1836,840,794,1101,1775,707,2278,32930,17232,3216,2219,13544,1,0
2021-03-07T23:59:59+01:00,1180,1417,2037,2962,2047,3875,2543,5307,2503,3750,1416,1245,4662,6128,2831,5393,317,365,793,1159,842,1674,1147,2606,1217,1836,836,794,1093,1764,699,2268,32900,17232,3211,2178,13185,0,0
2021-03-06T23:59:59+01:00,1178,1413,2029,2947,2034,3856,2528,5277,2484,3732,1402,1231,4629,6088,2820,5382,317,365,793,1159,842,1674,1147,2606,1217,1836,836,794,1093,1764,699,2267,32758,17232,3211,2177,13061,0,0
2021-03-05T23:59:59+01:00,1172,1409,2011,2927,2004,3828,2485,5223,2433,3703,1361,1200,4348,5738,2691,5191,315,362,785,1153,838,1667,1144,2598,1214,1828,823,790,1086,1755,698,2265,32019,17144,2881,2177,12824,0,0
2021-03-04T23:59:59+01:00,1069,1242,1925,2808,1936,3689,2409,5056,2345,3567,1330,1178,4087,5447,2486,4909,315,360,783,1148,836,1661,1143,2589,1209,1824,804,783,1076,1744,691,2254,30835,17066,2877,2154,11771,0,0
2021-03-03T23:59:59+01:00,1013,1125,1864,2712,1869,3588,2339,4942,2274,3492,1320,1163,3963,5334,2280,4647,314,355,782,1141,833,1639,1137,2547,1195,1804,791,779,1067,1722,684,2246,30166,17034,2762,2002,10997,0,0
2021-03-02T23:59:59+01:00,960,1037,1772,2588,1779,3467,2253,4818,2211,3421,1292,1144,3821,5183,2118,4369,314,353,781,1135,830,1637,1133,2542,1190,1794,789,776,1052,1699,675,2230,29522,16929,2573,2001,10138,0,0
2021-03-01T23:59:59+01:00,926,973,1676,2453,1707,3324,2151,4648,2142,3313,1273,1134,3766,5112,2080,4316,313,352,778,1132,829,1623,1128,2530,1185,1787,784,773,1044,1687,670,2225,29271,16839,2489,2001,9234,0,0
2021-02-28T23:59:59+01:00,917,944,1658,2389,1678,3245,2131,4556,2128,3247,1268,1130,3756,5097,2066,4307,313,352,778,1131,829,1622,1128,2530,1184,1786,782,771,1035,1672,667,2217,29165,16829,2487,1968,8865,0,0
2021-02-27T23:59:59+01:00,899,922,1637,2324,1663,3133,2108,4420,2109,3171,1266,1129,3756,5095,2065,4306,313,352,778,1131,829,1621,1128,2530,1184,1785,782,771,1035,1672,667,2217,29160,16827,2486,1968,8357,0,0
2021-02-26T23:59:59+01:00,751,833,1546,2205,1610,2978,2044,4163,2005,2956,1173,1055,3043,4218,1709,3821,313,352,776,1130,829,1620,1128,2526,1182,1784,779,766,1015,1655,660,2205,26362,16753,2486,1967,7262,0,0
2021-02-25T23:59:59+01:00,578,745,1445,2098,1543,2853,1977,4030,1911,2846,1122,1029,2792,3903,1571,3626,295,334,747,1105,787,1550,1080,2422,1112,1703,729,749,984,1612,649,2183,25291,16662,2457,1379,6321,0,0
2021-02-24T23:59:59+01:00,541,705,1371,1986,1480,2699,1898,3879,1838,2713,1088,998,2636,3753,1513,3526,264,314,721,1064,765,1487,1047,2361,1062,1659,699,725,944,1579,637,2158,24643,16475,2446,1011,5535,0,0
2021-02-23T23:59:59+01:00,481,655,1288,1842,1412,2545,1815,3673,1776,2602,1064,968,2413,3493,1409,3372,258,305,707,1040,753,1451,1023,2316,1040,1619,690,715,933,1565,636,2154,23723,16390,2436,815,4649,0,0
2021-02-22T23:59:59+01:00,466,616,1184,1731,1306,2453,1715,3562,1694,2541,1045,953,2259,3306,1336,3294,247,290,679,988,725,1384,996,2223,997,1544,653,687,862,1484,605,2104,23146,16204,2432,264,3883,0,0
2021-02-21T23:59:59+01:00,442,597,1075,1701,1155,2429,1562,3540,1601,2525,1041,951,2258,3305,1336,3294,216,283,652,981,714,1375,982,2218,994,1542,650,685,857,1480,599,2097,23117,16074,2432,251,3263,0,0
2021-02-20T23:59:59+01:00,442,596,1074,1701,1154,2429,1561,3539,1601,2523,1041,950,2257,3305,1335,3293,215,281,649,981,711,1374,975,2215,993,1542,650,685,857,1480,599,2097,23111,16053,2431,251,3259,0,0
2021-02-19T23:59:59+01:00,435,586,1065,1698,1143,2419,1549,3522,1570,2505,989,921,1830,2740,1092,2968,192,271,623,977,694,1365,961,2213,987,1541,647,684,855,1480,598,2095,21365,15932,2431,251,3236,0,0
2021-02-18T23:59:59+01:00,414,562,1020,1613,1108,2333,1499,3399,1532,2428,958,896,1630,2469,989,2790,171,259,584,966,669,1354,927,2195,968,1522,636,667,834,1448,590,2084,20379,15623,2431,251,2830,0,0
2021-02-17T23:59:59+01:00,383,496,935,1473,995,2111,1364,3156,1426,2223,925,872,1430,2224,901,2645,164,252,568,931,648,1299,889,2120,922,1448,603,637,828,1425,586,2065,19302,15134,2431,251,1826,0,0
2021-02-16T23:59:59+01:00,375,447,891,1332,942,1916,1296,2937,1365,2075,917,858,1355,2117,848,2558,155,236,556,888,629,1245,865,2056,891,1411,593,624,808,1394,573,2006,18928,14816,2430,114,871,0,0
2021-02-15T23:59:59+01:00,356,403,866,1301,922,1856,1251,2853,1331,2020,892,828,1155,1863,740,2407,146,226,534,858,610,1183,842,1981,867,1336,573,589,790,1355,565,1969,18012,14350,2429,74,603,0,0
2021-02-14T23:59:59+01:00,355,403,865,1301,921,1856,1248,2853,1331,2020,892,828,1155,1863,740,2407,146,225,533,852,605,1178,838,1977,864,1333,571,589,789,1354,565,1966,18010,14311,2429,74,599,0,0
2021-02-13T23:59:59+01:00,355,403,865,1300,921,1853,1248,2851,1331,2018,892,828,1155,1863,740,2407,146,225,533,852,605,1178,836,1973,862,1331,568,589,775,1333,553,1950,18002,14309,2429,0,599,0,0
2021-02-12T23:59:59+01:00,348,402,859,1292,917,1826,1241,2816,1304,1996,892,827,1154,1860,740,2407,146,224,531,849,603,1170,829,1963,858,1317,565,587,761,1321,547,1939,17994,14210,2429,0,458,0,0
2021-02-11T23:59:59+01:00,327,392,845,1257,911,1785,1223,2751,1283,1947,860,813,1144,1849,739,2397,142,205,515,806,580,1105,794,1857,833,1270,555,573,736,1282,534,1913,17882,13700,2428,0,213,0,0
2021-02-10T23:59:59+01:00,324,380,828,1225,900,1756,1214,2709,1273,1917,856,812,1128,1829,734,2381,136,190,453,731,545,1018,726,1742,795,1213,539,558,727,1260,524,1894,17853,13051,2355,0,58,0,0
2021-02-09T23:59:59+01:00,324,376,822,1211,890,1739,1199,2691,1259,1894,842,807,1113,1812,726,2365,117,166,399,644,500,878,646,1552,714,1048,479,468,613,1090,458,1667,17757,11439,2310,0,3,0,0
2021-02-08T23:59:59+01:00,323,375,820,1206,890,1734,1197,2686,1252,1886,837,804,1092,1785,713,2347,103,141,357,559,448,778,555,1328,609,914,403,386,536,891,364,1373,17639,9745,2307,0,1,0,0
2021-02-07T23:59:59+01:00,322,374,818,1205,889,1734,1197,2684,1252,1884,831,802,1090,1781,712,2346,101,140,355,554,446,774,552,1318,605,911,399,383,514,867,360,1359,17614,9638,2307,0,0,0,0
2021-02-06T23:59:59+01:00,322,373,818,1205,889,1733,1197,2684,1252,1883,830,799,1087,1777,712,2344,101,139,355,551,445,772,551,1315,602,910,396,379,463,793,332,1321,17599,9425,2306,0,0,0,0
2021-02-05T23:59:59+01:00,322,373,817,1203,889,1733,1196,2682,1251,1881,822,793,1063,1764,707,2331,93,135,348,544,429,753,527,1278,572,876,374,353,442,767,318,1286,17521,9095,2306,0,0,0,0
2021-02-04T23:59:59+01:00,319,365,812,1181,879,1710,1180,2654,1237,1860,799,777,1036,1734,701,2318,75,104,271,420,331,596,416,1040,464,703,299,287,336,609,258,1080,17279,7289,2283,0,0,0,0
2021-02-03T23:59:59+01:00,318,355,809,1164,877,1678,1173,2603,1219,1837,785,764,1017,1710,694,2305,59,72,183,293,256,447,298,757,342,506,200,204,237,449,183,807,17184,5293,2124,0,0,0,0
2021-02-02T23:59:59+01:00,316,350,805,1155,873,1655,1160,2579,1210,1821,781,758,1007,1698,693,2296,38,43,100,150,151,250,186,485,214,316,131,125,157,268,131,530,17034,3275,2123,0,0,0,0
2021-02-01T23:59:59+01:00,315,345,796,1140,868,1633,1155,2551,1207,1793,772,745,1002,1689,688,2283,13,13,16,27,28,64,48,95,62,89,46,43,55,80,41,177,16859,897,2123,0,0,0,0
2021-01-31T23:59:59+01:00,308,343,781,1138,860,1622,1143,2539,1197,1785,767,739,992,1670,681,2272,12,13,14,26,26,61,41,89,58,82,42,43,51,72,38,166,16824,834,2013,0,0,0,0
2021-01-30T23:59:59+01:00,308,343,781,1138,859,1622,1143,2539,1197,1785,766,739,992,1669,681,2272,12,11,14,26,26,61,40,89,57,80,42,42,50,72,38,165,16821,825,2013,0,0,0,0
2021-01-29T23:59:59+01:00,308,343,781,1138,859,1622,1143,2539,1197,1784,765,737,991,1668,681,2270,11,6,13,26,26,59,38,88,56,80,41,41,50,72,38,165,16814,810,2012,0,0,0,0
2021-01-28T23:59:59+01:00,304,336,765,1113,824,1565,1104,2476,1125,1734,724,726,962,1641,671,2254,4,0,3,9,11,21,17,42,19,39,20,21,23,47,16,99,16637,391,1687,0,0,0,0
2021-01-27T23:59:59+01:00,298,329,736,1075,778,1506,1043,2398,1056,1658,692,698,951,1623,669,2247,3,0,3,6,8,17,12,27,13,28,5,7,10,10,5,26,16192,180,1565,0,0,0,0
2021-01-26T23:59:59+01:00,272,315,721,1051,768,1458,1021,2319,1032,1598,679,687,930,1605,659,2230,3,0,1,6,6,7,11,11,5,12,3,3,6,7,2,16,16141,99,1204,0,0,0,0
2021-01-25T23:59:59+01:00,238,295,664,969,714,1339,979,2166,972,1476,635,634,851,1501,622,2168,3,0,1,6,6,7,11,11,5,12,3,3,6,7,2,16,15917,99,306,0,0,0,0
2021-01-24T23:59:59+01:00,219,284,639,962,697,1324,959,2150,960,1466,627,628,842,1481,613,2156,3,0,1,6,5,7,11,11,4,12,3,3,6,7,2,16,15745,97,262,0,0,0,0
2021-01-23T23:59:59+01:00,219,284,639,962,697,1324,959,2150,960,1466,627,628,842,1481,613,2156,3,0,1,6,5,7,10,11,4,12,3,3,6,7,2,16,15745,96,262,0,0,0,0
2021-01-22T23:59:59+01:00,167,265,586,953,676,1310,929,2138,949,1458,622,627,842,1481,613,2156,3,0,0,6,5,7,10,11,4,12,3,3,6,7,2,16,15510,95,262,0,0,0,0
2021-01-21T23:59:59+01:00,161,254,571,929,654,1270,891,2080,930,1416,615,606,828,1448,608,2141,3,0,0,6,4,7,10,11,4,12,3,3,6,7,2,15,15140,93,262,0,0,0,0
2021-01-20T23:59:59+01:00,152,233,527,861,630,1191,825,1967,897,1353,594,589,811,1425,600,2114,3,0,0,6,4,7,10,11,4,12,3,3,6,7,2,15,14509,93,260,0,0,0,0
2021-01-19T23:59:59+01:00,135,205,448,774,564,1043,739,1771,799,1209,540,525,711,1250,530,1880,3,0,0,6,4,7,10,11,4,12,3,3,6,7,2,15,12931,93,192,0,0,0,0
2021-01-18T23:59:59+01:00,113,166,378,620,470,868,607,1487,676,1035,474,459,634,1077,465,1629,1,0,0,0,0,0,0,0,0,0,0,0,0,1,0,0,11076,2,82,0,0,0,0
2021-01-17T23:59:59+01:00,109,164,374,615,469,861,604,1469,667,1027,471,452,605,1046,451,1585,1,0,0,0,0,0,0,0,0,0,0,0,0,1,0,0,10887,2,82,0,0,0,0
2021-01-16T23:59:59+01:00,109,161,372,607,466,853,593,1455,654,1019,456,438,506,908,391,1500,0,0,0,0,0,0,0,0,0,0,0,0,0,0,0,0,10486,0,2,0,0,0,0
2021-01-15T23:59:59+01:00,107,159,368,605,460,847,587,1446,635,1004,442,422,496,893,384,1479,0,0,0,0,0,0,0,0,0,0,0,0,0,0,0,0,10334,0,0,0,0,0,0
2021-01-14T23:59:59+01:00,83,125,306,498,380,686,472,1185,527,843,359,340,395,734,317,1271,0,0,0,0,0,0,0,0,0,0,0,0,0,0,0,0,8521,0,0,0,0,0,0
2021-01-13T23:59:59+01:00,66,93,219,372,301,517,363,865,397,610,246,239,288,549,237,972,0,0,0,0,0,0,0,0,0,0,0,0,0,0,0,0,6334,0,0,0,0,0,0
2021-01-12T23:59:59+01:00,44,59,132,222,183,310,225,561,252,378,154,146,184,359,164,662,0,0,0,0,0,0,0,0,0,0,0,0,0,0,0,0,4035,0,0,0,0,0,0
2021-01-11T23:59:59+01:00,14,18,45,58,43,91,69,130,77,112,64,56,81,114,48,220,0,0,0,0,0,0,0,0,0,0,0,0,0,0,0,0,1240,0,0,0,0,0,0
2021-01-10T23:59:59+01:00,14,17,33,47,35,73,56,122,70,102,55,52,76,102,45,209,0,0,0,0,0,0,0,0,0,0,0,0,0,0,0,0,1108,0,0,0,0,0,0
2021-01-09T23:59:59+01:00,14,16,30,46,35,73,53,121,69,99,55,51,75,101,43,208,0,0,0,0,0,0,0,0,0,0,0,0,0,0,0,0,1089,0,0,0,0,0,0
2021-01-08T23:59:59+01:00,10,9,30,42,33,69,50,120,68,98,52,46,69,97,40,208,0,0,0,0,0,0,0,0,0,0,0,0,0,0,0,0,1041,0,0,0,0,0,0
2021-01-07T23:59:59+01:00,5,2,10,23,18,35,27,89,32,63,32,27,47,81,27,163,0,0,0,0,0,0,0,0,0,0,0,0,0,0,0,0,681,0,0,0,0,0,0
2021-01-06T23:59:59+01:00,5,0,4,11,13,28,23,50,19,39,26,24,33,56,20,119,0,0,0,0,0,0,0,0,0,0,0,0,0,0,0,0,470,0,0,0,0,0,0
2021-01-05T23:59:59+01:00,5,0,4,11,13,28,23,50,19,39,26,24,33,55,20,119,0,0,0,0,0,0,0,0,0,0,0,0,0,0,0,0,469,0,0,0,0,0,0
2021-01-04T23:59:59+01:00,4,0,1,6,4,7,13,11,4,12,3,3,6,8,2,17,0,0,0,0,0,0,0,0,0,0,0,0,0,0,0,0,101,0,0,0,0,0,0
2021-01-03T23:59:59+01:00,3,0,1,6,4,7,12,11,4,12,3,3,6,8,2,16,0,0,0,0,0,0,0,0,0,0,0,0,0,0,0,0,98,0,0,0,0,0,0
2021-01-02T23:59:59+01:00,3,0,1,6,4,7,11,11,4,12,3,3,6,8,2,16,0,0,0,0,0,0,0,0,0,0,0,0,0,0,0,0,97,0,0,0,0,0,0
2021-01-01T23:59:59+01:00,3,0,0,6,4,7,11,11,4,12,3,3,6,7,2,16,0,0,0,0,0,0,0,0,0,0,0,0,0,0,0,0,95,0,0,0,0,0,0
2020-12-31T23:59:59+01:00,3,0,0,6,4,7,10,11,4,12,3,3,6,7,2,16,0,0,0,0,0,0,0,0,0,0,0,0,0,0,0,0,94,0,0,0,0,0,0
2020-12-30T23:59:59+01:00,3,0,0,6,4,7,10,11,4,12,3,3,6,7,2,16,0,0,0,0,0,0,0,0,0,0,0,0,0,0,0,0,94,0,0,0,0,0,0
2020-12-29T23:59:59+01:00,3,0,0,6,4,7,10,11,4,12,3,3,6,7,2,16,0,0,0,0,0,0,0,0,0,0,0,0,0,0,0,0,94,0,0,0,0,0,0
2020-12-28T23:59:59+01:00,3,0,0,6,4,7,10,11,4,12,3,3,6,7,2,16,0,0,0,0,0,0,0,0,0,0,0,0,0,0,0,0,94,0,0,0,0,0,0
2020-12-27T23:59:59+01:00,1,0,0,0,0,0,0,0,0,0,0,0,1,3,0,7,0,0,0,0,0,0,0,0,0,0,0,0,0,0,0,0,12,0,0,0,0,0,0
