Datum,<15_1_m,<15_1_w,15-24_1_m,15-24_1_w,25-34_1_m,25-34_1_w,35-44_1_m,35-44_1_w,45-54_1_m,45-54_1_w,55-64_1_m,55-64_1_w,65-74_1_m,65-74_1_w,75-84_1_m,75-84_1_w,>84_1_m,>84_1_w,<15_2_m,<15_2_w,15-24_2_m,15-24_2_w,25-34_2_m,25-34_2_w,35-44_2_m,35-44_2_w,45-54_2_m,45-54_2_w,55-64_2_m,55-64_2_w,65-74_2_m,65-74_2_w,75-84_2_m,75-84_2_w,>84_2_m,>84_2_w,bp_1,bp_2,mo_1,mo_2,az_1,az_2,ja,unb_1,unb_2
2021-11-02T23:59:59+01:00,4338,4025,26763,25512,36056,33200,35569,35301,40762,40939,43974,43872,28510,31760,20297,25439,6365,10732,3617,3297,24009,23036,33183,30337,33253,32917,38480,38473,41841,41867,27542,30629,19632,24521,6099,10190,348315,325859,45935,44197,77567,71290,21540,62,37
2021-11-01T23:59:59+01:00,4297,3988,26674,25449,35941,33126,35492,35255,40691,40889,43936,43853,28503,31751,20293,25438,6364,10731,3599,3261,23964,22987,33128,30302,33219,32887,38443,38448,41815,41842,27532,30622,19626,24513,6098,10188,347629,325459,45909,44181,77567,71288,21509,62,37
2021-10-31T23:59:59+01:00,4297,3988,26670,25449,35939,33126,35492,35255,40690,40889,43935,43852,28502,31751,20293,25438,6364,10731,3599,3261,23964,22987,33128,30302,33219,32887,38442,38448,41814,41842,27532,30622,19626,24513,6098,10188,347621,325458,45908,44181,77567,71288,21508,62,37
2021-10-30T23:59:59+02:00,4294,3986,26659,25444,35925,33119,35486,35251,40681,40885,43927,43852,28501,31751,20293,25437,6364,10730,3599,3261,23960,22985,33125,30302,33219,32884,38441,38447,41813,41842,27532,30622,19626,24513,6098,10188,347545,325443,45908,44181,77567,71288,21508,62,37
2021-10-29T23:59:59+02:00,4270,3969,26540,25374,35781,33020,35390,35193,40598,40831,43889,43834,28498,31743,20292,25435,6364,10730,3588,3254,23913,22951,33076,30255,33182,32855,38408,38416,41789,41827,27527,30614,19622,24507,6097,10188,346806,325113,45852,44163,77567,71287,21469,62,37
2021-10-28T23:59:59+02:00,4237,3927,26371,25247,35584,32886,35245,35095,40505,40757,43830,43794,28486,31732,20284,25428,6363,10728,3560,3218,23826,22865,32993,30165,33121,32805,38359,38367,41742,41799,27516,30601,19615,24498,6093,10181,345735,324514,45777,44123,77567,71287,21363,62,37
2021-10-27T23:59:59+02:00,4211,3904,26331,25214,35540,32841,35204,35045,40469,40729,43806,43776,28483,31725,20282,25423,6358,10726,3545,3199,23779,22825,32946,30128,33097,32778,38348,38343,41731,41779,27508,30585,19607,24491,6092,10179,345315,324159,45767,44117,77567,71286,21361,62,37
2021-10-26T23:59:59+02:00,4168,3875,26194,25099,35398,32738,35113,34968,40400,40680,43765,43754,28472,31714,20277,25417,6356,10724,3517,3187,23714,22744,32870,30059,33051,32728,38295,38305,41692,41756,27500,30575,19602,24482,6091,10177,344466,323656,45739,44085,77567,71284,21283,62,37
2021-10-25T23:59:59+02:00,4159,3867,26180,25081,35365,32715,35086,34954,40386,40673,43761,43750,28471,31713,20276,25417,6356,10724,3512,3180,23710,22738,32852,30040,33048,32722,38288,38302,41691,41753,27499,30574,19602,24479,6091,10177,344313,323593,45730,44078,77567,71283,21267,62,37
2021-10-24T23:59:59+02:00,4148,3862,26157,25052,35332,32687,35056,34931,40373,40655,43749,43741,28470,31709,20275,25415,6356,10724,3503,3172,23696,22721,32842,30031,33036,32714,38279,38294,41683,41745,27493,30571,19602,24474,6091,10176,344080,323458,45722,44078,77566,71283,21267,62,37
2021-10-23T23:59:59+02:00,4148,3862,26155,25048,35327,32686,35052,34928,40370,40653,43747,43741,28470,31709,20275,25415,6356,10724,3503,3172,23696,22720,32841,30031,33034,32714,38278,38293,41683,41745,27493,30571,19602,24474,6091,10176,344054,323452,45722,44078,77566,71283,21267,62,37
2021-10-22T23:59:59+02:00,4127,3831,26059,24977,35218,32589,34959,34868,40294,40611,43706,43714,28464,31705,20272,25408,6356,10723,3465,3144,23637,22658,32778,29976,32982,32676,38241,38262,41650,41720,27487,30564,19598,24471,6090,10175,343343,322972,45688,44055,77566,71283,21227,62,37
2021-10-21T23:59:59+02:00,4061,3785,25954,24884,35093,32474,34859,34797,40223,40555,43644,43678,28452,31691,20267,25402,6356,10721,3279,2994,23493,22507,32683,29884,32910,32608,38181,38207,41599,41680,27469,30546,19583,24454,6086,10168,342443,321819,45662,44023,77565,71283,21169,62,37
2021-10-20T23:59:59+02:00,4052,3769,25923,24854,35043,32427,34825,34765,40201,40534,43625,43664,28447,31686,20265,25398,6351,10718,3246,2966,23453,22467,32642,29851,32882,32580,38155,38177,41578,41658,27454,30534,19573,24443,6083,10166,342111,321422,45657,44009,77565,71283,21157,62,37
2021-10-19T23:59:59+02:00,4034,3742,25852,24809,34989,32381,34786,34726,40167,40507,43605,43650,28442,31679,20258,25391,6346,10715,3143,2853,23334,22357,32563,29783,32842,32537,38128,38133,41547,41634,27439,30517,19564,24436,6076,10161,341696,320632,45633,43968,77565,71282,21128,62,37
2021-10-18T23:59:59+02:00,4025,3724,25812,24783,34959,32344,34768,34711,40150,40493,43595,43636,28435,31672,20248,25384,6345,10715,3114,2835,23287,22319,32531,29740,32818,32502,38102,38113,41527,41611,27432,30510,19557,24427,6073,10157,341436,320271,45626,43950,77565,71282,21115,62,37
2021-10-17T23:59:59+02:00,4018,3712,25797,24777,34946,32333,34759,34706,40147,40490,43590,43631,28432,31668,20248,25379,6344,10713,3027,2756,23248,22292,32520,29727,32812,32492,38098,38106,41526,41603,27432,30507,19556,24425,6071,10157,341328,319972,45626,43950,77565,71282,21114,62,37
2021-10-16T23:59:59+02:00,4018,3712,25797,24777,34946,32333,34758,34706,40146,40489,43590,43631,28431,31667,20248,25378,6344,10712,3026,2754,23247,22292,32520,29727,32812,32491,38097,38105,41526,41602,27431,30507,19556,24424,6070,10155,341322,319960,45626,43950,77565,71282,21113,62,37
2021-10-15T23:59:59+02:00,4008,3702,25759,24746,34915,32307,34734,34683,40127,40477,43579,43624,28427,31664,20245,25375,6342,10708,2996,2730,23186,22221,32463,29677,32781,32445,38068,38078,41507,41585,27423,30500,19553,24420,6070,10151,341087,319508,45610,43923,77564,71282,21104,62,37
2021-10-14T23:59:59+02:00,3988,3674,25686,24687,34857,32241,34691,34648,40095,40444,43549,43609,28419,31655,20239,25371,6339,10703,2952,2673,23103,22136,32400,29582,32730,32388,38010,38035,41468,41548,27406,30486,19545,24411,6067,10150,340620,318828,45589,43878,77564,71282,21065,62,37
2021-10-13T23:59:59+02:00,3974,3651,25655,24666,34831,32211,34671,34632,40080,40422,43531,43589,28411,31649,20234,25362,6333,10696,2931,2652,23070,22097,32374,29543,32719,32353,37991,38015,41452,41537,27399,30472,19538,24404,6067,10145,340331,318510,45586,43870,77564,71282,21060,62,37
2021-10-12T23:59:59+02:00,3957,3631,25606,24614,34772,32148,34639,34602,40051,40395,43511,43576,28398,31634,20230,25353,6327,10689,2903,2618,22982,22001,32275,29453,32675,32305,37934,37978,41427,41500,27375,30459,19531,24394,6064,10135,339906,317822,45569,43833,77564,71280,21037,62,37
2021-10-11T23:59:59+02:00,3949,3619,25581,24589,34757,32125,34611,34584,40040,40383,43500,43563,28388,31625,20223,25348,6323,10685,2882,2607,22951,21969,32232,29418,32650,32275,37917,37961,41406,41483,27369,30453,19525,24387,6062,10131,339689,317509,45556,43825,77564,71280,21027,62,37
2021-10-10T23:59:59+02:00,3946,3617,25576,24582,34748,32115,34605,34570,40033,40378,43492,43556,28387,31620,20218,25344,6323,10681,2874,2601,22941,21953,32220,29401,32645,32268,37906,37950,41400,41478,27363,30449,19524,24386,6062,10131,339589,317386,45554,43822,77564,71280,21027,62,37
2021-10-09T23:59:59+02:00,3945,3614,25575,24580,34747,32111,34603,34569,40030,40374,43490,43556,28385,31619,20217,25341,6322,10681,2874,2600,22941,21953,32220,29401,32643,32267,37905,37950,41399,41477,27363,30449,19523,24386,6062,10130,339557,317377,45554,43822,77564,71280,21027,62,37
2021-10-08T23:59:59+02:00,3910,3590,25507,24523,34687,32056,34570,34538,39997,40346,43456,43530,28375,31609,20205,25326,6314,10677,2847,2565,22843,21886,32171,29346,32606,32219,37877,37906,41374,41453,27351,30431,19517,24378,6058,10129,339051,316826,45536,43807,77564,71279,21008,62,37
2021-10-07T23:59:59+02:00,3886,3546,25431,24442,34617,31984,34522,34499,39958,40304,43424,43503,28365,31597,20189,25316,6307,10667,2789,2503,22716,21743,32100,29259,32554,32142,37830,37858,41331,41412,27331,30413,19501,24364,6051,10117,338460,315951,45509,43781,77564,71278,20967,62,37
2021-10-06T23:59:59+02:00,3872,3527,25395,24398,34577,31945,34496,34468,39940,40288,43405,43485,28358,31588,20176,25298,6303,10655,2774,2486,22683,21701,32069,29222,32532,32111,37814,37833,41312,41397,27321,30403,19491,24352,6049,10113,338087,315610,45506,43778,77564,71278,20960,62,37
2021-10-05T23:59:59+02:00,3850,3508,25338,24336,34506,31870,34456,34429,39920,40253,43367,43461,28348,31576,20155,25278,6298,10626,2737,2444,22607,21582,31976,29130,32477,32047,37771,37792,41282,41368,27305,30393,19481,24342,6039,10103,337571,314910,45484,43752,77562,71276,20901,62,37
2021-10-04T23:59:59+02:00,3827,3486,25290,24292,34461,31835,34421,34397,39893,40232,43347,43440,28340,31567,20147,25261,6289,10612,2722,2434,22562,21536,31947,29081,32448,32023,37751,37774,41256,41352,27294,30377,19472,24333,6035,10093,337162,314559,45473,43738,77562,71273,20883,62,37
2021-10-03T23:59:59+02:00,3818,3484,25276,24285,34452,31830,34415,34391,39888,40222,43341,43436,28336,31565,20144,25252,6288,10605,2717,2428,22548,21525,31939,29071,32434,32014,37744,37768,41248,41348,27292,30372,19468,24327,6030,10087,337057,314434,45472,43736,77562,71273,20880,62,37
2021-10-02T23:59:59+02:00,3818,3484,25276,24285,34451,31830,34415,34391,39887,40222,43341,43436,28336,31565,20144,25252,6288,10605,2716,2428,22548,21525,31939,29071,32434,32014,37744,37768,41248,41348,27292,30372,19468,24327,6030,10087,337055,314433,45472,43736,77562,71273,20880,62,37
2021-10-01T23:59:59+02:00,3799,3466,25227,24219,34386,31762,34353,34351,39852,40198,43311,43418,28333,31559,20142,25250,6286,10602,2673,2386,22448,21436,31887,29000,32384,31972,37706,37720,41223,41331,27285,30367,19464,24322,6029,10085,336619,313871,45447,43709,77561,71271,20830,62,37
2021-09-30T23:59:59+02:00,3767,3424,25127,24103,34283,31684,34282,34292,39785,40140,43259,43377,28319,31540,20131,25242,6283,10591,2611,2334,22327,21318,31805,28896,32324,31901,37656,37672,41183,41305,27256,30355,19461,24309,6027,10080,335859,313076,45405,43684,77556,71271,20752,62,37
2021-09-29T23:59:59+02:00,3749,3404,25099,24058,34253,31656,34256,34266,39766,40118,43238,43359,28310,31532,20126,25236,6277,10584,2604,2320,22299,21287,31782,28876,32304,31877,37639,37655,41167,41293,27250,30343,19456,24300,6026,10076,335534,312827,45401,43680,77556,71271,20739,62,37
2021-09-28T23:59:59+02:00,3722,3372,25012,23987,34173,31587,34208,34216,39721,40078,43203,43329,28294,31513,20118,25224,6273,10575,2583,2294,22205,21213,31716,28803,32257,31830,37605,37612,41142,41268,27229,30328,19454,24291,6023,10074,334977,312322,45367,43650,77556,71270,20648,62,37
2021-09-27T23:59:59+02:00,3699,3348,24971,23960,34136,31547,34185,34186,39701,40044,43183,43308,28286,31503,20110,25219,6269,10567,2564,2280,22169,21181,31684,28763,32231,31809,37583,37594,41122,41255,27220,30323,19451,24287,6022,10070,334640,312055,45358,43634,77555,71270,20612,62,37
2021-09-26T23:59:59+02:00,3546,3244,24914,23925,34126,31539,34178,34183,39695,40038,43177,43302,28285,31501,20108,25218,6268,10566,2553,2273,22153,21162,31680,28756,32227,31805,37575,37587,41117,41249,27217,30319,19448,24285,6021,10069,334236,311950,45358,43633,77555,71269,20607,62,37
2021-09-25T23:59:59+02:00,3545,3244,24913,23925,34126,31539,34178,34183,39693,40037,43176,43302,28285,31500,20108,25218,6268,10566,2553,2272,22151,21159,31680,28756,32225,31804,37572,37585,41117,41249,27217,30318,19448,24285,6021,10069,334230,311935,45358,43633,77554,71269,20607,62,37
2021-09-24T23:59:59+02:00,3521,3212,24831,23849,34014,31460,34110,34120,39636,39990,43142,43276,28271,31489,20105,25212,6267,10564,2517,2241,22065,21070,31586,28692,32180,31767,37516,37547,41097,41227,27205,30307,19445,24282,6020,10069,333704,311479,45325,43620,77553,71268,20430,62,36
2021-09-23T23:59:59+02:00,3350,3061,24693,23700,33924,31370,34033,34060,39578,39937,43084,43232,28254,31475,20097,25200,6264,10562,2467,2197,21951,20967,31518,28615,32128,31711,37480,37513,41062,41193,27191,30287,19438,24266,6019,10066,332662,310860,45297,43602,77553,71266,20305,62,36
2021-09-22T23:59:59+02:00,3327,3036,24657,23647,33892,31337,34010,34021,39550,39921,43061,43208,28245,31466,20093,25189,6264,10557,2452,2185,21923,20936,31481,28577,32110,31682,37458,37498,41039,41182,27181,30281,19435,24262,6019,10065,332316,310598,45288,43598,77551,71265,20269,62,36
2021-09-21T23:59:59+02:00,3200,2903,24460,23490,33749,31237,33945,33938,39481,39873,43040,43166,28226,31446,20084,25183,6256,10550,2388,2154,21786,20798,31371,28472,32033,31605,37404,37450,41007,41148,27170,30269,19427,24247,6016,10060,331258,309823,45249,43570,77551,71264,20112,62,36
2021-09-20T23:59:59+02:00,3176,2881,24414,23443,33701,31197,33915,33905,39450,39842,43016,43141,28221,31436,20080,25177,6256,10546,2381,2142,21748,20757,31326,28425,32010,31569,37374,37432,40993,41139,27159,30262,19418,24241,6014,10053,330892,309519,45233,43563,77551,71262,20064,62,35
2021-09-19T23:59:59+02:00,3172,2879,24404,23437,33693,31189,33907,33898,39445,39827,43007,43140,28220,31435,20080,25175,6256,10546,2377,2138,21741,20751,31322,28417,32006,31568,37367,37424,40985,41138,27159,30262,19417,24240,6014,10053,330815,309465,45233,43562,77550,71262,20055,62,35
2021-09-18T23:59:59+02:00,3172,2879,24404,23437,33693,31189,33907,33898,39445,39827,43007,43140,28220,31435,20080,25175,6256,10546,2377,2138,21741,20751,31322,28414,32004,31568,37367,37424,40985,41138,27159,30262,19417,24239,6014,10053,330815,309459,45233,43562,77550,71262,20055,62,35
2021-09-17T23:59:59+02:00,3145,2842,24299,23322,33588,31088,33831,33830,39375,39773,42972,43113,28206,31427,20078,25168,6254,10544,2330,2095,21661,20674,31250,28351,31941,31521,37327,37391,40965,41124,27151,30247,19415,24232,6014,10052,330164,309008,45191,43542,77549,71262,19894,61,35
2021-09-16T23:59:59+02:00,3095,2794,24186,23190,33493,30980,33763,33727,39329,39713,42919,43064,28180,31406,20062,25157,6251,10536,2290,2053,21556,20576,31167,28276,31874,31455,37304,37336,40932,41085,27140,30227,19408,24224,6012,10051,329346,308403,45153,43532,77549,71256,19740,61,35
2021-09-15T23:59:59+02:00,3072,2781,24145,23142,33462,30936,33748,33696,39299,39684,42901,43046,28170,31395,20056,25151,6250,10534,2277,2038,21519,20533,31135,28230,31848,31432,37272,37302,40909,41059,27126,30218,19401,24216,6012,10047,329014,308045,45140,43531,77548,71254,19709,61,35
2021-09-14T23:59:59+02:00,3032,2749,24037,22999,33319,30797,33663,33612,39242,39633,42850,42996,28152,31379,20047,25143,6246,10529,2258,2013,21435,20451,31045,28141,31783,31370,37223,37260,40865,41033,27116,30198,19392,24208,6010,10044,328202,307522,45105,43524,77547,71250,19514,61,35
2021-09-13T23:59:59+02:00,3014,2730,23986,22946,33273,30737,33630,33562,39217,39602,42819,42972,28146,31366,20042,25141,6244,10525,2243,1997,21383,20403,31000,28090,31753,31338,37200,37240,40851,41011,27110,30192,19388,24204,6009,10043,327820,307223,45089,43511,77547,71247,19439,61,35
2021-09-12T23:59:59+02:00,3010,2723,23982,22938,33267,30732,33621,33556,39212,39599,42816,42970,28144,31364,20041,25140,6244,10524,2240,1994,21367,20394,30991,28072,31734,31330,37194,37233,40845,41005,27105,30191,19386,24201,6009,10041,327752,307101,45089,43511,77546,71246,19439,61,35
2021-09-11T23:59:59+02:00,3008,2722,23980,22936,33265,30731,33619,33555,39212,39597,42815,42970,28141,31362,20041,25140,6244,10524,2239,1992,21363,20393,30990,28069,31734,31330,37194,37231,40844,41004,27103,30191,19386,24201,6009,10041,327732,307084,45089,43511,77546,71246,19438,61,35
2021-09-10T23:59:59+02:00,2966,2680,23848,22808,33136,30615,33517,33479,39137,39513,42767,42930,28125,31345,20036,25132,6243,10522,2202,1954,21248,20290,30878,27976,31645,31277,37129,37189,40798,40971,27095,30181,19380,24191,6007,10040,326991,306543,45069,43492,77546,71245,19136,61,35
2021-09-09T23:59:59+02:00,2916,2641,23667,22660,33025,30485,33417,33378,39065,39440,42726,42882,28097,31328,20027,25126,6241,10520,2148,1897,21127,20160,30786,27879,31570,31182,37066,37133,40750,40923,27071,30165,19371,24182,6003,10037,326091,305792,45045,43473,77544,71242,18908,57,35
2021-09-08T23:59:59+02:00,2895,2610,23626,22609,32995,30446,33401,33350,39045,39418,42711,42867,28091,31319,20024,25121,6240,10520,2137,1885,21093,20129,30755,27863,31555,31157,37048,37110,40739,40909,27064,30159,19366,24177,6002,10036,325775,305563,45039,43469,77543,71241,18878,57,33
2021-09-07T23:59:59+02:00,2842,2555,23477,22464,32876,30338,33326,33264,38989,39354,42666,42833,28073,31302,20020,25116,6239,10517,2082,1844,20958,19995,30638,27776,31480,31091,37000,37058,40701,40880,27047,30134,19360,24166,6001,10034,325022,304910,45014,43447,77542,71236,18619,57,33
2021-09-06T23:59:59+02:00,2819,2540,23445,22420,32845,30305,33305,33244,38967,39341,42650,42818,28070,31298,20018,25114,6238,10514,2058,1826,20916,19952,30607,27749,31459,31066,36981,37039,40687,40868,27039,30126,19358,24157,5998,10032,324755,304608,44998,43439,77541,71235,18603,57,33
2021-09-05T23:59:59+02:00,2808,2537,23439,22415,32843,30300,33303,33239,38964,39338,42646,42812,28068,31294,20016,25113,6237,10513,2054,1823,20904,19945,30597,27743,31456,31062,36978,37037,40683,40865,27034,30124,19356,24153,5997,10032,324692,304535,44997,43439,77541,71235,18601,57,33
2021-09-04T23:59:59+02:00,2808,2537,23436,22414,32842,30300,33303,33238,38964,39337,42645,42811,28068,31294,20016,25113,6237,10513,2052,1820,20902,19945,30597,27743,31455,31061,36978,37037,40682,40865,27034,30124,19356,24153,5997,10032,324686,304528,44997,43439,77541,71235,18598,57,33
2021-09-03T23:59:59+02:00,2785,2503,23359,22336,32768,30229,33263,33195,38920,39308,42615,42798,28060,31281,20015,25111,6235,10512,2036,1803,20853,19886,30548,27704,31421,31026,36950,37011,40653,40853,27026,30116,19354,24151,5996,10032,324187,304185,44969,43430,77539,71227,18544,57,33
2021-09-02T23:59:59+02:00,2754,2471,23253,22239,32708,30138,33204,33140,38882,39275,42576,42765,28040,31269,20011,25097,6233,10509,2013,1784,20779,19826,30489,27642,31383,30995,36910,36974,40620,40824,27016,30104,19351,24140,5996,10032,323581,303759,44939,43412,77538,71222,18452,57,33
2021-09-01T23:59:59+02:00,2732,2457,23229,22202,32678,30106,33182,33114,38855,39254,42563,42749,28032,31262,20006,25095,6233,10509,1995,1769,20738,19783,30456,27614,31356,30971,36891,36958,40602,40808,27006,30095,19350,24134,5996,10032,323326,303482,44928,43405,77537,71221,18413,57,33
2021-08-31T23:59:59+02:00,2687,2414,23106,22096,32597,30006,33128,33057,38810,39213,42537,42724,28021,31256,20000,25091,6232,10505,1971,1749,20652,19688,30384,27554,31307,30929,36851,36926,40573,40783,26997,30083,19344,24129,5996,10030,322749,303066,44898,43390,77536,71214,18243,57,33
2021-08-30T23:59:59+02:00,2665,2390,23054,22053,32557,29964,33102,33020,38781,39193,42518,42706,28016,31249,19993,25082,6231,10501,1924,1709,20528,19586,30289,27459,31246,30878,36818,36899,40552,40749,26981,30068,19343,24120,5996,10028,322407,302355,44883,43381,77536,71209,18195,57,33
2021-08-29T23:59:59+02:00,2634,2360,22966,21988,32494,29907,33059,32989,38735,39157,42488,42685,28007,31242,19990,25077,6231,10500,1898,1684,20424,19518,30220,27409,31211,30844,36777,36870,40527,40731,26968,30057,19342,24115,5996,10028,321951,301926,44867,43358,77534,71199,18103,57,33
2021-08-28T23:59:59+02:00,2628,2358,22966,21988,32490,29907,33058,32989,38732,39156,42487,42685,28006,31242,19990,25077,6231,10500,1898,1682,20423,19517,30214,27409,31211,30841,36774,36868,40527,40731,26968,30057,19342,24115,5996,10028,321938,301915,44867,43357,77534,71199,18097,57,33
2021-08-27T23:59:59+02:00,2628,2358,22961,21985,32483,29906,33056,32986,38730,39154,42483,42685,28005,31242,19990,25077,6230,10500,1897,1681,20417,19516,30206,27408,31209,30839,36771,36867,40525,40731,26968,30057,19342,24114,5996,10028,321919,301900,44867,43357,77534,71197,18085,57,33
2021-08-26T23:59:59+02:00,2545,2274,22773,21779,32350,29764,32937,32879,38642,39065,42418,42616,27980,31209,19977,25059,6229,10494,1811,1600,20148,19246,30066,27243,31067,30712,36662,36772,40440,40657,26926,30016,19323,24090,5990,10026,320698,300390,44847,43333,77533,71181,17858,57,33
2021-08-25T23:59:59+02:00,2539,2266,22753,21754,32339,29743,32923,32864,38630,39051,42407,42610,27975,31206,19970,25053,6226,10492,1800,1591,20100,19202,30030,27213,31046,30676,36637,36740,40421,40641,26913,30003,19320,24082,5989,10025,320511,300027,44847,43333,77533,71180,17856,57,33
2021-08-24T23:59:59+02:00,2521,2255,22714,21712,32313,29698,32904,32832,38620,39031,42388,42596,27969,31195,19965,25045,6225,10491,1790,1582,20062,19160,29997,27172,31026,30641,36623,36719,40401,40623,26907,29993,19316,24079,5989,10021,320224,299739,44837,43328,77533,71175,17826,57,33
2021-08-23T23:59:59+02:00,2502,2223,22646,21639,32243,29641,32868,32801,38581,39000,42358,42583,27953,31186,19962,25034,6225,10489,1746,1538,19938,19039,29878,27093,30961,30594,36574,36675,40359,40594,26895,29978,19310,24069,5989,10015,319783,299001,44826,43304,77531,71167,17740,57,33
2021-08-22T23:59:59+02:00,2493,2214,22610,21607,32224,29623,32852,32793,38564,38984,42353,42574,27949,31181,19957,25034,6225,10488,1736,1525,19899,19001,29842,27060,30930,30558,36553,36659,40340,40572,26887,29974,19307,24066,5989,10013,319613,298711,44820,43301,77530,71158,17708,57,33
2021-08-21T23:59:59+02:00,2474,2201,22555,21557,32184,29585,32829,32769,38550,38961,42336,42564,27942,31173,19955,25031,6225,10487,1706,1501,19798,18903,29770,27001,30896,30514,36518,36617,40316,40551,26876,29965,19302,24062,5987,10013,319367,298203,44807,43286,77528,71152,17622,57,33
2021-08-20T23:59:59+02:00,2436,2159,22468,21450,32107,29502,32767,32721,38499,38921,42294,42536,27935,31159,19951,25016,6224,10483,1659,1464,19624,18776,29643,26898,30821,30455,36455,36571,40270,40513,26861,29946,19293,24053,5986,10009,318782,297387,44784,43260,77525,71134,17483,57,33
2021-08-19T23:59:59+02:00,2346,2091,22308,21312,31969,29377,32676,32637,38397,38841,42224,42482,27909,31126,19944,25004,6219,10474,1603,1414,19365,18569,29429,26749,30700,30346,36336,36475,40168,40428,26833,29916,19282,24037,5982,10004,317844,296114,44763,43230,77525,71109,17150,57,33
2021-08-18T23:59:59+02:00,2336,2082,22282,21290,31947,29356,32654,32614,38369,38823,42211,42467,27894,31116,19938,24999,6219,10472,1580,1396,19310,18510,29389,26715,30674,30315,36308,36454,40144,40397,26816,29905,19278,24025,5977,10000,317584,295680,44763,43230,77525,71107,17143,57,33
2021-08-17T23:59:59+02:00,2319,2066,22257,21262,31931,29326,32628,32589,38356,38811,42187,42448,27888,31103,19932,24994,6219,10472,1567,1385,19267,18461,29357,26676,30629,30288,36280,36419,40116,40373,26794,29890,19271,24008,5973,9996,317337,295278,44763,43227,77525,71103,17109,57,33
2021-08-16T23:59:59+02:00,2280,2049,22190,21219,31890,29281,32603,32568,38332,38790,42155,42431,27879,31096,19930,24984,6219,10471,1543,1360,19058,18316,29211,26561,30552,30199,36233,36365,40078,40331,26774,29874,19264,23989,5967,9994,316987,294274,44763,43221,77523,71101,17040,57,33
2021-08-15T23:59:59+02:00,2253,2026,22136,21162,31842,29240,32579,32535,38304,38771,42134,42417,27872,31091,19924,24977,6218,10471,1521,1344,18939,18198,29054,26433,30472,30117,36167,36314,40023,40274,26755,29850,19254,23980,5964,9993,316651,293351,44754,43204,77522,71093,16971,57,33
2021-08-14T23:59:59+02:00,2247,2023,22110,21146,31830,29224,32575,32529,38296,38766,42128,42414,27871,31090,19923,24976,6218,10470,1491,1316,18826,18104,28991,26369,30432,30069,36142,36283,40002,40259,26748,29844,19251,23979,5963,9990,316562,292805,44751,43185,77522,71089,16947,57,33
2021-08-13T23:59:59+02:00,2230,2012,22064,21108,31793,29200,32538,32501,38281,38752,42118,42404,27869,31085,19920,24973,6217,10470,1416,1251,18571,17844,28814,26208,30316,29978,36090,36215,39957,40223,26732,29832,19246,23970,5960,9986,316327,291440,44746,43169,77520,71079,16888,57,33
2021-08-12T23:59:59+02:00,2194,1974,21975,21013,31722,29123,32482,32451,38234,38709,42081,42370,27853,31066,19913,24963,6215,10470,1323,1191,18269,17530,28563,25981,30173,29848,35996,36122,39881,40155,26696,29785,19226,23947,5958,9983,315752,289694,44735,43118,77517,71032,16750,57,33
2021-08-11T23:59:59+02:00,2192,1969,21955,20997,31704,29102,32467,32435,38226,38700,42070,42353,27844,31063,19910,24959,6214,10466,1315,1178,18213,17475,28527,25936,30126,29810,35976,36084,39845,40122,26684,29758,19219,23937,5958,9981,315571,289218,44735,43115,77517,71029,16749,57,33
2021-08-10T23:59:59+02:00,2183,1948,21928,20960,31666,29080,32451,32415,38199,38673,42052,42344,27838,31055,19909,24956,6213,10462,1281,1144,17699,17021,28351,25780,30032,29720,35807,35961,39795,40078,26660,29735,19212,23921,5954,9980,315323,287521,44730,43086,77515,70779,16712,55,33
2021-08-09T23:59:59+02:00,2159,1934,21878,20908,31608,29033,32416,32385,38174,38653,42038,42320,27827,31046,19908,24947,6212,10460,1238,1104,17230,16568,28219,25674,29976,29665,35760,35916,39763,40043,26651,29721,19207,23915,5954,9978,314945,286046,44724,43066,77515,70767,16670,55,33
2021-08-08T23:59:59+02:00,2143,1916,21824,20863,31564,28996,32382,32359,38150,38645,42016,42299,27820,31042,19902,24943,6212,10457,1173,1042,16885,16226,28108,25590,29919,29592,35712,35878,39741,40017,26639,29708,19198,23906,5952,9973,314628,284806,44723,43045,77514,70759,16616,55,33
2021-08-07T23:59:59+02:00,2099,1873,21688,20781,31482,28928,32308,32298,38093,38596,41983,42270,27811,31015,19897,24934,6210,10455,1027,917,16376,15773,27802,25300,29691,29405,35535,35720,39600,39905,26583,29644,19179,23877,5949,9969,313999,282154,44690,42924,77508,70669,16472,55,33
2021-08-06T23:59:59+02:00,2089,1863,21637,20742,31439,28895,32276,32279,38067,38576,41971,42254,27807,31006,19893,24934,6210,10455,908,809,15350,14795,26655,24402,29400,29173,35288,35520,39284,39665,26541,29597,19169,23867,5948,9966,313768,277157,44686,42902,77508,69866,16379,55,33
2021-08-05T23:59:59+02:00,2050,1834,21531,20655,31382,28817,32215,32220,38007,38525,41926,42216,27790,30987,19885,24921,6208,10452,809,703,14458,14049,25634,23618,28684,28656,34756,35085,38966,39419,26474,29517,19137,23833,5945,9956,313209,272258,44663,42851,77507,68367,16190,55,33
2021-08-04T23:59:59+02:00,2030,1815,21459,20604,31337,28749,32181,32178,37971,38503,41890,42187,27777,30971,19880,24908,6206,10448,731,657,14088,13707,25228,23314,28472,28429,34613,34960,38868,39325,26435,29472,19115,23810,5940,9951,312759,269815,44656,42821,77507,68326,16120,55,33
2021-08-03T23:59:59+02:00,2021,1799,21432,20578,31320,28736,32168,32168,37961,38489,41874,42174,27768,30965,19875,24901,6205,10446,711,643,14004,13616,25150,23238,28404,28372,34565,34912,38816,39286,26409,29445,19103,23798,5937,9945,312554,269087,44652,42817,77505,68300,16117,55,33
2021-08-02T23:59:59+02:00,2011,1778,21387,20540,31274,28714,32141,32137,37935,38474,41861,42159,27759,30953,19875,24893,6204,10442,680,613,13801,13406,24445,22688,28121,28149,34418,34800,38738,39223,26382,29413,19095,23794,5937,9943,312264,266670,44649,42803,77505,68073,16067,55,33
2021-08-01T23:59:59+02:00,1991,1761,21335,20493,31225,28674,32114,32118,37916,38455,41840,42142,27753,30946,19872,24885,6204,10442,642,585,13632,13246,24145,22432,27882,27931,34328,34692,38670,39151,26366,29394,19089,23788,5937,9941,311960,264970,44643,42791,77504,68050,16007,55,33
2021-07-31T23:59:59+02:00,1966,1731,21255,20416,31154,28635,32059,32078,37881,38426,41816,42121,27749,30937,19867,24881,6204,10442,370,355,12688,12223,23627,21990,27537,27574,34016,34397,38237,38807,26295,29309,19063,23743,5932,9935,311539,259939,44631,42755,77502,67478,15893,55,33
2021-07-30T23:59:59+02:00,1941,1711,21230,20394,31122,28615,32044,32057,37875,38419,41808,42113,27744,30934,19866,24881,6203,10442,362,348,12601,12150,23303,21699,27260,27362,33797,34232,38075,38672,26271,29291,19062,23735,5932,9933,311348,258519,44630,42747,77502,66920,15866,55,33
2021-07-29T23:59:59+02:00,1872,1642,20998,20155,30981,28467,31940,31945,37782,38329,41713,42053,27716,30909,19853,24862,6196,10433,296,288,11972,11615,22174,20860,26219,26523,32813,33538,37691,38381,26188,29190,19033,23688,5926,9924,310131,252901,44601,42657,77494,65161,15567,55,33
2021-07-28T23:59:59+02:00,1852,1627,20958,20102,30961,28437,31924,31924,37760,38310,41690,42032,27705,30897,19848,24852,6196,10431,252,237,11691,11311,21766,20478,25788,26096,32647,33382,37579,38290,26151,29139,19014,23665,5925,9919,309809,249978,44601,42657,77482,65100,15562,54,33
2021-07-27T23:59:59+02:00,1842,1621,20919,20059,30937,28404,31889,31908,37739,38276,41666,42019,27698,30890,19847,24847,6196,10428,213,214,11444,11094,21563,20288,25643,25976,32534,33275,37490,38207,26120,29101,19004,23653,5922,9915,309572,248495,44601,42622,77481,65028,15479,54,32
2021-07-26T23:59:59+02:00,1816,1585,20793,19929,30829,28304,31830,31845,37684,38207,41623,41988,27672,30872,19836,24833,6190,10425,178,187,11149,10771,21059,19845,25393,25767,32372,33125,37358,38119,26084,29067,18991,23630,5921,9907,308808,246204,44570,42508,77474,64822,15357,54,32
2021-07-25T23:59:59+02:00,1809,1577,20770,19917,30819,28294,31818,31830,37676,38201,41613,41978,27668,30869,19835,24831,6190,10424,167,174,11043,10664,20907,19739,25160,25573,32132,32915,37212,37984,26065,29053,18985,23622,5920,9904,308690,244939,44561,42493,77466,64405,15350,54,32
2021-07-24T23:59:59+02:00,1789,1562,20688,19843,30774,28254,31783,31794,37647,38172,41591,41966,27661,30863,19832,24829,6190,10424,161,169,10980,10609,20831,19677,25088,25512,32079,32884,37182,37963,26059,29048,18983,23620,5920,9904,308339,244570,44550,42470,77462,64338,15259,54,32
2021-07-23T23:59:59+02:00,1734,1527,20495,19697,30615,28139,31697,31720,37580,38120,41552,41923,27650,30846,19827,24823,6189,10419,149,158,10721,10402,20474,19376,24282,24865,31595,32552,36613,37506,26016,29006,18967,23602,5919,9902,307507,241696,44541,42424,77445,62946,15007,54,32
2021-07-22T23:59:59+02:00,1670,1470,20186,19423,30371,27960,31567,31607,37450,38014,41455,41840,27623,30822,19816,24799,6185,10418,112,131,10258,10024,19729,18862,23327,24193,30885,31963,35578,36744,25904,28908,18933,23569,5917,9898,306030,238083,44506,41759,77440,60414,14647,54,32
2021-07-21T23:59:59+02:00,1655,1462,20148,19371,30341,27929,31543,31584,37430,37989,41434,41816,27614,30814,19811,24793,6180,10414,94,110,9948,9692,19270,18411,22454,23426,30550,31630,35342,36546,25822,28811,18902,23516,5909,9888,305701,235341,44497,40068,77438,60242,14639,54,31
2021-07-20T23:59:59+02:00,1648,1456,20114,19344,30310,27905,31518,31564,37414,37971,41422,41803,27599,30799,19811,24786,6180,10411,83,99,9680,9412,18939,18144,22181,23142,30372,31473,35177,36402,25776,28763,18886,23480,5908,9884,305442,232942,44495,40060,77437,60140,14628,54,31
2021-07-19T23:59:59+02:00,1637,1448,20000,19258,30226,27833,31459,31507,37395,37952,41407,41785,27594,30788,19805,24779,6179,10408,78,93,9483,9215,18627,17869,21720,22721,30118,31242,35059,36299,25742,28724,18868,23464,5908,9881,304863,231314,44489,39121,77435,60025,14620,54,31
2021-07-18T23:59:59+02:00,1626,1442,19931,19190,30098,27735,31395,31441,37336,37900,41363,41733,27573,30757,19796,24764,6175,10405,72,85,9372,9099,18457,17718,21528,22532,29949,31043,34945,36198,25710,28701,18857,23446,5908,9875,304076,230054,44489,38817,77432,59983,14610,54,31
2021-07-17T23:59:59+02:00,1625,1438,19924,19188,30098,27734,31395,31437,37331,37898,41359,41731,27572,30756,19795,24764,6175,10405,72,81,9351,9084,18426,17696,21509,22519,29939,31036,34927,36194,25707,28699,18857,23445,5908,9875,304045,229902,44489,38814,77432,59972,14606,54,31
2021-07-16T23:59:59+02:00,1572,1393,19651,18948,29978,27638,31313,31368,37276,37835,41318,41699,27554,30739,19788,24754,6173,10399,71,79,9233,8970,18045,17391,21206,22245,29549,30679,34791,36088,25683,28675,18850,23432,5906,9873,303068,228625,44466,38091,77431,59642,14378,54,30
2021-07-15T23:59:59+02:00,1514,1349,19394,18701,29805,27491,31202,31268,37192,37752,41248,41632,27511,30710,19772,24741,6169,10396,62,67,8868,8666,17140,16569,19653,21017,28628,29757,34167,35508,25515,28494,18794,23382,5900,9861,301791,222513,44426,36630,77423,58721,14154,54,30
2021-07-14T23:59:59+02:00,1500,1336,19364,18665,29779,27465,31178,31236,37180,37738,41229,41625,27503,30703,19763,24734,6168,10393,54,62,8578,8368,16591,15968,19159,20497,28063,29256,33776,35134,25402,28365,18754,23315,5895,9850,301509,218342,44425,36271,77421,58293,14151,54,30
2021-07-13T23:59:59+02:00,1489,1325,19326,18641,29762,27440,31154,31220,37165,37711,41205,41597,27494,30689,19761,24729,6167,10387,36,56,8270,8109,16195,15620,18882,20218,27799,29005,33506,34875,25303,28244,18721,23274,5893,9845,301223,215644,44424,36234,77420,57801,14142,54,30
2021-07-12T23:59:59+02:00,1473,1315,19278,18623,29727,27411,31137,31199,37153,37694,41189,41584,27490,30685,19759,24723,6166,10387,35,51,8010,7897,15915,15341,18182,19668,27482,28684,33094,34513,25135,28047,18662,23200,5887,9840,300963,214355,44423,34303,77420,56821,14134,54,30
2021-07-11T23:59:59+02:00,1463,1307,19246,18592,29700,27379,31120,31168,37145,37673,41175,41572,27481,30676,19757,24723,6165,10386,33,50,7965,7851,15850,15272,18092,19614,27398,28621,32979,34450,25080,28002,18642,23178,5887,9837,300710,213778,44420,34292,77418,56574,14127,54,30
2021-07-10T23:59:59+02:00,1334,1191,18742,18171,29249,27077,30835,30934,36898,37512,40971,41422,27407,30616,19731,24691,6162,10383,32,50,7837,7781,15562,15134,17873,19463,27154,28479,32812,34334,25014,27956,18626,23165,5886,9837,298493,213357,44284,34169,77389,56332,13107,54,30
2021-07-09T23:59:59+02:00,1323,1185,18714,18140,29229,27060,30822,30921,36887,37500,40960,41413,27403,30612,19729,24687,6162,10382,29,48,7795,7736,15492,15067,17808,19369,26933,28249,32562,34121,24950,27893,18604,23139,5886,9834,298347,213073,44265,34165,77388,55171,13076,54,30
2021-07-08T23:59:59+02:00,1245,1103,18446,17925,29077,26908,30684,30800,36784,37397,40861,41335,27369,30578,19710,24667,6157,10376,24,44,7628,7600,15194,14820,17377,19009,26241,27645,32287,33853,24781,27736,18545,23077,5883,9826,297072,211936,44208,32743,77380,54152,12709,54,30
2021-07-07T23:59:59+02:00,1146,1011,18135,17601,28876,26723,30554,30675,36672,37275,40754,41248,27335,30529,19696,24651,6154,10373,21,36,7432,7388,14753,14454,16909,18564,25487,27032,31878,33471,24513,27410,18451,22984,5874,9817,295497,209015,44157,31906,77370,53192,12331,54,30
2021-07-06T23:59:59+02:00,1123,994,18057,17533,28831,26673,30504,30628,36636,37240,40719,41217,27318,30503,19685,24637,6152,10370,14,30,7216,7158,14407,14092,16557,18214,24734,26385,31577,33207,24323,27196,18403,22913,5867,9810,294919,206948,44153,30499,77367,52298,12328,54,30
2021-07-05T23:59:59+02:00,1081,966,17981,17470,28787,26614,30464,30593,36611,37195,40691,41191,27312,30489,19679,24631,6152,10365,4,17,6987,6972,14102,13822,16206,17851,24176,25874,31004,32640,24043,26898,18295,22773,5859,9800,294428,205453,44151,28398,77363,51165,12277,54,30
2021-07-04T23:59:59+02:00,1059,950,17909,17420,28749,26591,30441,30564,36602,37186,40676,41179,27306,30478,19674,24628,6152,10364,4,17,6962,6953,14049,13769,16129,17791,24092,25817,30850,32548,23950,26809,18263,22732,5857,9796,294111,205058,44151,28388,77352,50651,12261,54,30
2021-07-03T23:59:59+02:00,645,580,16172,15704,27588,25673,29647,29843,35958,36573,40174,40748,27148,30311,19608,24540,6143,10347,4,17,6574,6714,13538,13471,15732,17487,23729,25538,30543,32352,23853,26713,18230,22692,5853,9792,286596,204761,44112,28311,77269,50358,9372,54,30
2021-07-02T23:59:59+02:00,606,541,16042,15559,27431,25524,29566,29784,35928,36544,40155,40735,27142,30302,19605,24537,6143,10347,4,17,6527,6640,13464,13375,15645,17356,23585,25353,30389,32187,23661,26502,18141,22614,5851,9789,285693,204077,44112,28152,77268,49476,9365,54,30
2021-07-01T23:59:59+02:00,548,493,15862,15404,27217,25369,29489,29704,35874,36493,40090,40689,27121,30283,19594,24524,6141,10343,4,16,6380,6508,13117,13102,15116,16917,22314,24363,29629,31502,23380,26213,18022,22479,5844,9773,284501,200534,44108,26475,77255,48321,9321,54,28
2021-06-30T23:59:59+02:00,518,473,15757,15297,27107,25282,29421,29631,35817,36441,40048,40654,27105,30252,19583,24507,6137,10343,3,14,6185,6327,12685,12715,14546,16369,21690,23764,29033,30971,22962,25746,17891,22296,5837,9761,283675,196270,44105,26450,77248,46755,9292,54,28
2021-06-29T23:59:59+02:00,462,422,15008,14629,26843,25063,29323,29532,35737,36358,39979,40605,27086,30227,19575,24494,6137,10341,3,12,6072,6199,12426,12453,14150,15975,20900,23139,28447,30417,22514,25222,17738,22121,5829,9751,281183,193120,44101,25940,77239,45035,9245,54,28
2021-06-28T23:59:59+02:00,426,391,14384,13994,26684,24959,29251,29466,35677,36292,39936,40571,27068,30207,19567,24483,6137,10337,2,12,6004,6103,12248,12313,13963,15799,20275,22590,28047,30043,22178,24865,17609,21958,5824,9746,279254,191439,44098,25276,77234,43645,9191,54,28
2021-06-27T23:59:59+02:00,349,324,14040,13621,26621,24901,29212,29430,35655,36270,39918,40557,27057,30200,19564,24479,6136,10336,2,12,5966,6059,12132,12197,13818,15670,19722,22113,27436,29542,21901,24526,17488,21834,5820,9745,278142,190600,44094,23749,77224,42449,9157,54,28
2021-06-26T23:59:59+02:00,348,323,14029,13609,26606,24890,29207,29423,35648,36269,39915,40556,27056,30199,19564,24479,6136,10336,2,12,5961,6057,12122,12195,13812,15667,19709,22101,27391,29507,21754,24396,17448,21778,5819,9743,278069,190577,44091,23745,77224,41968,9156,54,28
2021-06-25T23:59:59+02:00,224,210,12771,12394,25150,23738,28908,29190,35543,36184,39847,40494,27032,30171,19553,24467,6134,10334,2,12,5918,6012,12023,12114,13668,15546,19398,21861,27005,29148,21431,24001,17270,21581,5816,9734,271850,189349,44087,23460,77204,40553,9150,54,28
2021-06-24T23:59:59+02:00,159,156,11796,11563,24035,22859,28544,28836,35392,36018,39731,40388,26993,30122,19542,24443,6132,10330,2,11,5701,5783,11567,11699,13087,14954,17858,20462,25352,27552,20656,23142,16951,21174,5806,9724,266606,184362,44065,19836,77199,38139,9116,54,28
2021-06-23T23:59:59+02:00,123,130,11431,11242,23539,22490,28295,28592,35215,35891,39641,40300,26962,30095,19533,24405,6130,10318,2,11,5627,5672,11355,11484,12787,14604,17464,20052,24601,26782,19861,22392,16758,20920,5798,9708,263993,182008,44055,19217,77194,35588,9037,54,28
2021-06-22T23:59:59+02:00,102,117,11250,11033,23378,22350,28215,28519,35139,35830,39594,40255,26947,30070,19525,24396,6130,10317,1,9,5518,5551,11088,11224,12421,14235,16860,19451,23867,26013,19481,21967,16595,20741,5791,9692,262851,178968,44051,18344,77192,34145,9020,54,28
2021-06-21T23:59:59+02:00,90,105,10999,10849,22546,21684,27963,28291,35071,35767,39531,40212,26930,30051,19519,24386,6130,10316,1,8,5400,5451,10869,11008,12113,13913,16470,19106,23416,25545,19189,21652,16491,20621,5785,9690,260264,177504,44040,17330,77185,32968,8898,54,28
2021-06-20T23:59:59+02:00,84,104,10934,10758,22297,21470,27704,28090,34991,35690,39486,40167,26918,30035,19517,24381,6128,10313,1,7,5359,5399,10781,10907,12018,13810,16273,18921,23146,25305,19088,21545,16438,20563,5779,9686,258974,177191,44039,16268,77179,32718,8821,54,28
2021-06-19T23:59:59+02:00,83,100,10911,10735,22265,21447,27686,28077,34979,35686,39477,40163,26917,30034,19517,24379,6128,10313,1,7,5327,5368,10699,10815,11926,13690,16125,18770,22838,24943,19000,21458,16426,20550,5778,9686,258824,177083,44019,14770,77179,32705,8821,54,28
2021-06-18T23:59:59+02:00,80,98,10863,10684,21952,21121,27427,27858,34925,35649,39444,40140,26908,30025,19516,24376,6128,10311,1,7,5311,5359,10670,10784,11886,13642,16063,18707,22754,24847,18834,21276,16381,20484,5777,9681,257437,176688,44015,14769,77178,32158,8821,54,28
2021-06-17T23:59:59+02:00,71,90,10284,10254,20675,20163,26565,27123,34554,35324,39184,39949,26844,29943,19495,24339,6121,10306,1,7,5115,5219,10293,10531,11440,13240,15382,18096,21384,23524,18375,20785,16217,20312,5773,9667,251654,171375,43995,14195,77165,31347,8416,54,28
2021-06-16T23:59:59+02:00,63,78,9950,9945,19991,19531,25931,26521,34302,35121,39023,39799,26798,29890,19471,24314,6120,10302,1,7,4973,5074,9906,10197,10980,12789,14678,17406,20532,22585,17971,20338,16046,20098,5763,9655,247816,167593,43979,12924,77151,30305,8150,54,27
2021-06-15T23:59:59+02:00,48,72,9707,9700,19692,19286,25704,26323,34170,35013,38927,39718,26766,29854,19464,24299,6115,10298,1,7,4868,4957,9669,9982,10745,12529,14253,16978,19930,22006,17646,19946,15824,19866,5754,9643,246036,165495,43969,11834,77144,29296,7953,54,26
2021-06-14T23:59:59+02:00,44,67,9574,9573,19395,19026,25527,26179,34050,34933,38863,39678,26748,29834,19458,24288,6115,10295,1,7,4787,4893,9481,9843,10570,12393,13990,16762,19613,21711,17480,19788,15722,19732,5753,9639,244832,164031,43967,11832,77140,28622,7654,54,26
2021-06-13T23:59:59+02:00,43,63,9412,9445,19106,18843,25172,25927,33851,34765,38755,39611,26732,29822,19448,24280,6115,10291,0,7,4702,4824,9272,9670,10401,12217,13665,16415,19264,21380,17351,19638,15675,19667,5751,9637,243188,163165,43966,11831,77135,27176,7338,54,26
2021-06-12T23:59:59+02:00,43,63,9402,9427,19094,18830,25172,25922,33851,34762,38752,39610,26732,29822,19448,24280,6115,10291,0,7,4699,4810,9261,9608,10368,12115,13616,16261,19209,21244,17242,19512,15558,19565,5749,9635,243139,163136,43966,11829,77130,26141,7327,54,26
2021-06-11T23:59:59+02:00,38,59,9243,9247,18859,18620,24369,25249,33673,34606,38617,39497,26699,29788,19437,24256,6115,10286,0,7,4621,4700,9040,9349,10108,11817,13094,15709,18232,20344,17056,19314,15518,19521,5746,9632,240218,159105,43964,11828,77125,25552,7297,54,26
2021-06-10T23:59:59+02:00,36,55,8847,8918,18214,18124,23521,24577,33354,34325,38414,39332,26640,29735,19413,24228,6112,10279,0,7,4446,4523,8467,8855,9300,11094,11946,14604,16227,18421,16166,18346,15232,19154,5737,9610,236601,149403,43310,11795,77099,23849,7062,52,26
2021-06-09T23:59:59+02:00,19,37,8395,8416,17384,17402,22373,23534,32867,33856,38126,39111,26532,29630,19365,24169,6102,10266,0,7,4309,4406,8177,8594,9054,10840,11611,14235,15743,17872,15791,17915,14990,18869,5730,9600,232600,147565,41421,11754,77058,21930,6468,37,26
2021-06-08T23:59:59+02:00,11,25,8077,8096,16914,16991,21950,23168,32621,33661,37963,38981,26488,29589,19355,24147,6099,10261,0,7,4191,4325,7923,8343,8748,10495,11249,13888,15100,17167,15327,17392,14728,18590,5725,9582,229872,145852,41390,10637,77048,20215,6050,37,26
2021-06-07T23:59:59+02:00,8,21,7879,7866,16556,16668,21411,22709,32339,33391,37846,38863,26458,29541,19335,24118,6094,10260,0,7,4115,4245,7741,8199,8589,10349,11077,13715,14785,16839,15127,17135,14554,18397,5721,9577,228247,144762,40419,10544,77028,19208,5632,37,26
2021-06-06T23:59:59+02:00,6,18,7772,7758,16422,16521,21217,22503,32112,33165,37710,38757,26431,29516,19323,24101,6094,10254,0,7,4087,4208,7693,8080,8535,10218,10968,13568,14588,16618,14941,16955,14465,18276,5714,9571,227013,144270,40120,10531,77010,18165,5500,37,26
2021-06-05T23:59:59+02:00,6,18,7749,7745,16398,16497,21209,22500,32101,33158,37708,38756,26430,29516,19322,24100,6094,10254,0,7,4076,4167,7678,8014,8521,10086,10954,13396,14569,16513,14906,16900,14456,18266,5714,9570,226909,144185,40120,10531,77009,17565,5486,37,26
2021-06-04T23:59:59+02:00,6,16,7638,7643,16120,16258,20935,22250,31678,32783,37593,38634,26397,29477,19311,24087,6092,10252,0,7,4069,4157,7650,7991,8494,10055,10887,13323,14464,16380,14823,16807,14419,18222,5714,9568,225311,143845,39345,10201,76991,17472,5486,37,26
2021-06-03T23:59:59+02:00,4,16,7383,7411,15243,15469,19302,20860,30765,31857,37087,38172,26265,29341,19266,24035,6086,10234,0,7,4009,4118,7562,7920,8371,9958,10714,13140,13892,15806,14558,16490,14333,18114,5711,9555,218680,141615,37764,10081,76979,17200,5336,37,26
2021-06-02T23:59:59+02:00,4,16,7248,7266,14867,15044,18871,20455,30298,31401,36859,37909,26201,29277,19246,24006,6083,10232,0,7,3980,4088,7500,7834,8283,9863,10573,13009,13443,15374,14433,16307,14303,18076,5708,9550,215603,139819,37333,9987,76978,17167,5332,37,26
2021-06-01T23:59:59+02:00,4,13,6972,7027,14470,14734,18527,20138,29970,31089,36634,37676,26145,29198,19222,23977,6081,10221,0,7,3879,4004,7259,7659,8049,9670,10309,12733,13034,14950,13998,15852,14187,17921,5701,9542,212861,137679,37286,9733,76958,16360,4956,37,26
2021-05-31T23:59:59+02:00,4,13,6811,6839,14247,14500,17825,19536,29628,30747,36342,37412,26052,29100,19195,23924,6071,10209,0,7,3802,3895,7049,7412,7825,9387,9965,12349,12595,14429,13469,15237,13986,17690,5692,9526,211419,134491,35249,9412,76943,15579,4807,37,26
2021-05-30T23:59:59+02:00,4,13,6788,6823,14200,14460,17747,19477,29578,30708,36310,37386,26040,29088,19192,23917,6070,10207,0,7,3758,3823,6890,7198,7678,9151,9757,12028,12339,14075,13348,15066,13921,17607,5689,9519,211119,133753,35236,9311,76885,14033,4731,37,26
2021-05-29T23:59:59+02:00,4,13,6787,6822,14190,14454,17742,19471,29573,30704,36307,37385,26038,29085,19192,23916,6070,10207,0,7,3747,3811,6860,7164,7644,9100,9721,11981,12265,13976,13306,14997,13891,17582,5688,9514,211087,133611,35236,9310,76870,13577,4730,37,26
2021-05-28T23:59:59+02:00,4,13,6777,6809,14173,14442,17726,19450,29559,30691,36296,37365,26035,29080,19190,23912,6070,10207,0,6,3733,3788,6839,7124,7609,9045,9668,11876,12021,13707,13116,14806,13861,17541,5685,9511,210932,132315,35235,9309,76867,13558,4728,37,26
2021-05-27T23:59:59+02:00,4,13,6687,6726,13903,14224,17238,19104,28878,30148,36135,37232,25985,29044,19175,23896,6069,10201,0,6,3610,3625,6551,6872,7233,8736,9170,11318,11311,12810,12563,14235,13730,17347,5677,9499,209840,128789,33790,8978,76826,12331,4169,37,26
2021-05-26T23:59:59+02:00,4,13,6617,6620,13694,14022,16983,18793,28334,29633,35959,37058,25944,28994,19158,23866,6068,10194,0,6,3519,3483,6328,6583,6943,8309,8828,10840,10658,12007,11998,13620,13583,17131,5672,9477,208228,125167,33039,8794,76811,11160,3840,36,24
2021-05-25T23:59:59+02:00,4,13,6536,6524,13488,13801,16719,18581,27609,28985,35866,36961,25920,28963,19146,23850,6063,10193,0,6,3470,3391,6185,6415,6795,8118,8601,10549,10310,11641,11654,13142,13477,16969,5669,9469,207509,123319,31582,8656,76328,10094,3768,35,24
2021-05-24T23:59:59+02:00,4,13,6466,6428,13310,13602,16496,18301,27193,28555,35520,36560,25863,28895,19127,23826,6062,10191,0,6,3457,3370,6125,6334,6750,8034,8541,10454,10237,11543,11479,12909,13429,16877,5661,9448,206978,122690,29349,8608,76321,9603,3729,35,24
2021-05-23T23:59:59+02:00,4,13,6464,6427,13305,13593,16493,18291,27174,28545,35490,36526,25860,28888,19127,23820,6062,10191,0,3,3452,3366,6119,6323,6740,8027,8513,10423,10197,11484,11396,12806,13409,16844,5661,9447,206863,122676,29332,8192,76320,9595,3723,35,24
2021-05-22T23:59:59+02:00,4,13,6457,6424,13297,13581,16487,18286,27170,28543,35487,36520,25860,28888,19127,23820,6062,10191,0,3,3450,3366,6115,6320,6738,8023,8509,10421,10192,11481,11385,12792,13404,16840,5660,9447,206809,122636,29332,8192,76318,9571,3723,35,24
2021-05-21T23:59:59+02:00,4,13,6395,6367,13144,13476,16313,18137,26901,28364,35057,36254,25834,28850,19119,23814,6061,10187,0,3,3441,3356,6082,6299,6708,7989,8469,10372,10138,11432,10865,12078,13263,16680,5657,9442,206121,120873,29207,8189,75276,9537,3651,35,24
2021-05-20T23:59:59+02:00,3,12,6102,6167,12533,13061,15122,17215,24989,26864,34102,35486,25729,28706,19064,23733,6055,10172,0,3,3382,3310,5985,6183,6592,7832,8320,10207,9898,11124,10525,11621,13150,16496,5647,9428,201354,118860,27464,8106,72740,9190,3523,34,24
2021-05-19T23:59:59+02:00,3,12,5895,5925,12022,12600,14418,16509,24040,26046,33474,34882,25612,28614,19029,23673,6047,10160,0,3,3306,3235,5826,6012,6403,7587,8045,9926,9594,10743,10212,11205,13071,16351,5645,9420,195642,116940,27422,7910,72724,8571,3139,34,24
2021-05-18T23:59:59+02:00,3,11,5724,5814,11623,12282,13796,16008,22885,25098,32807,34274,25496,28479,18981,23621,6042,10150,0,3,3264,3203,5709,5901,6236,7427,7839,9711,9395,10503,10036,10953,12924,16126,5635,9411,190694,115771,26910,7841,72680,7864,2776,34,24
2021-05-17T23:59:59+02:00,3,10,5671,5771,11460,12176,13522,15787,22067,24460,32496,33958,25418,28419,18959,23591,6033,10141,0,3,3147,3129,5519,5717,6062,7212,7631,9483,9170,10258,9944,10829,12866,16062,5632,9406,188923,115010,26208,7833,72285,6711,2492,34,24
2021-05-16T23:59:59+02:00,3,10,5642,5751,11397,12119,13437,15707,21452,23910,31883,33430,25378,28375,18949,23576,6032,10141,0,3,3141,3107,5505,5648,6034,7152,7603,9384,9139,10174,9928,10809,12863,16059,5632,9406,188157,114898,24663,7827,71859,6360,2479,34,23
2021-05-15T23:59:59+02:00,3,10,5633,5742,11365,12110,13408,15698,21376,23839,31343,33056,25367,28370,18948,23573,6031,10140,0,3,3128,3092,5486,5606,6020,7077,7563,9269,8901,9920,9895,10778,12829,16008,5632,9405,188106,114893,24650,7689,71213,5998,2009,34,23
2021-05-14T23:59:59+02:00,3,10,5594,5716,11302,12071,13335,15634,20965,23526,30911,32709,25332,28324,18936,23557,6031,10138,0,3,3095,3052,5449,5518,5999,6941,7522,9067,8840,9725,9822,10668,12743,15879,5632,9402,187382,114722,24329,7354,70341,5250,2008,34,23
2021-05-13T23:59:59+02:00,3,10,5439,5561,10920,11774,12621,15047,18777,21780,29365,31241,25105,28081,18868,23485,6029,10135,0,3,3084,3017,5427,5479,5983,6884,7496,8997,8796,9665,9605,10424,12540,15573,5627,9391,183426,114363,20535,6528,68253,5084,1993,34,23
2021-05-12T23:59:59+02:00,2,10,5409,5534,10850,11716,12520,14959,18654,21656,29002,30877,25011,27984,18851,23456,6028,10130,0,3,3083,3013,5421,5473,5973,6871,7471,8982,8757,9611,9416,10191,12307,15248,5624,9384,182476,114079,19897,5656,68250,5079,1992,34,22
2021-05-11T23:59:59+02:00,2,10,5271,5428,10600,11463,12153,14591,18043,21016,28070,29905,24819,27794,18791,23380,6023,10116,0,3,3040,2972,5331,5318,5873,6685,7341,8739,8593,9389,9234,9993,12155,15059,5615,9365,178387,113023,19002,5548,68119,4179,1933,34,22
2021-05-10T23:59:59+02:00,2,9,5146,5353,10384,11272,11893,14335,17717,20683,27647,29496,24711,27686,18752,23333,6015,10112,0,3,2970,2918,5214,5202,5758,6581,7217,8598,8464,9282,9130,9869,12065,14930,5612,9356,176378,112491,18318,5536,67891,3195,1925,34,22
2021-05-09T23:59:59+02:00,2,9,5071,5308,10286,11157,11793,14216,17375,20398,27256,29119,24624,27599,18723,23297,6012,10109,0,3,2902,2887,5068,5160,5581,6538,7049,8569,8334,9246,9118,9859,12047,14910,5612,9356,175984,112415,17037,5526,67390,2367,1909,34,22
2021-05-08T23:59:59+02:00,2,9,5069,5307,10284,11152,11793,14216,17371,20396,27253,29117,24624,27599,18723,23297,6012,10109,0,3,2901,2886,5066,5160,5581,6538,7049,8569,8331,9246,9117,9858,12047,14910,5612,9356,175967,112412,17037,5526,67387,2362,1908,34,22
2021-05-07T23:59:59+02:00,2,9,5036,5281,10216,11100,11663,14092,16970,20123,26617,28560,24575,27548,18706,23265,6006,10079,0,3,2889,2879,5051,5151,5570,6522,7037,8558,8323,9235,9111,9850,12036,14890,5605,9328,175133,112397,17034,5520,65865,2317,1782,34,22
2021-05-06T23:59:59+02:00,1,9,4766,5122,9760,10757,11097,13574,15880,19099,24207,26264,24075,27018,18601,23163,6001,10065,0,3,2845,2831,4984,5074,5529,6431,6954,8440,8194,9083,9010,9736,12012,14839,5602,9325,170094,111856,14585,5464,62977,1779,1771,32,22
2021-05-05T23:59:59+02:00,1,9,4687,5040,9465,10528,10756,13249,15300,18498,23360,25297,23815,26692,18533,23058,5991,10047,0,2,2826,2794,4936,4989,5470,6311,6872,8276,8069,8867,8902,9604,11934,14752,5601,9316,166429,110910,13268,5458,62827,1361,1770,32,22
2021-05-04T23:59:59+02:00,1,9,4603,4948,9292,10330,10544,13007,14911,18102,22811,24731,23603,26420,18461,22978,5983,10033,0,2,2818,2759,4907,4913,5437,6190,6819,8137,7973,8712,8798,9491,11859,14693,5599,9313,164177,110408,12143,5446,62663,792,1752,32,22
2021-05-03T23:59:59+02:00,1,9,4532,4872,9103,10194,10370,12831,14629,17857,22400,24317,23464,26270,18434,22930,5983,10027,0,2,2745,2688,4825,4841,5363,6104,6724,8032,7791,8547,8712,9404,11820,14644,5596,9308,162665,110185,12142,5443,62570,682,814,32,22
2021-05-02T23:59:59+02:00,1,9,4519,4857,9027,10138,10247,12721,14304,17550,22098,24030,23414,26211,18415,22905,5982,10026,0,2,2739,2681,4766,4809,5275,6021,6588,7902,7672,8445,8666,9362,11796,14610,5594,9303,161779,110065,12139,5441,62466,665,38,32,22
2021-05-01T23:59:59+02:00,1,9,4519,4854,9025,10136,10246,12721,14300,17546,22096,24030,23413,26210,18415,22905,5982,10026,0,2,2739,2681,4766,4809,5275,6021,6587,7902,7672,8445,8666,9362,11796,14610,5594,9303,161759,110065,12139,5440,62466,665,38,32,22
2021-04-30T23:59:59+02:00,0,9,4447,4768,8786,9921,9985,12480,13818,17120,21254,23256,23288,26073,18399,22874,5979,10023,0,2,2735,2679,4755,4801,5266,5987,6576,7871,7639,8406,8662,9359,11795,14607,5592,9302,158168,110037,12138,5438,62138,533,4,32,22
2021-04-29T23:59:59+02:00,0,9,4301,4623,8309,9510,9284,11877,12818,16218,19401,21569,22580,25309,18260,22663,5973,10006,0,2,2712,2659,4713,4730,5223,5913,6513,7765,7557,8290,8552,9244,11729,14532,5585,9293,148965,109540,12123,5174,61587,272,4,31,22
2021-04-28T23:59:59+02:00,0,9,4270,4604,8238,9437,9208,11790,12699,16097,19184,21356,22491,25218,18233,22622,5971,10001,0,2,2709,2647,4688,4669,5195,5869,6483,7691,7509,8208,8535,9219,11712,14509,5583,9287,148581,109346,12035,5100,60778,45,3,31,21
2021-04-27T23:59:59+02:00,0,9,4232,4557,8101,9302,9093,11640,12552,15929,18733,20861,22260,24961,18168,22544,5968,9992,0,2,2706,2643,4686,4665,5185,5861,6470,7672,7474,8170,8474,9140,11630,14427,5579,9283,147852,109084,10961,4927,60055,37,3,31,16
2021-04-26T23:59:59+02:00,0,9,4191,4530,7994,9206,8946,11534,12379,15755,18321,20496,22126,24814,18132,22512,5967,9990,0,2,2706,2641,4682,4661,5180,5853,6457,7652,7441,8142,8426,9092,11574,14348,5575,9266,147075,108979,10826,4669,58968,32,2,31,16
2021-04-25T23:59:59+02:00,0,9,4177,4515,7957,9175,8883,11471,12244,15626,17978,20162,21926,24577,18092,22457,5963,9985,0,2,2706,2641,4681,4659,5177,5849,6452,7649,7439,8138,8370,9033,11551,14320,5575,9264,145693,108956,10815,4501,58656,31,2,31,16
2021-04-24T23:59:59+02:00,0,9,4169,4506,7941,9170,8868,11461,12196,15595,17920,20124,21911,24564,18090,22452,5963,9985,0,2,2705,2641,4681,4659,5177,5849,6452,7649,7439,8138,8370,9032,11551,14320,5575,9264,145594,108956,10814,4501,58483,30,2,31,15
2021-04-23T23:59:59+02:00,0,9,4149,4476,7884,9107,8783,11359,11858,15269,17485,19726,21696,24331,18025,22375,5961,9977,0,2,2702,2639,4678,4656,5171,5841,6438,7640,7416,8107,8349,9005,11542,14311,5573,9261,144326,108944,10467,4341,57644,29,2,31,15
2021-04-22T23:59:59+02:00,0,9,4101,4412,7753,8919,8599,11101,11531,14851,16571,18740,21124,23620,17890,22195,5951,9959,0,2,2694,2633,4672,4634,5149,5815,6396,7606,7347,8061,8221,8847,11399,14160,5568,9252,140599,108327,10337,4091,56358,21,2,30,15
2021-04-21T23:59:59+02:00,0,9,4059,4368,7653,8797,8442,10940,11234,14570,15833,17983,20743,23173,17815,22090,5946,9946,0,2,2685,2622,4654,4613,5132,5794,6384,7588,7318,8038,8172,8785,11359,14120,5566,9250,137669,108040,10207,4007,55695,19,2,28,14
2021-04-20T23:59:59+02:00,0,9,4034,4343,7619,8743,8365,10860,11071,14396,15399,17508,20278,22655,17711,21939,5938,9934,0,2,2676,2613,4644,4600,5108,5775,6356,7564,7278,7998,8078,8653,11283,14033,5562,9246,135519,107468,9942,3967,55311,18,2,28,14
2021-04-19T23:59:59+02:00,0,9,4004,4294,7556,8638,8273,10721,10913,14213,15146,17213,19798,22090,17544,21722,5927,9922,0,2,2671,2612,4640,4596,5094,5760,6337,7547,7251,7953,8025,8600,11256,13987,5560,9242,133450,107135,9589,3964,54916,18,2,26,14
2021-04-18T23:59:59+02:00,0,6,3984,4266,7497,8586,8169,10595,10654,13970,14654,16675,19367,21579,17421,21537,5923,9915,0,2,2670,2612,4640,4596,5094,5760,6336,7544,7248,7952,8021,8597,11254,13983,5559,9239,131029,107112,9518,3962,54223,17,2,26,14
2021-04-17T23:59:59+02:00,0,6,3981,4258,7477,8579,8158,10577,10613,13924,14542,16587,19247,21457,17399,21509,5922,9913,0,2,2670,2612,4639,4594,5087,5755,6322,7539,7223,7929,7975,8551,11235,13960,5557,9239,130592,107100,9508,3756,54021,17,2,26,14
2021-04-16T23:59:59+02:00,0,6,3970,4214,7404,8457,8055,10422,10420,13662,13872,15825,18681,20815,17274,21334,5911,9895,0,2,2667,2609,4634,4587,5082,5742,6304,7528,7185,7894,7665,8160,11141,13819,5550,9222,127750,106296,9447,3463,52993,17,1,26,14
2021-04-15T23:59:59+02:00,0,5,3926,4162,7290,8325,7878,10187,10085,13272,13146,14966,17872,19953,17033,21012,5896,9875,0,2,2666,2601,4622,4570,5068,5709,6271,7492,7113,7821,7106,7494,11012,13657,5546,9212,124109,104619,9287,3313,51460,15,1,26,14
2021-04-14T23:59:59+02:00,0,4,3899,4130,7224,8220,7771,10036,9908,13073,12728,14520,17345,19340,16881,20803,5890,9861,0,2,2632,2582,4604,4538,5040,5662,6236,7459,7055,7761,6458,6726,10747,13358,5542,9204,122719,102266,9050,3312,49837,13,1,26,14
2021-04-13T23:59:59+02:00,0,4,3895,4124,7186,8203,7714,10001,9800,13020,12355,14227,16655,18487,16643,20499,5886,9855,0,2,2606,2553,4585,4512,5012,5627,6178,7389,6967,7657,6246,6471,10158,12674,5533,9183,122013,100024,8828,3301,47686,13,1,26,14
2021-04-12T23:59:59+02:00,0,4,3882,4106,7132,8156,7656,9931,9692,12919,12108,14012,16216,17971,16455,20285,5881,9852,0,2,2577,2542,4518,4469,4906,5557,6060,7312,6849,7557,5499,5649,9706,12135,5493,9141,121678,96652,8791,3292,45763,13,1,25,14
2021-04-11T23:59:59+02:00,0,4,3867,4098,7090,8105,7597,9888,9601,12842,11870,13803,15647,17281,16179,19944,5876,9842,0,2,2501,2463,4389,4348,4755,5424,5898,7160,6700,7452,5197,5288,9574,11973,5493,9137,121085,94486,8360,3241,44063,12,1,25,14
2021-04-10T23:59:59+02:00,0,4,3849,4078,7051,8058,7554,9831,9540,12783,11779,13718,15429,17088,16130,19875,5875,9835,0,2,1941,1900,3578,3628,3884,4660,4896,6244,5845,6664,4925,4983,9445,11821,5486,9128,120620,85762,8360,3241,43471,12,1,25,14
2021-04-09T23:59:59+02:00,0,4,3828,4058,7014,8028,7493,9775,9389,12654,11452,13437,14243,15553,15685,19343,5862,9823,0,2,1084,1081,2219,2433,2377,3292,3110,4600,4218,5199,4234,4247,9193,11462,5461,9098,118719,70046,8358,3238,40539,12,0,25,14
2021-04-08T23:59:59+02:00,0,4,3802,4042,6952,7974,7389,9681,9201,12537,11048,13085,13108,14289,15267,18813,5840,9787,0,2,586,593,1297,1729,1475,2366,2009,3511,2842,3809,2987,2845,8371,10458,5303,8861,117455,55784,8275,3235,37064,11,0,25,14
2021-04-07T23:59:59+02:00,0,4,3755,4016,6874,7918,7297,9610,9073,12408,10738,12778,12378,13519,15047,18549,5834,9765,0,2,357,377,947,1383,1069,1980,1500,3049,1894,2804,1802,1556,7463,9309,5147,8602,116490,45984,8122,3235,34927,8,0,24,14
2021-04-06T23:59:59+02:00,0,4,3739,4004,6853,7880,7241,9543,8980,12329,10526,12561,11992,13022,14827,18255,5823,9752,0,2,350,364,937,1372,1055,1959,1472,3021,1835,2745,1723,1487,7045,8749,4994,8363,115217,44218,8023,3234,34069,7,0,22,14
2021-04-05T23:59:59+02:00,0,4,3733,4003,6842,7867,7227,9532,8961,12301,10462,12503,11881,12875,14728,18162,5821,9749,0,2,348,358,927,1368,1049,1951,1462,3000,1813,2711,1670,1434,6815,8441,4869,8177,114878,43141,8001,3233,33750,7,0,22,14
2021-04-04T23:59:59+02:00,0,4,3733,4003,6840,7861,7226,9531,8958,12301,10452,12498,11877,12871,14725,18161,5821,9749,0,2,348,357,925,1368,1048,1949,1461,2999,1811,2708,1667,1429,6808,8428,4864,8174,114872,43093,8000,3232,33717,7,0,22,14
2021-04-03T23:59:59+02:00,0,4,3733,4003,6840,7860,7225,9531,8958,12301,10451,12498,11877,12870,14723,18159,5821,9749,0,2,348,356,923,1364,1046,1948,1460,2994,1809,2708,1661,1417,6765,8346,4829,8138,114868,42862,8000,3232,33713,6,0,22,14
2021-04-02T23:59:59+02:00,0,4,3731,4001,6837,7857,7219,9525,8945,12294,10435,12482,11750,12755,14680,18100,5818,9740,0,2,346,354,921,1358,1040,1937,1445,2969,1768,2670,1566,1331,5998,7448,4388,7568,114742,40179,7994,2910,33415,6,0,22,14
2021-04-01T23:59:59+02:00,0,3,3692,3989,6803,7836,7177,9495,8893,12255,10362,12411,11404,12347,14299,17581,5812,9720,0,2,341,351,905,1343,1028,1916,1413,2924,1708,2605,1442,1234,5050,6327,3820,6726,114341,36210,6579,2905,33137,6,0,22,14
2021-03-31T23:59:59+02:00,0,3,3686,3984,6789,7816,7159,9477,8858,12222,10272,12339,11068,11939,13948,17081,5806,9698,0,2,338,347,897,1333,1017,1900,1393,2896,1658,2568,1376,1181,4457,5638,3457,6248,113757,33854,5568,2832,32798,6,0,22,14
2021-03-30T23:59:59+02:00,0,3,3668,3960,6753,7778,7102,9410,8768,12119,10110,12184,10809,11662,13727,16816,5799,9684,0,2,334,340,892,1322,1009,1894,1370,2889,1630,2542,1349,1155,4338,5516,3395,6153,112944,33477,5318,2633,32070,6,0,20,14
2021-03-29T23:59:59+02:00,0,3,3658,3938,6727,7756,7062,9357,8672,12024,9927,11975,10370,11193,13355,16347,5783,9651,0,2,329,337,888,1311,1003,1886,1361,2878,1616,2533,1327,1141,4203,5372,3298,6020,111269,32859,5010,2627,31499,5,0,20,14
2021-03-28T23:59:59+02:00,0,3,3617,3882,6612,7598,6945,9213,8546,11831,9773,11784,10162,10931,13179,16165,5779,9642,0,2,329,337,888,1309,1001,1885,1360,2878,1615,2531,1318,1138,4170,5329,3272,5994,110898,32814,4743,2524,30002,4,0,19,14
2021-03-27T23:59:59+01:00,0,3,3616,3870,6600,7534,6915,9100,8496,11661,9721,11630,10049,10807,13084,16076,5778,9642,0,2,329,336,888,1309,1001,1882,1360,2876,1611,2530,1316,1136,4144,5294,3259,5979,110888,32711,4743,2523,28932,4,0,19,14
2021-03-26T23:59:59+01:00,0,3,3609,3863,6572,7497,6887,9025,8448,11548,9630,11502,10000,10743,13036,16020,5770,9621,0,2,324,334,887,1306,997,1870,1357,2855,1591,2516,1291,1120,3957,5065,3150,5825,110828,31947,4519,2482,28408,4,0,19,14
2021-03-25T23:59:59+01:00,0,3,3585,3832,6479,7372,6795,8859,8259,11317,9320,11184,9620,10358,12730,15704,5765,9610,0,2,324,333,885,1298,994,1860,1344,2842,1568,2497,1266,1100,3718,4815,2897,5485,110450,30729,4306,2482,26017,3,0,19,14
2021-03-24T23:59:59+01:00,0,3,3527,3781,6389,7188,6671,8633,8094,11080,9093,10859,9204,9868,12312,15245,5754,9599,0,2,324,332,884,1294,989,1858,1337,2838,1552,2481,1257,1090,3651,4741,2713,5259,109933,30106,4168,2482,23180,0,0,19,14
2021-03-23T23:59:59+01:00,0,3,3508,3748,6342,7134,6594,8574,7976,10952,8845,10626,8783,9400,11861,14723,5744,9585,0,2,324,332,883,1284,984,1849,1332,2829,1548,2474,1232,1065,3559,4664,2516,4936,109116,29317,4076,2482,21187,0,0,19,14
2021-03-22T23:59:59+01:00,0,3,3500,3728,6300,7106,6559,8526,7910,10877,8697,10490,8502,9049,11559,14400,5709,9546,0,2,322,327,877,1274,976,1842,1325,2818,1538,2464,1220,1056,3530,4628,2497,4903,108449,29103,4074,2482,19919,0,0,19,14
2021-03-21T23:59:59+01:00,0,3,3498,3726,6296,7096,6541,8510,7893,10858,8641,10432,8382,8932,11490,14297,5706,9543,0,2,320,326,869,1271,969,1835,1316,2816,1533,2460,1216,1053,3521,4613,2482,4893,108363,28999,4072,2482,19390,0,0,19,14
2021-03-20T23:59:59+01:00,0,3,3490,3688,6288,7024,6524,8373,7868,10674,8597,10297,8304,8846,11452,14258,5706,9543,0,2,320,326,869,1271,969,1834,1315,2816,1533,2458,1216,1053,3521,4612,2482,4892,108329,28994,3861,2481,18726,0,0,19,14
2021-03-19T23:59:59+01:00,0,3,3477,3658,6260,6938,6500,8280,7822,10557,8484,10137,7762,8239,11265,14015,5697,9525,0,2,317,325,864,1264,952,1825,1293,2785,1483,2414,1134,985,2849,3817,2063,4311,106709,26188,3560,2481,18331,0,0,19,14
2021-03-18T23:59:59+01:00,0,3,3466,3640,6219,6898,6466,8218,7758,10471,8368,10009,6801,7136,10985,13714,5685,9500,0,2,316,325,860,1259,946,1815,1278,2777,1459,2394,1095,965,2641,3576,1906,4088,103680,25207,3399,2481,18239,0,0,19,14
2021-03-17T23:59:59+01:00,0,3,3428,3603,6149,6815,6411,8113,7667,10340,8237,9851,6115,6286,10701,13400,5668,9473,0,2,315,325,852,1253,941,1803,1264,2755,1440,2367,1058,940,2512,3444,1825,3971,100878,24574,3398,2481,17965,0,0,19,12
2021-03-16T23:59:59+01:00,0,3,3409,3572,6111,6762,6367,8039,7613,10274,8146,9749,5938,6109,9991,12585,5627,9409,0,2,308,314,838,1236,929,1794,1258,2735,1428,2359,1043,920,2297,3195,1688,3773,98602,23626,3385,2479,17698,0,0,19,12
2021-03-15T23:59:59+01:00,0,3,3372,3540,6012,6681,6237,7946,7469,10154,8018,9622,5185,5275,9544,12035,5583,9339,0,2,307,313,834,1232,927,1787,1256,2722,1419,2350,1030,908,2152,3021,1596,3678,95077,23044,3376,2478,17543,0,0,19,12
2021-03-14T23:59:59+01:00,0,3,3248,3399,5733,6337,5965,7588,7154,9738,7732,9305,4853,4884,9383,11836,5579,9324,0,2,307,312,834,1232,926,1787,1254,2721,1417,2347,1028,905,2149,3018,1593,3677,92683,23022,3321,2475,16038,0,0,19,12
2021-03-13T23:59:59+01:00,0,3,2593,2745,4800,5470,4954,6664,5966,8625,6719,8358,4538,4501,8997,11312,5487,9216,0,2,307,311,833,1230,926,1781,1252,2719,1416,2347,1028,904,2125,2981,1562,3641,82026,22878,3321,2475,15582,0,0,19,12
2021-03-12T23:59:59+01:00,0,2,1771,1935,3465,4317,3447,5335,4220,6986,5081,6850,3864,3795,7740,9762,4972,8526,0,2,303,308,831,1226,920,1775,1245,2699,1391,2330,983,877,1768,2515,1288,3279,63181,21253,3318,2475,15550,0,0,19,12
2021-03-11T23:59:59+01:00,0,2,1275,1458,2561,3581,2548,4399,3128,5896,3723,5465,2689,2519,6034,7655,4197,7346,0,2,298,299,815,1218,907,1752,1227,2670,1366,2283,946,857,1609,2280,1161,3089,45890,20292,3316,2475,15251,0,0,19,12
2021-03-10T23:59:59+01:00,0,2,1054,1243,2194,3221,2174,4008,2678,5455,2811,4498,1552,1314,4671,5933,3630,6578,0,2,288,289,797,1198,885,1716,1193,2596,1327,2217,919,838,1427,2089,1064,2913,34831,19380,3316,2366,14851,0,0,18,12
2021-03-09T23:59:59+01:00,0,2,1038,1213,2131,3084,2110,3893,2594,5322,2727,4372,1518,1283,4594,5860,3588,6519,0,2,284,282,783,1177,868,1690,1167,2555,1309,2189,905,826,1350,1964,992,2797,34419,18806,3313,2322,14098,0,0,18,12
2021-03-08T23:59:59+01:00,0,2,1017,1184,2073,2984,2071,3812,2534,5210,2672,4299,1480,1262,4448,5698,3486,6376,0,2,284,278,778,1169,866,1681,1159,2547,1301,2173,880,805,1179,1738,866,2626,33724,18002,3313,2318,13553,0,0,18,12
2021-03-07T23:59:59+01:00,0,2,1012,1165,2033,2938,2029,3771,2495,5145,2631,4262,1475,1259,4441,5690,3483,6376,0,2,284,278,778,1169,866,1681,1159,2547,1300,2173,877,805,1170,1729,857,2615,33690,18001,3307,2277,13192,0,0,18,12
2021-03-06T23:59:59+01:00,0,2,1011,1162,2022,2924,2017,3752,2479,5118,2614,4241,1462,1249,4407,5644,3469,6364,0,2,284,278,778,1169,866,1680,1159,2547,1300,2173,877,805,1170,1729,857,2614,33546,18000,3306,2276,13067,0,0,18,12
2021-03-05T23:59:59+01:00,0,2,1007,1157,2006,2904,1987,3729,2436,5066,2562,4203,1426,1222,4137,5318,3317,6144,0,2,283,275,771,1162,860,1672,1156,2538,1296,2163,863,801,1162,1720,856,2612,32803,17904,2972,2276,12830,0,0,18,12
2021-03-04T23:59:59+01:00,0,2,914,1009,1917,2778,1921,3592,2360,4912,2472,4043,1395,1200,3894,5056,3050,5791,0,2,283,273,769,1157,857,1663,1155,2523,1292,2154,831,785,1149,1710,849,2599,31542,17786,2968,2253,11778,0,0,18,12
2021-03-03T23:59:59+01:00,0,2,867,900,1850,2680,1850,3488,2291,4797,2398,3959,1382,1186,3784,4949,2827,5516,0,2,282,271,768,1146,854,1645,1149,2481,1282,2128,814,781,1141,1690,841,2591,30863,17757,2849,2097,10996,0,0,18,12
2021-03-02T23:59:59+01:00,0,2,823,824,1754,2557,1766,3364,2200,4673,2338,3881,1347,1164,3654,4814,2618,5165,0,2,282,270,767,1140,850,1642,1144,2476,1278,2118,812,779,1126,1669,830,2572,30127,17649,2659,2096,10140,0,0,18,12
2021-03-01T23:59:59+01:00,0,2,800,788,1654,2415,1695,3219,2101,4501,2258,3760,1329,1152,3603,4749,2574,5105,0,2,282,268,763,1136,847,1630,1140,2464,1273,2108,805,776,1121,1657,822,2565,29874,17551,2575,2096,9238,0,0,18,12
2021-02-28T23:59:59+01:00,0,2,794,765,1636,2348,1667,3147,2078,4402,2243,3693,1323,1146,3593,4734,2559,5094,0,2,281,267,763,1135,847,1625,1139,2462,1273,2103,801,774,1113,1644,818,2555,29765,17528,2573,2062,8868,0,0,18,12
2021-02-27T23:59:59+01:00,0,2,779,748,1615,2288,1650,3036,2059,4276,2222,3599,1320,1143,3593,4732,2558,5093,0,2,281,267,763,1135,847,1625,1139,2462,1273,2102,801,774,1103,1638,801,2541,29760,17527,2572,2015,8363,0,0,18,12
2021-02-26T23:59:59+01:00,0,2,651,668,1511,2175,1599,2878,1996,4040,2121,3363,1228,1073,2937,3935,2123,4501,0,2,281,266,762,1133,846,1624,1139,2460,1271,2099,800,770,1085,1625,791,2524,26939,17453,2572,2013,7272,0,0,18,12
2021-02-25T23:59:59+01:00,0,2,503,591,1395,2071,1532,2750,1937,3913,2021,3250,1177,1038,2703,3662,1956,4257,0,2,264,251,738,1112,804,1555,1089,2360,1197,2007,744,749,1052,1587,779,2496,25859,17362,2544,1412,6337,0,0,18,12
2021-02-24T23:59:59+01:00,0,2,473,561,1325,1961,1462,2607,1867,3763,1945,3100,1140,1009,2563,3527,1877,4136,0,2,235,239,713,1066,777,1493,1059,2297,1142,1956,717,726,1005,1557,766,2465,25216,17171,2532,1032,5552,0,0,18,12
2021-02-23T23:59:59+01:00,0,2,418,521,1242,1821,1387,2462,1791,3552,1877,2978,1114,974,2356,3296,1749,3943,0,2,230,234,698,1041,765,1454,1037,2250,1116,1915,708,715,996,1543,763,2461,24276,17081,2523,835,4666,0,0,18,12
2021-02-22T23:59:59+01:00,0,2,405,487,1142,1712,1284,2365,1682,3445,1796,2907,1092,961,2212,3122,1657,3844,0,2,220,225,674,989,734,1392,1011,2156,1074,1833,664,682,926,1463,724,2402,23684,16890,2520,269,3893,0,0,18,12
2021-02-21T23:59:59+01:00,0,2,388,471,1040,1680,1134,2341,1527,3423,1691,2889,1084,959,2211,3121,1657,3844,0,2,193,219,643,981,723,1384,997,2151,1068,1831,661,679,923,1457,716,2394,23654,16756,2520,254,3270,0,0,18,12
2021-02-20T23:59:59+01:00,0,2,387,469,1039,1680,1133,2341,1526,3421,1691,2887,1084,958,2210,3121,1656,3843,0,2,192,217,640,981,720,1383,991,2148,1066,1831,661,679,923,1457,716,2393,23648,16734,2519,254,3263,0,0,18,12
2021-02-19T23:59:59+01:00,0,2,382,460,1027,1676,1123,2331,1514,3402,1658,2872,1033,929,1836,2614,1354,3450,0,2,169,207,614,977,702,1375,974,2146,1060,1829,658,678,922,1457,715,2390,21887,16609,2519,254,3239,0,0,18,12
2021-02-18T23:59:59+01:00,0,2,360,439,988,1592,1085,2245,1459,3286,1617,2780,1004,905,1659,2368,1220,3239,0,2,149,196,575,966,682,1362,940,2129,1034,1808,647,659,901,1429,701,2369,20887,16283,2519,254,2824,0,0,18,12
2021-02-17T23:59:59+01:00,0,2,337,387,905,1449,976,2048,1326,3032,1506,2560,966,875,1467,2154,1119,3058,0,2,143,189,563,935,657,1309,908,2050,988,1731,612,627,894,1402,695,2349,19805,15788,2519,254,1827,0,0,16,12
2021-02-16T23:59:59+01:00,0,2,331,347,862,1310,925,1865,1265,2812,1439,2400,955,858,1406,2057,1051,2958,0,2,137,176,549,894,642,1255,880,1986,958,1689,602,617,870,1368,681,2284,19433,15459,2518,119,876,0,0,16,12
2021-02-15T23:59:59+01:00,0,2,316,305,833,1278,908,1809,1225,2728,1401,2344,926,825,1227,1827,922,2780,0,2,129,168,528,868,625,1193,854,1913,935,1612,581,580,852,1331,672,2239,18517,14991,2517,79,608,0,0,14,12
2021-02-14T23:59:59+01:00,0,2,316,305,832,1278,907,1809,1224,2728,1401,2344,926,825,1227,1827,922,2779,0,2,128,168,527,860,621,1188,848,1907,931,1609,580,579,849,1330,670,2235,18515,14942,2517,78,606,0,0,14,12
2021-02-13T23:59:59+01:00,0,2,316,305,832,1278,907,1806,1224,2726,1401,2342,926,825,1227,1826,920,2779,0,2,128,168,527,860,621,1188,845,1904,929,1605,577,579,834,1309,658,2218,18508,14939,2514,1,606,0,0,14,12
2021-02-12T23:59:59+01:00,0,2,310,304,823,1273,903,1776,1218,2699,1373,2312,924,823,1226,1823,920,2779,0,2,128,168,525,858,620,1181,839,1892,923,1592,574,577,820,1298,652,2205,18500,14841,2514,1,460,0,0,14,12
2021-02-11T23:59:59+01:00,0,2,292,295,808,1238,897,1741,1201,2634,1350,2257,890,809,1215,1812,919,2769,0,2,125,154,507,819,598,1116,805,1792,901,1533,561,563,793,1264,637,2172,18388,14330,2513,0,214,0,0,14,12
2021-02-10T23:59:59+01:00,0,2,289,286,789,1200,884,1712,1189,2589,1335,2215,885,807,1200,1795,914,2751,0,2,121,144,440,733,552,1023,727,1666,843,1446,546,546,776,1241,624,2142,18363,13572,2408,0,58,0,0,13,0
2021-02-09T23:59:59+01:00,0,2,289,283,783,1185,872,1695,1174,2569,1321,2191,870,801,1186,1776,902,2731,0,2,105,125,384,644,499,889,646,1459,754,1253,492,466,656,1072,544,1874,18253,11864,2361,0,3,0,0,13,0
2021-02-08T23:59:59+01:00,0,2,288,282,781,1180,869,1688,1172,2565,1314,2183,864,798,1170,1753,884,2706,0,2,94,101,338,549,447,787,556,1248,646,1087,415,390,567,874,439,1541,18127,10081,2358,0,1,0,0,13,0
2021-02-07T23:59:59+01:00,0,2,287,281,780,1179,868,1688,1172,2564,1314,2180,858,796,1169,1750,882,2704,0,2,91,100,336,544,445,783,554,1238,642,1081,409,384,546,851,433,1526,18103,9965,2358,0,0,0,0,13,0
2021-02-06T23:59:59+01:00,0,2,287,280,779,1178,868,1687,1172,2564,1314,2179,857,796,1167,1744,880,2702,0,2,91,99,336,540,444,782,553,1234,640,1080,406,379,497,782,402,1480,18087,9747,2356,0,0,0,0,13,0
2021-02-05T23:59:59+01:00,0,2,287,279,779,1177,867,1686,1171,2563,1313,2174,850,790,1143,1733,873,2686,0,1,85,96,328,534,428,763,528,1199,611,1037,383,351,472,754,381,1433,18004,9384,2356,0,0,0,0,13,0
2021-02-04T23:59:59+01:00,0,2,284,271,776,1156,856,1663,1157,2535,1299,2151,827,776,1114,1702,866,2667,0,0,71,77,259,411,333,593,410,969,499,834,311,288,364,609,314,1210,17756,7552,2333,0,0,0,0,13,0
2021-02-03T23:59:59+01:00,0,2,283,266,773,1133,854,1636,1150,2483,1287,2119,807,762,1098,1680,854,2654,0,0,57,56,172,283,258,442,290,719,371,595,214,206,259,449,225,905,17655,5501,2173,0,0,0,0,13,0
2021-02-02T23:59:59+01:00,0,2,282,260,769,1125,848,1615,1142,2457,1275,2102,800,755,1090,1669,852,2646,0,0,37,35,94,143,149,255,177,449,239,376,140,136,177,273,158,582,17504,3420,2172,0,0,0,0,13,0
2021-02-01T23:59:59+01:00,0,2,280,257,764,1106,840,1596,1137,2428,1271,2067,790,742,1084,1657,847,2630,0,0,13,12,17,30,27,65,48,89,76,104,54,48,65,82,47,198,17313,975,2172,0,0,0,0,13,0
2021-01-31T23:59:59+01:00,0,2,274,255,748,1104,832,1585,1126,2417,1260,2059,784,736,1074,1639,840,2616,0,0,12,12,16,28,25,62,42,84,68,96,51,48,60,75,44,185,17276,908,2062,0,0,0,0,13,0
2021-01-30T23:59:59+01:00,0,2,274,255,748,1103,831,1585,1126,2417,1260,2059,783,736,1064,1632,823,2601,0,0,12,10,15,28,25,62,42,84,67,94,50,47,59,75,44,184,17271,898,2015,0,0,0,0,13,0
2021-01-29T23:59:59+01:00,0,2,272,255,748,1102,831,1585,1126,2417,1260,2058,782,735,1063,1630,823,2599,0,0,10,5,13,26,25,60,41,83,66,94,49,46,59,75,44,184,17262,880,2013,0,0,0,0,13,0
2021-01-28T23:59:59+01:00,0,2,268,251,736,1077,797,1529,1089,2356,1184,1998,741,721,1035,1610,807,2579,0,0,5,0,4,8,10,24,20,37,21,45,21,22,25,49,17,108,17080,416,1687,0,0,0,0,13,0
2021-01-27T23:59:59+01:00,0,2,262,244,713,1045,751,1474,1030,2275,1111,1917,706,694,1020,1587,804,2571,0,0,4,0,4,5,7,20,15,23,14,32,6,9,11,12,5,30,16630,197,1563,0,0,0,0,13,0
2021-01-26T23:59:59+01:00,0,2,238,235,698,1020,743,1426,1010,2201,1084,1852,694,680,996,1571,794,2552,0,0,4,0,2,5,6,10,13,12,7,11,3,5,7,8,2,17,16580,112,1203,0,0,0,0,13,0
2021-01-25T23:59:59+01:00,0,2,207,220,645,948,691,1304,967,2055,1026,1717,647,624,918,1474,747,2476,0,0,4,0,2,5,6,10,13,12,7,11,3,5,7,8,2,17,16352,112,303,0,0,0,0,13,0
2021-01-24T23:59:59+01:00,0,2,190,214,619,936,673,1290,949,2038,1010,1707,640,618,907,1455,738,2463,0,0,3,0,2,5,6,10,12,12,6,11,3,5,7,8,2,17,16177,109,259,0,0,0,0,13,0
2021-01-23T23:59:59+01:00,0,2,190,214,619,936,673,1290,949,2038,1010,1707,640,618,907,1455,738,2463,0,0,3,0,2,4,6,10,10,12,6,11,3,5,7,8,2,17,16177,106,259,0,0,0,0,13,0
2021-01-22T23:59:59+01:00,0,2,143,196,561,926,655,1275,915,2028,998,1696,635,617,906,1455,738,2463,0,0,3,0,1,4,6,10,10,12,6,11,3,5,7,8,2,17,15937,105,259,0,0,0,0,13,0
2021-01-21T23:59:59+01:00,0,2,139,188,546,905,635,1234,882,1974,977,1649,623,596,894,1424,731,2444,0,0,3,0,0,4,5,10,9,12,6,11,3,5,7,8,2,16,15571,101,259,0,0,0,0,13,0
2021-01-20T23:59:59+01:00,0,2,133,171,499,840,612,1156,819,1864,940,1577,603,578,877,1401,721,2414,0,0,3,0,0,4,5,10,9,12,6,11,3,5,7,8,2,16,14937,101,257,0,0,0,0,13,0
2021-01-19T23:59:59+01:00,0,2,123,153,428,754,549,1027,735,1675,840,1419,556,528,779,1246,639,2158,0,0,3,0,0,4,5,8,9,12,6,11,3,5,7,8,2,16,13408,99,190,0,0,0,0,13,0
2021-01-18T23:59:59+01:00,0,2,105,119,359,604,459,857,604,1414,714,1210,486,462,691,1084,561,1872,0,0,1,0,0,1,1,0,0,0,0,1,0,0,0,1,0,0,11509,5,81,0,0,0,0,13,0
2021-01-17T23:59:59+01:00,0,2,100,117,355,599,458,851,602,1395,707,1200,480,452,664,1053,541,1825,0,0,1,0,0,1,0,0,0,0,0,1,0,0,0,1,0,0,11308,4,80,0,0,0,0,13,0
2021-01-16T23:59:59+01:00,0,2,100,114,353,590,455,846,590,1382,696,1188,465,438,567,928,479,1726,0,0,0,0,0,1,0,0,0,0,0,0,0,0,0,0,0,0,10903,1,3,0,0,0,0,13,0
2021-01-15T23:59:59+01:00,0,2,98,112,348,588,449,841,584,1375,679,1172,449,420,558,916,468,1702,0,0,0,0,0,0,0,0,0,0,0,0,0,0,0,0,0,0,10747,0,1,0,0,0,0,13,0
2021-01-14T23:59:59+01:00,0,0,80,90,294,486,370,676,466,1121,560,992,368,338,439,750,384,1446,0,0,0,0,0,0,0,0,0,0,0,0,0,0,0,0,0,0,8847,0,0,0,0,0,0,13,0
2021-01-13T23:59:59+01:00,0,0,66,67,209,369,294,506,353,840,430,711,259,239,323,563,295,1108,0,0,0,0,0,0,0,0,0,0,0,0,0,0,0,0,0,0,6620,0,0,0,0,0,0,12,0
2021-01-12T23:59:59+01:00,0,0,44,45,130,218,182,314,213,534,287,444,166,155,211,370,203,744,0,0,0,0,0,0,0,0,0,0,0,0,0,0,0,0,0,0,4260,0,0,0,0,0,0,0,0
2021-01-11T23:59:59+01:00,0,0,14,14,45,60,42,94,61,121,99,131,69,61,92,114,58,254,0,0,0,0,0,0,0,0,0,0,0,0,0,0,0,0,0,0,1329,0,0,0,0,0,0,0,0
2021-01-10T23:59:59+01:00,0,0,13,14,32,48,35,76,52,112,84,121,62,57,85,104,55,239,0,0,0,0,0,0,0,0,0,0,0,0,0,0,0,0,0,0,1189,0,0,0,0,0,0,0,0
2021-01-09T23:59:59+01:00,0,0,13,13,28,47,35,75,51,111,82,118,61,56,84,103,53,238,0,0,0,0,0,0,0,0,0,0,0,0,0,0,0,0,0,0,1168,0,0,0,0,0,0,0,0
2021-01-08T23:59:59+01:00,0,0,9,5,28,42,33,72,49,108,81,117,58,52,78,98,49,238,0,0,0,0,0,0,0,0,0,0,0,0,0,0,0,0,0,0,1117,0,0,0,0,0,0,0,0
2021-01-07T23:59:59+01:00,0,0,6,1,10,21,16,38,28,77,35,77,32,27,51,82,33,181,0,0,0,0,0,0,0,0,0,0,0,0,0,0,0,0,0,0,715,0,0,0,0,0,0,0,0
2021-01-06T23:59:59+01:00,0,0,6,0,5,10,11,30,25,43,21,48,26,24,37,56,23,130,0,0,0,0,0,0,0,0,0,0,0,0,0,0,0,0,0,0,495,0,0,0,0,0,0,0,0
2021-01-05T23:59:59+01:00,0,0,5,0,5,9,11,30,25,43,21,48,26,24,37,55,23,130,0,0,0,0,0,0,0,0,0,0,0,0,0,0,0,0,0,0,492,0,0,0,0,0,0,0,0
2021-01-04T23:59:59+01:00,0,0,4,0,2,4,5,11,14,12,6,12,3,5,7,9,2,18,0,0,0,0,0,0,0,0,0,0,0,0,0,0,0,0,0,0,114,0,0,0,0,0,0,0,0
2021-01-03T23:59:59+01:00,0,0,3,0,2,4,5,10,13,12,6,12,3,5,7,9,2,17,0,0,0,0,0,0,0,0,0,0,0,0,0,0,0,0,0,0,110,0,0,0,0,0,0,0,0
2021-01-02T23:59:59+01:00,0,0,3,0,2,4,5,10,11,12,6,12,3,5,7,9,2,17,0,0,0,0,0,0,0,0,0,0,0,0,0,0,0,0,0,0,108,0,0,0,0,0,0,0,0
2021-01-01T23:59:59+01:00,0,0,3,0,1,4,5,10,11,12,6,12,3,5,7,8,2,17,0,0,0,0,0,0,0,0,0,0,0,0,0,0,0,0,0,0,106,0,0,0,0,0,0,0,0
2020-12-31T23:59:59+01:00,0,0,3,0,0,4,5,10,9,12,6,12,3,5,7,8,2,17,0,0,0,0,0,0,0,0,0,0,0,0,0,0,0,0,0,0,103,0,0,0,0,0,0,0,0
2020-12-30T23:59:59+01:00,0,0,3,0,0,4,5,10,9,12,6,12,3,5,7,8,2,17,0,0,0,0,0,0,0,0,0,0,0,0,0,0,0,0,0,0,103,0,0,0,0,0,0,0,0
2020-12-29T23:59:59+01:00,0,0,3,0,0,3,5,8,9,12,6,12,3,5,7,8,2,17,0,0,0,0,0,0,0,0,0,0,0,0,0,0,0,0,0,0,100,0,0,0,0,0,0,0,0
2020-12-28T23:59:59+01:00,0,0,3,0,0,3,5,8,9,12,5,12,3,5,7,8,2,17,0,0,0,0,0,0,0,0,0,0,0,0,0,0,0,0,0,0,99,0,0,0,0,0,0,0,0
2020-12-27T23:59:59+01:00,0,0,1,0,0,0,0,0,0,0,0,1,0,0,2,4,0,8,0,0,0,0,0,0,0,0,0,0,0,0,0,0,0,0,0,0,16,0,0,0,0,0,0,0,0
