Datum,<15_m,<15_w,15-24_1_m,15-24_1_w,25-34_1_m,25-34_1_w,35-44_1_m,35-44_1_w,45-54_1_m,45-54_1_w,55-64_1_m,55-64_1_w,65-74_1_m,65-74_1_w,75-84_1_m,75-84_1_w,>84_1_m,>84_1_w,<24_2_m,<24_2_w,25-34_2_m,25-34_2_w,35-44_2_m,35-44_2_w,45-54_2_m,45-54_2_w,55-64_2_m,55-64_2_w,65-74_2_m,65-74_2_w,75-84_2_m,75-84_2_w,>84_2_m,>84_2_w,bp_1,bp_2,mo_1,mo_2,az_1,az_2,ja,unb_1,unb_2
2021-08-05T23:59:59+02:00,2028,1788,21413,20572,31309,28724,32108,32115,37868,38398,41728,42049,27607,30803,19651,24660,5976,10107,14098,13765,24750,22929,28257,28273,34410,34759,38588,39066,26215,29216,18793,23423,5703,9580,310963,266897,44433,42415,77395,67908,16042,71,26
2021-08-04T23:59:59+02:00,2016,1781,21369,20544,31286,28688,32094,32088,37847,38383,41717,42035,27602,30795,19648,24653,5975,10105,13911,13583,24646,22814,28165,28162,34340,34690,38540,39010,26191,29181,18776,23402,5701,9576,310691,265707,44431,42404,77395,67878,16038,71,26
2021-08-03T23:59:59+02:00,2007,1765,21349,20519,31270,28675,32081,32079,37838,38370,41703,42024,27595,30789,19644,24646,5974,10103,13831,13499,24570,22742,28099,28107,34296,34649,38496,38978,26177,29162,18767,23394,5699,9570,310504,265053,44428,42403,77394,67852,16034,71,26
2021-08-02T23:59:59+02:00,2002,1754,21327,20507,31252,28662,32071,32064,37827,38362,41697,42016,27592,30785,19644,24642,5973,10099,13688,13358,24348,22572,27948,27988,34184,34552,38435,38932,26156,29140,18761,23391,5699,9568,310361,263933,44426,42389,77394,67629,16024,71,26
2021-08-01T23:59:59+02:00,1985,1738,21276,20460,31203,28626,32047,32047,37810,38343,41675,41999,27586,30779,19641,24633,5973,10098,13520,13199,24054,22323,27710,27777,34096,34443,38366,38861,26140,29121,18755,23385,5699,9566,310073,262258,44420,42377,77393,67607,15962,71,26
2021-07-31T23:59:59+02:00,1960,1708,21193,20386,31138,28590,31992,32009,37774,38315,41652,41978,27582,30771,19636,24629,5973,10098,12583,12177,23536,21883,27369,27425,33790,34146,37939,38520,26070,29036,18729,23341,5694,9560,309663,257254,44409,42342,77391,67041,15850,71,26
2021-07-30T23:59:59+02:00,1935,1689,21172,20364,31108,28571,31977,31993,37768,38308,41644,41970,27577,30768,19635,24629,5972,10098,12496,12102,23208,21595,27086,27214,33576,33988,37778,38389,26047,29019,18727,23333,5694,9558,309484,255832,44408,42334,77391,66494,15824,71,26
2021-07-29T23:59:59+02:00,1866,1620,20940,20132,30968,28426,31876,31885,37676,38219,41555,41910,27549,30744,19622,24611,5966,10090,11871,11573,22086,20760,26050,26376,32601,33300,37396,38100,25965,28918,18698,23286,5689,9551,308292,250251,44381,42250,77384,64742,15527,71,26
2021-07-28T23:59:59+02:00,1846,1605,20900,20083,30950,28399,31861,31864,37656,38199,41534,41890,27538,30732,19617,24601,5966,10088,11595,11277,21677,20380,25619,25947,32440,33151,37286,38010,25929,28869,18682,23265,5688,9546,307986,247367,44380,42248,77372,64682,15521,70,26
2021-07-27T23:59:59+02:00,1836,1599,20860,20042,30927,28367,31828,31850,37635,38167,41510,41876,27531,30725,19616,24596,5966,10085,11347,11066,21480,20192,25481,25828,32334,33050,37204,37929,25904,28832,18674,23256,5685,9542,307754,245906,44380,42243,77371,64610,15441,70,26
2021-07-26T23:59:59+02:00,1810,1565,20736,19928,30823,28270,31773,31788,37584,38101,41467,41846,27507,30707,19606,24583,5960,10082,11060,10743,20978,19755,25237,25622,32175,32901,37075,37843,25870,28797,18661,23234,5684,9534,307021,243637,44351,42132,77366,64406,15328,70,26
2021-07-25T23:59:59+02:00,1803,1556,20714,19917,30815,28261,31763,31774,37578,38095,41457,41837,27503,30705,19605,24581,5960,10081,10956,10637,20828,19647,25003,25429,31937,32695,36933,37711,25853,28783,18655,23227,5683,9531,306913,242384,44341,42116,77359,63997,15322,70,26
2021-07-24T23:59:59+02:00,1783,1541,20634,19844,30773,28223,31728,31738,37552,38067,41434,41825,27496,30700,19602,24579,5960,10081,10894,10584,20752,19585,24931,25368,31884,32664,36904,37691,25847,28779,18653,23225,5683,9531,306572,242018,44330,42093,77355,63931,15233,70,26
2021-07-23T23:59:59+02:00,1728,1506,20445,19703,30611,28112,31640,31669,37485,38015,41394,41783,27485,30684,19597,24573,5959,10076,10639,10381,20390,19283,24133,24725,31406,32336,36344,37235,25804,28737,18637,23208,5682,9529,305755,239173,44321,42049,77338,62544,14981,70,25
2021-07-22T23:59:59+02:00,1665,1450,20136,19436,30373,27933,31509,31556,37357,37911,41296,41702,27459,30661,19586,24550,5955,10075,10181,10007,19649,18774,23183,24058,30700,31749,35315,36477,25693,28641,18604,23176,5680,9525,304295,235582,44288,41387,77334,60034,14623,70,25
2021-07-21T23:59:59+02:00,1650,1442,20100,19389,30346,27904,31487,31533,37337,37886,41275,41680,27450,30653,19581,24544,5950,10071,9871,9672,19191,18324,22317,23297,30366,31416,35086,36281,25610,28544,18573,23124,5672,9515,303978,232851,44282,39708,77332,59862,14616,70,22
2021-07-20T23:59:59+02:00,1644,1437,20068,19362,30319,27883,31463,31515,37321,37871,41265,41669,27435,30639,19581,24537,5950,10068,9605,9394,18861,18055,22049,23012,30191,31262,34922,36136,25564,28499,18558,23090,5671,9511,303742,230469,44280,39699,77331,59763,14604,70,22
2021-07-19T23:59:59+02:00,1633,1429,19955,19274,30239,27811,31405,31462,37302,37852,41250,41651,27430,30628,19575,24530,5949,10065,9406,9197,18548,17780,21587,22595,29938,31031,34802,36035,25530,28461,18540,23074,5671,9508,303170,228840,44274,38762,77330,59649,14596,70,22
2021-07-18T23:59:59+02:00,1622,1424,19888,19210,30114,27712,31342,31399,37240,37801,41209,41600,27410,30598,19566,24515,5945,10062,9297,9083,18384,17632,21398,22405,29771,30833,34689,35935,25500,28438,18529,23057,5671,9502,302398,227596,44274,38463,77328,59608,14587,70,22
2021-07-17T23:59:59+02:00,1621,1420,19881,19208,30114,27710,31342,31395,37235,37799,41205,41598,27409,30597,19565,24515,5945,10062,9276,9068,18352,17611,21380,22392,29761,30826,34670,35931,25497,28436,18529,23056,5671,9502,302366,227444,44274,38460,77328,59597,14583,70,22
2021-07-16T23:59:59+02:00,1568,1375,19607,18960,29989,27614,31259,31324,37180,37737,41165,41566,27390,30580,19558,24505,5943,10056,9163,8955,17983,17316,21078,22125,29377,30473,34539,35828,25474,28413,18522,23043,5669,9500,301374,226204,44252,37759,77326,59266,14354,70,20
2021-07-15T23:59:59+02:00,1510,1332,19346,18715,29810,27467,31152,31225,37099,37656,41099,41499,27348,30551,19542,24491,5939,10053,8803,8653,17077,16491,19544,20907,28465,29555,33923,35252,25308,28235,18469,22994,5663,9488,300113,220144,44210,36320,77318,58345,14123,70,20
2021-07-14T23:59:59+02:00,1497,1320,19317,18679,29787,27441,31129,31194,37088,37643,41080,41493,27340,30544,19533,24484,5938,10050,8516,8356,16525,15892,19052,20392,27903,29056,33531,34877,25196,28108,18430,22928,5658,9477,299843,215987,44208,35962,77315,57919,14121,70,20
2021-07-13T23:59:59+02:00,1485,1311,19280,18654,29770,27417,31108,31179,37073,37616,41056,41465,27331,30530,19531,24479,5937,10044,8214,8095,16128,15537,18778,20114,27640,28808,33261,34621,25098,27988,18397,22887,5656,9472,299562,213296,44207,35927,77314,57427,14113,70,20
2021-07-12T23:59:59+02:00,1470,1301,19239,18637,29737,27389,31091,31158,37061,37599,41039,41450,27328,30526,19529,24473,5936,10044,7954,7879,15849,15262,18079,19569,27327,28488,32849,34260,24931,27796,18338,22812,5650,9467,299313,212019,44206,33999,77314,56451,14104,70,20
2021-07-11T23:59:59+02:00,1462,1293,19209,18608,29707,27360,31076,31130,37053,37578,41025,41438,27319,30517,19527,24473,5935,10043,7911,7832,15784,15191,17991,19515,27243,28426,32737,34198,24877,27751,18318,22790,5650,9464,299071,211446,44204,33988,77312,56208,14096,70,20
2021-07-10T23:59:59+02:00,1333,1178,18709,18191,29266,27069,30794,30900,36809,37419,40826,41288,27247,30457,19501,24441,5932,10040,7782,7763,15503,15057,17775,19367,27003,28286,32573,34081,24812,27705,18302,22777,5649,9464,296886,211030,44071,33871,77283,55967,13090,70,20
2021-07-09T23:59:59+02:00,1323,1172,18682,18161,29246,27052,30782,30887,36799,37407,40815,41280,27243,30453,19499,24437,5932,10039,7740,7716,15433,14991,17713,19274,26784,28056,32324,33868,24749,27642,18280,22751,5649,9461,296746,210753,44052,33868,77282,54805,13059,70,20
2021-07-08T23:59:59+02:00,1247,1092,18416,17951,29101,26903,30647,30770,36697,37305,40717,41203,27209,30418,19480,24419,5927,10035,7574,7583,15137,14744,17285,18916,26094,27459,32054,33603,24582,27485,18222,22689,5646,9455,295490,209629,43999,32451,77274,53789,12704,70,20
2021-07-07T23:59:59+02:00,1149,1000,18106,17627,28904,26720,30520,30648,36585,37185,40611,41119,27175,30370,19466,24402,5924,10032,7378,7372,14696,14377,16821,18474,25341,26851,31647,33224,24319,27161,18127,22595,5637,9446,293924,206714,43951,31617,77263,52834,12335,70,20
2021-07-06T23:59:59+02:00,1126,984,18029,17563,28860,26671,30470,30602,36549,37150,40577,41087,27158,30345,19455,24389,5922,10029,7162,7140,14353,14021,16473,18125,24594,26205,31348,32960,24129,26947,18079,22524,5630,9439,293354,204662,43948,30213,77262,51943,12332,70,20
2021-07-05T23:59:59+02:00,1083,956,17956,17499,28817,26615,30432,30568,36525,37106,40549,41061,27152,30331,19449,24383,5922,10024,6933,6950,14050,13752,16121,17760,24048,25698,30783,32395,23851,26648,17971,22385,5622,9429,292872,203169,43946,28130,77258,50813,12282,70,20
2021-07-04T23:59:59+02:00,1061,941,17887,17450,28778,26594,30411,30539,36515,37096,40534,41049,27146,30320,19444,24380,5922,10023,6907,6933,13996,13706,16047,17702,23964,25643,30630,32304,23759,26559,17939,22344,5620,9425,292559,202780,43945,28121,77247,50306,12269,70,20
2021-07-03T23:59:59+02:00,645,569,16160,15732,27608,25672,29616,29824,35875,36486,40037,40620,26989,30154,19377,24294,5913,10006,6523,6692,13482,13403,15646,17401,23603,25366,30326,32111,23663,26466,17906,22306,5616,9421,285061,202490,43906,28045,77164,50018,9376,70,20
2021-07-02T23:59:59+02:00,606,531,16030,15587,27447,25526,29537,29764,35845,36459,40018,40607,26983,30144,19374,24291,5913,10006,6475,6621,13408,13302,15558,17271,23460,25184,30173,31946,23470,26256,17817,22228,5614,9418,284160,201809,43906,27887,77162,49133,9370,70,20
2021-07-01T23:59:59+02:00,548,486,15853,15433,27229,25372,29460,29687,35790,36408,39952,40563,26963,30127,19363,24279,5911,10002,6336,6492,13069,13031,15033,16836,22199,24201,29413,31268,23192,25969,17699,22094,5607,9403,282977,198288,43901,26226,77150,47997,9328,70,20
2021-06-30T23:59:59+02:00,519,466,15749,15327,27120,25289,29394,29618,35735,36358,39909,40527,26948,30096,19353,24262,5907,10002,6144,6315,12639,12650,14464,16289,21577,23609,28823,30740,22773,25505,17569,21910,5600,9391,282166,194054,43898,26202,77144,46435,9301,70,20
2021-06-29T23:59:59+02:00,462,416,14989,14660,26859,25067,29300,29519,35656,36277,39841,40480,26928,30073,19346,24249,5907,10000,6032,6191,12383,12387,14070,15893,20789,22990,28241,30191,22326,24982,17417,21735,5592,9381,279669,190916,43897,25694,77136,44725,9257,70,20
2021-06-28T23:59:59+02:00,426,385,14362,14022,26703,24963,29226,29453,35600,36212,39797,40447,26910,30053,19338,24238,5907,9996,5966,6096,12204,12248,13882,15717,20171,22444,27842,29821,21990,24625,17289,21572,5587,9377,277740,189236,43893,25043,77132,43340,9203,70,20
2021-06-27T23:59:59+02:00,349,318,14017,13646,26639,24904,29186,29418,35578,36190,39780,40434,26899,30046,19335,24235,5906,9995,5930,6053,12090,12134,13739,15588,19621,21971,27236,29324,21713,24290,17169,21449,5583,9376,276623,188405,43891,23528,77121,42154,9170,70,20
2021-06-26T23:59:59+02:00,348,318,14006,13635,26623,24893,29180,29412,35573,36189,39777,40433,26898,30045,19335,24235,5906,9995,5925,6050,12078,12131,13733,15584,19608,21960,27191,29289,21568,24160,17129,21393,5582,9374,276552,188379,43889,23524,77121,41674,9169,70,20
2021-06-25T23:59:59+02:00,225,205,12749,12418,25163,23752,28881,29178,35467,36107,39712,40371,26874,30018,19326,24224,5904,9993,5882,6003,11982,12052,13591,15462,19299,21722,26807,28930,21245,23768,16956,21196,5579,9365,270340,187157,43885,23241,77106,40266,9166,70,20
2021-06-24T23:59:59+02:00,161,151,11781,11591,24053,22875,28517,28830,35320,35943,39600,40268,26839,29968,19315,24200,5902,9989,5666,5772,11524,11637,13014,14872,17770,20331,25170,27340,20478,22917,16641,20790,5569,9355,265131,182191,43868,19635,77102,37877,9133,69,20
2021-06-23T23:59:59+02:00,125,125,11421,11269,23556,22506,28272,28588,35143,35817,39511,40181,26809,29942,19307,24163,5900,9978,5593,5659,11313,11422,12715,14521,17379,19922,24423,26575,19688,22169,16449,20538,5561,9339,262531,179842,43862,19023,77097,35337,9054,69,20
2021-06-22T23:59:59+02:00,104,112,11238,11057,23398,22363,28192,28516,35067,35755,39465,40136,26794,29918,19299,24155,5900,9977,5484,5539,11047,11167,12348,14151,16777,19327,23696,25810,19309,21746,16286,20360,5554,9323,261385,176818,43859,18165,77095,33890,9038,69,20
2021-06-21T23:59:59+02:00,91,100,10986,10872,22566,21692,27942,28291,35001,35693,39401,40095,26778,29900,19293,24146,5900,9976,5365,5435,10832,10947,12042,13831,16386,18982,23251,25344,19019,21433,16182,20241,5548,9321,258797,175362,43853,17152,77090,32717,8914,69,20
2021-06-20T23:59:59+02:00,85,99,10922,10782,22320,21477,27685,28094,34921,35615,39356,40051,26769,29886,19291,24142,5898,9973,5324,5380,10747,10847,11947,13731,16191,18799,22981,25106,18918,21327,16129,20183,5542,9317,257520,175057,43851,16093,77089,32467,8837,69,20
2021-06-19T23:59:59+02:00,84,95,10898,10758,22287,21453,27667,28081,34909,35611,39346,40047,26768,29885,19291,24140,5898,9973,5293,5348,10666,10757,11855,13610,16043,18647,22674,24747,18832,21240,16117,20170,5541,9317,257366,174953,43830,14598,77089,32454,8837,69,20
2021-06-18T23:59:59+02:00,81,93,10851,10707,21970,21131,27403,27866,34856,35574,39315,40025,26760,29876,19290,24137,5898,9971,5278,5339,10636,10727,11815,13562,15982,18585,22589,24651,18666,21059,16072,20104,5540,9312,255981,174559,43829,14597,77088,31909,8837,69,20
2021-06-17T23:59:59+02:00,72,85,10273,10280,20698,20175,26544,27135,34488,35249,39062,39837,26696,29794,19270,24101,5891,9967,5080,5200,10260,10474,11374,13163,15302,17976,21227,23345,18213,20574,15909,19933,5536,9297,250226,169285,43811,14025,77077,31104,8434,69,20
2021-06-16T23:59:59+02:00,64,73,9938,9968,20018,19546,25906,26534,34241,35049,38904,39689,26654,29741,19247,24078,5890,9963,4937,5054,9874,10139,10915,12714,14602,17287,20380,22419,17811,20130,15742,19722,5526,9285,246401,165527,43799,12750,77064,30075,8170,69,20
2021-06-15T23:59:59+02:00,49,68,9693,9727,19722,19298,25683,26336,34113,34944,38808,39609,26625,29705,19240,24063,5885,9959,4832,4944,9635,9922,10686,12456,14182,16861,19784,21845,17494,19745,15524,19495,5517,9274,244638,163468,43787,11664,77058,29075,7975,69,19
2021-06-14T23:59:59+02:00,45,63,9560,9602,19423,19038,25508,26193,33993,34865,38747,39570,26608,29685,19234,24052,5885,9956,4751,4882,9446,9783,10513,12320,13921,16647,19468,21552,17330,19590,15423,19363,5516,9270,243444,162017,43785,11662,77054,28406,7676,68,19
2021-06-13T23:59:59+02:00,43,59,9400,9472,19134,18853,25157,25939,33792,34698,38642,39503,26593,29673,19224,24045,5885,9953,4670,4816,9237,9618,10349,12150,13598,16311,19120,21223,17204,19442,15376,19298,5514,9268,241802,161172,43785,11662,77051,26986,7359,68,19
2021-06-12T23:59:59+02:00,43,59,9391,9458,19121,18840,25157,25934,33792,34695,38639,39502,26593,29673,19224,24045,5885,9953,4667,4802,9227,9558,10317,12048,13549,16157,19065,21087,17095,19317,15260,19196,5512,9266,241756,161145,43785,11660,77047,25955,7348,68,19
2021-06-11T23:59:59+02:00,38,55,9234,9276,18888,18629,24358,25261,33615,34542,38506,39390,26560,29640,19214,24022,5885,9948,4590,4687,9010,9303,10058,11755,13029,15610,18095,20197,16909,19121,15220,19152,5509,9263,238847,157146,43784,11659,77044,25370,7318,68,19
2021-06-10T23:59:59+02:00,36,51,8840,8942,18236,18140,23509,24583,33296,34262,38305,39226,26503,29585,19191,23994,5882,9941,4415,4510,8432,8812,9256,11037,11884,14512,16118,18294,16022,18164,14935,18787,5500,9241,235230,147519,43125,11626,77018,23678,7082,67,18
2021-06-09T23:59:59+02:00,19,33,8391,8438,17402,17414,22357,23541,32807,33796,38020,39008,26394,29481,19145,23937,5872,9928,4279,4397,8145,8548,9013,10784,11554,14146,15635,17749,15652,17735,14694,18503,5493,9231,231252,145701,41236,11584,76982,21775,6484,29,18
2021-06-08T23:59:59+02:00,11,21,8073,8123,16931,16997,21939,23176,32562,33603,37858,38878,26350,29441,19135,23914,5869,9923,4159,4315,7891,8294,8708,10439,11199,13799,14995,17050,15199,17213,14433,18226,5488,9213,228528,144005,41204,10467,76973,20065,6070,29,18
2021-06-07T23:59:59+02:00,8,17,7877,7891,16573,16673,21395,22721,32282,33333,37741,38762,26324,29393,19118,23888,5864,9922,4083,4235,7710,8153,8548,10297,11029,13627,14686,16725,15003,16960,14260,18035,5484,9208,226908,142929,40232,10375,76962,19073,5652,28,18
2021-06-06T23:59:59+02:00,6,14,7770,7782,16439,16528,21200,22514,32056,33109,37607,38656,26296,29368,19105,23872,5864,9916,4054,4200,7664,8035,8496,10169,10925,13482,14491,16509,14821,16782,14171,17915,5477,9202,225678,142451,39933,10365,76944,18044,5519,28,18
2021-06-05T23:59:59+02:00,6,14,7748,7768,16410,16501,21193,22511,32046,33103,37605,38655,26295,29368,19104,23871,5864,9916,4045,4161,7649,7970,8482,10036,10911,13311,14473,16404,14784,16727,14162,17905,5477,9201,225569,142370,39933,10365,76943,17444,5505,28,18
2021-06-04T23:59:59+02:00,6,12,7634,7666,16131,16265,20917,22265,31624,32730,37492,38534,26262,29329,19092,23858,5862,9914,4038,4152,7623,7947,8456,10006,10844,13238,14368,16274,14703,16634,14125,17861,5477,9199,223977,142037,39159,10036,76924,17353,5505,28,18
2021-06-03T23:59:59+02:00,4,12,7379,7439,15255,15483,19283,20873,30713,31801,36989,38075,26131,29196,19048,23807,5856,9896,3979,4114,7535,7876,8334,9908,10676,13057,13801,15705,14443,16322,14041,17756,5474,9186,217360,139830,37582,9928,76914,17079,5356,28,18
2021-06-02T23:59:59+02:00,4,12,7244,7295,14870,15055,18851,20472,30244,31347,36763,37811,26067,29132,19028,23778,5853,9894,3949,4084,7471,7790,8246,9817,10536,12926,13356,15275,14320,16139,14014,17719,5471,9181,214275,138045,37151,9835,76913,17047,5353,28,18
2021-06-01T23:59:59+02:00,4,9,6968,7050,14474,14743,18509,20154,29917,31036,36540,37577,26011,29053,19004,23749,5851,9883,3847,3998,7229,7614,8015,9624,10273,12652,12954,14853,13889,15689,13898,17567,5464,9173,211533,135932,37106,9581,76892,16239,4973,28,18
2021-05-31T23:59:59+02:00,4,9,6805,6860,14255,14510,17805,19552,29576,30698,36243,37314,25921,28956,18978,23695,5841,9870,3768,3887,7021,7368,7792,9339,9932,12270,12515,14336,13361,15076,13699,17338,5456,9158,210106,132760,35058,9258,76875,15459,4825,28,18
2021-05-30T23:59:59+02:00,4,9,6782,6845,14209,14472,17728,19493,29526,30660,36212,37291,25909,28944,18975,23689,5840,9868,3725,3813,6873,7162,7644,9109,9728,11960,12259,13990,13240,14907,13631,17256,5453,9151,209811,132043,35046,9157,76821,13937,4750,28,18
2021-05-29T23:59:59+02:00,4,9,6780,6844,14200,14466,17723,19487,29521,30656,36209,37290,25907,28941,18975,23688,5840,9868,3716,3800,6844,7129,7611,9058,9692,11914,12186,13892,13199,14839,13601,17232,5452,9146,209779,131904,35046,9156,76806,13488,4749,28,18
2021-05-28T23:59:59+02:00,4,9,6770,6832,14185,14449,17706,19466,29510,30643,36198,37272,25906,28937,18973,23684,5840,9868,3702,3777,6822,7089,7577,9004,9639,11810,11946,13623,13011,14648,13571,17192,5449,9143,209628,130616,35045,9155,76803,13469,4748,28,18
2021-05-27T23:59:59+02:00,4,9,6679,6751,13917,14232,17221,19119,28832,30101,36039,37141,25860,28903,18958,23670,5839,9862,3577,3617,6535,6837,7201,8698,9141,11252,11237,12729,12461,14081,13441,17000,5442,9131,208552,127107,33605,8826,76761,12241,4191,28,18
2021-05-26T23:59:59+02:00,4,9,6608,6643,13704,14030,16968,18812,28290,29590,35864,36966,25823,28858,18943,23646,5838,9857,3487,3474,6310,6548,6914,8272,8802,10774,10587,11932,11900,13466,13295,16785,5437,9109,206965,123503,32852,8644,76748,11070,3860,28,18
2021-05-25T23:59:59+02:00,4,9,6527,6548,13499,13809,16705,18602,27566,28944,35771,36869,25800,28830,18931,23630,5833,9856,3438,3383,6165,6380,6768,8082,8577,10483,10242,11567,11554,12992,13190,16624,5434,9101,206255,121668,31400,8505,76263,10004,3788,27,18
2021-05-24T23:59:59+02:00,4,9,6457,6451,13322,13609,16483,18319,27156,28519,35425,36471,25743,28762,18912,23607,5832,9854,3424,3361,6107,6298,6723,7999,8518,10388,10169,11470,11381,12760,13143,16533,5426,9081,205724,121045,29179,8460,76256,9512,3749,27,18
2021-05-23T23:59:59+02:00,4,9,6455,6450,13317,13600,16480,18309,27137,28509,35395,36437,25740,28756,18912,23601,5832,9854,3421,3357,6101,6288,6713,7992,8490,10358,10129,11413,11298,12659,13123,16502,5426,9080,205609,121039,29163,8048,76255,9505,3743,27,18
2021-05-22T23:59:59+02:00,4,9,6448,6446,13310,13589,16474,18305,27134,28508,35392,36431,25740,28756,18912,23601,5832,9854,3420,3357,6098,6285,6712,7988,8486,10356,10124,11410,11287,12645,13118,16498,5425,9080,205559,120999,29163,8048,76253,9484,3743,27,18
2021-05-21T23:59:59+02:00,4,9,6388,6386,13158,13483,16301,18154,26864,28332,34964,36164,25715,28720,18904,23595,5831,9850,3411,3347,6065,6264,6682,7954,8447,10307,10071,11360,10772,11932,12979,16338,5422,9075,204871,119244,29038,8045,75214,9450,3672,27,18
2021-05-20T23:59:59+02:00,3,8,6096,6185,12549,13066,15108,17231,24953,26838,34013,35396,25610,28575,18850,23514,5825,9835,3351,3302,5972,6147,6570,7800,8300,10148,9835,11055,10437,11483,12867,16157,5412,9062,200111,117263,27297,7969,72678,9108,3543,26,18
2021-05-19T23:59:59+02:00,3,8,5890,5944,12035,12608,14400,16527,24006,26025,33389,34799,25500,28485,18815,23458,5818,9823,3274,3229,5810,5977,6380,7560,8025,9868,9533,10676,10125,11069,12788,16012,5410,9054,194429,115357,27259,7774,72663,8488,3156,26,18
2021-05-18T23:59:59+02:00,3,7,5720,5835,11634,12286,13777,16028,22850,25075,32724,34193,25384,28350,18769,23408,5813,9814,3231,3201,5700,5871,6219,7402,7820,9658,9340,10438,9958,10821,12644,15792,5401,9045,189477,114230,26754,7706,72619,7796,2794,26,18
2021-05-17T23:59:59+02:00,3,6,5667,5790,11471,12179,13506,15806,22037,24441,32416,33879,25305,28291,18747,23378,5804,9805,3137,3131,5522,5692,6053,7196,7613,9440,9122,10201,9870,10698,12586,15729,5398,9040,187714,113521,26056,7700,72227,6684,2508,26,18
2021-05-16T23:59:59+02:00,3,6,5640,5770,11410,12124,13421,15726,21428,23894,31802,33350,25264,28248,18737,23363,5803,9805,3133,3109,5508,5623,6026,7137,7585,9338,9090,10117,9854,10679,12583,15726,5398,9040,186948,113411,24513,7693,71809,6330,2498,26,17
2021-05-15T23:59:59+02:00,3,6,5631,5761,11377,12115,13392,15716,21355,23823,31266,32976,25253,28243,18736,23360,5802,9804,3119,3094,5489,5581,6012,7062,7545,9223,8855,9863,9821,10648,12549,15675,5398,9039,186899,113406,24501,7555,71163,5968,2030,26,17
2021-05-14T23:59:59+02:00,3,6,5591,5736,11314,12077,13320,15651,20944,23511,30836,32631,25217,28197,18725,23343,5802,9802,3087,3054,5453,5492,5991,6928,7505,9021,8795,9669,9750,10538,12463,15550,5398,9035,186175,113238,24182,7225,70294,5223,2029,26,17
2021-05-13T23:59:59+02:00,3,6,5434,5579,10935,11782,12606,15063,18761,21765,29292,31167,24987,27953,18658,23271,5800,9799,3076,3021,5429,5453,5974,6871,7481,8951,8751,9610,9535,10295,12266,15252,5393,9026,182229,112886,20387,6415,68205,5055,2014,26,17
2021-05-12T23:59:59+02:00,2,6,5405,5552,10863,11724,12505,14975,18639,21641,28929,30803,24896,27858,18641,23242,5799,9794,3076,3017,5423,5447,5964,6857,7457,8936,8712,9556,9351,10066,12036,14932,5390,9019,181281,112606,19751,5556,68202,5049,2014,26,17
2021-05-11T23:59:59+02:00,2,6,5269,5448,10617,11479,12140,14602,18031,21006,27999,29835,24703,27670,18583,23168,5794,9779,3034,2976,5334,5292,5864,6674,7327,8696,8552,9334,9171,9873,11890,14745,5381,9001,177217,111576,18864,5447,68070,4153,1954,26,17
2021-05-10T23:59:59+02:00,2,5,5145,5370,10404,11284,11881,14348,17706,20674,27579,29428,24594,27563,18545,23121,5786,9775,2965,2923,5217,5175,5750,6571,7203,8555,8425,9227,9067,9749,11800,14617,5378,8993,175217,111047,18176,5435,67845,3173,1946,26,17
2021-05-09T23:59:59+02:00,2,5,5072,5322,10305,11170,11782,14230,17366,20393,27189,29055,24508,27477,18516,23085,5783,9772,2897,2892,5071,5132,5575,6528,7035,8526,8297,9192,9055,9739,11782,14597,5378,8993,174823,110971,16900,5425,67352,2348,1931,26,17
2021-05-08T23:59:59+02:00,2,5,5071,5321,10303,11166,11782,14230,17362,20391,27186,29052,24508,27477,18516,23085,5783,9772,2897,2891,5070,5132,5575,6528,7035,8526,8295,9192,9054,9738,11782,14597,5378,8993,174806,110968,16900,5425,67349,2345,1931,26,17
2021-05-07T23:59:59+02:00,2,5,5037,5295,10235,11113,11654,14106,16962,20116,26550,28494,24460,27426,18499,23051,5776,9743,2887,2883,5053,5122,5564,6509,7023,8515,8287,9181,9048,9730,11771,14575,5370,8966,173974,110953,16896,5413,65826,2302,1802,26,17
2021-05-06T23:59:59+02:00,1,5,4767,5134,9773,10769,11094,13590,15877,19096,24144,26207,23962,26901,18393,22948,5771,9729,2845,2839,4986,5047,5524,6418,6940,8396,8156,9031,8948,9620,11747,14525,5367,8963,168952,110414,14447,5357,62947,1776,1791,24,17
2021-05-05T23:59:59+02:00,1,5,4689,5057,9480,10539,10753,13264,15297,18491,23302,25246,23701,26577,18324,22842,5761,9711,2825,2803,4936,4961,5465,6297,6856,8231,8032,8816,8842,9489,11670,14441,5366,8955,165292,109477,13139,5352,62797,1353,1788,24,17
2021-05-04T23:59:59+02:00,1,5,4605,4966,9306,10333,10546,13022,14910,18092,22759,24682,23487,26304,18252,22763,5753,9698,2816,2769,4908,4886,5432,6179,6802,8091,7939,8662,8739,9379,11596,14383,5364,8952,163037,108981,12017,5342,62638,791,1768,24,17
2021-05-03T23:59:59+02:00,1,5,4533,4892,9114,10196,10369,12847,14627,17846,22350,24267,23348,26155,18225,22716,5753,9692,2740,2699,4821,4812,5356,6094,6706,7985,7758,8497,8653,9293,11557,14334,5361,8947,161533,108761,12016,5339,62546,681,817,24,17
2021-05-02T23:59:59+02:00,1,5,4520,4878,9037,10138,10244,12735,14301,17539,22048,23981,23298,26096,18206,22691,5752,9691,2734,2692,4761,4779,5266,6010,6569,7856,7641,8397,8607,9251,11533,14300,5359,8942,160647,108646,12013,5337,62442,664,35,24,17
2021-05-01T23:59:59+02:00,1,5,4520,4876,9035,10137,10243,12735,14298,17536,22046,23981,23297,26095,18206,22691,5752,9691,2734,2692,4761,4779,5266,6010,6568,7856,7641,8397,8607,9251,11533,14300,5359,8942,160631,108646,12013,5336,62442,664,35,24,17
2021-04-30T23:59:59+02:00,0,5,4448,4785,8793,9923,9981,12492,13816,17111,21205,23213,23171,25959,18190,22663,5749,9688,2731,2690,4750,4772,5257,5976,6556,7826,7607,8360,8603,9248,11532,14297,5357,8941,157041,108619,12012,5334,62113,533,2,24,17
2021-04-29T23:59:59+02:00,0,5,4299,4641,8312,9515,9283,11889,12816,16215,19366,21536,22467,25203,18052,22454,5743,9671,2708,2669,4709,4700,5214,5902,6496,7720,7531,8242,8493,9134,11467,14221,5351,8932,147882,108136,11998,5062,61562,274,2,23,17
2021-04-28T23:59:59+02:00,0,5,4266,4622,8241,9441,9207,11803,12698,16096,19149,21322,22379,25111,18024,22413,5741,9666,2705,2658,4683,4640,5187,5858,6466,7647,7483,8160,8476,9110,11451,14199,5350,8926,147503,107946,11908,4990,60749,48,1,23,16
2021-04-27T23:59:59+02:00,0,5,4226,4576,8103,9301,9094,11652,12553,15927,18701,20825,22151,24853,17959,22335,5738,9657,2702,2654,4681,4636,5177,5850,6453,7628,7451,8123,8418,9031,11370,14119,5346,8923,146778,107691,10827,4818,60028,40,1,22,14
2021-04-26T23:59:59+02:00,0,5,4184,4548,7997,9206,8947,11547,12379,15754,18289,20461,22017,24707,17924,22307,5738,9656,2702,2652,4677,4633,5173,5840,6439,7608,7419,8095,8370,8983,11315,14041,5343,8906,146010,107587,10692,4562,58942,35,0,22,14
2021-04-25T23:59:59+02:00,0,5,4170,4533,7961,9176,8883,11485,12245,15624,17944,20131,21817,24470,17884,22252,5734,9651,2702,2652,4676,4632,5171,5836,6434,7605,7417,8091,8314,8924,11292,14013,5343,8905,144631,107566,10681,4395,58631,34,0,22,14
2021-04-24T23:59:59+02:00,0,5,4164,4525,7946,9172,8868,11475,12197,15594,17886,20093,21801,24457,17882,22247,5734,9651,2701,2652,4676,4632,5171,5836,6434,7605,7417,8091,8314,8924,11292,14013,5343,8905,144535,107566,10681,4395,58459,33,0,22,14
2021-04-23T23:59:59+02:00,0,5,4144,4492,7889,9109,8785,11374,11857,15269,17453,19696,21587,24224,17819,22170,5732,9643,2698,2650,4673,4629,5164,5829,6420,7596,7394,8060,8293,8897,11284,14005,5341,8902,143274,107554,10334,4237,57618,32,0,22,14
2021-04-22T23:59:59+02:00,0,5,4095,4427,7757,8917,8600,11115,11530,14849,16539,18712,21017,23517,17685,21990,5723,9624,2689,2644,4668,4609,5141,5803,6378,7560,7325,8014,8160,8742,11142,13853,5337,8893,139541,106937,10209,3984,56332,25,0,20,14
2021-04-21T23:59:59+02:00,0,5,4053,4384,7655,8798,8444,10957,11237,14570,15806,17955,20639,23069,17613,21885,5718,9611,2681,2633,4650,4590,5125,5782,6366,7543,7298,7993,8111,8681,11105,13814,5335,8891,136633,106658,10080,3906,55670,23,0,16,13
2021-04-20T23:59:59+02:00,0,5,4028,4358,7620,8746,8367,10877,11075,14395,15371,17478,20178,22555,17513,21733,5710,9600,2673,2624,4640,4577,5100,5762,6338,7519,7258,7953,8017,8549,11031,13727,5331,8887,134488,106087,9816,3866,55289,22,0,16,13
2021-04-19T23:59:59+02:00,0,5,3997,4308,7558,8642,8275,10738,10918,14213,15118,17184,19700,21991,17347,21519,5699,9588,2668,2623,4634,4573,5087,5747,6319,7502,7232,7909,7964,8495,11005,13681,5328,8882,132426,105753,9462,3863,54896,22,0,16,13
2021-04-18T23:59:59+02:00,0,5,3979,4279,7498,8591,8169,10611,10659,13971,14627,16645,19270,21481,17225,21333,5695,9582,2667,2623,4634,4573,5087,5747,6318,7499,7229,7908,7960,8492,11003,13677,5327,8879,130012,105730,9392,3861,54200,21,0,16,13
2021-04-17T23:59:59+02:00,0,5,3976,4271,7478,8585,8159,10593,10617,13925,14517,16557,19149,21357,17203,21305,5693,9580,2667,2623,4633,4571,5082,5742,6304,7494,7204,7885,7914,8446,10984,13654,5326,8879,129574,105721,9383,3655,53997,21,0,16,13
2021-04-16T23:59:59+02:00,0,5,3965,4228,7406,8463,8056,10435,10423,13664,13848,15797,18581,20714,17078,21130,5682,9563,2664,2620,4628,4566,5078,5730,6287,7483,7166,7850,7608,8059,10893,13515,5318,8863,126731,104930,9323,3366,52968,21,0,16,13
2021-04-15T23:59:59+02:00,0,4,3921,4174,7293,8332,7886,10197,10088,13274,13119,14939,17773,19848,16836,20807,5669,9542,2663,2612,4616,4550,5065,5700,6257,7447,7096,7781,7052,7418,10775,13363,5314,8852,123080,103302,9165,3229,51441,19,0,16,13
2021-04-14T23:59:59+02:00,0,3,3894,4145,7227,8226,7780,10047,9914,13075,12701,14493,17248,19237,16685,20597,5664,9529,2630,2593,4598,4518,5036,5653,6222,7414,7039,7720,6422,6665,10513,13076,5310,8844,121693,100999,8932,3229,49824,14,0,16,13
2021-04-13T23:59:59+02:00,0,3,3891,4139,7190,8210,7723,10014,9806,13023,12328,14200,16559,18391,16449,20296,5660,9523,2606,2566,4578,4492,5011,5619,6163,7346,6950,7619,6210,6416,9942,12427,5302,8825,121003,98827,8714,3221,47672,14,0,16,12
2021-04-12T23:59:59+02:00,0,3,3877,4121,7137,8164,7667,9945,9698,12921,12081,13987,16116,17874,16262,20082,5655,9520,2577,2555,4512,4450,4904,5550,6049,7270,6832,7520,5467,5597,9494,11891,5262,8783,120668,95476,8678,3213,45748,14,0,16,12
2021-04-11T23:59:59+02:00,0,3,3864,4113,7096,8112,7608,9901,9605,12843,11843,13779,15552,17186,15987,19741,5650,9510,2501,2472,4383,4328,4749,5417,5886,7118,6680,7414,5165,5236,9363,11732,5262,8779,120081,93298,8250,3164,44046,13,0,16,12
2021-04-10T23:59:59+02:00,0,3,3846,4094,7057,8065,7564,9845,9545,12784,11751,13694,15335,16994,15938,19673,5649,9503,1942,1904,3564,3607,3875,4652,4881,6198,5825,6629,4892,4930,9235,11579,5256,8770,119617,84552,8250,3164,43457,13,0,16,12
2021-04-09T23:59:59+02:00,0,3,3826,4074,7019,8036,7500,9789,9392,12656,11424,13409,14153,15464,15497,19142,5637,9493,1083,1077,2208,2416,2368,3281,3096,4557,4207,5167,4210,4198,8988,11226,5232,8741,117723,68871,8248,3161,40527,13,0,16,12
2021-04-08T23:59:59+02:00,0,3,3800,4058,6958,7983,7397,9695,9206,12537,11020,13055,13021,14210,15088,18621,5618,9463,582,588,1290,1711,1462,2349,1996,3472,2824,3781,2968,2800,8189,10251,5092,8521,116482,54697,8167,3158,37068,11,0,16,12
2021-04-07T23:59:59+02:00,0,3,3753,4033,6880,7929,7305,9625,9078,12408,10710,12747,12294,13439,14871,18356,5612,9444,351,371,939,1366,1056,1963,1486,3009,1880,2774,1786,1514,7285,9113,4938,8262,115521,44917,8016,3158,34935,8,0,15,12
2021-04-06T23:59:59+02:00,0,3,3737,4021,6858,7891,7250,9558,8985,12328,10499,12529,11909,12944,14650,18058,5601,9430,344,357,931,1356,1041,1942,1459,2981,1821,2715,1707,1448,6876,8561,4788,8025,114241,43178,7917,3157,34080,7,0,13,12
2021-04-05T23:59:59+02:00,0,3,3732,4020,6847,7879,7238,9548,8966,12300,10435,12470,11798,12799,14552,17966,5599,9427,342,351,920,1352,1035,1934,1449,2961,1800,2681,1654,1395,6650,8259,4666,7843,113906,42119,7896,3156,33764,7,0,13,12
2021-04-04T23:59:59+02:00,0,3,3732,4020,6845,7873,7237,9547,8963,12300,10425,12465,11795,12795,14549,17965,5599,9427,342,350,918,1352,1034,1932,1448,2960,1798,2678,1651,1390,6643,8246,4661,7840,113901,42071,7895,3155,33731,7,0,13,12
2021-04-03T23:59:59+02:00,0,3,3732,4020,6845,7872,7236,9547,8963,12300,10424,12465,11795,12794,14547,17963,5599,9427,342,349,916,1348,1032,1931,1447,2955,1796,2678,1646,1378,6600,8165,4626,7805,113897,41842,7895,3155,33727,7,0,13,12
2021-04-02T23:59:59+02:00,0,3,3730,4018,6843,7869,7230,9541,8951,12293,10408,12449,11668,12680,14504,17906,5595,9419,340,347,914,1341,1026,1920,1432,2930,1756,2639,1551,1292,5838,7267,4194,7243,113774,39180,7890,2833,33430,7,0,13,12
2021-04-01T23:59:59+02:00,0,2,3691,4006,6809,7847,7188,9510,8899,12254,10337,12379,11328,12273,14131,17397,5591,9406,335,344,898,1326,1014,1901,1400,2884,1697,2575,1428,1199,4908,6164,3644,6422,113391,35294,6488,2828,33156,7,0,13,12
2021-03-31T23:59:59+02:00,0,2,3685,4002,6794,7828,7171,9492,8864,12222,10249,12307,10998,11868,13787,16904,5585,9385,332,341,890,1318,1004,1886,1380,2856,1647,2540,1363,1147,4335,5499,3297,5964,112818,33027,5491,2755,32821,7,0,13,12
2021-03-30T23:59:59+02:00,0,2,3667,3978,6758,7789,7114,9425,8775,12118,10087,12152,10740,11591,13564,16638,5579,9371,328,334,884,1308,997,1880,1357,2850,1619,2514,1336,1121,4217,5377,3237,5872,111997,32655,5241,2559,32097,7,0,13,12
2021-03-29T23:59:59+02:00,0,2,3658,3956,6732,7767,7074,9372,8679,12023,9905,11945,10308,11123,13191,16171,5562,9338,323,330,880,1298,991,1872,1349,2839,1603,2505,1311,1107,4084,5234,3140,5741,110324,32038,4933,2553,31536,6,0,13,12
2021-03-28T23:59:59+02:00,0,2,3616,3901,6617,7610,6957,9231,8552,11830,9753,11755,10097,10863,13015,15985,5557,9328,323,330,880,1298,989,1871,1348,2839,1602,2503,1302,1104,4051,5192,3114,5716,109951,31996,4669,2451,30036,5,0,13,12
2021-03-27T23:59:59+01:00,0,2,3615,3890,6605,7545,6928,9117,8502,11659,9701,11601,9983,10740,12921,15897,5556,9328,323,329,880,1298,989,1868,1348,2837,1598,2502,1300,1102,4025,5157,3101,5701,109942,31893,4669,2450,28966,5,0,13,12
2021-03-26T23:59:59+01:00,0,2,3609,3882,6577,7508,6899,9044,8454,11547,9610,11473,9934,10677,12875,15843,5549,9308,318,327,879,1295,985,1856,1345,2816,1577,2488,1275,1086,3845,4936,2995,5548,109886,31147,4449,2409,28443,5,0,13,12
2021-03-25T23:59:59+01:00,0,2,3586,3851,6486,7381,6807,8880,8263,11315,9301,11157,9556,10295,12572,15528,5544,9299,318,326,877,1287,982,1845,1332,2803,1553,2469,1249,1067,3612,4694,2745,5214,109513,29950,4242,2409,26055,4,0,13,12
2021-03-24T23:59:59+01:00,0,2,3531,3800,6398,7195,6687,8654,8096,11080,9076,10832,9141,9808,12155,15069,5533,9289,318,325,876,1284,977,1843,1324,2799,1537,2453,1241,1057,3546,4621,2564,4993,109002,29338,4105,2409,23226,1,0,13,12
2021-03-23T23:59:59+01:00,0,2,3513,3767,6349,7139,6611,8595,7978,10951,8828,10599,8721,9339,11704,14550,5524,9274,318,325,875,1274,972,1834,1319,2790,1533,2445,1217,1032,3454,4545,2372,4676,108189,28561,4012,2409,21230,1,0,13,12
2021-03-22T23:59:59+01:00,0,2,3505,3747,6306,7110,6577,8548,7912,10875,8679,10463,8441,8986,11401,14225,5488,9235,316,320,869,1264,964,1827,1312,2779,1524,2435,1205,1023,3426,4510,2353,4643,107518,28351,4009,2408,19960,1,0,13,12
2021-03-21T23:59:59+01:00,0,2,3503,3745,6302,7099,6560,8532,7893,10856,8623,10406,8322,8869,11331,14123,5486,9232,314,319,860,1261,957,1820,1303,2777,1520,2431,1201,1020,3417,4495,2339,4634,107433,28249,4008,2408,19430,1,0,13,12
2021-03-20T23:59:59+01:00,0,2,3495,3707,6294,7027,6545,8395,7868,10672,8579,10270,8244,8783,11293,14084,5486,9232,314,319,860,1261,957,1820,1302,2777,1520,2429,1201,1020,3417,4494,2339,4633,107400,28245,3796,2407,18767,1,0,13,12
2021-03-19T23:59:59+01:00,0,2,3482,3677,6268,6944,6521,8302,7822,10555,8465,10109,7707,8177,11109,13843,5476,9214,311,318,855,1254,940,1810,1279,2746,1470,2384,1117,953,2754,3706,1928,4064,105788,25471,3496,2407,18376,1,0,13,12
2021-03-18T23:59:59+01:00,0,2,3471,3659,6227,6903,6488,8240,7759,10470,8350,9980,6752,7084,10830,13543,5466,9189,310,318,852,1249,934,1801,1260,2738,1445,2365,1080,936,2547,3467,1772,3843,102776,24499,3339,2407,18285,1,0,13,12
2021-03-17T23:59:59+01:00,0,2,3434,3621,6156,6819,6435,8137,7669,10342,8220,9822,6072,6244,10544,13240,5449,9163,309,318,845,1244,930,1789,1246,2716,1427,2340,1044,914,2428,3342,1693,3734,100011,23901,3338,2407,18007,1,0,13,12
2021-03-16T23:59:59+01:00,0,2,3416,3592,6117,6766,6390,8064,7616,10278,8130,9721,5895,6069,9847,12456,5410,9100,302,308,831,1228,918,1780,1240,2696,1414,2332,1030,895,2215,3104,1560,3540,97786,22977,3328,2405,17742,1,0,13,12
2021-03-15T23:59:59+01:00,0,2,3379,3560,6021,6687,6261,7972,7474,10159,8001,9596,5143,5236,9404,11908,5367,9030,301,307,828,1224,917,1773,1238,2683,1405,2323,1017,883,2073,2931,1474,3447,94278,22409,3321,2404,17588,1,0,13,12
2021-03-14T23:59:59+01:00,0,2,3254,3413,5743,6341,5985,7611,7160,9745,7716,9281,4810,4845,9247,11711,5363,9020,301,306,828,1224,916,1773,1236,2682,1403,2320,1015,881,2070,2928,1471,3446,91884,22388,3266,2401,16084,1,0,13,12
2021-03-13T23:59:59+01:00,0,2,2600,2751,4802,5473,4967,6682,5965,8627,6701,8338,4497,4462,8864,11192,5273,8912,301,306,827,1222,916,1768,1233,2680,1402,2320,1015,880,2046,2892,1441,3411,81197,22248,3266,2401,15632,1,0,13,12
2021-03-12T23:59:59+01:00,0,2,1774,1930,3465,4323,3461,5348,4218,6988,5067,6832,3831,3759,7616,9645,4773,8233,297,303,825,1218,910,1761,1225,2661,1376,2303,969,855,1698,2430,1173,3060,62386,20652,3263,2401,15603,1,0,13,12
2021-03-11T23:59:59+01:00,0,2,1274,1453,2561,3584,2557,4409,3125,5899,3705,5448,2656,2482,5921,7535,4010,7059,292,294,809,1209,897,1738,1207,2632,1351,2257,932,835,1541,2201,1050,2872,45107,19706,3261,2401,15299,1,0,13,11
2021-03-10T23:59:59+01:00,0,2,1050,1235,2194,3223,2182,4018,2674,5458,2802,4481,1528,1285,4572,5818,3455,6291,282,284,791,1190,875,1702,1173,2559,1312,2191,907,815,1362,2011,954,2699,34097,18803,3261,2294,14897,1,0,13,11
2021-03-09T23:59:59+01:00,0,2,1034,1208,2128,3082,2117,3903,2589,5324,2718,4355,1494,1255,4497,5745,3416,6234,278,277,777,1169,858,1675,1148,2519,1294,2163,892,803,1285,1887,883,2589,33692,18237,3258,2250,14138,1,0,13,11
2021-03-08T23:59:59+01:00,0,2,1012,1177,2071,2983,2077,3821,2530,5211,2662,4283,1456,1235,4351,5587,3315,6093,278,273,772,1161,856,1666,1140,2511,1287,2147,868,782,1119,1662,760,2425,33003,17451,3258,2246,13592,1,0,13,11
2021-03-07T23:59:59+01:00,0,2,1007,1158,2031,2940,2035,3780,2490,5146,2621,4246,1451,1232,4344,5579,3313,6093,278,273,772,1161,856,1666,1140,2511,1286,2147,865,782,1110,1652,752,2414,32973,17451,3252,2205,13230,0,0,13,11
2021-03-06T23:59:59+01:00,0,2,1007,1154,2020,2926,2023,3761,2474,5119,2603,4225,1438,1222,4310,5535,3299,6081,278,273,772,1161,856,1665,1140,2511,1286,2147,865,782,1110,1652,752,2413,32829,17450,3251,2204,13106,0,0,13,11
2021-03-05T23:59:59+01:00,0,2,1003,1150,2005,2906,1993,3738,2431,5067,2550,4188,1402,1194,4044,5210,3149,5860,277,270,765,1154,850,1657,1137,2502,1283,2137,851,778,1102,1643,751,2411,32090,17355,2920,2204,12869,0,0,13,11
2021-03-04T23:59:59+01:00,0,2,909,1003,1917,2778,1925,3601,2355,4913,2460,4030,1372,1173,3804,4951,2885,5511,277,268,763,1149,848,1649,1136,2491,1279,2129,820,764,1090,1632,744,2399,30844,17248,2916,2181,11816,0,0,13,11
2021-03-03T23:59:59+01:00,0,2,863,896,1852,2682,1854,3496,2286,4797,2386,3946,1360,1160,3694,4846,2663,5239,276,266,762,1140,845,1631,1130,2449,1269,2103,803,760,1082,1614,737,2392,30172,17222,2799,2028,11038,0,0,13,11
2021-03-02T23:59:59+01:00,0,2,818,821,1755,2558,1769,3372,2194,4673,2326,3868,1325,1138,3565,4711,2460,4893,276,265,761,1134,842,1628,1125,2444,1265,2093,801,758,1068,1593,726,2373,29448,17116,2610,2027,10177,0,0,13,11
2021-03-01T23:59:59+01:00,0,2,795,782,1655,2414,1698,3228,2094,4501,2246,3747,1307,1126,3514,4648,2416,4831,276,264,757,1130,841,1616,1121,2432,1260,2083,795,756,1063,1582,719,2366,29195,17025,2526,2027,9270,0,0,13,11
2021-02-28T23:59:59+01:00,0,2,789,759,1636,2348,1671,3156,2071,4401,2232,3680,1301,1120,3504,4634,2402,4821,275,263,757,1129,841,1611,1121,2430,1260,2078,792,754,1055,1569,715,2356,29089,17003,2524,1994,8901,0,0,13,11
2021-02-27T23:59:59+01:00,0,2,774,742,1614,2288,1654,3045,2052,4275,2211,3584,1298,1117,3504,4632,2401,4820,275,263,757,1129,841,1610,1121,2430,1260,2077,792,754,1054,1569,714,2354,29085,17001,2523,1990,8392,0,0,13,11
2021-02-26T23:59:59+01:00,0,2,646,661,1509,2175,1602,2886,1989,4038,2110,3348,1208,1046,2854,3839,1975,4238,275,263,756,1127,840,1609,1121,2428,1258,2074,790,749,1036,1556,704,2338,26296,16927,2523,1988,7294,0,0,13,11
2021-02-25T23:59:59+01:00,0,2,496,581,1390,2073,1535,2758,1928,3910,2010,3237,1159,1014,2624,3569,1811,3995,258,248,731,1103,798,1540,1074,2330,1184,1982,733,728,1004,1519,692,2310,25231,16834,2496,1391,6352,0,0,13,11
2021-02-24T23:59:59+01:00,0,2,466,550,1321,1960,1462,2614,1858,3757,1933,3088,1121,984,2485,3432,1732,3876,229,235,704,1058,772,1478,1045,2270,1130,1932,706,705,958,1490,681,2280,24580,16648,2485,1016,5563,0,0,13,11
2021-02-23T23:59:59+01:00,0,2,410,510,1239,1820,1388,2468,1781,3546,1862,2966,1096,950,2282,3204,1607,3690,224,229,689,1035,761,1439,1023,2227,1105,1891,697,693,949,1476,678,2276,23659,16563,2475,820,4674,0,0,13,11
2021-02-22T23:59:59+01:00,0,2,397,477,1140,1709,1286,2371,1672,3440,1781,2895,1075,937,2141,3032,1522,3595,213,220,667,984,730,1376,998,2133,1061,1810,654,661,880,1400,642,2220,23087,16375,2471,265,3901,0,0,13,11
2021-02-21T23:59:59+01:00,0,2,378,461,1039,1677,1134,2347,1517,3417,1678,2877,1067,935,2140,3031,1522,3595,186,214,636,976,719,1368,984,2128,1056,1808,651,658,877,1396,634,2213,23058,16244,2471,251,3275,0,0,13,11
2021-02-20T23:59:59+01:00,0,2,378,459,1038,1677,1133,2347,1515,3415,1678,2875,1067,934,2139,3031,1521,3594,185,212,633,976,716,1367,978,2125,1054,1808,651,658,877,1396,634,2213,23051,16223,2470,251,3269,0,0,13,11
2021-02-19T23:59:59+01:00,0,2,373,450,1026,1673,1123,2337,1502,3397,1646,2860,1017,906,1768,2524,1224,3212,164,202,607,972,698,1359,961,2123,1048,1806,648,657,875,1396,633,2212,21312,16101,2470,251,3245,0,0,13,11
2021-02-18T23:59:59+01:00,0,2,353,430,986,1591,1085,2250,1449,3279,1605,2770,987,883,1595,2281,1095,3008,144,191,568,961,678,1347,927,2107,1024,1786,637,638,854,1368,619,2191,20332,15780,2470,251,2834,0,0,13,11
2021-02-17T23:59:59+01:00,0,2,330,377,902,1448,978,2050,1315,3025,1493,2550,950,853,1406,2069,994,2831,138,184,556,930,652,1296,894,2029,974,1710,603,606,847,1342,614,2172,19259,15287,2470,251,1831,0,0,13,11
2021-02-16T23:59:59+01:00,0,2,324,338,858,1310,926,1862,1254,2800,1427,2389,938,836,1343,1973,927,2735,132,171,542,887,637,1242,866,1966,944,1668,593,596,825,1311,601,2112,18888,14969,2469,115,872,0,0,13,11
2021-02-15T23:59:59+01:00,0,2,308,298,830,1279,909,1806,1214,2716,1389,2333,910,804,1166,1741,798,2559,123,163,521,859,619,1180,842,1893,921,1591,572,559,807,1274,592,2070,17977,14502,2468,75,604,0,0,13,11
2021-02-14T23:59:59+01:00,0,2,308,298,829,1279,908,1806,1212,2716,1389,2333,910,804,1166,1741,798,2559,123,163,520,852,615,1175,836,1887,917,1588,571,559,805,1273,591,2067,17976,14458,2468,75,601,0,0,13,11
2021-02-13T23:59:59+01:00,0,2,308,298,829,1279,908,1803,1212,2714,1389,2331,910,804,1166,1741,798,2559,123,163,520,852,615,1175,834,1884,915,1584,569,559,790,1253,579,2051,17969,14456,2468,1,601,0,0,13,11
2021-02-12T23:59:59+01:00,0,2,304,297,819,1274,904,1773,1206,2686,1361,2302,908,802,1165,1738,798,2559,123,163,518,849,614,1168,828,1872,909,1571,566,557,776,1242,573,2038,17960,14357,2468,1,457,0,0,13,11
2021-02-11T23:59:59+01:00,0,2,285,288,804,1239,898,1739,1190,2620,1339,2247,873,789,1154,1726,797,2549,121,149,500,808,592,1103,794,1772,886,1511,552,543,752,1207,559,2006,17847,13846,2467,0,212,0,0,13,11
2021-02-10T23:59:59+01:00,0,2,282,282,785,1201,885,1709,1178,2574,1324,2205,868,787,1139,1710,792,2533,117,140,433,724,547,1010,716,1646,828,1427,537,527,738,1187,549,1978,17823,13106,2362,0,58,0,0,13,0
2021-02-09T23:59:59+01:00,0,2,282,279,781,1187,874,1692,1163,2555,1310,2181,853,782,1125,1693,781,2517,100,121,378,637,495,880,637,1447,739,1239,485,449,617,1025,481,1738,17725,11470,2316,0,3,0,0,13,0
2021-02-08T23:59:59+01:00,0,2,282,278,779,1182,874,1685,1161,2551,1304,2173,847,779,1109,1671,764,2496,90,99,334,544,443,781,548,1240,633,1074,410,375,535,838,388,1432,17610,9766,2313,0,1,0,0,13,0
2021-02-07T23:59:59+01:00,0,2,281,277,777,1181,873,1685,1161,2550,1304,2170,841,777,1107,1668,763,2494,88,98,332,539,441,777,546,1231,629,1068,405,370,514,815,382,1418,17585,9655,2313,0,0,0,0,13,0
2021-02-06T23:59:59+01:00,0,2,281,276,777,1180,873,1684,1161,2550,1304,2169,840,776,1105,1662,762,2492,88,97,332,536,440,776,545,1227,627,1067,401,365,466,746,354,1373,17569,9442,2312,0,0,0,0,13,0
2021-02-05T23:59:59+01:00,0,2,281,276,777,1179,872,1683,1160,2549,1303,2166,833,770,1082,1652,755,2476,82,95,324,530,424,758,519,1193,598,1025,378,338,446,723,340,1333,17491,9107,2312,0,0,0,0,13,0
2021-02-04T23:59:59+01:00,0,2,278,269,774,1158,860,1661,1147,2521,1289,2142,811,757,1054,1622,748,2460,68,77,254,409,329,592,402,965,485,823,305,274,335,578,277,1114,17251,7287,2289,0,0,0,0,13,0
2021-02-03T23:59:59+01:00,0,2,277,264,770,1137,858,1635,1140,2471,1276,2112,792,743,1037,1599,739,2446,54,54,168,280,255,441,282,715,361,584,209,194,237,425,194,837,17155,5290,2130,0,0,0,0,13,0
2021-02-02T23:59:59+01:00,0,2,276,259,766,1129,852,1613,1131,2447,1264,2095,788,736,1028,1588,737,2438,35,35,91,139,147,252,171,448,233,366,135,124,161,256,136,538,17006,3267,2130,0,0,0,0,13,0
2021-02-01T23:59:59+01:00,0,2,274,256,761,1110,844,1592,1126,2418,1260,2062,780,723,1021,1578,733,2425,11,12,14,26,25,63,44,88,70,101,49,45,57,74,39,178,16823,896,2130,0,0,0,0,12,0
2021-01-31T23:59:59+01:00,0,2,268,254,745,1108,836,1581,1116,2407,1249,2053,774,717,1011,1561,726,2412,10,12,13,25,23,60,38,83,63,93,46,45,53,67,36,165,16788,832,2020,0,0,0,0,12,0
2021-01-30T23:59:59+01:00,0,2,268,254,745,1107,835,1581,1116,2407,1249,2053,773,717,1010,1560,725,2410,10,10,13,25,23,60,38,83,62,91,45,44,52,67,36,164,16784,823,2016,0,0,0,0,12,0
2021-01-29T23:59:59+01:00,0,2,268,254,745,1106,835,1581,1116,2407,1249,2052,772,716,1009,1558,725,2408,9,5,12,24,23,59,36,81,61,91,44,43,52,67,36,164,16777,807,2014,0,0,0,0,12,0
2021-01-28T23:59:59+01:00,0,2,264,249,733,1081,800,1526,1079,2347,1172,1994,731,702,980,1538,709,2386,4,0,3,6,9,24,18,36,20,45,21,22,23,45,15,97,16598,388,1683,0,0,0,0,12,0
2021-01-27T23:59:59+01:00,0,2,258,242,710,1049,752,1471,1022,2266,1099,1913,696,675,966,1517,706,2379,3,0,3,4,6,20,14,22,13,32,6,9,10,10,4,27,16150,183,1561,0,0,0,0,12,0
2021-01-26T23:59:59+01:00,0,2,234,233,693,1025,744,1421,1002,2192,1072,1848,684,661,943,1501,696,2360,3,0,1,4,5,10,12,12,6,11,3,5,6,7,1,16,16099,102,1200,0,0,0,0,12,0
2021-01-25T23:59:59+01:00,0,2,202,218,641,951,692,1298,960,2046,1014,1713,636,606,866,1406,653,2287,3,0,1,4,5,10,12,12,6,11,3,5,6,7,1,16,15873,102,306,0,0,0,0,12,0
2021-01-24T23:59:59+01:00,0,2,185,212,615,939,673,1284,942,2030,999,1703,629,600,856,1386,644,2274,3,0,1,4,5,10,11,12,5,11,3,5,6,7,1,16,15700,100,261,0,0,0,0,12,0
2021-01-23T23:59:59+01:00,0,2,185,212,615,939,673,1284,942,2030,999,1703,629,600,856,1386,644,2274,3,0,1,4,5,10,9,12,5,11,3,5,6,7,1,16,15700,98,261,0,0,0,0,12,0
2021-01-22T23:59:59+01:00,0,2,138,194,557,929,655,1270,908,2020,988,1692,624,599,855,1386,644,2274,3,0,0,4,5,10,9,12,5,11,3,5,6,7,1,16,15462,97,261,0,0,0,0,12,0
2021-01-21T23:59:59+01:00,0,2,133,186,542,906,634,1229,875,1966,966,1644,613,578,843,1355,637,2255,3,0,0,4,4,10,9,12,5,11,3,5,6,7,1,15,15091,95,261,0,0,0,0,12,0
2021-01-20T23:59:59+01:00,0,2,128,170,495,840,611,1153,812,1856,929,1573,592,561,826,1332,627,2227,3,0,0,4,4,10,9,12,5,11,3,5,6,7,1,15,14463,95,259,0,0,0,0,12,0
2021-01-19T23:59:59+01:00,0,2,115,151,422,753,545,1023,727,1657,825,1408,546,507,725,1173,554,1979,3,0,0,4,4,8,9,12,5,11,3,5,6,7,1,15,12908,93,192,0,0,0,0,12,0
2021-01-18T23:59:59+01:00,0,2,97,119,353,600,454,851,597,1396,699,1202,478,441,641,1016,487,1712,1,0,0,1,0,0,0,0,0,0,0,0,0,1,0,0,11051,3,82,0,0,0,0,12,0
2021-01-17T23:59:59+01:00,0,2,93,117,349,595,453,846,595,1377,691,1192,473,432,614,987,471,1671,1,0,0,1,0,0,0,0,0,0,0,0,0,1,0,0,10864,3,82,0,0,0,0,12,0
2021-01-16T23:59:59+01:00,0,2,93,114,347,587,450,841,584,1364,680,1180,458,418,519,861,410,1574,0,0,0,1,0,0,0,0,0,0,0,0,0,0,0,0,10467,1,3,0,0,0,0,12,0
2021-01-15T23:59:59+01:00,0,2,92,112,342,585,444,836,578,1357,663,1164,442,400,511,849,402,1551,0,0,0,0,0,0,0,0,0,0,0,0,0,0,0,0,10317,0,1,0,0,0,0,12,0
2021-01-14T23:59:59+01:00,0,0,75,90,285,483,366,673,461,1103,543,982,363,320,401,695,332,1321,0,0,0,0,0,0,0,0,0,0,0,0,0,0,0,0,8481,0,0,0,0,0,0,12,0
2021-01-13T23:59:59+01:00,0,0,61,67,201,365,290,500,347,821,417,701,253,224,293,520,250,1015,0,0,0,0,0,0,0,0,0,0,0,0,0,0,0,0,6314,0,0,0,0,0,0,11,0
2021-01-12T23:59:59+01:00,0,0,40,44,121,216,177,310,206,528,278,434,159,142,188,337,171,682,0,0,0,0,0,0,0,0,0,0,0,0,0,0,0,0,4033,0,0,0,0,0,0,0,0
2021-01-11T23:59:59+01:00,0,0,11,14,41,57,41,91,59,119,92,128,65,58,83,103,49,223,0,0,0,0,0,0,0,0,0,0,0,0,0,0,0,0,1234,0,0,0,0,0,0,0,0
2021-01-10T23:59:59+01:00,0,0,11,14,29,47,34,73,50,110,79,118,57,54,77,93,46,209,0,0,0,0,0,0,0,0,0,0,0,0,0,0,0,0,1101,0,0,0,0,0,0,0,0
2021-01-09T23:59:59+01:00,0,0,11,13,26,46,34,73,49,109,77,115,56,53,76,92,45,208,0,0,0,0,0,0,0,0,0,0,0,0,0,0,0,0,1083,0,0,0,0,0,0,0,0
2021-01-08T23:59:59+01:00,0,0,7,6,26,41,32,70,46,107,76,114,53,49,71,87,41,208,0,0,0,0,0,0,0,0,0,0,0,0,0,0,0,0,1034,0,0,0,0,0,0,0,0
2021-01-07T23:59:59+01:00,0,0,5,1,9,20,15,37,28,77,33,77,32,27,47,74,28,162,0,0,0,0,0,0,0,0,0,0,0,0,0,0,0,0,672,0,0,0,0,0,0,0,0
2021-01-06T23:59:59+01:00,0,0,5,0,4,8,10,29,25,43,19,47,26,24,34,51,19,120,0,0,0,0,0,0,0,0,0,0,0,0,0,0,0,0,464,0,0,0,0,0,0,0,0
2021-01-05T23:59:59+01:00,0,0,5,0,4,8,10,29,25,43,19,47,26,24,34,50,19,120,0,0,0,0,0,0,0,0,0,0,0,0,0,0,0,0,463,0,0,0,0,0,0,0,0
2021-01-04T23:59:59+01:00,0,0,4,0,1,3,4,10,13,12,5,11,3,5,6,8,1,17,0,0,0,0,0,0,0,0,0,0,0,0,0,0,0,0,103,0,0,0,0,0,0,0,0
2021-01-03T23:59:59+01:00,0,0,3,0,1,3,4,10,12,12,5,11,3,5,6,8,1,16,0,0,0,0,0,0,0,0,0,0,0,0,0,0,0,0,100,0,0,0,0,0,0,0,0
2021-01-02T23:59:59+01:00,0,0,3,0,1,3,4,10,10,12,5,11,3,5,6,8,1,16,0,0,0,0,0,0,0,0,0,0,0,0,0,0,0,0,98,0,0,0,0,0,0,0,0
2021-01-01T23:59:59+01:00,0,0,3,0,0,3,4,10,10,12,5,11,3,5,6,7,1,16,0,0,0,0,0,0,0,0,0,0,0,0,0,0,0,0,96,0,0,0,0,0,0,0,0
2020-12-31T23:59:59+01:00,0,0,3,0,0,3,4,10,9,12,5,11,3,5,6,7,1,16,0,0,0,0,0,0,0,0,0,0,0,0,0,0,0,0,95,0,0,0,0,0,0,0,0
2020-12-30T23:59:59+01:00,0,0,3,0,0,3,4,10,9,12,5,11,3,5,6,7,1,16,0,0,0,0,0,0,0,0,0,0,0,0,0,0,0,0,95,0,0,0,0,0,0,0,0
2020-12-29T23:59:59+01:00,0,0,3,0,0,3,4,8,9,12,5,11,3,5,6,7,1,16,0,0,0,0,0,0,0,0,0,0,0,0,0,0,0,0,93,0,0,0,0,0,0,0,0
2020-12-28T23:59:59+01:00,0,0,3,0,0,3,4,8,9,12,5,11,3,5,6,7,1,16,0,0,0,0,0,0,0,0,0,0,0,0,0,0,0,0,93,0,0,0,0,0,0,0,0
2020-12-27T23:59:59+01:00,0,0,1,0,0,0,0,0,0,0,0,0,0,0,1,3,0,7,0,0,0,0,0,0,0,0,0,0,0,0,0,0,0,0,12,0,0,0,0,0,0,0,0
