Datum,<15_1_m,<15_1_w,15-24_1_m,15-24_1_w,25-34_1_m,25-34_1_w,35-44_1_m,35-44_1_w,45-54_1_m,45-54_1_w,55-64_1_m,55-64_1_w,65-74_1_m,65-74_1_w,75-84_1_m,75-84_1_w,>84_1_m,>84_1_w,<15_2_m,<15_2_w,15-24_2_m,15-24_2_w,25-34_2_m,25-34_2_w,35-44_2_m,35-44_2_w,45-54_2_m,45-54_2_w,55-64_2_m,55-64_2_w,65-74_2_m,65-74_2_w,75-84_2_m,75-84_2_w,>84_2_m,>84_2_w,bp_1,bp_2,mo_1,mo_2,az_1,az_2,ja,unb_1,unb_2
2021-11-08T23:59:59+01:00,4599,4275,27694,26199,37052,34080,36330,35854,41343,41428,44350,44186,28604,31833,20345,25489,6376,10756,3735,3437,24336,23334,33535,30653,33518,33131,38695,38687,42032,42033,27618,30723,19680,24579,6120,10224,355004,328493,46275,44339,77564,71305,21890,66,43
2021-11-07T23:59:59+01:00,4564,4246,27523,26060,36865,33910,36202,35722,41237,41340,44278,44133,28589,31818,20337,25481,6374,10749,3728,3430,24307,23306,33493,30624,33495,33109,38673,38664,42011,42011,27615,30712,19675,24572,6118,10222,353727,328257,46243,44326,77564,71305,21834,66,43
2021-11-06T23:59:59+01:00,4544,4230,27474,26022,36802,33870,36173,35704,41201,41324,44254,44110,28585,31816,20331,25479,6374,10747,3727,3427,24301,23302,33486,30620,33492,33105,38668,38662,42008,42009,27612,30712,19673,24570,6117,10221,353367,328220,46231,44326,77564,71305,21818,66,43
2021-11-05T23:59:59+01:00,4465,4150,27273,25870,36617,33672,35999,35569,41094,41208,44189,44051,28574,31802,20329,25470,6372,10746,3711,3407,24245,23269,33440,30579,33442,33071,38632,38628,41984,41990,27602,30706,19669,24563,6115,10219,351987,327892,46086,44280,77564,71305,21752,66,43
2021-11-04T23:59:59+01:00,4392,4103,27063,25718,36409,33470,35823,35455,40974,41096,44104,43991,28551,31789,20320,25456,6369,10742,3679,3360,24161,23168,33348,30477,33372,32995,38575,38569,41925,41939,27588,30682,19661,24551,6110,10211,350520,327111,46012,44244,77564,71305,21668,66,43
2021-11-03T23:59:59+01:00,4373,4072,27001,25663,36323,33390,35750,35418,40914,41051,44065,43964,28544,31779,20314,25450,6368,10742,3653,3330,24127,23127,33316,30435,33336,32971,38555,38543,41901,41918,27573,30664,19655,24543,6105,10206,349903,326713,45993,44237,77564,71305,21660,66,43
2021-11-02T23:59:59+01:00,4339,4031,26782,25525,36089,33219,35588,35305,40780,40951,43982,43896,28518,31761,20303,25441,6367,10738,3624,3303,24025,23048,33204,30359,33269,32921,38494,38489,41856,41886,27553,30643,19639,24532,6103,10199,348510,326049,45941,44211,77564,71305,21539,66,43
2021-11-01T23:59:59+01:00,4297,3994,26693,25462,35974,33145,35511,35259,40709,40900,43944,43877,28511,31752,20299,25440,6366,10737,3606,3267,23978,22999,33149,30324,33234,32891,38455,38464,41830,41861,27543,30636,19633,24524,6102,10197,347822,325645,45915,44194,77564,71303,21508,66,43
2021-10-31T23:59:59+01:00,4297,3994,26689,25462,35972,33145,35511,35259,40708,40900,43943,43876,28510,31752,20299,25440,6366,10737,3606,3267,23978,22999,33149,30324,33234,32891,38454,38464,41829,41861,27543,30636,19633,24524,6102,10197,347814,325644,45914,44194,77564,71303,21507,66,43
2021-10-30T23:59:59+02:00,4294,3992,26678,25457,35958,33137,35505,35255,40699,40896,43935,43876,28509,31752,20299,25439,6366,10736,3606,3267,23974,22996,33146,30324,33234,32888,38453,38463,41828,41861,27543,30636,19633,24524,6102,10197,347737,325628,45914,44194,77564,71303,21507,66,43
2021-10-29T23:59:59+02:00,4270,3975,26559,25386,35814,33037,35409,35197,40616,40842,43897,43858,28506,31744,20298,25437,6366,10736,3594,3260,23927,22962,33097,30273,33195,32858,38420,38432,41804,41845,27538,30628,19629,24518,6101,10197,346996,325289,45858,44176,77564,71302,21468,66,43
2021-10-28T23:59:59+02:00,4238,3933,26388,25258,35617,32903,35263,35099,40520,40767,43836,43816,28494,31733,20289,25430,6365,10734,3565,3224,23840,22876,33012,30182,33131,32808,38366,38382,41756,41816,27527,30613,19622,24509,6097,10190,345914,324674,45783,44136,77564,71302,21361,66,43
2021-10-27T23:59:59+02:00,4212,3909,26348,25225,35573,32858,35222,35049,40484,40739,43812,43798,28491,31726,20287,25424,6360,10732,3550,3205,23793,22836,32965,30143,33106,32781,38355,38358,41745,41796,27519,30597,19614,24502,6096,10188,345492,324316,45773,44130,77564,71301,21359,66,43
2021-10-26T23:59:59+02:00,4169,3880,26211,25110,35431,32755,35130,34972,40414,40690,43771,43776,28480,31715,20282,25418,6357,10730,3522,3192,23728,22755,32888,30073,33060,32731,38301,38320,41706,41773,27511,30587,19609,24493,6095,10186,344641,323811,45745,44098,77564,71298,21280,66,43
2021-10-25T23:59:59+02:00,4160,3872,26197,25092,35398,32732,35103,34958,40400,40683,43767,43772,28479,31714,20281,25418,6357,10730,3517,3185,23724,22749,32869,30054,33057,32725,38294,38317,41705,41770,27510,30586,19609,24490,6095,10186,344488,323748,45736,44090,77564,71297,21264,66,43
2021-10-24T23:59:59+02:00,4149,3867,26174,25062,35365,32704,35073,34935,40386,40665,43755,43763,28478,31710,20280,25416,6357,10730,3507,3177,23710,22732,32858,30045,33045,32717,38285,38309,41697,41762,27504,30583,19609,24485,6095,10185,344253,323611,45728,44090,77563,71297,21264,66,43
2021-10-23T23:59:59+02:00,4149,3867,26172,25058,35360,32703,35069,34932,40383,40663,43753,43763,28478,31710,20280,25416,6357,10730,3507,3177,23710,22731,32857,30045,33043,32717,38284,38308,41697,41762,27504,30583,19609,24485,6095,10185,344227,323605,45728,44090,77563,71297,21264,66,43
2021-10-22T23:59:59+02:00,4128,3836,26076,24987,35251,32606,34976,34872,40307,40621,43712,43736,28472,31706,20277,25409,6357,10729,3469,3148,23651,22668,32794,29990,32991,32679,38247,38277,41664,41737,27498,30576,19605,24482,6094,10184,343516,323123,45694,44067,77563,71297,21224,66,43
2021-10-21T23:59:59+02:00,4062,3790,25971,24894,35126,32491,34876,34801,40236,40565,43651,43700,28460,31692,20271,25403,6357,10727,3284,2996,23507,22516,32699,29899,32920,32611,38187,38222,41613,41697,27480,30557,19589,24465,6089,10175,342616,321965,45668,44035,77562,71297,21166,66,43
2021-10-20T23:59:59+02:00,4053,3774,25940,24864,35075,32444,34842,34768,40214,40544,43631,43686,28455,31687,20268,25398,6352,10723,3251,2968,23467,22476,32657,29866,32892,32583,38161,38192,41591,41675,27465,30545,19579,24454,6086,10171,342280,321564,45661,44021,77562,71297,21154,66,43
2021-10-19T23:59:59+02:00,4035,3747,25869,24819,35021,32398,34803,34729,40180,40517,43610,43672,28450,31680,20260,25390,6347,10720,3148,2855,23348,22366,32578,29798,32852,32540,38134,38148,41560,41651,27450,30528,19570,24447,6079,10166,341862,320774,45637,43980,77562,71296,21125,66,43
2021-10-18T23:59:59+02:00,4026,3729,25829,24793,34991,32360,34785,34715,40162,40503,43600,43658,28443,31673,20250,25383,6346,10720,3119,2837,23301,22328,32546,29755,32828,32504,38108,38128,41540,41628,27443,30521,19563,24438,6076,10162,341601,320412,45630,43962,77562,71296,21112,66,43
2021-10-17T23:59:59+02:00,4019,3717,25813,24787,34978,32348,34776,34709,40159,40500,43595,43650,28439,31668,20250,25378,6345,10718,3030,2758,23261,22301,32535,29741,32822,32494,38104,38121,41539,41620,27443,30518,19562,24436,6074,10162,341485,320109,45630,43962,77562,71296,21111,66,43
2021-10-16T23:59:59+02:00,4019,3717,25813,24787,34978,32348,34775,34709,40158,40499,43595,43650,28438,31667,20250,25377,6345,10717,3029,2756,23260,22301,32535,29741,32822,32493,38103,38120,41538,41619,27442,30518,19562,24435,6073,10160,341479,320096,45630,43962,77562,71296,21110,66,43
2021-10-15T23:59:59+02:00,4009,3707,25775,24756,34946,32322,34751,34686,40139,40487,43584,43643,28434,31664,20247,25374,6343,10713,2999,2732,23199,22230,32478,29691,32790,32447,38074,38093,41519,41602,27434,30511,19559,24431,6073,10156,341243,319643,45614,43935,77561,71296,21101,66,43
2021-10-14T23:59:59+02:00,3989,3677,25702,24697,34882,32255,34706,34651,40105,40454,43553,43628,28426,31655,20241,25370,6340,10708,2955,2675,23116,22144,32415,29595,32738,32390,38016,38050,41480,41565,27417,30497,19551,24422,6070,10155,340762,318960,45593,43890,77561,71296,21062,66,43
2021-10-13T23:59:59+02:00,3975,3654,25671,24676,34856,32224,34686,34635,40090,40432,43535,43608,28418,31649,20236,25361,6334,10701,2934,2654,23083,22104,32389,29556,32727,32355,37996,38030,41464,41553,27410,30483,19544,24415,6070,10150,340472,318639,45590,43882,77561,71296,21057,66,43
2021-10-12T23:59:59+02:00,3958,3634,25620,24624,34796,32160,34652,34605,40061,40405,43515,43595,28405,31634,20232,25352,6328,10694,2906,2620,22995,22007,32290,29466,32683,32307,37939,37992,41439,41516,27385,30470,19537,24405,6067,10140,340042,317948,45572,43845,77561,71294,21034,66,43
2021-10-11T23:59:59+02:00,3950,3622,25595,24598,34781,32136,34624,34587,40050,40392,43504,43582,28395,31625,20225,25347,6324,10689,2885,2609,22964,21974,32247,29431,32658,32277,37922,37975,41418,41499,27379,30464,19531,24398,6065,10136,339821,317634,45559,43837,77561,71294,21024,66,43
2021-10-10T23:59:59+02:00,3947,3620,25590,24591,34772,32125,34618,34573,40042,40387,43495,43574,28394,31620,20220,25343,6324,10685,2877,2603,22954,21958,32235,29414,32653,32270,37911,37964,41412,41494,27373,30460,19530,24397,6065,10136,339717,317511,45557,43834,77561,71294,21024,66,43
2021-10-09T23:59:59+02:00,3946,3617,25589,24589,34771,32121,34616,34572,40039,40383,43493,43574,28392,31619,20219,25340,6323,10685,2877,2602,22954,21958,32235,29414,32651,32269,37910,37964,41411,41493,27373,30460,19529,24397,6065,10135,339685,317502,45557,43834,77561,71294,21024,66,43
2021-10-08T23:59:59+02:00,3911,3593,25516,24531,34708,32066,34583,34541,40005,40355,43459,43548,28382,31609,20206,25324,6315,10681,2850,2567,22856,21891,32186,29359,32614,32221,37882,37920,41386,41469,27361,30442,19523,24389,6061,10134,339167,316951,45539,43819,77561,71293,21005,66,43
2021-10-07T23:59:59+02:00,3887,3549,25440,24450,34638,31993,34535,34501,39965,40313,43426,43521,28372,31597,20190,25314,6308,10671,2792,2505,22729,21748,32114,29271,32562,32144,37835,37872,41343,41428,27341,30424,19507,24375,6054,10122,338573,316075,45512,43793,77561,71292,20963,66,43
2021-10-06T23:59:59+02:00,3873,3529,25404,24406,34598,31954,34509,34470,39946,40296,43407,43503,28365,31588,20177,25296,6304,10659,2777,2488,22696,21706,32083,29234,32540,32113,37819,37847,41324,41413,27331,30414,19497,24363,6052,10118,338197,315734,45509,43790,77561,71292,20956,66,43
2021-10-05T23:59:59+02:00,3851,3510,25347,24344,34528,31879,34470,34431,39926,40261,43369,43480,28355,31576,20156,25276,6299,10630,2740,2446,22620,21587,31991,29142,32485,32049,37776,37806,41294,41384,27315,30404,19487,24353,6042,10108,337683,315034,45487,43764,77559,71290,20898,66,43
2021-10-04T23:59:59+02:00,3828,3488,25299,24299,34483,31843,34435,34398,39899,40240,43349,43459,28347,31567,20148,25259,6290,10616,2725,2436,22575,21541,31962,29093,32456,32025,37756,37788,41268,41368,27304,30388,19478,24344,6038,10098,337271,314683,45476,43750,77559,71287,20880,66,43
2021-10-03T23:59:59+02:00,3819,3485,25284,24292,34473,31836,34427,34391,39893,40230,43343,43455,28343,31565,20145,25250,6289,10609,2720,2430,22561,21530,31954,29083,32442,32016,37749,37782,41260,41364,27302,30383,19474,24338,6033,10092,337157,314558,45475,43748,77559,71287,20877,66,43
2021-10-02T23:59:59+02:00,3819,3485,25284,24292,34472,31836,34427,34391,39892,40230,43343,43455,28343,31565,20145,25250,6289,10609,2719,2430,22561,21530,31954,29083,32442,32016,37749,37782,41260,41364,27302,30383,19474,24338,6033,10092,337155,314557,45475,43748,77559,71287,20877,66,43
2021-10-01T23:59:59+02:00,3800,3467,25235,24226,34405,31767,34365,34350,39857,40205,43313,43437,28339,31558,20143,25248,6287,10606,2676,2388,22461,21441,31902,29012,32392,31974,37711,37734,41235,41347,27295,30378,19470,24333,6032,10090,336715,313995,45448,43721,77557,71285,20827,66,43
2021-09-30T23:59:59+02:00,3768,3425,25135,24110,34300,31689,34292,34289,39788,40147,43260,43392,28324,31539,20132,25240,6284,10595,2614,2336,22340,21323,31820,28908,32332,31903,37661,37686,41195,41321,27266,30366,19467,24320,6030,10085,335941,313200,45406,43696,77552,71285,20749,66,43
2021-09-29T23:59:59+02:00,3750,3405,25107,24064,34270,31661,34266,34263,39769,40125,43239,43374,28315,31531,20127,25234,6278,10588,2607,2322,22312,21292,31797,28888,32312,31879,37644,37669,41179,41309,27261,30355,19462,24311,6029,10081,335615,312953,45402,43692,77552,71285,20736,66,43
2021-09-28T23:59:59+02:00,3722,3373,25020,23992,34188,31592,34216,34213,39720,40084,43203,43343,28299,31512,20119,25222,6274,10579,2586,2296,22218,21218,31731,28815,32265,31832,37610,37626,41154,41284,27240,30340,19460,24302,6026,10079,335045,312448,45368,43662,77552,71284,20645,66,43
2021-09-27T23:59:59+02:00,3699,3349,24977,23965,34151,31552,34193,34183,39700,40050,43182,43322,28291,31502,20112,25217,6270,10571,2567,2282,22182,21186,31699,28775,32239,31811,37588,37608,41134,41271,27231,30335,19457,24298,6025,10075,334706,312181,45359,43646,77551,71284,20609,66,43
2021-09-26T23:59:59+02:00,3546,3245,24920,23930,34141,31544,34186,34180,39694,40044,43176,43316,28290,31500,20110,25216,6269,10570,2556,2275,22166,21167,31695,28768,32235,31807,37580,37601,41129,41265,27228,30331,19454,24296,6024,10074,334302,312076,45359,43645,77551,71283,20604,66,43
2021-09-25T23:59:59+02:00,3545,3245,24919,23930,34141,31544,34186,34180,39692,40043,43175,43316,28290,31499,20110,25216,6269,10570,2556,2274,22164,21164,31695,28768,32233,31806,37577,37599,41129,41265,27228,30330,19454,24296,6024,10074,334296,312061,45359,43645,77550,71283,20604,66,43
2021-09-24T23:59:59+02:00,3521,3213,24837,23854,34029,31465,34118,34117,39635,39996,43141,43290,28276,31488,20107,25210,6268,10568,2520,2243,22078,21075,31601,28704,32188,31769,37521,37561,41109,41243,27216,30319,19451,24293,6023,10074,333770,311605,45326,43632,77549,71282,20427,66,42
2021-09-23T23:59:59+02:00,3350,3062,24699,23706,33939,31375,34041,34057,39577,39943,43083,43246,28259,31474,20099,25198,6265,10566,2470,2199,21964,20971,31533,28627,32136,31713,37485,37527,41074,41209,27202,30299,19444,24277,6022,10071,332729,310985,45298,43614,77549,71280,20302,66,42
2021-09-22T23:59:59+02:00,3327,3037,24663,23651,33907,31342,34018,34018,39548,39927,43060,43221,28249,31465,20095,25187,6265,10561,2455,2187,21934,20940,31496,28589,32118,31684,37463,37512,41051,41198,27192,30293,19441,24273,6022,10070,332378,310721,45289,43610,77547,71279,20266,66,42
2021-09-21T23:59:59+02:00,3200,2904,24466,23494,33764,31242,33953,33935,39479,39879,43039,43179,28230,31445,20086,25181,6257,10554,2391,2156,21797,20802,31386,28484,32041,31607,37409,37464,41019,41164,27181,30281,19433,24258,6019,10065,331320,309946,45250,43582,77547,71278,20109,66,42
2021-09-20T23:59:59+02:00,3176,2882,24420,23447,33716,31202,33923,33902,39448,39848,43015,43154,28225,31435,20082,25175,6257,10550,2384,2144,21759,20761,31340,28437,32018,31571,37379,37446,41006,41155,27170,30274,19424,24251,6017,10058,330954,309640,45234,43575,77547,71276,20061,66,42
2021-09-19T23:59:59+02:00,3172,2880,24410,23441,33708,31194,33915,33895,39443,39833,43006,43153,28224,31434,20082,25173,6257,10550,2380,2140,21752,20755,31336,28429,32014,31570,37372,37438,40998,41154,27170,30274,19423,24250,6017,10058,330877,309586,45234,43574,77546,71276,20052,66,42
2021-09-18T23:59:59+02:00,3172,2880,24410,23441,33708,31194,33915,33895,39443,39833,43006,43153,28224,31434,20082,25173,6257,10550,2380,2140,21752,20755,31336,28426,32012,31570,37372,37438,40998,41154,27170,30274,19423,24249,6017,10058,330877,309580,45234,43574,77546,71276,20052,66,42
2021-09-17T23:59:59+02:00,3145,2843,24305,23326,33603,31093,33839,33827,39373,39779,42971,43126,28210,31426,20080,25166,6255,10548,2333,2097,21672,20678,31264,28363,31949,31523,37332,37404,40978,41140,27162,30259,19421,24242,6017,10057,330226,309128,45192,43554,77545,71276,19891,65,42
2021-09-16T23:59:59+02:00,3095,2795,24192,23194,33507,30985,33771,33724,39327,39719,42918,43077,28184,31405,20064,25155,6252,10540,2293,2055,21567,20580,31181,28288,31882,31457,37309,37349,40944,41101,27151,30239,19414,24234,6015,10056,329407,308522,45154,43544,77545,71270,19737,65,42
2021-09-15T23:59:59+02:00,3072,2782,24151,23147,33476,30941,33756,33693,39298,39690,42900,43059,28174,31394,20058,25149,6251,10538,2280,2040,21530,20538,31149,28242,31856,31434,37277,37315,40921,41074,27137,30230,19407,24226,6015,10052,329076,308163,45141,43543,77544,71268,19707,65,42
2021-09-14T23:59:59+02:00,3032,2750,24043,23004,33333,30802,33671,33608,39241,39639,42849,43009,28156,31378,20049,25141,6247,10533,2261,2015,21446,20456,31059,28153,31791,31372,37228,37273,40877,41048,27127,30210,19398,24218,6013,10049,328263,307640,45106,43536,77543,71264,19512,65,42
2021-09-13T23:59:59+02:00,3014,2731,23992,22951,33286,30743,33638,33558,39216,39608,42818,42985,28150,31365,20044,25139,6245,10529,2246,1999,21394,20408,31014,28103,31761,31340,37205,37253,40863,41026,27121,30204,19394,24214,6012,10048,327880,307341,45090,43523,77543,71261,19438,65,42
2021-09-12T23:59:59+02:00,3010,2724,23988,22943,33280,30738,33629,33552,39211,39605,42815,42983,28148,31363,20043,25138,6245,10528,2243,1996,21378,20399,31004,28085,31742,31332,37199,37246,40857,41020,27116,30203,19392,24211,6012,10046,327812,307219,45090,43523,77542,71259,19438,65,42
2021-09-11T23:59:59+02:00,3008,2723,23986,22941,33278,30737,33627,33551,39211,39603,42814,42983,28145,31361,20043,25138,6245,10528,2242,1994,21374,20398,31003,28082,31742,31332,37199,37244,40856,41019,27114,30203,19392,24211,6012,10046,327792,307202,45090,43523,77542,71259,19437,65,42
2021-09-10T23:59:59+02:00,2966,2681,23854,22813,33149,30621,33525,33475,39136,39519,42766,42943,28129,31344,20038,25130,6244,10526,2205,1956,21259,20295,30891,27989,31653,31279,37134,37202,40810,40986,27106,30193,19386,24201,6010,10045,327051,306661,45070,43504,77542,71258,19135,65,42
2021-09-09T23:59:59+02:00,2916,2642,23673,22665,33038,30491,33424,33373,39064,39446,42725,42895,28101,31327,20029,25124,6242,10524,2151,1899,21138,20165,30799,27892,31577,31183,37071,37146,40762,40938,27082,30177,19377,24192,6006,10042,326148,305910,45046,43485,77540,71255,18905,64,42
2021-09-08T23:59:59+02:00,2895,2611,23632,22614,33008,30452,33408,33345,39044,39424,42710,42880,28095,31318,20026,25119,6241,10524,2140,1887,21104,20134,30768,27876,31562,31158,37053,37123,40751,40924,27075,30171,19372,24187,6005,10041,325832,305681,45040,43481,77539,71254,18875,64,40
2021-09-07T23:59:59+02:00,2842,2556,23483,22469,32889,30344,33333,33259,38988,39360,42665,42846,28077,31301,20022,25114,6240,10521,2085,1846,20969,20000,30651,27789,31487,31092,37005,37071,40713,40895,27058,30146,19366,24176,6004,10039,325079,305028,45015,43459,77538,71249,18616,64,40
2021-09-06T23:59:59+02:00,2819,2541,23451,22425,32858,30311,33312,33239,38966,39347,42649,42831,28074,31297,20020,25112,6239,10518,2061,1828,20927,19957,30620,27762,31466,31067,36986,37052,40699,40883,27050,30138,19364,24167,6001,10037,324812,304726,44999,43451,77537,71248,18600,64,40
2021-09-05T23:59:59+02:00,2808,2538,23445,22420,32856,30306,33310,33234,38963,39344,42645,42825,28072,31293,20018,25111,6238,10517,2057,1825,20915,19950,30610,27756,31463,31063,36983,37050,40695,40880,27045,30136,19362,24163,6000,10037,324749,304653,44998,43451,77537,71248,18598,64,40
2021-09-04T23:59:59+02:00,2808,2538,23442,22419,32855,30306,33310,33233,38963,39343,42644,42824,28072,31293,20018,25111,6238,10517,2055,1822,20913,19950,30610,27756,31462,31062,36983,37050,40694,40880,27045,30136,19362,24163,6000,10037,324743,304646,44998,43451,77537,71248,18595,64,40
2021-09-03T23:59:59+02:00,2785,2504,23365,22341,32781,30235,33270,33190,38919,39314,42614,42811,28064,31280,20017,25109,6236,10516,2039,1805,20864,19891,30561,27717,31428,31027,36955,37024,40665,40868,27037,30128,19360,24161,5999,10037,324244,304303,44970,43442,77535,71240,18541,64,40
2021-09-02T23:59:59+02:00,2754,2472,23259,22244,32721,30145,33211,33135,38881,39281,42575,42778,28044,31268,20013,25095,6234,10513,2016,1786,20790,19831,30502,27655,31390,30996,36915,36987,40632,40839,27027,30116,19357,24150,5999,10037,323639,303877,44940,43424,77534,71235,18449,64,40
2021-09-01T23:59:59+02:00,2732,2458,23235,22207,32691,30113,33189,33109,38854,39260,42562,42762,28036,31261,20008,25093,6234,10513,1998,1771,20749,19788,30469,27627,31363,30972,36896,36971,40613,40823,27017,30107,19356,24144,5999,10037,323384,303599,44929,43417,77533,71234,18410,64,40
2021-08-31T23:59:59+02:00,2687,2415,23112,22101,32610,30013,33135,33052,38809,39219,42536,42737,28025,31255,20002,25089,6233,10509,1974,1751,20663,19693,30397,27567,31314,30930,36856,36939,40584,40798,27008,30095,19350,24139,5999,10035,322807,303183,44899,43402,77532,71227,18240,64,40
2021-08-30T23:59:59+02:00,2665,2391,23060,22058,32570,29971,33109,33015,38780,39199,42517,42719,28020,31248,19995,25080,6232,10505,1927,1711,20539,19591,30302,27472,31253,30879,36823,36912,40563,40764,26992,30080,19349,24130,5999,10033,322465,302472,44884,43393,77532,71222,18192,64,40
2021-08-29T23:59:59+02:00,2634,2361,22972,21993,32507,29914,33066,32984,38734,39163,42487,42698,28011,31241,19992,25075,6232,10504,1901,1686,20435,19523,30233,27422,31218,30845,36782,36883,40538,40746,26979,30069,19348,24125,5999,10033,322009,302043,44868,43370,77530,71212,18100,64,40
2021-08-28T23:59:59+02:00,2628,2359,22972,21993,32503,29914,33065,32984,38731,39162,42486,42698,28010,31241,19992,25075,6232,10504,1901,1684,20434,19522,30227,27422,31218,30842,36779,36881,40538,40746,26979,30069,19348,24125,5999,10033,321996,302032,44868,43369,77530,71212,18094,64,40
2021-08-27T23:59:59+02:00,2628,2359,22967,21990,32496,29913,33063,32981,38729,39160,42482,42698,28009,31241,19992,25075,6231,10504,1900,1683,20428,19521,30219,27421,31216,30840,36776,36880,40536,40746,26979,30069,19348,24124,5999,10033,321977,302017,44868,43369,77530,71210,18082,64,40
2021-08-26T23:59:59+02:00,2545,2275,22779,21784,32363,29771,32944,32874,38641,39071,42417,42629,27984,31208,19979,25057,6230,10498,1814,1602,20159,19251,30079,27256,31073,30713,36667,36785,40451,40672,26937,30028,19329,24100,5993,10031,320756,300506,44848,43345,77529,71194,17855,64,40
2021-08-25T23:59:59+02:00,2539,2267,22759,21759,32352,29750,32930,32859,38629,39057,42406,42623,27979,31205,19972,25051,6227,10496,1803,1593,20111,19207,30043,27226,31052,30677,36642,36753,40432,40656,26924,30015,19326,24092,5992,10030,320569,300143,44848,43345,77529,71193,17853,64,40
2021-08-24T23:59:59+02:00,2521,2256,22720,21717,32326,29705,32911,32827,38619,39037,42387,42609,27973,31194,19967,25043,6226,10495,1793,1584,20073,19165,30010,27185,31032,30642,36628,36732,40412,40638,26918,30005,19322,24089,5992,10026,320282,299855,44838,43340,77529,71188,17823,64,40
2021-08-23T23:59:59+02:00,2502,2224,22652,21644,32255,29648,32875,32796,38580,39006,42357,42596,27957,31185,19964,25032,6226,10493,1749,1540,19949,19043,29891,27106,30967,30595,36579,36688,40370,40609,26906,29990,19316,24079,5992,10020,319840,299116,44827,43316,77527,71180,17737,64,40
2021-08-22T23:59:59+02:00,2493,2215,22616,21612,32236,29630,32859,32788,38563,38990,42352,42587,27953,31180,19959,25032,6226,10492,1739,1527,19910,19005,29855,27073,30936,30559,36558,36672,40351,40587,26898,29986,19313,24076,5992,10018,319670,298826,44821,43313,77526,71171,17705,64,40
2021-08-21T23:59:59+02:00,2474,2202,22561,21562,32196,29593,32836,32764,38549,38967,42335,42577,27946,31172,19957,25029,6226,10491,1709,1503,19809,18907,29783,27015,30902,30515,36523,36630,40327,40566,26887,29977,19308,24072,5990,10018,319424,298318,44808,43298,77524,71165,17620,64,40
2021-08-20T23:59:59+02:00,2436,2160,22474,21455,32119,29510,32774,32716,38498,38927,42293,42549,27939,31158,19953,25014,6225,10487,1662,1466,19635,18780,29656,26912,30827,30456,36460,36584,40281,40528,26872,29958,19299,24063,5989,10014,318839,297502,44785,43272,77521,71147,17481,64,40
2021-08-19T23:59:59+02:00,2346,2092,22314,21317,31981,29385,32683,32632,38396,38847,42223,42494,27913,31125,19946,25002,6220,10478,1606,1416,19376,18573,29442,26763,30706,30347,36341,36488,40179,40443,26844,29928,19288,24047,5985,10009,317900,296229,44764,43242,77521,71122,17148,64,40
2021-08-18T23:59:59+02:00,2336,2083,22288,21295,31959,29364,32661,32609,38368,38829,42210,42479,27898,31115,19940,24997,6220,10476,1583,1398,19321,18514,29402,26729,30680,30316,36312,36467,40155,40412,26827,29917,19284,24035,5980,10005,317640,295795,44764,43241,77521,71120,17141,64,40
2021-08-17T23:59:59+02:00,2319,2067,22263,21267,31943,29334,32635,32584,38355,38817,42186,42460,27892,31102,19934,24992,6220,10476,1570,1387,19278,18465,29370,26690,30635,30289,36284,36432,40127,40388,26805,29902,19277,24018,5976,10001,317393,295393,44764,43238,77521,71116,17107,64,40
2021-08-16T23:59:59+02:00,2280,2050,22196,21224,31902,29289,32610,32563,38331,38796,42154,42443,27883,31095,19932,24982,6220,10475,1546,1362,19069,18320,29224,26575,30558,30200,36237,36378,40089,40346,26785,29886,19270,23999,5970,9999,317043,294389,44764,43232,77519,71114,17038,64,40
2021-08-15T23:59:59+02:00,2253,2027,22142,21167,31854,29248,32586,32530,38303,38777,42133,42429,27876,31090,19926,24975,6219,10475,1524,1346,18950,18202,29066,26447,30478,30118,36171,36327,40034,40289,26766,29862,19260,23990,5967,9998,316707,293465,44755,43215,77518,71106,16969,64,40
2021-08-14T23:59:59+02:00,2247,2024,22116,21151,31842,29232,32582,32524,38295,38772,42127,42426,27875,31089,19925,24974,6219,10474,1494,1318,18837,18108,29003,26383,30438,30070,36146,36296,40013,40274,26759,29856,19257,23989,5966,9995,316618,292919,44752,43196,77518,71102,16945,64,40
2021-08-13T23:59:59+02:00,2230,2013,22070,21113,31805,29208,32545,32496,38280,38758,42117,42416,27873,31084,19922,24971,6218,10474,1419,1253,18581,17848,28826,26222,30322,29979,36094,36228,39968,40238,26743,29844,19252,23980,5963,9991,316383,291553,44747,43180,77516,71092,16886,64,40
2021-08-12T23:59:59+02:00,2194,1975,21981,21018,31734,29131,32489,32446,38233,38715,42080,42382,27857,31065,19915,24961,6216,10474,1326,1193,18279,17534,28574,25994,30179,29849,36000,36135,39892,40170,26708,29797,19232,23957,5961,9988,315808,289807,44736,43128,77513,71045,16748,64,40
2021-08-11T23:59:59+02:00,2192,1970,21961,21002,31716,29110,32474,32430,38225,38706,42069,42365,27848,31062,19912,24957,6215,10470,1318,1180,18223,17479,28538,25949,30132,29811,35980,36097,39856,40137,26696,29770,19225,23947,5961,9986,315627,289331,44736,43125,77513,71042,16747,64,40
2021-08-10T23:59:59+02:00,2183,1949,21934,20965,31678,29088,32458,32410,38198,38679,42051,42356,27842,31054,19911,24954,6214,10466,1284,1146,17709,17025,28362,25794,30038,29721,35811,35974,39806,40093,26672,29747,19218,23931,5957,9985,315379,287635,44731,43096,77511,70792,16710,62,40
2021-08-09T23:59:59+02:00,2159,1935,21884,20913,31620,29041,32423,32380,38173,38659,42037,42332,27831,31045,19910,24945,6213,10464,1241,1106,17240,16571,28230,25688,29982,29666,35764,35929,39774,40058,26663,29733,19213,23925,5957,9983,315001,286159,44725,43076,77511,70780,16668,62,40
2021-08-08T23:59:59+02:00,2143,1917,21830,20868,31576,29004,32389,32354,38149,38651,42015,42311,27824,31041,19904,24941,6213,10461,1176,1044,16895,16229,28119,25604,29924,29593,35716,35891,39752,40032,26651,29720,19204,23915,5955,9978,314684,284917,44724,43055,77510,70772,16614,62,40
2021-08-07T23:59:59+02:00,2099,1874,21694,20785,31494,28936,32315,32293,38092,38602,41982,42282,27815,31014,19899,24932,6211,10459,1030,919,16386,15776,27813,25314,29696,29406,35539,35733,39611,39920,26595,29656,19185,23886,5952,9974,314054,282265,44691,42934,77504,70682,16470,62,40
2021-08-06T23:59:59+02:00,2089,1864,21643,20746,31451,28903,32283,32274,38066,38582,41970,42266,27811,31005,19895,24932,6211,10459,911,811,15359,14798,26667,24415,29405,29174,35292,35533,39294,39680,26553,29609,19175,23876,5951,9971,313823,277267,44687,42912,77504,69878,16377,62,40
2021-08-05T23:59:59+02:00,2050,1835,21537,20659,31394,28825,32222,32215,38006,38531,41925,42228,27794,30986,19887,24919,6209,10456,812,705,14467,14052,25644,23631,28689,28657,34759,35098,38976,39434,26486,29529,19143,23842,5948,9961,313264,272366,44664,42860,77503,68379,16188,62,40
2021-08-04T23:59:59+02:00,2030,1816,21465,20608,31349,28757,32188,32173,37970,38509,41888,42199,27781,30970,19882,24906,6207,10452,734,659,14094,13710,25238,23327,28477,28430,34616,34973,38877,39340,26447,29484,19121,23819,5943,9956,312814,269920,44657,42830,77503,68338,16117,62,40
2021-08-03T23:59:59+02:00,2021,1800,21438,20582,31331,28744,32175,32163,37960,38495,41872,42186,27772,30964,19877,24899,6206,10450,714,645,14010,13619,25160,23251,28409,28373,34568,34925,38825,39301,26421,29457,19109,23807,5940,9950,312608,269192,44653,42826,77501,68312,16114,62,40
2021-08-02T23:59:59+02:00,2011,1779,21393,20544,31285,28722,32148,32132,37934,38480,41859,42171,27763,30952,19877,24891,6205,10446,683,615,13807,13409,24454,22701,28125,28150,34421,34813,38747,39237,26394,29425,19101,23803,5940,9948,312318,266772,44650,42812,77501,68085,16064,62,40
2021-08-01T23:59:59+02:00,1991,1762,21341,20497,31236,28682,32121,32113,37915,38461,41838,42154,27757,30945,19874,24883,6205,10446,645,587,13638,13249,24154,22445,27886,27932,34331,34705,38679,39165,26378,29406,19095,23797,5940,9946,312014,265072,44644,42800,77500,68062,16004,62,40
2021-07-31T23:59:59+02:00,1966,1732,21261,20420,31166,28643,32066,32073,37880,38432,41814,42133,27753,30936,19869,24879,6205,10446,373,357,12694,12226,23638,22002,27540,27575,34019,34410,38246,38821,26307,29321,19069,23752,5935,9940,311593,260040,44632,42764,77498,67490,15891,62,40
2021-07-30T23:59:59+02:00,1941,1712,21236,20398,31134,28623,32051,32052,37874,38425,41806,42125,27748,30933,19868,24879,6204,10446,365,350,12607,12153,23314,21711,27263,27363,33800,34245,38084,38686,26283,29303,19068,23744,5935,9938,311402,258620,44631,42756,77498,66932,15864,62,40
2021-07-29T23:59:59+02:00,1872,1643,21004,20159,30993,28475,31947,31940,37781,38335,41711,42065,27720,30908,19855,24860,6197,10437,299,290,11978,11618,22185,20872,26222,26524,32816,33551,37700,38395,26200,29202,19039,23697,5929,9929,310185,253002,44602,42666,77490,65173,15565,62,40
2021-07-28T23:59:59+02:00,1852,1628,20964,20107,30973,28445,31931,31919,37759,38316,41688,42044,27709,30896,19850,24850,6197,10435,255,239,11695,11313,21777,20490,25791,26097,32650,33394,37586,38304,26163,29151,19020,23674,5928,9924,309864,250073,44602,42666,77478,65112,15560,61,40
2021-07-27T23:59:59+02:00,1842,1622,20925,20064,30949,28412,31896,31903,37738,38283,41664,42031,27702,30889,19849,24845,6197,10432,216,216,11448,11096,21573,20300,25646,25977,32537,33286,37497,38220,26132,29113,19010,23662,5925,9920,309628,248588,44602,42631,77477,65039,15477,61,39
2021-07-26T23:59:59+02:00,1816,1586,20799,19934,30841,28312,31837,31840,37683,38214,41621,42000,27676,30871,19838,24831,6191,10429,181,188,11153,10773,21069,19857,25396,25768,32375,33136,37365,38132,26096,29079,18997,23639,5924,9912,308864,246296,44571,42517,77470,64833,15355,61,39
2021-07-25T23:59:59+02:00,1809,1578,20776,19922,30831,28302,31825,31825,37675,38208,41611,41990,27672,30868,19837,24829,6191,10428,169,175,11047,10666,20917,19751,25163,25574,32135,32926,37219,37997,26077,29065,18991,23631,5923,9909,308746,245030,44562,42502,77462,64416,15348,61,39
2021-07-24T23:59:59+02:00,1789,1563,20694,19848,30786,28262,31790,31789,37646,38179,41589,41978,27665,30862,19834,24827,6191,10428,163,170,10984,10611,20841,19688,25091,25513,32082,32895,37189,37976,26071,29060,18989,23629,5923,9909,308395,244660,44551,42479,77458,64349,15257,61,39
2021-07-23T23:59:59+02:00,1734,1528,20501,19702,30627,28147,31704,31715,37579,38127,41550,41935,27654,30845,19829,24821,6190,10423,151,159,10723,10404,20484,19386,24285,24866,31598,32563,36620,37519,26027,29018,18973,23611,5922,9907,307563,241783,44542,42432,77441,62957,15005,61,39
2021-07-22T23:59:59+02:00,1670,1471,20192,19428,30383,27968,31574,31602,37449,38021,41453,41852,27627,30821,19818,24797,6186,10422,114,132,10260,10026,19739,18872,23330,24193,30888,31974,35584,36756,25915,28920,18939,23578,5920,9903,306086,238168,44507,41767,77436,60424,14645,61,39
2021-07-21T23:59:59+02:00,1655,1463,20154,19376,30353,27938,31550,31579,37429,37996,41432,41828,27618,30813,19813,24791,6181,10418,96,111,9950,9694,19280,18420,22457,23426,30553,31641,35348,36558,25833,28823,18908,23525,5912,9893,305758,235425,44498,40076,77434,60252,14637,61,38
2021-07-20T23:59:59+02:00,1648,1457,20120,19349,30322,27914,31525,31559,37413,37978,41420,41815,27603,30798,19813,24784,6181,10415,85,100,9682,9414,18949,18153,22184,23142,30375,31484,35183,36414,25787,28775,18892,23489,5911,9889,305499,233026,44496,40068,77433,60150,14626,61,38
2021-07-19T23:59:59+02:00,1637,1449,20006,19263,30238,27842,31466,31502,37394,37959,41405,41797,27598,30787,19807,24777,6180,10412,78,94,9485,9217,18637,17878,21722,22721,30121,31253,35065,36311,25753,28736,18874,23473,5911,9886,304920,231396,44490,39128,77431,60035,14618,61,38
2021-07-18T23:59:59+02:00,1626,1443,19937,19195,30110,27744,31402,31436,37335,37907,41361,41745,27577,30756,19798,24762,6176,10409,72,86,9374,9101,18467,17727,21530,22532,29952,31054,34951,36210,25721,28713,18863,23455,5911,9880,304133,230136,44490,38824,77428,59993,14608,61,38
2021-07-17T23:59:59+02:00,1625,1439,19930,19193,30110,27743,31402,31432,37330,37905,41357,41743,27576,30755,19797,24762,6176,10409,72,82,9353,9086,18436,17705,21511,22519,29942,31047,34933,36206,25718,28711,18863,23454,5911,9880,304102,229984,44490,38821,77428,59982,14604,61,38
2021-07-16T23:59:59+02:00,1572,1394,19657,18953,29990,27647,31320,31363,37275,37842,41316,41711,27558,30738,19790,24752,6174,10403,71,80,9235,8972,18055,17400,21208,22245,29552,30690,34797,36100,25695,28687,18856,23441,5909,9878,303125,228707,44467,38099,77427,59652,14376,61,37
2021-07-15T23:59:59+02:00,1514,1350,19400,18706,29817,27499,31209,31263,37191,37759,41246,41644,27515,30709,19774,24739,6170,10400,62,68,8870,8668,17150,16578,19654,21017,28631,29768,34173,35518,25527,28506,18800,23391,5903,9866,301847,222592,44427,36638,77419,58731,14152,61,37
2021-07-14T23:59:59+02:00,1500,1337,19370,18670,29791,27473,31185,31231,37179,37745,41227,41637,27507,30702,19765,24732,6169,10397,54,63,8580,8370,16600,15976,19159,20497,28066,29267,33782,35144,25414,28377,18760,23324,5898,9855,301565,218419,44426,36279,77417,58302,14149,61,37
2021-07-13T23:59:59+02:00,1489,1326,19332,18646,29774,27448,31161,31215,37164,37718,41203,41609,27498,30688,19763,24727,6168,10391,36,57,8272,8111,16204,15628,18882,20218,27802,29016,33512,34885,25315,28256,18727,23283,5896,9850,301279,215721,44425,36242,77416,57810,14140,61,37
2021-07-12T23:59:59+02:00,1473,1316,19281,18628,29738,27419,31144,31194,37152,37701,41187,41595,27494,30684,19761,24721,6167,10391,35,52,8011,7899,15924,15349,18182,19668,27485,28695,33100,34523,25147,28059,18668,23209,5890,9845,301014,214432,44424,34311,77416,56829,14132,61,37
2021-07-11T23:59:59+02:00,1463,1308,19249,18597,29711,27387,31127,31163,37144,37680,41173,41583,27485,30675,19759,24721,6166,10390,33,51,7966,7853,15859,15279,18092,19614,27401,28632,32985,34460,25092,28014,18648,23187,5890,9842,300761,213855,44421,34300,77414,56581,14125,61,37
2021-07-10T23:59:59+02:00,1334,1192,18745,18176,29258,27085,30842,30929,36897,37519,40969,41433,27411,30615,19733,24689,6163,10387,32,51,7838,7783,15570,15141,17873,19463,27157,28490,32818,34344,25026,27968,18632,23174,5889,9842,298543,213434,44285,34177,77385,56339,13104,61,37
2021-07-09T23:59:59+02:00,1323,1186,18717,18145,29237,27068,30829,30916,36886,37507,40958,41424,27407,30611,19731,24685,6163,10386,29,49,7796,7738,15499,15074,17808,19369,26935,28260,32568,34131,24962,27905,18610,23148,5889,9839,298397,213149,44266,34173,77384,55178,13072,61,37
2021-07-08T23:59:59+02:00,1245,1104,18450,17930,29085,26916,30690,30795,36783,37404,40859,41346,27373,30577,19712,24665,6158,10380,24,45,7630,7602,15201,14827,17377,19009,26243,27656,32293,33863,24793,27747,18551,23086,5886,9831,297121,212012,44209,32751,77376,54158,12706,61,37
2021-07-07T23:59:59+02:00,1146,1012,18139,17606,28883,26731,30560,30670,36671,37282,40752,41259,27339,30528,19698,24649,6155,10377,21,37,7434,7390,14759,14461,16910,18564,25489,27043,31884,33481,24525,27421,18457,22993,5877,9822,295546,209092,44158,31914,77366,53198,12327,61,37
2021-07-06T23:59:59+02:00,1123,995,18061,17538,28838,26681,30510,30623,36635,37247,40717,41228,27322,30502,19687,24635,6153,10374,14,31,7218,7160,14412,14099,16558,18214,24736,26396,31583,33217,24335,27207,18409,22922,5870,9815,294968,207025,44154,30507,77363,52303,12324,61,37
2021-07-05T23:59:59+02:00,1081,967,17985,17475,28793,26622,30470,30588,36610,37202,40689,41202,27316,30488,19681,24629,6153,10369,4,18,6989,6974,14107,13829,16207,17851,24178,25884,31010,32650,24054,26909,18301,22782,5862,9805,294476,205529,44152,28405,77359,51170,12273,61,37
2021-07-04T23:59:59+02:00,1059,951,17913,17425,28755,26599,30447,30559,36601,37193,40674,41190,27310,30477,19676,24626,6153,10368,4,18,6964,6955,14054,13776,16130,17790,24094,25827,30856,32558,23961,26820,18269,22741,5860,9801,294159,205133,44152,28395,77348,50656,12257,61,37
2021-07-03T23:59:59+02:00,645,581,16176,15709,27595,25679,29653,29838,35957,36581,40172,40759,27152,30310,19611,24538,6144,10351,4,18,6575,6716,13543,13477,15733,17486,23731,25549,30549,32362,23864,26724,18237,22701,5856,9797,286644,204835,44113,28318,77265,50363,9369,61,37
2021-07-02T23:59:59+02:00,606,542,16046,15564,27438,25530,29572,29779,35927,36552,40153,40746,27146,30301,19608,24535,6144,10351,4,18,6528,6642,13469,13381,15646,17355,23587,25363,30395,32197,23672,26513,18148,22623,5854,9794,285741,204151,44113,28159,77264,49480,9362,61,37
2021-07-01T23:59:59+02:00,548,494,15866,15409,27224,25374,29495,29699,35873,36501,40088,40700,27125,30282,19597,24522,6142,10347,4,17,6381,6510,13122,13107,15117,16916,22316,24372,29635,31513,23391,26224,18029,22488,5847,9778,284548,200608,44109,26481,77251,48325,9318,61,35
2021-06-30T23:59:59+02:00,518,474,15761,15302,27114,25287,29427,29626,35816,36449,40046,40665,27109,30251,19586,24505,6138,10347,3,15,6186,6329,12690,12719,14547,16368,21692,23773,29039,30982,22973,25757,17898,22305,5840,9766,283722,196343,44106,26456,77244,46759,9289,61,35
2021-06-29T23:59:59+02:00,462,423,15012,14634,26850,25069,29329,29527,35736,36366,39977,40616,27090,30226,19578,24492,6138,10345,3,13,6073,6201,12431,12457,14151,15974,20902,23148,28453,30428,22525,25233,17745,22130,5832,9756,281231,193193,44102,25946,77235,45039,9242,61,35
2021-06-28T23:59:59+02:00,426,392,14388,13998,26691,24965,29256,29461,35676,36299,39934,40582,27072,30206,19570,24481,6138,10341,2,13,6005,6105,12253,12317,13964,15798,20277,22598,28052,30055,22189,24876,17616,21967,5827,9751,279300,191513,44099,25282,77230,43648,9187,61,35
2021-06-27T23:59:59+02:00,349,325,14044,13625,26628,24907,29217,29425,35654,36277,39916,40568,27061,30199,19567,24477,6137,10340,2,13,5967,6061,12137,12201,13819,15669,19724,22121,27441,29554,21912,24537,17495,21843,5823,9750,278188,190674,44095,23755,77220,42452,9153,61,35
2021-06-26T23:59:59+02:00,348,324,14033,13613,26613,24896,29212,29418,35647,36276,39913,40567,27060,30198,19567,24477,6137,10340,2,13,5962,6059,12127,12199,13813,15666,19711,22109,27396,29519,21765,24407,17455,21787,5822,9748,278115,190651,44092,23751,77220,41971,9152,61,35
2021-06-25T23:59:59+02:00,224,211,12775,12398,25157,23744,28913,29185,35542,36191,39845,40505,27036,30170,19556,24465,6135,10338,2,13,5919,6014,12028,12118,13669,15545,19400,21869,27010,29161,21441,24012,17277,21590,5819,9739,271896,189422,44088,23466,77200,40557,9146,61,35
2021-06-24T23:59:59+02:00,159,157,11800,11567,24041,22865,28549,28831,35391,36025,39729,40399,26997,30121,19545,24441,6133,10334,2,12,5702,5785,11572,11703,13088,14952,17860,20470,25357,27565,20666,23153,16957,21183,5809,9729,266651,184433,44066,19842,77195,38143,9112,61,35
2021-06-23T23:59:59+02:00,123,131,11435,11246,23545,22496,28300,28587,35214,35898,39639,40311,26966,30094,19536,24403,6131,10322,2,12,5627,5674,11360,11488,12788,14603,17466,20060,24606,26795,19871,22402,16764,20929,5801,9713,264038,182079,44056,19223,77190,35591,9033,61,35
2021-06-22T23:59:59+02:00,102,118,11254,11037,23384,22356,28220,28514,35138,35837,39592,40266,26951,30069,19528,24394,6131,10321,1,10,5518,5553,11093,11228,12421,14234,16862,19459,23872,26026,19491,21977,16601,20750,5794,9697,262896,179039,44052,18349,77188,34148,9016,61,35
2021-06-21T23:59:59+02:00,90,106,11003,10853,22551,21690,27968,28286,35070,35774,39529,40224,26934,30050,19522,24384,6131,10320,1,9,5400,5453,10874,11012,12113,13912,16472,19114,23421,25556,19199,21662,16497,20630,5788,9695,260309,177573,44041,17335,77181,32971,8894,61,35
2021-06-20T23:59:59+02:00,84,105,10938,10762,22302,21475,27709,28085,34990,35697,39484,40179,26922,30034,19520,24379,6129,10317,1,8,5359,5401,10786,10911,12018,13809,16275,18929,23150,25315,19098,21555,16444,20572,5782,9691,259019,177258,44039,16273,77175,32721,8817,61,35
2021-06-19T23:59:59+02:00,83,101,10915,10739,22270,21452,27691,28072,34978,35693,39475,40175,26921,30033,19520,24377,6129,10317,1,8,5327,5370,10704,10819,11926,13689,16127,18778,22842,24953,19010,21468,16432,20559,5781,9691,258869,177150,44019,14775,77175,32708,8817,61,35
2021-06-18T23:59:59+02:00,80,99,10867,10688,21957,21126,27432,27853,34923,35656,39442,40152,26912,30024,19519,24374,6129,10315,1,8,5311,5361,10675,10788,11886,13641,16065,18715,22758,24857,18844,21286,16387,20493,5780,9686,257481,176755,44015,14774,77174,32161,8817,61,35
2021-06-17T23:59:59+02:00,71,91,10289,10258,20679,20166,26570,27118,34552,35331,39182,39961,26848,29942,19498,24337,6122,10310,1,8,5116,5221,10297,10535,11440,13239,15384,18104,21388,23534,18385,20795,16223,20321,5776,9672,251697,171442,43994,14200,77161,31350,8412,61,35
2021-06-16T23:59:59+02:00,63,79,9955,9949,19995,19534,25937,26516,34300,35128,39021,39811,26802,29889,19474,24312,6121,10306,1,7,4974,5076,9910,10201,10980,12788,14680,17413,20535,22594,17981,20348,16053,20107,5766,9660,247859,167657,43978,12929,77148,30308,8146,61,34
2021-06-15T23:59:59+02:00,48,73,9712,9704,19695,19289,25710,26318,34168,35019,38925,39730,26770,29853,19467,24297,6116,10302,1,7,4869,4959,9672,9986,10745,12528,14255,16985,19933,22015,17656,19956,15831,19875,5757,9648,246078,165558,43968,11839,77140,29299,7949,61,33
2021-06-14T23:59:59+02:00,44,68,9579,9577,19398,19029,25532,26174,34049,34939,38861,39690,26751,29833,19461,24286,6116,10299,1,7,4788,4895,9484,9847,10569,12392,13993,16768,19616,21720,17490,19798,15729,19741,5756,9644,244873,164093,43966,11837,77136,28625,7650,61,33
2021-06-13T23:59:59+02:00,43,64,9418,9449,19109,18846,25177,25922,33850,34771,38753,39623,26735,29821,19451,24278,6116,10295,0,7,4704,4826,9275,9674,10399,12216,13668,16421,19267,21389,17361,19648,15682,19676,5754,9642,243229,163226,43965,11836,77131,27179,7335,61,33
2021-06-12T23:59:59+02:00,43,64,9408,9431,19097,18833,25177,25917,33850,34768,38750,39622,26735,29821,19451,24278,6116,10295,0,7,4701,4812,9264,9612,10366,12114,13619,16267,19212,21253,17252,19522,15565,19574,5752,9640,243180,163197,43965,11834,77126,26144,7324,61,33
2021-06-11T23:59:59+02:00,38,60,9247,9251,18862,18623,24374,25244,33672,34611,38615,39509,26701,29787,19440,24254,6116,10290,0,7,4623,4702,9043,9353,10106,11816,13097,15715,18235,20353,17066,19324,15525,19530,5749,9637,240255,159166,43963,11833,77121,25555,7294,61,33
2021-06-10T23:59:59+02:00,36,56,8851,8922,18216,18127,23527,24572,33353,34330,38412,39343,26642,29734,19416,24226,6113,10283,0,7,4448,4525,8467,8859,9297,11093,11949,14609,16230,18430,16176,18355,15239,19163,5740,9615,236638,149459,43309,11800,77095,23852,7058,59,33
2021-06-09T23:59:59+02:00,19,38,8399,8420,17386,17405,22379,23529,32866,33861,38124,39122,26534,29629,19368,24167,6103,10270,0,7,4311,4408,8177,8598,9051,10839,11613,14240,15746,17881,15801,17924,14997,18878,5733,9605,232637,147621,41420,11759,77054,21932,6464,44,33
2021-06-08T23:59:59+02:00,11,26,8081,8100,16916,16994,21955,23162,32620,33666,37961,38992,26490,29588,19358,24145,6100,10265,0,7,4193,4327,7923,8347,8745,10494,11251,13893,15103,17176,15337,17401,14735,18599,5728,9587,229908,145908,41388,10642,77044,20217,6046,44,33
2021-06-07T23:59:59+02:00,8,22,7883,7870,16558,16672,21416,22704,32338,33396,37844,38874,26460,29540,19338,24116,6095,10264,0,7,4117,4247,7741,8204,8586,10349,11079,13720,14788,16848,15137,17144,14561,18406,5724,9582,228283,144818,40417,10549,77024,19210,5630,44,33
2021-06-06T23:59:59+02:00,6,19,7776,7762,16424,16525,21221,22498,32111,33169,37708,38768,26433,29515,19326,24099,6095,10258,0,7,4089,4210,7693,8085,8531,10218,10970,13573,14591,16627,14951,16964,14472,18285,5717,9576,227048,144326,40118,10536,77006,18167,5497,44,33
2021-06-05T23:59:59+02:00,6,19,7753,7749,16400,16501,21213,22495,32100,33162,37706,38767,26432,29515,19325,24098,6095,10258,0,7,4078,4169,7678,8019,8517,10086,10956,13401,14572,16522,14916,16909,14463,18275,5717,9575,226944,144241,40118,10536,77005,17567,5483,44,33
2021-06-04T23:59:59+02:00,6,17,7642,7647,16122,16262,20939,22245,31677,32787,37591,38645,26399,29476,19314,24085,6093,10256,0,7,4071,4159,7650,7996,8490,10055,10889,13328,14467,16389,14833,16816,14426,18231,5717,9573,225346,143901,39343,10206,76987,17474,5483,44,33
2021-06-03T23:59:59+02:00,4,17,7387,7415,15244,15473,19306,20855,30764,31861,37085,38182,26267,29340,19269,24033,6087,10238,0,7,4011,4120,7561,7925,8367,9958,10716,13145,13895,15815,14568,16499,14340,18123,5714,9560,218714,141671,37762,10086,76975,17202,5332,44,33
2021-06-02T23:59:59+02:00,4,17,7252,7270,14868,15048,18875,20450,30297,31404,36857,37919,26203,29276,19249,24004,6084,10236,0,7,3981,4090,7499,7839,8279,9863,10575,13014,13446,15383,14443,16316,14310,18085,5711,9555,215636,139874,37331,9992,76974,17169,5328,44,33
2021-06-01T23:59:59+02:00,4,14,6976,7031,14470,14738,18531,20133,29969,31092,36632,37686,26147,29197,19225,23975,6082,10225,0,7,3880,4006,7257,7664,8045,9670,10311,12738,13037,14959,14007,15861,14194,17930,5704,9547,212894,137733,37284,9738,76954,16362,4951,44,33
2021-05-31T23:59:59+02:00,4,14,6815,6843,14247,14504,17829,19531,29627,30750,36340,37422,26054,29099,19198,23922,6072,10213,0,7,3803,3897,7047,7417,7821,9387,9967,12354,12598,14438,13478,15246,13993,17699,5695,9531,211452,134545,35247,9417,76939,15581,4802,44,33
2021-05-30T23:59:59+02:00,4,14,6792,6827,14200,14464,17751,19472,29577,30711,36309,37396,26042,29087,19195,23915,6071,10211,0,7,3759,3825,6888,7203,7674,9151,9759,12033,12341,14084,13357,15075,13928,17616,5692,9524,211153,133806,35234,9316,76881,14035,4726,44,33
2021-05-29T23:59:59+02:00,4,14,6791,6826,14190,14458,17746,19466,29572,30707,36306,37395,26040,29084,19195,23914,6071,10211,0,7,3748,3813,6858,7169,7640,9100,9723,11986,12267,13985,13315,15006,13898,17591,5691,9519,211121,133664,35234,9315,76866,13579,4725,44,33
2021-05-28T23:59:59+02:00,4,14,6781,6813,14173,14446,17730,19445,29558,30694,36295,37375,26037,29079,19193,23910,6071,10211,0,6,3734,3790,6837,7129,7605,9045,9670,11881,12023,13716,13125,14815,13868,17550,5688,9516,210966,132368,35233,9314,76863,13560,4723,44,33
2021-05-27T23:59:59+02:00,4,14,6691,6730,13903,14228,17242,19099,28877,30151,36134,37242,25988,29044,19178,23894,6070,10205,0,6,3611,3627,6549,6877,7229,8736,9172,11323,11313,12819,12571,14243,13737,17356,5680,9504,209876,128840,33788,8983,76822,12333,4164,44,33
2021-05-26T23:59:59+02:00,4,14,6621,6624,13694,14026,16987,18788,28332,29636,35958,37068,25947,28994,19161,23864,6069,10198,0,6,3520,3485,6326,6588,6939,8309,8829,10845,10660,12017,12006,13627,13590,17140,5675,9482,208264,125216,33037,8799,76806,11163,3835,43,31
2021-05-25T23:59:59+02:00,4,14,6540,6528,13487,13804,16723,18576,27607,28989,35865,36971,25923,28963,19149,23848,6064,10197,0,6,3471,3393,6183,6420,6791,8118,8602,10555,10312,11650,11662,13149,13483,16978,5672,9474,207543,123366,31580,8661,76323,10097,3764,42,31
2021-05-24T23:59:59+02:00,4,14,6470,6432,13309,13605,16500,18296,27191,28559,35519,36570,25866,28895,19130,23824,6063,10195,0,6,3458,3372,6123,6339,6745,8034,8542,10459,10239,11551,11487,12916,13435,16886,5663,9453,207012,122735,29347,8611,76316,9606,3725,42,31
2021-05-23T23:59:59+02:00,4,14,6468,6431,13304,13596,16497,18286,27172,28549,35489,36536,25863,28889,19130,23818,6063,10195,0,3,3453,3368,6117,6328,6735,8027,8514,10428,10199,11492,11404,12812,13415,16853,5663,9452,206897,122721,29331,8194,76315,9598,3719,42,31
2021-05-22T23:59:59+02:00,4,14,6461,6428,13296,13584,16491,18281,27168,28547,35486,36530,25863,28889,19130,23818,6063,10195,0,3,3451,3368,6113,6325,6733,8023,8510,10426,10194,11489,11393,12798,13410,16849,5662,9452,206843,122681,29331,8194,76313,9574,3719,42,31
2021-05-21T23:59:59+02:00,4,14,6398,6371,13143,13479,16317,18132,26899,28368,35056,36264,25837,28851,19122,23812,6062,10191,0,3,3442,3358,6080,6303,6703,7989,8470,10377,10139,11440,10873,12084,13269,16689,5659,9447,206154,120917,29206,8191,75271,9539,3647,42,31
2021-05-20T23:59:59+02:00,3,13,6105,6171,12532,13063,15124,17210,24987,26867,34101,35496,25732,28707,19067,23731,6056,10176,0,3,3383,3312,5983,6187,6587,7832,8321,10211,9897,11132,10533,11627,13156,16505,5649,9433,201385,118902,27463,8108,72733,9191,3519,41,31
2021-05-19T23:59:59+02:00,3,13,5897,5929,12021,12602,14421,16504,24038,26049,33474,34892,25615,28615,19032,23671,6048,10164,0,3,3307,3237,5824,6016,6399,7587,8046,9929,9594,10750,10220,11211,13077,16360,5647,9425,195672,116980,27421,7912,72717,8572,3137,41,31
2021-05-18T23:59:59+02:00,3,12,5726,5818,11622,12284,13799,16003,22884,25100,32807,34284,25498,28480,18984,23619,6043,10154,0,3,3265,3205,5707,5905,6232,7427,7840,9714,9395,10510,10044,10959,12930,16135,5637,9416,190723,115811,26909,7843,72673,7865,2774,41,31
2021-05-17T23:59:59+02:00,3,11,5673,5775,11459,12178,13525,15782,22066,24462,32496,33968,25420,28420,18962,23589,6034,10145,0,3,3148,3131,5517,5721,6058,7212,7632,9486,9170,10265,9952,10835,12872,16071,5634,9411,188952,115050,26207,7835,72278,6712,2490,41,31
2021-05-16T23:59:59+02:00,3,11,5644,5755,11396,12121,13440,15702,21451,23912,31883,33440,25380,28376,18952,23574,6033,10145,0,3,3142,3109,5503,5652,6030,7152,7604,9387,9139,10181,9935,10814,12869,16068,5634,9411,188186,114938,24662,7829,71852,6361,2477,41,28
2021-05-15T23:59:59+02:00,3,11,5635,5745,11364,12112,13411,15693,21375,23841,31343,33065,25369,28371,18951,23571,6032,10144,0,3,3129,3094,5484,5610,6016,7077,7563,9271,8901,9927,9902,10783,12835,16017,5634,9410,188135,114933,24649,7691,71204,5999,2007,41,26
2021-05-14T23:59:59+02:00,3,11,5596,5719,11301,12073,13338,15629,20964,23528,30911,32718,25334,28325,18939,23555,6032,10142,0,3,3096,3054,5447,5522,5995,6941,7522,9069,8840,9732,9828,10673,12749,15888,5634,9407,187411,114762,24328,7355,70332,5251,2006,41,26
2021-05-13T23:59:59+02:00,3,10,5441,5564,10919,11776,12624,15042,18776,21782,29365,31249,25107,28082,18871,23483,6030,10139,0,3,3085,3019,5425,5483,5979,6884,7496,8999,8796,9672,9611,10429,12545,15581,5629,9396,183453,114402,20534,6528,68244,5085,1991,41,26
2021-05-12T23:59:59+02:00,2,10,5411,5537,10849,11718,12523,14954,18653,21658,29002,30884,25012,27985,18854,23454,6029,10134,0,3,3084,3015,5419,5477,5969,6871,7471,8984,8757,9618,9422,10196,12312,15256,5626,9389,182501,114118,19896,5656,68241,5080,1990,41,25
2021-05-11T23:59:59+02:00,2,10,5273,5431,10599,11465,12156,14586,18042,21018,28070,29912,24820,27795,18794,23378,6024,10120,0,3,3041,2974,5329,5321,5869,6685,7341,8741,8593,9396,9240,9998,12160,15067,5617,9370,178412,113061,19001,5548,68110,4180,1931,41,25
2021-05-10T23:59:59+02:00,2,9,5148,5356,10383,11274,11896,14330,17716,20684,27647,29502,24712,27687,18755,23331,6016,10116,0,3,2971,2920,5212,5205,5755,6581,7217,8600,8464,9289,9136,9874,12070,14938,5614,9361,176401,112529,18317,5536,67882,3197,1923,41,25
2021-05-09T23:59:59+02:00,2,9,5073,5311,10285,11159,11796,14211,17374,20399,27256,29125,24624,27600,18726,23295,6013,10113,0,3,2903,2889,5066,5164,5578,6538,7049,8571,8334,9253,9123,9864,12052,14918,5614,9361,176007,112453,17036,5527,67381,2369,1906,41,25
2021-05-08T23:59:59+02:00,2,9,5071,5310,10283,11154,11796,14211,17370,20397,27253,29123,24624,27600,18726,23295,6013,10113,0,3,2902,2888,5064,5164,5578,6538,7049,8571,8331,9253,9122,9863,12052,14918,5614,9361,175990,112450,17036,5527,67378,2364,1905,41,25
2021-05-07T23:59:59+02:00,2,9,5038,5284,10215,11102,11666,14087,16969,20124,26617,28566,24575,27549,18709,23263,6007,10083,0,3,2890,2881,5049,5155,5567,6522,7037,8560,8323,9242,9116,9855,12041,14898,5607,9333,175156,112435,17033,5521,65856,2319,1779,41,25
2021-05-06T23:59:59+02:00,1,9,4768,5125,9759,10759,11100,13569,15879,19101,24206,26270,24075,27019,18604,23161,6002,10069,0,3,2846,2833,4982,5078,5526,6431,6954,8441,8194,9090,9015,9741,12017,14847,5604,9330,170117,111894,14584,5465,62968,1780,1768,39,25
2021-05-05T23:59:59+02:00,1,9,4689,5043,9464,10530,10759,13244,15299,18500,23359,25303,23815,26693,18536,23056,5992,10051,0,2,2827,2796,4934,4993,5467,6311,6872,8277,8069,8874,8907,9609,11939,14760,5603,9321,166452,110948,13267,5459,62818,1362,1767,39,25
2021-05-04T23:59:59+02:00,1,9,4605,4951,9291,10332,10547,13002,14910,18104,22809,24735,23603,26420,18464,22976,5984,10037,0,2,2819,2761,4905,4917,5434,6190,6819,8138,7973,8719,8803,9496,11864,14701,5601,9318,164197,110446,12142,5447,62653,793,1749,39,25
2021-05-03T23:59:59+02:00,1,9,4534,4875,9103,10196,10373,12827,14628,17860,22397,24321,23464,26270,18437,22928,5984,10031,0,2,2746,2690,4824,4845,5360,6105,6724,8034,7791,8554,8717,9409,11825,14652,5598,9313,162684,110223,12141,5444,62560,683,814,39,25
2021-05-02T23:59:59+02:00,1,9,4521,4860,9029,10139,10249,12717,14303,17553,22095,24034,23414,26211,18418,22903,5983,10030,0,2,2740,2683,4767,4812,5272,6022,6588,7904,7672,8452,8671,9367,11801,14618,5596,9308,161797,110103,12138,5442,62456,666,39,39,25
2021-05-01T23:59:59+02:00,1,9,4521,4857,9027,10137,10248,12717,14299,17549,22093,24034,23413,26210,18418,22903,5983,10030,0,2,2740,2683,4767,4812,5272,6022,6587,7904,7672,8452,8671,9367,11801,14618,5596,9308,161777,110103,12138,5441,62456,666,39,39,25
2021-04-30T23:59:59+02:00,0,9,4449,4771,8788,9922,9987,12476,13817,17123,21250,23260,23288,26073,18402,22872,5980,10027,0,2,2736,2681,4756,4804,5263,5988,6576,7873,7639,8413,8667,9364,11800,14615,5594,9307,158185,110075,12137,5439,62128,534,5,39,25
2021-04-29T23:59:59+02:00,0,9,4303,4626,8309,9511,9286,11873,12817,16220,19397,21573,22580,25308,18263,22661,5974,10010,0,2,2713,2661,4714,4733,5220,5914,6513,7767,7557,8297,8557,9249,11734,14540,5587,9298,148978,109578,12122,5175,61577,273,5,38,25
2021-04-28T23:59:59+02:00,0,9,4272,4607,8238,9438,9210,11786,12698,16099,19180,21359,22491,25216,18236,22620,5972,10005,0,2,2710,2649,4689,4672,5192,5870,6483,7693,7509,8214,8540,9224,11717,14517,5585,9292,148593,109384,12034,5101,60767,46,4,38,23
2021-04-27T23:59:59+02:00,0,9,4234,4560,8101,9303,9095,11636,12551,15931,18729,20864,22260,24959,18171,22542,5969,9996,0,2,2707,2645,4687,4668,5182,5862,6470,7674,7474,8176,8478,9145,11635,14435,5581,9288,147864,109122,10960,4927,60044,38,4,38,18
2021-04-26T23:59:59+02:00,0,9,4192,4533,7994,9207,8948,11530,12378,15757,18317,20499,22126,24812,18135,22510,5968,9994,0,2,2707,2643,4683,4664,5177,5854,6457,7654,7441,8148,8430,9097,11579,14356,5577,9271,147087,109017,10825,4669,58956,33,3,38,18
2021-04-25T23:59:59+02:00,0,9,4178,4518,7957,9176,8884,11467,12243,15628,17974,20165,21926,24575,18095,22455,5964,9989,0,2,2707,2643,4682,4662,5174,5850,6452,7651,7439,8144,8375,9038,11556,14328,5577,9269,145704,108994,10814,4502,58644,32,3,38,18
2021-04-24T23:59:59+02:00,0,9,4170,4509,7941,9171,8869,11457,12194,15596,17916,20127,21911,24562,18093,22450,5964,9989,0,2,2706,2643,4682,4662,5174,5850,6452,7651,7439,8144,8375,9037,11556,14328,5577,9269,145605,108994,10813,4502,58471,31,3,36,17
2021-04-23T23:59:59+02:00,0,9,4150,4479,7884,9108,8784,11355,11856,15270,17481,19729,21696,24329,18028,22373,5962,9981,0,2,2703,2641,4679,4659,5168,5842,6437,7641,7416,8113,8354,9010,11547,14319,5575,9266,144337,108980,10466,4342,57632,30,3,36,17
2021-04-22T23:59:59+02:00,0,9,4102,4415,7753,8920,8600,11097,11529,14852,16567,18743,21123,23617,17893,22193,5952,9963,0,2,2695,2635,4673,4637,5146,5816,6394,7606,7347,8067,8226,8851,11404,14168,5570,9257,140608,108361,10336,4091,56346,22,3,35,17
2021-04-21T23:59:59+02:00,0,9,4059,4371,7653,8798,8443,10936,11232,14571,15829,17986,20742,23170,17818,22088,5947,9950,0,2,2686,2624,4655,4616,5129,5795,6382,7588,7318,8043,8177,8789,11364,14128,5568,9255,137677,108073,10206,4007,55683,20,3,33,16
2021-04-20T23:59:59+02:00,0,9,4034,4346,7619,8744,8366,10856,11071,14397,15395,17512,20277,22652,17714,21937,5938,9938,0,2,2677,2614,4645,4603,5105,5776,6354,7564,7278,8003,8083,8657,11288,14041,5564,9251,135530,107500,9940,3967,55299,19,3,33,16
2021-04-19T23:59:59+02:00,0,9,4004,4297,7556,8639,8274,10717,10913,14214,15142,17217,19797,22087,17547,21720,5927,9926,0,2,2672,2612,4641,4599,5091,5761,6335,7547,7251,7958,8030,8604,11261,13994,5562,9247,133461,107166,9587,3963,54904,19,3,31,16
2021-04-18T23:59:59+02:00,0,6,3984,4269,7497,8587,8170,10591,10654,13971,14650,16679,19365,21576,17424,21535,5923,9919,0,2,2671,2611,4641,4599,5091,5761,6334,7544,7248,7957,8026,8601,11259,13990,5561,9244,131039,107142,9516,3961,54211,18,3,31,16
2021-04-17T23:59:59+02:00,0,6,3981,4261,7477,8580,8159,10573,10613,13925,14538,16591,19245,21454,17402,21507,5922,9917,0,2,2671,2611,4640,4597,5084,5756,6320,7539,7223,7934,7980,8555,11240,13967,5559,9244,130602,107130,9506,3755,54009,18,3,31,16
2021-04-16T23:59:59+02:00,0,6,3970,4217,7404,8458,8056,10418,10420,13663,13868,15829,18679,20812,17277,21332,5911,9899,0,2,2668,2608,4635,4590,5079,5743,6302,7528,7185,7899,7670,8164,11145,13826,5552,9227,127760,106326,9445,3462,52981,17,2,31,16
2021-04-15T23:59:59+02:00,0,5,3926,4165,7290,8326,7879,10183,10085,13273,13142,14971,17870,19950,17036,21010,5896,9879,0,2,2667,2600,4623,4573,5065,5710,6269,7492,7113,7826,7111,7498,11016,13664,5548,9217,124120,104649,9285,3312,51448,15,2,31,16
2021-04-14T23:59:59+02:00,0,4,3899,4133,7224,8221,7772,10032,9907,13074,12724,14524,17342,19336,16884,20801,5890,9865,0,2,2633,2581,4605,4541,5037,5663,6234,7459,7055,7766,6461,6729,10751,13364,5544,9209,122728,102292,9048,3311,49825,13,2,29,16
2021-04-13T23:59:59+02:00,0,4,3895,4127,7186,8204,7715,9997,9799,13021,12351,14231,16652,18484,16646,20497,5886,9859,0,2,2607,2552,4586,4515,5010,5628,6176,7389,6967,7662,6249,6474,10161,12679,5535,9188,122022,100049,8826,3300,47675,13,2,29,16
2021-04-12T23:59:59+02:00,0,4,3882,4109,7132,8157,7657,9927,9691,12920,12105,14016,16215,17969,16458,20284,5881,9856,0,2,2578,2541,4519,4472,4904,5558,6058,7312,6849,7562,5502,5651,9709,12140,5495,9146,121687,96676,8789,3291,45757,13,2,28,16
2021-04-11T23:59:59+02:00,0,4,3867,4101,7090,8106,7598,9884,9600,12842,11867,13807,15646,17278,16182,19943,5876,9846,0,2,2502,2462,4390,4351,4753,5425,5896,7160,6700,7457,5200,5290,9577,11978,5495,9142,121094,94510,8357,3240,44056,12,2,28,16
2021-04-10T23:59:59+02:00,0,4,3849,4081,7051,8059,7555,9827,9539,12783,11776,13722,15428,17085,16133,19874,5875,9839,0,2,1942,1899,3579,3631,3882,4661,4894,6244,5845,6669,4928,4985,9448,11826,5488,9133,120629,85786,8357,3240,43464,12,2,28,16
2021-04-09T23:59:59+02:00,0,4,3828,4061,7014,8029,7494,9771,9388,12653,11449,13441,14242,15550,15688,19342,5862,9827,0,2,1085,1080,2220,2436,2375,3293,3108,4600,4218,5203,4237,4249,9196,11467,5463,9103,118728,70069,8355,3237,40531,12,1,28,16
2021-04-08T23:59:59+02:00,0,4,3802,4045,6952,7973,7390,9677,9200,12536,11044,13089,13107,14287,15270,18812,5840,9791,0,2,587,593,1298,1731,1474,2367,2007,3511,2843,3813,2990,2847,8374,10463,5305,8866,117463,55810,8272,3234,37056,11,0,28,16
2021-04-07T23:59:59+02:00,0,4,3755,4019,6874,7917,7298,9606,9072,12407,10734,12781,12377,13517,15050,18548,5834,9769,0,2,358,377,948,1385,1068,1981,1498,3049,1895,2808,1805,1558,7466,9313,5149,8607,116498,46009,8119,3234,34919,8,0,26,16
2021-04-06T23:59:59+02:00,0,4,3739,4007,6853,7879,7242,9539,8979,12328,10523,12564,11993,13022,14830,18256,5823,9756,0,2,351,364,938,1374,1054,1960,1470,3021,1836,2749,1726,1489,7047,8753,4996,8368,115232,44242,8020,3233,34061,7,0,24,16
2021-04-05T23:59:59+02:00,0,4,3733,4006,6842,7866,7228,9528,8960,12300,10459,12506,11882,12875,14731,18163,5821,9753,0,2,349,358,928,1370,1048,1952,1460,3000,1814,2715,1672,1436,6816,8445,4871,8182,114893,43163,7998,3232,33742,7,0,24,16
2021-04-04T23:59:59+02:00,0,4,3733,4006,6840,7860,7227,9527,8957,12300,10449,12501,11878,12871,14728,18162,5821,9753,0,2,349,357,926,1370,1047,1950,1459,2999,1812,2712,1669,1431,6809,8432,4866,8179,114887,43115,7997,3231,33709,7,0,24,16
2021-04-03T23:59:59+02:00,0,4,3733,4006,6840,7859,7226,9527,8957,12300,10448,12501,11878,12870,14726,18160,5821,9753,0,2,349,356,924,1366,1045,1949,1458,2994,1810,2712,1663,1419,6766,8350,4831,8143,114883,42884,7997,3231,33705,6,0,24,16
2021-04-02T23:59:59+02:00,0,4,3731,4004,6837,7856,7220,9521,8944,12293,10432,12485,11751,12755,14683,18101,5818,9744,0,2,347,354,922,1360,1039,1938,1443,2969,1769,2674,1568,1333,5999,7452,4390,7573,114757,40201,7991,2909,33407,6,0,24,16
2021-04-01T23:59:59+02:00,0,3,3692,3992,6803,7835,7178,9491,8892,12254,10359,12414,11404,12347,14302,17582,5812,9724,0,2,342,351,906,1345,1027,1917,1411,2924,1709,2608,1444,1235,5051,6330,3822,6731,114356,36229,6575,2904,33129,6,0,24,16
2021-03-31T23:59:59+02:00,0,3,3686,3987,6789,7815,7160,9473,8857,12221,10269,12342,11068,11939,13951,17082,5806,9702,0,2,339,347,898,1335,1016,1901,1391,2896,1659,2571,1378,1182,4458,5640,3459,6253,113772,33872,5564,2831,32790,6,0,24,16
2021-03-30T23:59:59+02:00,0,3,3668,3962,6753,7777,7103,9406,8768,12118,10107,12187,10809,11662,13730,16817,5799,9688,0,2,335,340,893,1324,1008,1895,1368,2889,1631,2545,1351,1156,4339,5518,3397,6158,112958,33495,5314,2632,32063,6,0,22,16
2021-03-29T23:59:59+02:00,0,3,3658,3940,6727,7755,7063,9353,8672,12023,9924,11978,10370,11193,13358,16350,5783,9655,0,2,330,337,889,1313,1002,1887,1359,2878,1617,2536,1329,1142,4204,5374,3300,6025,111283,32877,5008,2626,31492,5,0,22,16
2021-03-28T23:59:59+02:00,0,3,3617,3883,6612,7597,6946,9209,8546,11830,9770,11787,10162,10931,13182,16169,5779,9646,0,2,330,337,889,1311,1000,1886,1358,2878,1616,2534,1320,1139,4171,5331,3274,5999,110911,32832,4742,2523,29995,4,0,21,16
2021-03-27T23:59:59+01:00,0,3,3616,3871,6600,7533,6916,9096,8496,11660,9718,11633,10049,10807,13087,16080,5778,9646,0,2,330,336,889,1311,1000,1883,1358,2876,1612,2533,1318,1137,4145,5296,3261,5984,110901,32729,4742,2522,28925,4,0,21,16
2021-03-26T23:59:59+01:00,0,3,3609,3864,6572,7496,6888,9021,8448,11547,9627,11505,10000,10743,13039,16024,5770,9625,0,2,325,334,888,1308,996,1871,1355,2855,1592,2519,1293,1121,3958,5067,3152,5830,110841,31965,4518,2481,28401,4,0,21,16
2021-03-25T23:59:59+01:00,0,3,3585,3833,6479,7371,6796,8855,8259,11316,9317,11187,9620,10358,12733,15708,5765,9614,0,2,325,333,886,1300,993,1861,1342,2842,1569,2500,1268,1101,3719,4817,2899,5490,110463,30747,4305,2481,26010,3,0,21,16
2021-03-24T23:59:59+01:00,0,3,3527,3781,6389,7187,6672,8629,8094,11079,9090,10862,9204,9868,12315,15249,5754,9603,0,2,325,332,885,1296,988,1859,1335,2838,1553,2484,1259,1091,3652,4743,2715,5264,109946,30124,4166,2481,23173,0,0,21,16
2021-03-23T23:59:59+01:00,0,3,3509,3748,6342,7133,6595,8570,7976,10951,8843,10629,8783,9401,11864,14727,5744,9589,0,2,325,332,884,1286,983,1850,1330,2829,1549,2477,1234,1066,3560,4666,2518,4941,109131,29335,4075,2481,21180,0,0,21,16
2021-03-22T23:59:59+01:00,0,3,3501,3728,6300,7105,6560,8522,7910,10876,8695,10493,8502,9050,11562,14404,5709,9550,0,2,323,327,878,1275,975,1843,1323,2818,1539,2467,1222,1057,3531,4630,2499,4908,108464,29120,4073,2481,19912,0,0,21,16
2021-03-21T23:59:59+01:00,0,3,3499,3726,6296,7095,6542,8506,7893,10857,8639,10435,8382,8933,11493,14301,5706,9547,0,2,321,326,870,1272,968,1836,1314,2816,1534,2463,1218,1053,3522,4615,2484,4898,108378,29016,4071,2481,19383,0,0,21,15
2021-03-20T23:59:59+01:00,0,3,3491,3688,6288,7023,6525,8369,7868,10673,8595,10300,8304,8847,11455,14262,5706,9547,0,2,321,326,870,1272,968,1835,1313,2816,1534,2461,1218,1053,3522,4614,2484,4897,108344,29011,3860,2480,18719,0,0,21,15
2021-03-19T23:59:59+01:00,0,3,3478,3658,6260,6937,6501,8276,7822,10556,8482,10140,7762,8240,11268,14019,5697,9529,0,2,318,325,865,1265,951,1826,1291,2785,1484,2417,1136,985,2850,3819,2065,4315,106724,26204,3559,2480,18324,0,0,21,15
2021-03-18T23:59:59+01:00,0,3,3467,3640,6219,6897,6467,8214,7758,10470,8366,10012,6803,7137,10987,13718,5685,9504,0,2,317,325,861,1260,945,1816,1276,2777,1460,2397,1097,965,2642,3578,1908,4092,103696,25223,3398,2480,18232,0,0,21,15
2021-03-17T23:59:59+01:00,0,3,3429,3603,6149,6814,6412,8110,7667,10339,8235,9855,6116,6287,10703,13404,5668,9477,0,2,316,325,853,1254,940,1803,1262,2755,1441,2370,1060,940,2513,3446,1827,3975,100895,24589,3397,2480,17958,0,0,21,13
2021-03-16T23:59:59+01:00,0,3,3410,3572,6111,6761,6368,8036,7613,10273,8144,9753,5939,6110,9992,12588,5627,9413,0,2,309,314,839,1237,928,1794,1256,2735,1429,2362,1045,920,2298,3198,1690,3777,98617,23642,3384,2478,17691,0,0,21,13
2021-03-15T23:59:59+01:00,0,3,3373,3540,6013,6680,6238,7943,7469,10153,8016,9626,5186,5276,9545,12037,5583,9343,0,2,308,313,835,1233,926,1787,1254,2722,1420,2353,1031,908,2153,3024,1598,3682,95092,23060,3375,2477,17536,0,0,21,12
2021-03-14T23:59:59+01:00,0,3,3249,3399,5734,6336,5966,7585,7154,9737,7730,9309,4854,4886,9384,11838,5579,9328,0,2,308,312,835,1233,925,1787,1252,2721,1418,2350,1029,905,2150,3021,1595,3681,92698,23038,3321,2474,16031,0,0,21,12
2021-03-13T23:59:59+01:00,0,3,2594,2745,4801,5469,4955,6661,5966,8624,6717,8362,4539,4503,8998,11314,5487,9220,0,2,308,311,834,1231,925,1781,1250,2719,1417,2350,1029,904,2126,2984,1564,3645,82041,22894,3321,2474,15575,0,0,21,12
2021-03-12T23:59:59+01:00,0,2,1772,1935,3466,4316,3448,5332,4220,6986,5079,6853,3865,3797,7741,9764,4973,8531,0,2,304,308,832,1227,919,1775,1243,2699,1392,2333,984,877,1769,2518,1290,3283,63198,21269,3318,2474,15543,0,0,21,12
2021-03-11T23:59:59+01:00,0,2,1276,1458,2562,3580,2549,4396,3128,5896,3721,5467,2690,2521,6035,7656,4198,7351,0,2,299,299,816,1219,906,1752,1225,2670,1367,2286,947,857,1610,2283,1163,3093,45905,20308,3316,2474,15244,0,0,21,12
2021-03-10T23:59:59+01:00,0,2,1055,1243,2195,3220,2175,4005,2678,5455,2809,4500,1553,1316,4672,5934,3631,6583,0,2,289,289,798,1199,884,1716,1191,2596,1328,2220,920,838,1428,2092,1066,2917,34846,19396,3316,2365,14844,0,0,20,12
2021-03-09T23:59:59+01:00,0,2,1039,1213,2132,3083,2111,3890,2594,5322,2725,4374,1519,1285,4595,5861,3589,6524,0,2,285,282,784,1178,867,1690,1165,2555,1310,2192,906,826,1351,1967,994,2801,34434,18822,3313,2321,14091,0,0,20,12
2021-03-08T23:59:59+01:00,0,2,1018,1184,2074,2984,2072,3809,2534,5210,2670,4301,1481,1264,4449,5700,3487,6381,0,2,285,278,779,1170,865,1681,1157,2547,1302,2176,881,805,1180,1741,868,2630,33740,18018,3313,2317,13547,0,0,20,12
2021-03-07T23:59:59+01:00,0,2,1013,1165,2034,2938,2030,3768,2495,5145,2629,4264,1476,1261,4442,5692,3484,6381,0,2,285,278,779,1170,865,1681,1157,2547,1301,2176,878,805,1171,1732,859,2619,33706,18017,3307,2276,13186,0,0,20,12
2021-03-06T23:59:59+01:00,0,2,1012,1162,2023,2924,2018,3749,2479,5118,2612,4243,1463,1251,4408,5646,3470,6369,0,2,285,278,779,1170,865,1680,1157,2547,1301,2176,878,805,1171,1732,859,2618,33562,18016,3306,2275,13061,0,0,20,12
2021-03-05T23:59:59+01:00,0,2,1008,1157,2007,2904,1988,3726,2436,5066,2560,4205,1427,1224,4138,5320,3318,6149,0,2,284,275,772,1163,859,1672,1154,2538,1297,2166,864,801,1163,1723,858,2616,32819,17920,2972,2275,12824,0,0,20,12
2021-03-04T23:59:59+01:00,0,2,915,1009,1918,2778,1922,3589,2360,4911,2470,4045,1396,1202,3895,5058,3051,5796,0,2,284,273,770,1158,856,1663,1153,2523,1293,2157,832,785,1150,1713,851,2603,31558,17802,2968,2252,11771,0,0,20,12
2021-03-03T23:59:59+01:00,0,2,868,900,1851,2680,1851,3485,2291,4796,2396,3961,1383,1187,3785,4951,2828,5521,0,2,282,271,769,1147,853,1645,1147,2481,1283,2131,815,781,1142,1692,843,2595,30878,17771,2849,2096,10989,0,0,20,12
2021-03-02T23:59:59+01:00,0,2,824,824,1755,2557,1767,3362,2199,4672,2336,3883,1348,1165,3655,4816,2619,5170,0,2,282,270,768,1141,849,1642,1142,2476,1279,2121,813,779,1127,1671,832,2576,30141,17663,2659,2095,10134,0,0,20,12
2021-03-01T23:59:59+01:00,0,2,801,788,1655,2414,1696,3217,2100,4499,2256,3762,1330,1153,3604,4751,2575,5110,0,2,282,268,764,1137,846,1630,1138,2464,1274,2111,806,776,1122,1659,824,2569,29886,17565,2575,2095,9232,0,0,20,12
2021-02-28T23:59:59+01:00,0,2,795,765,1637,2347,1668,3145,2077,4400,2241,3695,1324,1147,3594,4736,2560,5099,0,2,281,267,764,1136,846,1625,1138,2462,1274,2106,802,774,1114,1646,820,2559,29777,17542,2573,2062,8862,0,0,20,12
2021-02-27T23:59:59+01:00,0,2,780,748,1616,2287,1651,3034,2058,4274,2220,3601,1321,1144,3594,4734,2559,5098,0,2,281,267,764,1136,846,1625,1138,2462,1274,2105,802,774,1104,1640,803,2545,29772,17541,2572,2015,8357,0,0,20,12
2021-02-26T23:59:59+01:00,0,2,652,668,1512,2174,1600,2877,1995,4038,2119,3365,1229,1074,2938,3937,2124,4505,0,2,281,266,763,1134,845,1624,1138,2460,1272,2102,801,770,1086,1627,793,2528,26950,17467,2572,2013,7267,0,0,20,12
2021-02-25T23:59:59+01:00,0,2,504,591,1396,2070,1533,2749,1936,3911,2019,3252,1178,1039,2705,3665,1957,4261,0,2,264,251,739,1113,803,1555,1088,2360,1198,2010,745,749,1053,1589,781,2500,25872,17376,2544,1412,6332,0,0,20,12
2021-02-24T23:59:59+01:00,0,2,474,561,1326,1960,1463,2606,1866,3761,1943,3102,1141,1010,2565,3530,1878,4140,0,2,235,239,714,1067,776,1493,1058,2297,1143,1959,718,726,1006,1559,768,2469,25229,17185,2532,1032,5547,0,0,20,12
2021-02-23T23:59:59+01:00,0,2,419,521,1243,1820,1388,2461,1790,3550,1875,2980,1115,975,2358,3299,1750,3947,0,2,230,234,699,1041,764,1454,1036,2250,1117,1918,709,715,997,1545,765,2465,24289,17094,2523,835,4661,0,0,20,12
2021-02-22T23:59:59+01:00,0,2,406,487,1143,1711,1285,2364,1681,3443,1796,2909,1093,962,2214,3125,1658,3848,0,2,220,225,675,989,733,1392,1010,2156,1075,1836,665,682,927,1465,726,2406,23697,16903,2520,269,3890,0,0,20,12
2021-02-21T23:59:59+01:00,0,2,389,471,1041,1679,1135,2340,1527,3421,1691,2891,1085,960,2213,3124,1658,3848,0,2,193,219,644,981,722,1384,996,2151,1069,1834,662,679,924,1459,718,2398,23667,16769,2520,254,3268,0,0,20,12
2021-02-20T23:59:59+01:00,0,2,388,469,1040,1679,1134,2340,1526,3419,1691,2889,1085,959,2212,3124,1657,3847,0,2,192,217,641,981,719,1383,990,2148,1067,1834,662,679,924,1459,718,2397,23661,16747,2519,254,3261,0,0,20,12
2021-02-19T23:59:59+01:00,0,2,383,460,1028,1675,1124,2330,1514,3400,1658,2874,1034,930,1838,2617,1355,3454,0,2,169,207,615,977,702,1375,973,2146,1061,1832,659,678,923,1459,717,2394,21900,16623,2519,254,3237,0,0,20,12
2021-02-18T23:59:59+01:00,0,2,361,439,989,1591,1086,2244,1459,3283,1617,2782,1005,906,1661,2371,1221,3243,0,2,149,196,576,966,682,1362,939,2129,1035,1811,648,659,902,1431,703,2373,20900,16297,2519,254,2821,0,0,20,12
2021-02-17T23:59:59+01:00,0,2,338,387,906,1448,977,2047,1326,3029,1506,2562,967,876,1469,2157,1120,3062,0,2,143,189,564,935,657,1309,907,2050,988,1734,613,627,895,1404,697,2353,19818,15801,2519,254,1824,0,0,18,12
2021-02-16T23:59:59+01:00,0,2,332,347,863,1309,926,1865,1265,2810,1439,2402,956,859,1408,2060,1052,2962,0,2,137,176,550,894,642,1255,880,1986,958,1692,603,617,871,1370,683,2288,19446,15473,2518,119,875,0,0,18,12
2021-02-15T23:59:59+01:00,0,2,317,305,834,1278,909,1809,1225,2726,1401,2346,926,826,1229,1830,923,2784,0,2,129,168,529,868,625,1193,854,1913,935,1615,582,580,853,1333,674,2243,18530,15005,2517,79,608,0,0,15,12
2021-02-14T23:59:59+01:00,0,2,317,305,833,1278,908,1809,1224,2726,1401,2346,926,825,1229,1830,923,2783,0,2,128,168,528,860,621,1188,848,1907,931,1612,581,579,850,1332,672,2239,18528,14956,2517,78,606,0,0,14,12
2021-02-13T23:59:59+01:00,0,2,317,305,833,1278,908,1806,1224,2724,1401,2344,926,825,1229,1829,921,2783,0,2,128,168,528,860,621,1188,845,1904,929,1608,578,579,835,1311,660,2222,18521,14953,2514,1,606,0,0,14,12
2021-02-12T23:59:59+01:00,0,2,311,304,824,1273,904,1776,1218,2697,1373,2314,924,823,1228,1826,921,2783,0,2,128,168,526,858,620,1181,839,1892,923,1595,575,577,821,1300,654,2209,18513,14855,2514,1,460,0,0,14,12
2021-02-11T23:59:59+01:00,0,2,293,295,809,1238,898,1741,1201,2632,1350,2259,890,809,1217,1815,920,2773,0,2,125,154,508,819,598,1116,805,1792,901,1536,562,563,794,1266,639,2176,18401,14344,2513,0,214,0,0,14,12
2021-02-10T23:59:59+01:00,0,2,289,286,790,1200,885,1712,1189,2587,1335,2217,885,807,1202,1798,915,2755,0,2,121,144,441,733,552,1023,727,1666,843,1449,547,546,777,1243,626,2146,18375,13586,2408,0,58,0,0,13,0
2021-02-09T23:59:59+01:00,0,2,289,283,784,1185,873,1695,1174,2567,1321,2193,870,801,1188,1779,903,2735,0,2,105,125,385,644,499,889,646,1459,754,1256,492,466,657,1074,545,1878,18265,11876,2361,0,3,0,0,13,0
2021-02-08T23:59:59+01:00,0,2,288,282,782,1180,870,1688,1172,2563,1314,2185,864,798,1172,1755,885,2710,0,2,94,101,339,549,447,787,556,1248,646,1089,415,390,568,876,440,1545,18138,10092,2358,0,1,0,0,13,0
2021-02-07T23:59:59+01:00,0,2,287,281,781,1179,869,1688,1172,2562,1314,2182,858,796,1171,1752,883,2708,0,2,91,100,337,544,445,783,554,1238,642,1083,409,384,547,853,434,1530,18114,9976,2358,0,0,0,0,13,0
2021-02-06T23:59:59+01:00,0,2,287,280,780,1178,869,1687,1172,2562,1314,2181,857,796,1169,1746,881,2706,0,2,91,99,337,540,444,782,553,1234,640,1082,406,379,498,784,403,1484,18098,9758,2356,0,0,0,0,13,0
2021-02-05T23:59:59+01:00,0,2,287,279,780,1177,868,1686,1171,2561,1313,2176,850,790,1145,1735,874,2690,0,1,85,96,329,534,428,763,528,1199,611,1039,383,351,473,756,382,1437,18015,9395,2356,0,0,0,0,13,0
2021-02-04T23:59:59+01:00,0,2,284,271,777,1156,857,1663,1157,2533,1299,2153,827,776,1116,1704,867,2671,0,0,71,77,260,411,333,593,410,969,499,836,311,288,365,611,315,1214,17767,7563,2333,0,0,0,0,13,0
2021-02-03T23:59:59+01:00,0,2,283,266,774,1133,855,1636,1150,2481,1287,2121,807,762,1100,1682,855,2658,0,0,57,56,172,283,258,442,290,719,371,597,214,206,260,451,226,909,17666,5511,2173,0,0,0,0,13,0
2021-02-02T23:59:59+01:00,0,2,282,260,770,1124,849,1614,1142,2455,1275,2104,800,755,1092,1671,853,2650,0,0,37,35,94,143,149,255,177,449,239,377,140,136,178,275,159,586,17513,3429,2172,0,0,0,0,13,0
2021-02-01T23:59:59+01:00,0,2,280,257,765,1105,841,1595,1137,2426,1271,2069,790,742,1086,1659,848,2634,0,0,13,12,17,30,27,65,48,89,76,105,54,48,65,83,47,198,17322,977,2172,0,0,0,0,13,0
2021-01-31T23:59:59+01:00,0,2,274,255,749,1103,834,1584,1126,2415,1260,2061,784,736,1076,1641,841,2620,0,0,12,12,16,28,25,62,42,84,68,97,51,48,60,76,44,185,17285,910,2063,0,0,0,0,13,0
2021-01-30T23:59:59+01:00,0,2,274,255,749,1102,833,1584,1126,2415,1260,2061,783,736,1066,1634,824,2605,0,0,12,10,15,28,25,62,42,84,67,95,50,47,59,76,44,184,17280,900,2016,0,0,0,0,13,0
2021-01-29T23:59:59+01:00,0,2,272,255,749,1101,833,1584,1126,2415,1260,2060,782,735,1065,1632,824,2603,0,0,10,5,13,26,25,60,41,83,66,95,49,46,59,76,44,184,17271,882,2014,0,0,0,0,13,0
2021-01-28T23:59:59+01:00,0,2,268,251,737,1076,798,1528,1089,2354,1184,2000,741,721,1037,1612,808,2583,0,0,5,0,4,8,10,24,20,37,21,45,21,22,25,49,17,108,17089,416,1687,0,0,0,0,13,0
2021-01-27T23:59:59+01:00,0,2,262,244,714,1044,752,1473,1030,2273,1111,1919,706,694,1022,1589,805,2575,0,0,4,0,4,5,7,20,15,23,14,32,6,9,11,12,5,30,16639,197,1563,0,0,0,0,13,0
2021-01-26T23:59:59+01:00,0,2,238,235,699,1019,744,1425,1010,2199,1084,1854,694,680,998,1573,795,2556,0,0,4,0,2,5,6,10,13,12,7,11,3,5,7,8,2,17,16589,112,1203,0,0,0,0,13,0
2021-01-25T23:59:59+01:00,0,2,207,220,646,947,692,1303,967,2053,1026,1719,647,624,920,1476,748,2480,0,0,4,0,2,5,6,10,13,12,7,11,3,5,7,8,2,17,16361,112,303,0,0,0,0,13,0
2021-01-24T23:59:59+01:00,0,2,190,214,620,935,674,1289,949,2036,1010,1709,640,618,909,1457,739,2467,0,0,3,0,2,5,6,10,12,12,6,11,3,5,7,8,2,17,16186,109,259,0,0,0,0,13,0
2021-01-23T23:59:59+01:00,0,2,190,214,620,935,674,1289,949,2036,1010,1709,640,618,909,1457,739,2467,0,0,3,0,2,4,6,10,10,12,6,11,3,5,7,8,2,17,16186,106,259,0,0,0,0,13,0
2021-01-22T23:59:59+01:00,0,2,143,196,562,925,656,1274,915,2026,998,1698,635,617,908,1457,739,2467,0,0,3,0,1,4,6,10,10,12,6,11,3,5,7,8,2,17,15946,105,259,0,0,0,0,13,0
2021-01-21T23:59:59+01:00,0,2,139,188,547,904,636,1233,882,1972,977,1651,623,596,896,1426,732,2448,0,0,3,0,0,4,5,10,9,12,6,11,3,5,7,8,2,16,15580,101,259,0,0,0,0,13,0
2021-01-20T23:59:59+01:00,0,2,133,171,500,839,613,1155,819,1862,940,1579,603,578,879,1403,722,2418,0,0,3,0,0,4,5,10,9,12,6,11,3,5,7,8,2,16,14946,101,257,0,0,0,0,13,0
2021-01-19T23:59:59+01:00,0,2,123,153,429,753,550,1026,735,1673,840,1421,556,528,781,1248,640,2162,0,0,3,0,0,4,5,8,9,12,6,11,3,5,7,8,2,16,13417,99,190,0,0,0,0,13,0
2021-01-18T23:59:59+01:00,0,2,105,119,360,603,460,856,604,1412,714,1212,486,462,692,1085,561,1872,0,0,1,0,0,1,1,0,0,0,0,1,0,0,0,1,0,0,11511,5,81,0,0,0,0,13,0
2021-01-17T23:59:59+01:00,0,2,100,117,356,598,459,850,602,1393,707,1202,480,452,665,1054,541,1825,0,0,1,0,0,1,0,0,0,0,0,1,0,0,0,1,0,0,11310,4,80,0,0,0,0,13,0
2021-01-16T23:59:59+01:00,0,2,100,114,354,589,456,845,590,1380,696,1190,465,438,568,929,479,1726,0,0,0,0,0,1,0,0,0,0,0,0,0,0,0,0,0,0,10905,1,3,0,0,0,0,13,0
2021-01-15T23:59:59+01:00,0,2,98,112,349,587,450,840,584,1373,679,1174,449,420,559,917,468,1702,0,0,0,0,0,0,0,0,0,0,0,0,0,0,0,0,0,0,10749,0,1,0,0,0,0,13,0
2021-01-14T23:59:59+01:00,0,0,80,90,294,485,371,676,466,1119,560,994,368,338,440,751,384,1446,0,0,0,0,0,0,0,0,0,0,0,0,0,0,0,0,0,0,8849,0,0,0,0,0,0,13,0
2021-01-13T23:59:59+01:00,0,0,66,67,209,368,295,506,353,838,430,713,259,239,324,564,295,1108,0,0,0,0,0,0,0,0,0,0,0,0,0,0,0,0,0,0,6622,0,0,0,0,0,0,12,0
2021-01-12T23:59:59+01:00,0,0,44,45,130,217,182,314,213,532,287,445,166,155,212,371,203,744,0,0,0,0,0,0,0,0,0,0,0,0,0,0,0,0,0,0,4260,0,0,0,0,0,0,0,0
2021-01-11T23:59:59+01:00,0,0,14,14,45,60,42,94,61,121,99,132,69,61,93,115,58,254,0,0,0,0,0,0,0,0,0,0,0,0,0,0,0,0,0,0,1332,0,0,0,0,0,0,0,0
2021-01-10T23:59:59+01:00,0,0,13,14,32,48,35,76,52,112,84,122,62,57,85,105,55,239,0,0,0,0,0,0,0,0,0,0,0,0,0,0,0,0,0,0,1191,0,0,0,0,0,0,0,0
2021-01-09T23:59:59+01:00,0,0,13,13,28,47,35,75,51,111,82,119,61,56,84,104,53,238,0,0,0,0,0,0,0,0,0,0,0,0,0,0,0,0,0,0,1170,0,0,0,0,0,0,0,0
2021-01-08T23:59:59+01:00,0,0,9,5,28,42,33,72,49,108,81,118,58,52,78,99,49,238,0,0,0,0,0,0,0,0,0,0,0,0,0,0,0,0,0,0,1119,0,0,0,0,0,0,0,0
2021-01-07T23:59:59+01:00,0,0,6,1,10,21,16,38,28,77,35,77,32,27,51,82,33,181,0,0,0,0,0,0,0,0,0,0,0,0,0,0,0,0,0,0,715,0,0,0,0,0,0,0,0
2021-01-06T23:59:59+01:00,0,0,6,0,5,10,11,30,25,43,21,48,26,24,37,56,23,130,0,0,0,0,0,0,0,0,0,0,0,0,0,0,0,0,0,0,495,0,0,0,0,0,0,0,0
2021-01-05T23:59:59+01:00,0,0,5,0,5,9,11,30,25,43,21,48,26,24,37,55,23,130,0,0,0,0,0,0,0,0,0,0,0,0,0,0,0,0,0,0,492,0,0,0,0,0,0,0,0
2021-01-04T23:59:59+01:00,0,0,4,0,2,4,5,11,14,12,6,12,3,5,7,9,2,18,0,0,0,0,0,0,0,0,0,0,0,0,0,0,0,0,0,0,114,0,0,0,0,0,0,0,0
2021-01-03T23:59:59+01:00,0,0,3,0,2,4,5,10,13,12,6,12,3,5,7,9,2,17,0,0,0,0,0,0,0,0,0,0,0,0,0,0,0,0,0,0,110,0,0,0,0,0,0,0,0
2021-01-02T23:59:59+01:00,0,0,3,0,2,4,5,10,11,12,6,12,3,5,7,9,2,17,0,0,0,0,0,0,0,0,0,0,0,0,0,0,0,0,0,0,108,0,0,0,0,0,0,0,0
2021-01-01T23:59:59+01:00,0,0,3,0,1,4,5,10,11,12,6,12,3,5,7,8,2,17,0,0,0,0,0,0,0,0,0,0,0,0,0,0,0,0,0,0,106,0,0,0,0,0,0,0,0
2020-12-31T23:59:59+01:00,0,0,3,0,0,4,5,10,9,12,6,12,3,5,7,8,2,17,0,0,0,0,0,0,0,0,0,0,0,0,0,0,0,0,0,0,103,0,0,0,0,0,0,0,0
2020-12-30T23:59:59+01:00,0,0,3,0,0,4,5,10,9,12,6,12,3,5,7,8,2,17,0,0,0,0,0,0,0,0,0,0,0,0,0,0,0,0,0,0,103,0,0,0,0,0,0,0,0
2020-12-29T23:59:59+01:00,0,0,3,0,0,3,5,8,9,12,6,12,3,5,7,8,2,17,0,0,0,0,0,0,0,0,0,0,0,0,0,0,0,0,0,0,100,0,0,0,0,0,0,0,0
2020-12-28T23:59:59+01:00,0,0,3,0,0,3,5,8,9,12,5,12,3,5,7,8,2,17,0,0,0,0,0,0,0,0,0,0,0,0,0,0,0,0,0,0,99,0,0,0,0,0,0,0,0
2020-12-27T23:59:59+01:00,0,0,1,0,0,0,0,0,0,0,0,1,0,0,2,4,0,8,0,0,0,0,0,0,0,0,0,0,0,0,0,0,0,0,0,0,16,0,0,0,0,0,0,0,0
