Datum,<24_1_m,<24_1_w,25-34_1_m,25-34_1_w,35-44_1_m,35-44_1_w,45-54_1_m,45-54_1_w,55-64_1_m,55-64_1_w,65-74_1_m,65-74_1_w,75-84_1_m,75-84_1_w,>84_1_m,>84_1_w,<24_2_m,<24_2_w,25-34_2_m,25-34_2_w,35-44_2_m,35-44_2_w,45-54_2_m,45-54_2_w,55-64_2_m,55-64_2_w,65-74_2_m,65-74_2_w,75-84_2_m,75-84_2_w,>84_2_m,>84_2_w,bp_1,bp_2,mo_1,mo_2,az_1,az_2,ja
2021-06-02T23:59:59+02:00,8337,8522,14947,15078,18739,20531,31385,32670,35504,36615,25149,28388,17545,22245,4862,8423,4488,4659,7357,7655,8112,9770,10668,13098,13129,14776,13829,15787,13301,17107,4514,7795,212341,135070,35358,9482,76236,16488,5005
2021-06-01T23:59:59+02:00,8035,8254,14645,14802,18443,20234,31109,32370,35338,36430,25104,28320,17525,22222,4860,8412,4390,4578,7191,7497,7924,9595,10440,12840,12728,14359,13463,15393,13210,16993,4509,7787,209774,133097,35321,9237,76216,15771,4792
2021-05-31T23:59:59+02:00,7882,8091,14474,14636,18066,19913,30889,32149,35162,36289,25055,28275,17509,22190,4856,8407,4324,4509,7046,7347,7763,9408,10156,12559,12330,13919,13109,14980,13096,16850,4504,7781,208445,130901,34523,8999,76201,15107,4674
2021-05-30T23:59:59+02:00,7855,8074,14432,14604,17994,19858,30836,32111,35139,36269,25041,28262,17508,22185,4855,8405,4267,4418,6909,7148,7607,9181,9939,12241,12099,13604,12997,14827,13045,16785,4503,7775,208165,130189,34512,8899,76151,13657,4600
2021-05-29T23:59:59+02:00,7852,8073,14425,14598,17988,19854,30831,32108,35137,36267,25039,28258,17508,22185,4855,8405,4257,4401,6877,7115,7571,9129,9906,12185,12025,13513,12954,14762,13021,16766,4502,7770,208136,130047,34512,8899,76136,13209,4599
2021-05-28T23:59:59+02:00,7843,8059,14408,14579,17972,19834,30821,32097,35128,36251,25038,28253,17506,22183,4855,8405,4241,4369,6854,7076,7540,9075,9843,12066,11766,13252,12790,14571,12995,16743,4500,7767,207987,128762,34511,8898,76136,13190,4598
2021-05-27T23:59:59+02:00,7741,7955,14115,14364,17510,19491,30189,31598,34987,36136,24999,28220,17493,22173,4854,8400,4092,4183,6567,6826,7177,8771,9336,11482,11060,12347,12312,14081,12898,16596,4495,7759,206971,125354,33085,8573,76101,11987,4068
2021-05-26T23:59:59+02:00,7659,7828,13917,14158,17279,19194,29673,31099,34840,35991,24968,28178,17480,22153,4853,8395,3990,4024,6350,6547,6916,8364,8993,11012,10429,11564,11798,13530,12796,16431,4492,7741,205416,121887,32358,8392,76089,10896,3802
2021-05-25T23:59:59+02:00,7571,7721,13716,13946,16988,18960,28993,30489,34760,35901,24949,28158,17470,22138,4849,8394,3924,3921,6215,6377,6763,8171,8774,10720,10068,11190,11500,13094,12712,16317,4490,7733,204727,120144,30938,8256,75607,9838,3731
2021-05-24T23:59:59+02:00,7482,7614,13553,13743,16755,18683,28594,30065,34448,35534,24907,28099,17452,22119,4849,8392,3909,3890,6158,6298,6719,8087,8715,10630,9949,11041,11382,12931,12673,16244,4485,7723,204228,119561,28768,8224,75599,9355,3694
2021-05-23T23:59:59+02:00,7479,7613,13548,13734,16752,18673,28573,30054,34415,35493,24906,28092,17452,22115,4849,8392,3905,3886,6150,6288,6711,8080,8686,10597,9907,10976,11299,12831,12657,16222,4485,7723,204100,119556,28754,7811,75598,9348,3688
2021-05-22T23:59:59+02:00,7470,7608,13536,13719,16743,18668,28571,30053,34412,35487,24906,28091,17452,22115,4849,8392,3903,3885,6148,6286,6710,8075,8682,10596,9901,10973,11289,12818,12651,16218,4485,7723,204035,119515,28754,7811,75595,9329,3688
2021-05-21T23:59:59+02:00,7397,7535,13387,13614,16565,18518,28295,29878,34026,35236,24887,28063,17444,22107,4848,8390,3892,3873,6115,6265,6684,8043,8644,10548,9816,10890,10801,12125,12546,16097,4482,7719,203363,117817,28630,7808,74579,9297,3618
2021-05-20T23:59:59+02:00,7050,7294,12786,13207,15291,17561,26252,28212,33392,34742,24788,27922,17402,22038,4842,8378,3825,3810,6029,6150,6574,7890,8476,10393,9569,10559,10494,11704,12459,15957,4476,7708,198675,115891,26911,7739,72080,8952,3491
2021-05-19T23:59:59+02:00,6809,7014,12266,12745,14537,16854,25365,27399,32828,34230,24703,27841,17369,21994,4838,8369,3732,3720,5868,5985,6380,7644,8195,10104,9264,10179,10198,11319,12403,15832,4474,7701,193109,114008,26877,7544,72066,8337,3109
2021-05-18T23:59:59+02:00,6602,6876,11867,12426,13890,16344,24208,26429,32260,33705,24604,27731,17329,21951,4833,8361,3680,3685,5755,5877,6216,7480,7993,9891,9071,9950,10027,11058,12289,15664,4464,7694,188264,112924,26377,7475,72025,7645,2750
2021-05-17T23:59:59+02:00,6542,6825,11691,12315,13602,16110,23391,25769,31987,33452,24545,27682,17306,21923,4826,8355,3570,3588,5573,5709,6056,7283,7787,9666,8864,9726,9948,10953,12242,15606,4461,7692,186519,112240,25704,7470,71634,6550,2464
2021-05-16T23:59:59+02:00,6511,6802,11629,12261,13510,16021,22711,25167,31461,32995,24510,27646,17299,21908,4825,8355,3564,3560,5559,5649,6030,7219,7760,9575,8833,9643,9937,10940,12239,15604,4461,7692,185762,112133,24180,7464,71215,6214,2454
2021-05-15T23:59:59+02:00,6498,6793,11597,12250,13479,16011,22641,25097,30934,32623,24503,27644,17298,21905,4824,8354,3548,3543,5543,5605,6016,7144,7719,9451,8607,9406,9901,10898,12211,15567,4461,7691,185713,112132,24168,7330,70575,5854,1995
2021-05-14T23:59:59+02:00,6457,6762,11531,12212,13406,15938,22203,24768,30544,32315,24478,27603,17286,21891,4824,8352,3512,3499,5507,5510,5997,7010,7677,9231,8551,9240,9818,10772,12141,15466,4461,7690,185003,111969,23852,7004,69721,5115,1994
2021-05-13T23:59:59+02:00,6276,6577,11141,11909,12654,15346,19896,22911,29195,30997,24300,27421,17227,21832,4823,8349,3498,3465,5485,5467,5979,6953,7648,9163,8511,9183,9579,10502,11984,15221,4457,7682,181136,111623,20099,6224,67640,4951,1979
2021-05-12T23:59:59+02:00,6242,6548,11067,11847,12549,15250,19768,22784,28799,30595,24248,27369,17214,21807,4822,8344,3498,3461,5478,5461,5970,6938,7621,9143,8473,9131,9369,10240,11807,14967,4454,7677,180169,111350,19468,5414,67637,4945,1979
2021-05-11T23:59:59+02:00,6084,6433,10831,11594,12178,14874,19127,22119,27923,29690,24106,27223,17169,21740,4817,8329,3451,3409,5391,5305,5869,6754,7482,8902,8311,8920,9187,10036,11688,14805,4445,7663,176218,110334,18593,5308,67509,4059,1917
2021-05-10T23:59:59+02:00,5941,6337,10619,11392,11923,14624,18796,21761,27525,29318,24012,27134,17132,21698,4813,8326,3370,3344,5280,5195,5754,6645,7360,8765,8188,8820,9079,9903,11610,14693,4443,7656,174247,109809,17910,5297,67285,3090,1909
2021-05-09T23:59:59+02:00,5861,6274,10520,11285,11814,14503,18426,21441,27178,28985,23937,27054,17104,21672,4811,8323,3294,3311,5134,5153,5578,6605,7202,8734,8070,8788,9071,9891,11594,14678,4443,7656,173857,109734,16643,5288,66793,2285,1895
2021-05-08T23:59:59+02:00,5859,6272,10519,11283,11814,14503,18423,21439,27176,28983,23937,27054,17104,21672,4811,8323,3294,3310,5133,5153,5578,6605,7202,8734,8068,8788,9070,9890,11594,14678,4443,7656,173842,109731,16643,5288,66792,2282,1895
2021-05-07T23:59:59+02:00,5821,6245,10441,11222,11688,14382,17961,21117,26613,28473,23904,27017,17093,21641,4805,8299,3282,3302,5125,5147,5569,6593,7190,8722,8062,8782,9065,9880,11586,14657,4436,7635,173024,109717,16641,5287,65280,2252,1777
2021-05-06T23:59:59+02:00,5531,6051,9946,10865,11136,13878,16782,20034,24279,26186,23534,26645,17005,21555,4800,8289,3230,3257,5066,5069,5526,6505,7107,8599,7940,8648,8968,9776,11566,14617,4433,7633,168053,109201,14249,5233,62448,1740,1766
2021-05-05T23:59:59+02:00,5439,5953,9629,10638,10810,13535,16164,19387,23472,25258,23313,26360,16947,21469,4792,8275,3209,3217,5017,4977,5467,6378,7016,8432,7817,8447,8869,9638,11503,14549,4432,7625,164418,108279,12959,5227,62301,1324,1763
2021-05-04T23:59:59+02:00,5336,5848,9459,10436,10601,13285,15765,18962,22943,24713,23121,26120,16890,21411,4784,8266,3199,3174,4989,4907,5432,6257,6966,8292,7734,8298,8772,9534,11442,14505,4430,7623,162199,107821,11851,5219,62148,772,1742
2021-05-03T23:59:59+02:00,5247,5761,9271,10302,10428,13097,15458,18708,22552,24305,23002,25998,16866,21371,4784,8261,3114,3096,4901,4835,5365,6165,6865,8188,7548,8133,8704,9457,11405,14466,4427,7619,160702,107607,11850,5216,62056,662,803
2021-05-02T23:59:59+02:00,5230,5745,9188,10241,10296,12975,15092,18372,22302,24058,22956,25954,16853,21346,4783,8260,3104,3089,4833,4797,5271,6073,6721,8057,7452,8049,8659,9421,11386,14434,4425,7614,159823,107498,11847,5214,61953,645,28
2021-05-01T23:59:59+02:00,5230,5743,9185,10240,10295,12975,15089,18369,22300,24058,22955,25953,16853,21346,4783,8260,3104,3089,4833,4797,5271,6073,6721,8057,7452,8049,8659,9421,11386,14434,4425,7614,159806,107498,11847,5214,61953,645,28
2021-04-30T23:59:59+02:00,5150,5636,8927,10018,10044,12735,14563,17907,21488,23304,22888,25871,16837,21322,4781,8257,3101,3087,4825,4787,5263,6041,6710,8022,7421,8021,8658,9419,11386,14432,4423,7613,156254,107477,11847,5212,61626,519,1
2021-04-29T23:59:59+02:00,4973,5462,8412,9592,9361,12141,13468,16907,19707,21680,22278,25204,16738,21155,4776,8242,3073,3057,4786,4720,5219,5959,6649,7920,7345,7908,8547,9303,11327,14369,4417,7607,147185,107000,11833,4941,61077,264,1
2021-04-28T23:59:59+02:00,4934,5439,8335,9515,9285,12053,13349,16769,19499,21490,22201,25116,16716,21120,4774,8239,3068,3038,4759,4668,5191,5911,6620,7844,7295,7834,8533,9279,11314,14349,4416,7602,146807,106810,11745,4871,60281,39,1
2021-04-27T23:59:59+02:00,4879,5375,8198,9383,9179,11903,13185,16590,19056,20979,21998,24895,16667,21060,4771,8232,3065,3032,4757,4666,5184,5902,6606,7827,7262,7798,8462,9185,11252,14286,4412,7599,146090,106560,10683,4702,59576,32,1
2021-04-26T23:59:59+02:00,4827,5337,8090,9295,9041,11794,12981,16407,18661,20614,21879,24762,16646,21042,4771,8232,3065,3030,4753,4662,5179,5896,6593,7809,7235,7771,8412,9136,11207,14217,4409,7587,145328,106484,10548,4450,58503,27,0
2021-04-25T23:59:59+02:00,4812,5321,8051,9262,8975,11729,12827,16270,18317,20270,21703,24552,16613,20999,4767,8227,3065,3030,4752,4662,5176,5892,6590,7806,7231,7766,8357,9072,11185,14195,4409,7586,143963,106463,10538,4285,58194,26,0
2021-04-24T23:59:59+02:00,4805,5313,8035,9257,8961,11720,12774,16237,18262,20232,21690,24543,16611,20994,4767,8227,3064,3030,4752,4662,5176,5892,6590,7806,7231,7766,8357,9072,11185,14195,4409,7586,143868,106463,10538,4285,58022,25,0
2021-04-23T23:59:59+02:00,4785,5275,7977,9189,8869,11618,12382,15870,17868,19846,21503,24350,16554,20925,4766,8220,3062,3028,4748,4660,5167,5884,6578,7795,7206,7733,8338,9048,11179,14188,4407,7583,142618,106453,10193,4127,57186,24,0
2021-04-22T23:59:59+02:00,4725,5194,7851,8992,8662,11348,12043,15425,16910,18794,21002,23754,16455,20780,4758,8208,3052,3020,4743,4641,5142,5859,6534,7757,7142,7690,8205,8891,11057,14052,4404,7577,138917,105849,10075,3899,55909,18,0
2021-04-21T23:59:59+02:00,4677,5143,7745,8867,8499,11192,11722,15120,16137,17960,20707,23422,16407,20691,4753,8198,3040,3007,4728,4626,5123,5838,6524,7742,7118,7670,8153,8828,11026,14017,4402,7576,136040,105577,9946,3824,55254,17,0
2021-04-20T23:59:59+02:00,4652,5114,7708,8812,8414,11108,11551,14940,15654,17436,20296,22941,16329,20572,4746,8187,3034,2997,4721,4613,5095,5818,6498,7722,7076,7631,8046,8685,10971,13947,4398,7573,133902,105019,9683,3789,54875,17,0
2021-04-19T23:59:59+02:00,4619,5049,7648,8713,8313,10963,11391,14755,15370,17121,19835,22380,16191,20395,4735,8179,3029,2996,4716,4606,5083,5804,6481,7706,7051,7586,7986,8622,10953,13914,4396,7570,131841,104695,9328,3787,54488,17,0
2021-04-18T23:59:59+02:00,4598,5019,7586,8656,8198,10826,11093,14495,14888,16557,19429,21907,16093,20238,4733,8175,3029,2996,4716,4606,5083,5804,6480,7703,7048,7584,7984,8618,10950,13911,4396,7567,129438,104673,9259,3785,53794,17,0
2021-04-17T23:59:59+02:00,4593,5011,7567,8649,8188,10807,11049,14446,14775,16458,19313,21797,16075,20215,4732,8174,3029,2996,4714,4604,5078,5800,6464,7695,7025,7561,7936,8572,10934,13891,4395,7567,129003,104666,9252,3578,53594,17,0
2021-04-16T23:59:59+02:00,4577,4956,7491,8524,8091,10644,10813,14165,14080,15667,18800,21201,15975,20084,4726,8166,3026,2993,4708,4599,5075,5788,6444,7685,6975,7508,7641,8198,10855,13772,4388,7554,126167,103902,9203,3290,52590,17,0
2021-04-15T23:59:59+02:00,4526,4891,7372,8389,7917,10392,10466,13735,13282,14764,18045,20396,15791,19817,4712,8153,3025,2985,4698,4582,5062,5757,6412,7649,6891,7421,7085,7561,10785,13680,4384,7544,122524,102349,9048,3157,51076,15,0
2021-04-14T23:59:59+02:00,4496,4851,7306,8279,7812,10247,10276,13524,12842,14284,17541,19804,15672,19660,4708,8140,2987,2964,4681,4547,5036,5716,6376,7613,6836,7361,6357,6683,10649,13541,4380,7537,121152,100096,8814,3157,49476,11,0
2021-04-13T23:59:59+02:00,4492,4843,7262,8262,7758,10213,10161,13466,12416,13942,16867,18957,15501,19437,4704,8134,2963,2934,4663,4523,5007,5678,6318,7543,6742,7260,6141,6416,10190,12983,4373,7523,120480,98096,8596,3150,47339,11,0
2021-04-12T23:59:59+02:00,4475,4825,7211,8211,7703,10139,10043,13361,12137,13679,16436,18450,15358,19276,4699,8131,2932,2919,4588,4480,4906,5607,6207,7471,6598,7139,5356,5554,9810,12517,4346,7486,120146,94763,8561,3142,45427,11,0
2021-04-11T23:59:59+02:00,4458,4816,7167,8159,7648,10093,9944,13273,11878,13443,15841,17738,15152,19015,4695,8123,2847,2827,4450,4356,4766,5482,6032,7303,6457,7038,5036,5185,9712,12389,4346,7482,119571,92602,8134,3096,43738,10,0
2021-04-10T23:59:59+02:00,4436,4791,7129,8112,7600,10041,9879,13214,11790,13344,15621,17550,15116,18962,4694,8118,2204,2191,3621,3655,3903,4691,4989,6364,5685,6325,4779,4891,9609,12257,4340,7474,119110,83872,8134,3096,43153,10,0
2021-04-09T23:59:59+02:00,4413,4770,7089,8083,7531,9979,9715,13078,11383,12967,14459,16023,14769,18551,4685,8111,1233,1266,2251,2432,2376,3311,3136,4686,4236,4974,4129,4189,9397,11963,4321,7450,117241,68246,8132,3094,40233,10,0
2021-04-08T23:59:59+02:00,4384,4751,7026,8030,7434,9875,9508,12948,10920,12553,13333,14768,14451,18121,4668,8085,649,719,1330,1710,1458,2362,2020,3575,2848,3561,2933,2848,8662,11065,4219,7282,116017,54140,8053,3091,36785,10,0
2021-04-07T23:59:59+02:00,4332,4719,6944,7976,7343,9810,9369,12797,10583,12217,12613,14014,14289,17909,4663,8067,396,470,959,1362,1045,1976,1501,3106,1827,2453,1791,1584,7834,10002,4108,7095,115059,44410,7902,3091,34684,8,0
2021-04-06T23:59:59+02:00,4317,4704,6920,7939,7287,9736,9267,12715,10350,11974,12220,13501,14117,17679,4653,8056,388,454,952,1354,1029,1953,1475,3076,1766,2396,1712,1509,7395,9420,4007,6925,113787,42714,7804,3090,33844,7,0
2021-04-05T23:59:59+02:00,4311,4702,6909,7928,7276,9725,9244,12686,10286,11908,12099,13352,14036,17601,4651,8055,386,449,940,1350,1024,1944,1463,3056,1744,2359,1657,1455,7145,9087,3926,6792,113457,41681,7783,3089,33529,7,0
2021-04-04T23:59:59+02:00,4311,4702,6906,7921,7275,9724,9243,12686,10275,11903,12096,13349,14034,17601,4651,8055,386,448,940,1350,1023,1942,1462,3054,1743,2355,1654,1451,7137,9073,3922,6790,113452,41635,7783,3088,33497,7,0
2021-04-03T23:59:59+02:00,4311,4702,6906,7920,7275,9724,9243,12686,10275,11903,12096,13348,14032,17599,4651,8055,386,447,937,1346,1022,1941,1461,3049,1741,2353,1647,1438,7091,8988,3892,6763,113448,41407,7783,3088,33495,7,0
2021-04-02T23:59:59+02:00,4308,4700,6905,7917,7268,9717,9234,12679,10254,11882,11968,13229,13995,17552,4647,8048,384,444,935,1339,1015,1930,1445,3022,1698,2312,1536,1343,6268,8006,3539,6297,113326,38737,7779,2769,33198,7,0
2021-04-01T23:59:59+02:00,4266,4687,6866,7898,7231,9687,9183,12638,10181,11801,11577,12750,13686,17141,4643,8038,379,439,917,1322,1005,1913,1409,2970,1632,2247,1416,1247,5244,6779,3097,5613,112938,34858,6400,2764,32935,7,0
2021-03-31T23:59:59+02:00,4258,4681,6852,7880,7215,9668,9145,12602,10085,11728,11210,12283,13411,16738,4637,8022,376,436,907,1314,998,1898,1386,2943,1582,2208,1337,1182,4631,6041,2805,5244,112369,32590,5442,2691,32604,7,0
2021-03-30T23:59:59+02:00,4235,4653,6815,7842,7162,9603,9047,12488,9920,11573,10934,11971,13224,16520,4630,8010,371,430,902,1303,987,1892,1365,2935,1555,2185,1311,1156,4501,5910,2758,5161,111548,32219,5195,2496,31884,7,0
2021-03-29T23:59:59+02:00,4225,4630,6787,7817,7119,9547,8948,12387,9708,11354,10470,11449,12922,16135,4616,7983,366,425,898,1294,981,1884,1354,2924,1537,2176,1288,1140,4358,5740,2673,5059,109884,31601,4887,2490,31326,6,0
2021-03-28T23:59:59+02:00,4172,4563,6675,7661,7005,9407,8820,12189,9554,11169,10249,11166,12770,15988,4613,7975,366,425,898,1294,979,1883,1353,2924,1536,2174,1281,1138,4324,5696,2651,5039,109512,31567,4623,2389,29841,5,0
2021-03-27T23:59:59+01:00,4170,4545,6664,7599,6975,9281,8769,12016,9502,11032,10122,11036,12696,15915,4613,7975,366,425,898,1294,979,1881,1352,2922,1533,2173,1278,1135,4297,5661,2640,5025,109505,31466,4623,2388,28782,5,0
2021-03-26T23:59:59+01:00,4165,4535,6633,7562,6944,9202,8719,11898,9412,10911,10071,10978,12662,15864,4606,7959,362,423,896,1291,975,1868,1346,2899,1515,2165,1250,1116,4110,5424,2546,4892,109449,30725,4403,2348,28269,5,0
2021-03-25T23:59:59+01:00,4139,4493,6541,7432,6843,9032,8519,11663,9106,10593,9677,10568,12403,15606,4602,7951,362,421,894,1284,971,1857,1332,2880,1490,2149,1221,1098,3861,5154,2356,4625,109076,29602,4194,2348,25898,5,0
2021-03-24T23:59:59+01:00,4073,4419,6457,7254,6720,8800,8346,11415,8866,10278,9231,10041,12056,15220,4593,7944,362,420,893,1282,965,1855,1326,2871,1473,2136,1214,1088,3786,5077,2189,4413,108570,29000,4061,2347,23082,3,0
2021-03-23T23:59:59+01:00,4054,4383,6409,7201,6638,8730,8227,11282,8602,10041,8781,9510,11664,14791,4585,7932,362,419,891,1271,960,1848,1321,2861,1470,2124,1188,1070,3691,4987,2033,4165,107767,28311,3967,2347,21096,3,0
2021-03-22T23:59:59+01:00,4040,4363,6373,7168,6604,8685,8154,11203,8447,9881,8469,9143,11404,14511,4559,7897,359,413,886,1259,952,1843,1312,2853,1462,2113,1176,1061,3659,4947,2019,4138,107099,28103,3965,2346,19837,3,0
2021-03-21T23:59:59+01:00,4038,4359,6368,7157,6588,8670,8131,11183,8382,9820,8358,9013,11339,14429,4557,7894,357,412,877,1255,943,1838,1305,2851,1458,2108,1172,1059,3650,4931,2005,4130,107013,28002,3964,2346,19309,3,0
2021-03-20T23:59:59+01:00,4030,4312,6358,7084,6574,8527,8104,10990,8337,9708,8277,8926,11308,14394,4557,7894,357,412,877,1255,943,1838,1304,2851,1458,2106,1172,1059,3650,4929,2005,4130,106982,27998,3751,2345,18647,3,0
2021-03-19T23:59:59+01:00,4017,4277,6331,7001,6548,8433,8054,10876,8201,9522,7742,8331,11155,14190,4549,7881,354,411,871,1247,927,1827,1279,2821,1404,2059,1084,983,2927,4059,1664,3658,105390,25227,3451,2345,18267,3,0
2021-03-18T23:59:59+01:00,4005,4257,6288,6960,6516,8366,7984,10790,8057,9361,6764,7214,10957,13977,4538,7863,353,411,867,1243,920,1819,1262,2811,1379,2038,1042,966,2703,3781,1533,3480,102426,24260,3293,2345,18178,3,0
2021-03-17T23:59:59+01:00,3962,4215,6220,6874,6457,8262,7888,10661,7931,9202,5977,6236,10806,13823,4522,7842,352,411,860,1237,917,1806,1248,2792,1354,2015,1013,942,2568,3644,1474,3388,99676,23673,3292,2345,17910,3,0
2021-03-16T23:59:59+01:00,3942,4179,6182,6820,6409,8195,7829,10589,7843,9109,5792,6028,10207,13141,4488,7790,344,401,847,1221,905,1797,1242,2775,1340,2007,999,920,2339,3375,1361,3224,97614,22751,3282,2343,17647,3,0
2021-03-15T23:59:59+01:00,3904,4147,6077,6741,6283,8096,7687,10471,7687,8967,5007,5150,9832,12656,4452,7734,343,400,844,1217,904,1789,1239,2763,1332,1998,983,906,2184,3189,1288,3148,94115,22183,3275,2342,17501,2,0
2021-03-14T23:59:59+01:00,3755,3962,5798,6408,6021,7752,7360,10024,7417,8680,4662,4754,9706,12492,4449,7723,343,400,844,1217,903,1789,1237,2762,1330,1995,982,904,2181,3185,1285,3148,91736,22164,3222,2339,16005,2,0
2021-03-13T23:59:59+01:00,3009,3220,4839,5549,5010,6801,6119,8871,6504,7820,4362,4389,9333,11984,4384,7641,343,400,843,1215,903,1784,1236,2760,1329,1995,982,903,2149,3144,1263,3118,81055,22026,3222,2339,15558,2,0
2021-03-12T23:59:59+01:00,2067,2302,3480,4370,3497,5456,4303,7181,5031,6433,3699,3703,8041,10368,3990,7104,339,396,839,1211,899,1778,1229,2741,1302,1977,935,877,1748,2627,1048,2822,62275,20427,3220,2339,15530,2,0
2021-03-11T23:59:59+01:00,1484,1760,2570,3614,2581,4509,3192,6060,3655,5021,2587,2482,6259,8145,3397,6158,334,388,823,1202,886,1754,1210,2711,1278,1936,897,853,1573,2371,946,2661,45022,19482,3218,2339,15234,2,0
2021-03-10T23:59:59+01:00,1235,1515,2197,3242,2197,4117,2726,5631,2674,3947,1493,1297,4900,6400,2956,5553,324,379,808,1185,866,1713,1178,2652,1245,1880,872,834,1383,2151,862,2519,34024,18584,3218,2265,14838,2,0
2021-03-09T23:59:59+01:00,1213,1471,2130,3105,2132,4003,2641,5488,2593,3836,1461,1270,4822,6321,2922,5504,317,370,797,1165,845,1682,1154,2614,1229,1855,857,819,1290,2020,809,2417,33618,18017,3215,2221,14079,2,0
2021-03-08T23:59:59+01:00,1185,1435,2077,3006,2087,3917,2581,5374,2540,3777,1421,1248,4668,6135,2834,5392,317,365,793,1159,842,1673,1147,2606,1218,1836,838,794,1101,1775,707,2278,32926,17230,3215,2218,13536,1,0
2021-03-07T23:59:59+01:00,1178,1415,2036,2962,2046,3874,2542,5305,2503,3750,1415,1245,4662,6127,2831,5392,317,365,793,1159,842,1673,1147,2606,1217,1836,834,794,1093,1764,699,2268,32896,17230,3210,2177,13177,0,0
2021-03-06T23:59:59+01:00,1176,1411,2028,2947,2033,3855,2527,5275,2484,3732,1401,1231,4629,6087,2820,5381,317,365,793,1159,842,1673,1147,2606,1217,1836,834,794,1093,1764,699,2267,32754,17230,3210,2176,13053,0,0
2021-03-05T23:59:59+01:00,1170,1407,2010,2927,2003,3827,2484,5221,2433,3703,1360,1200,4348,5738,2691,5190,315,362,785,1153,838,1666,1144,2598,1214,1828,822,790,1086,1755,698,2265,32016,17143,2880,2176,12816,0,0
2021-03-04T23:59:59+01:00,1067,1240,1924,2808,1935,3688,2408,5054,2345,3567,1329,1178,4087,5447,2486,4909,315,360,783,1148,836,1660,1143,2589,1209,1824,804,783,1076,1744,691,2254,30833,17066,2876,2153,11763,0,0
2021-03-03T23:59:59+01:00,1011,1123,1863,2712,1869,3587,2338,4940,2274,3492,1319,1163,3963,5334,2280,4647,314,355,782,1141,833,1638,1137,2547,1195,1804,791,779,1067,1722,684,2246,30164,17034,2761,2001,10990,0,0
2021-03-02T23:59:59+01:00,958,1035,1771,2588,1779,3466,2252,4816,2211,3421,1291,1144,3821,5183,2118,4369,314,353,781,1135,830,1636,1133,2542,1190,1794,789,776,1052,1699,675,2230,29520,16929,2572,2000,10131,0,0
2021-03-01T23:59:59+01:00,924,971,1675,2453,1707,3323,2150,4646,2142,3313,1272,1134,3766,5112,2080,4316,313,352,778,1132,829,1622,1128,2530,1185,1787,784,773,1044,1687,670,2225,29269,16839,2488,2000,9227,0,0
2021-02-28T23:59:59+01:00,915,942,1657,2389,1678,3244,2130,4554,2128,3247,1267,1130,3756,5097,2066,4307,313,352,778,1131,829,1621,1128,2530,1184,1786,782,771,1035,1672,667,2217,29163,16829,2486,1967,8858,0,0
2021-02-27T23:59:59+01:00,897,920,1636,2324,1663,3132,2107,4418,2109,3171,1265,1129,3756,5095,2065,4306,313,352,778,1131,829,1620,1128,2530,1184,1785,782,771,1035,1672,667,2217,29158,16827,2485,1967,8350,0,0
2021-02-26T23:59:59+01:00,749,831,1545,2205,1610,2977,2043,4161,2005,2956,1172,1055,3043,4218,1709,3821,313,352,776,1130,829,1619,1128,2526,1182,1784,779,766,1015,1655,660,2205,26360,16753,2485,1966,7255,0,0
2021-02-25T23:59:59+01:00,576,743,1444,2098,1543,2852,1976,4028,1911,2846,1121,1029,2792,3903,1571,3626,295,334,747,1105,787,1549,1080,2422,1112,1703,729,749,984,1612,649,2183,25289,16662,2456,1378,6314,0,0
2021-02-24T23:59:59+01:00,539,704,1370,1986,1480,2698,1897,3877,1838,2713,1087,998,2636,3753,1513,3526,264,314,721,1064,765,1486,1047,2361,1062,1659,699,725,944,1579,637,2158,24641,16475,2445,1010,5529,0,0
2021-02-23T23:59:59+01:00,479,654,1287,1842,1412,2544,1814,3671,1776,2602,1063,968,2413,3493,1409,3372,258,305,707,1040,753,1450,1023,2316,1040,1619,690,715,933,1565,636,2154,23721,16390,2435,814,4643,0,0
2021-02-22T23:59:59+01:00,464,615,1183,1731,1306,2452,1714,3560,1694,2541,1044,953,2259,3306,1336,3294,247,290,679,988,725,1383,996,2223,997,1544,653,687,862,1484,605,2104,23144,16204,2431,263,3877,0,0
2021-02-21T23:59:59+01:00,440,596,1074,1701,1155,2428,1561,3538,1601,2525,1040,951,2258,3305,1336,3294,216,283,652,981,714,1374,982,2218,994,1542,650,685,857,1480,599,2097,23115,16074,2431,250,3257,0,0
2021-02-20T23:59:59+01:00,440,595,1073,1701,1154,2428,1560,3537,1601,2523,1040,950,2257,3305,1335,3293,215,281,649,981,711,1373,975,2215,993,1542,650,685,857,1480,599,2097,23109,16053,2430,250,3253,0,0
2021-02-19T23:59:59+01:00,433,585,1064,1698,1143,2418,1548,3520,1570,2505,988,921,1830,2740,1092,2968,192,271,623,977,694,1364,961,2213,987,1541,647,684,855,1480,598,2095,21363,15932,2430,250,3230,0,0
2021-02-18T23:59:59+01:00,412,561,1019,1613,1108,2332,1498,3397,1532,2428,957,896,1630,2469,989,2790,171,259,584,966,669,1353,927,2195,968,1522,636,667,834,1448,590,2084,20377,15623,2430,250,2824,0,0
2021-02-17T23:59:59+01:00,381,495,934,1473,995,2110,1363,3154,1426,2223,924,872,1430,2224,901,2645,164,252,568,931,648,1298,889,2120,922,1448,603,637,828,1425,586,2065,19300,15134,2430,250,1820,0,0
2021-02-16T23:59:59+01:00,373,446,890,1332,942,1915,1295,2935,1365,2075,916,858,1355,2117,848,2558,155,236,556,888,629,1245,865,2056,891,1411,593,624,808,1394,573,2006,18926,14816,2429,114,865,0,0
2021-02-15T23:59:59+01:00,354,402,865,1301,922,1855,1250,2851,1331,2020,891,828,1155,1863,740,2407,146,226,534,858,610,1183,842,1981,867,1336,573,589,790,1355,565,1969,18010,14350,2428,74,597,0,0
2021-02-14T23:59:59+01:00,353,402,864,1301,921,1855,1247,2851,1331,2020,891,828,1155,1863,740,2407,146,225,533,852,605,1178,838,1977,864,1333,571,589,789,1354,565,1966,18008,14311,2428,74,593,0,0
2021-02-13T23:59:59+01:00,353,402,864,1300,921,1852,1247,2849,1331,2018,891,828,1155,1863,740,2407,146,225,533,852,605,1178,836,1973,862,1331,568,589,775,1333,553,1950,18000,14309,2428,0,593,0,0
2021-02-12T23:59:59+01:00,348,401,859,1292,917,1825,1241,2816,1304,1996,891,827,1154,1860,740,2407,146,224,531,849,603,1170,829,1963,858,1317,565,587,761,1321,547,1939,17992,14210,2428,0,458,0,0
2021-02-11T23:59:59+01:00,327,391,845,1257,911,1784,1223,2751,1283,1947,859,813,1144,1849,739,2397,142,205,515,806,580,1105,794,1857,833,1270,555,573,736,1282,534,1913,17880,13700,2427,0,213,0,0
2021-02-10T23:59:59+01:00,324,379,828,1225,900,1755,1214,2709,1273,1917,855,812,1128,1829,734,2381,136,190,453,731,545,1018,726,1742,795,1213,539,558,727,1260,524,1894,17851,13051,2354,0,58,0,0
2021-02-09T23:59:59+01:00,324,376,822,1211,890,1738,1199,2691,1259,1894,842,807,1113,1812,726,2365,117,166,399,644,500,878,646,1552,714,1048,479,468,613,1090,458,1667,17757,11439,2309,0,3,0,0
2021-02-08T23:59:59+01:00,323,375,820,1206,890,1733,1197,2686,1252,1886,837,804,1092,1785,713,2347,103,141,357,559,448,778,555,1328,609,914,403,386,536,891,364,1373,17639,9745,2306,0,1,0,0
2021-02-07T23:59:59+01:00,322,374,818,1205,889,1733,1197,2684,1252,1884,831,802,1090,1781,712,2346,101,140,355,554,446,774,552,1318,605,911,399,383,514,867,360,1359,17614,9638,2306,0,0,0,0
2021-02-06T23:59:59+01:00,322,373,818,1205,889,1732,1197,2684,1252,1883,830,799,1087,1777,712,2344,101,139,355,551,445,772,551,1315,602,910,396,379,463,793,332,1321,17599,9425,2305,0,0,0,0
2021-02-05T23:59:59+01:00,322,373,817,1203,889,1732,1196,2682,1251,1881,822,793,1063,1764,707,2331,93,135,348,544,429,753,527,1278,572,876,374,353,442,767,318,1286,17521,9095,2305,0,0,0,0
2021-02-04T23:59:59+01:00,319,365,812,1181,879,1709,1180,2654,1237,1860,799,777,1036,1734,701,2318,75,104,271,420,331,596,416,1040,464,703,299,287,336,609,258,1080,17279,7289,2282,0,0,0,0
2021-02-03T23:59:59+01:00,318,355,809,1164,877,1677,1173,2603,1219,1837,785,764,1017,1710,694,2305,59,72,183,293,256,447,298,757,342,506,200,204,237,449,183,807,17184,5293,2123,0,0,0,0
2021-02-02T23:59:59+01:00,316,350,805,1155,873,1654,1160,2579,1210,1821,781,758,1007,1698,693,2296,38,43,100,150,151,250,186,485,214,316,131,125,157,268,131,530,17034,3275,2122,0,0,0,0
2021-02-01T23:59:59+01:00,315,345,796,1140,868,1632,1155,2551,1207,1793,772,745,1002,1689,688,2283,13,13,16,27,28,64,48,95,62,89,46,43,55,80,41,177,16859,897,2122,0,0,0,0
2021-01-31T23:59:59+01:00,308,343,781,1138,860,1621,1143,2539,1197,1785,767,739,992,1670,681,2272,12,13,14,26,26,61,41,89,58,82,42,43,51,72,38,166,16824,834,2012,0,0,0,0
2021-01-30T23:59:59+01:00,308,343,781,1138,859,1621,1143,2539,1197,1785,766,739,992,1669,681,2272,12,11,14,26,26,61,40,89,57,80,42,42,50,72,38,165,16821,825,2012,0,0,0,0
2021-01-29T23:59:59+01:00,308,343,781,1138,859,1621,1143,2539,1197,1784,765,737,991,1668,681,2270,11,6,13,26,26,59,38,88,56,80,41,41,50,72,38,165,16814,810,2011,0,0,0,0
2021-01-28T23:59:59+01:00,304,336,765,1113,824,1564,1104,2476,1125,1734,724,726,962,1641,671,2254,4,0,3,9,11,21,17,42,19,39,20,21,23,47,16,99,16637,391,1686,0,0,0,0
2021-01-27T23:59:59+01:00,298,329,736,1075,778,1505,1043,2398,1056,1658,692,698,951,1623,669,2247,3,0,3,6,8,17,12,27,13,28,5,7,10,10,5,26,16192,180,1564,0,0,0,0
2021-01-26T23:59:59+01:00,272,315,721,1051,768,1457,1021,2319,1032,1598,679,687,930,1605,659,2230,3,0,1,6,6,7,11,11,5,12,3,3,6,7,2,16,16141,99,1203,0,0,0,0
2021-01-25T23:59:59+01:00,238,295,664,969,714,1338,979,2166,972,1476,635,634,851,1501,622,2168,3,0,1,6,6,7,11,11,5,12,3,3,6,7,2,16,15917,99,305,0,0,0,0
2021-01-24T23:59:59+01:00,219,284,639,962,697,1323,959,2150,960,1466,627,628,842,1481,613,2156,3,0,1,6,5,7,11,11,4,12,3,3,6,7,2,16,15745,97,261,0,0,0,0
2021-01-23T23:59:59+01:00,219,284,639,962,697,1323,959,2150,960,1466,627,628,842,1481,613,2156,3,0,1,6,5,7,10,11,4,12,3,3,6,7,2,16,15745,96,261,0,0,0,0
2021-01-22T23:59:59+01:00,167,265,586,953,676,1309,929,2138,949,1458,622,627,842,1481,613,2156,3,0,0,6,5,7,10,11,4,12,3,3,6,7,2,16,15510,95,261,0,0,0,0
2021-01-21T23:59:59+01:00,161,254,571,929,654,1269,891,2080,930,1416,615,606,828,1448,608,2141,3,0,0,6,4,7,10,11,4,12,3,3,6,7,2,15,15140,93,261,0,0,0,0
2021-01-20T23:59:59+01:00,152,233,527,861,630,1190,825,1967,897,1353,594,589,811,1425,600,2114,3,0,0,6,4,7,10,11,4,12,3,3,6,7,2,15,14509,93,259,0,0,0,0
2021-01-19T23:59:59+01:00,135,205,448,774,564,1043,739,1771,799,1209,540,525,711,1250,530,1880,3,0,0,6,4,7,10,11,4,12,3,3,6,7,2,15,12931,93,192,0,0,0,0
2021-01-18T23:59:59+01:00,113,166,378,620,470,868,607,1487,676,1035,474,459,634,1077,465,1629,1,0,0,0,0,0,0,0,0,0,0,0,0,1,0,0,11076,2,82,0,0,0,0
2021-01-17T23:59:59+01:00,109,164,374,615,469,861,604,1469,667,1027,471,452,605,1046,451,1585,1,0,0,0,0,0,0,0,0,0,0,0,0,1,0,0,10887,2,82,0,0,0,0
2021-01-16T23:59:59+01:00,109,161,372,607,466,853,593,1455,654,1019,456,438,506,908,391,1500,0,0,0,0,0,0,0,0,0,0,0,0,0,0,0,0,10486,0,2,0,0,0,0
2021-01-15T23:59:59+01:00,107,159,368,605,460,847,587,1446,635,1004,442,422,496,893,384,1479,0,0,0,0,0,0,0,0,0,0,0,0,0,0,0,0,10334,0,0,0,0,0,0
2021-01-14T23:59:59+01:00,83,125,306,498,380,686,472,1185,527,843,359,340,395,734,317,1271,0,0,0,0,0,0,0,0,0,0,0,0,0,0,0,0,8521,0,0,0,0,0,0
2021-01-13T23:59:59+01:00,66,93,219,372,301,517,363,865,397,610,246,239,288,549,237,972,0,0,0,0,0,0,0,0,0,0,0,0,0,0,0,0,6334,0,0,0,0,0,0
2021-01-12T23:59:59+01:00,44,59,132,222,183,310,225,561,252,378,154,146,184,359,164,662,0,0,0,0,0,0,0,0,0,0,0,0,0,0,0,0,4035,0,0,0,0,0,0
2021-01-11T23:59:59+01:00,14,18,45,58,43,91,69,130,77,112,64,56,81,114,48,220,0,0,0,0,0,0,0,0,0,0,0,0,0,0,0,0,1240,0,0,0,0,0,0
2021-01-10T23:59:59+01:00,14,17,33,47,35,73,56,122,70,102,55,52,76,102,45,209,0,0,0,0,0,0,0,0,0,0,0,0,0,0,0,0,1108,0,0,0,0,0,0
2021-01-09T23:59:59+01:00,14,16,30,46,35,73,53,121,69,99,55,51,75,101,43,208,0,0,0,0,0,0,0,0,0,0,0,0,0,0,0,0,1089,0,0,0,0,0,0
2021-01-08T23:59:59+01:00,10,9,30,42,33,69,50,120,68,98,52,46,69,97,40,208,0,0,0,0,0,0,0,0,0,0,0,0,0,0,0,0,1041,0,0,0,0,0,0
2021-01-07T23:59:59+01:00,5,2,10,23,18,35,27,89,32,63,32,27,47,81,27,163,0,0,0,0,0,0,0,0,0,0,0,0,0,0,0,0,681,0,0,0,0,0,0
2021-01-06T23:59:59+01:00,5,0,4,11,13,28,23,50,19,39,26,24,33,56,20,119,0,0,0,0,0,0,0,0,0,0,0,0,0,0,0,0,470,0,0,0,0,0,0
2021-01-05T23:59:59+01:00,5,0,4,11,13,28,23,50,19,39,26,24,33,55,20,119,0,0,0,0,0,0,0,0,0,0,0,0,0,0,0,0,469,0,0,0,0,0,0
2021-01-04T23:59:59+01:00,4,0,1,6,4,7,13,11,4,12,3,3,6,8,2,17,0,0,0,0,0,0,0,0,0,0,0,0,0,0,0,0,101,0,0,0,0,0,0
2021-01-03T23:59:59+01:00,3,0,1,6,4,7,12,11,4,12,3,3,6,8,2,16,0,0,0,0,0,0,0,0,0,0,0,0,0,0,0,0,98,0,0,0,0,0,0
2021-01-02T23:59:59+01:00,3,0,1,6,4,7,11,11,4,12,3,3,6,8,2,16,0,0,0,0,0,0,0,0,0,0,0,0,0,0,0,0,97,0,0,0,0,0,0
2021-01-01T23:59:59+01:00,3,0,0,6,4,7,11,11,4,12,3,3,6,7,2,16,0,0,0,0,0,0,0,0,0,0,0,0,0,0,0,0,95,0,0,0,0,0,0
2020-12-31T23:59:59+01:00,3,0,0,6,4,7,10,11,4,12,3,3,6,7,2,16,0,0,0,0,0,0,0,0,0,0,0,0,0,0,0,0,94,0,0,0,0,0,0
2020-12-30T23:59:59+01:00,3,0,0,6,4,7,10,11,4,12,3,3,6,7,2,16,0,0,0,0,0,0,0,0,0,0,0,0,0,0,0,0,94,0,0,0,0,0,0
2020-12-29T23:59:59+01:00,3,0,0,6,4,7,10,11,4,12,3,3,6,7,2,16,0,0,0,0,0,0,0,0,0,0,0,0,0,0,0,0,94,0,0,0,0,0,0
2020-12-28T23:59:59+01:00,3,0,0,6,4,7,10,11,4,12,3,3,6,7,2,16,0,0,0,0,0,0,0,0,0,0,0,0,0,0,0,0,94,0,0,0,0,0,0
2020-12-27T23:59:59+01:00,1,0,0,0,0,0,0,0,0,0,0,0,1,3,0,7,0,0,0,0,0,0,0,0,0,0,0,0,0,0,0,0,12,0,0,0,0,0,0
