Datum,<15_m,<15_w,15-24_1_m,15-24_1_w,25-34_1_m,25-34_1_w,35-44_1_m,35-44_1_w,45-54_1_m,45-54_1_w,55-64_1_m,55-64_1_w,65-74_1_m,65-74_1_w,75-84_1_m,75-84_1_w,>84_1_m,>84_1_w,<24_2_m,<24_2_w,25-34_2_m,25-34_2_w,35-44_2_m,35-44_2_w,45-54_2_m,45-54_2_w,55-64_2_m,55-64_2_w,65-74_2_m,65-74_2_w,75-84_2_m,75-84_2_w,>84_2_m,>84_2_w,bp_1,bp_2,mo_1,mo_2,az_1,az_2,ja,unb_1,unb_2
2021-09-01T23:59:59+02:00,2720,2434,23200,22189,32677,30078,33144,33075,38793,39190,42443,42653,27904,31139,19819,24885,6027,10185,20686,19750,30438,27553,31278,30876,36758,36823,40414,40616,26845,29902,19087,23807,5784,9685,321742,301410,44842,43207,77538,71022,18375,58,27
2021-08-31T23:59:59+02:00,2675,2391,23084,22084,32599,29982,33092,33017,38747,39150,42417,42628,27893,31133,19813,24881,6026,10182,20599,19659,30367,27496,31232,30833,36719,36791,40386,40592,26836,29892,19081,23802,5784,9683,321180,301003,44811,43193,77537,71016,18208,58,27
2021-08-30T23:59:59+02:00,2653,2367,23034,22042,32560,29942,33069,32980,38718,39132,42398,42610,27888,31127,19806,24873,6025,10178,20476,19561,30275,27404,31175,30783,36686,36763,40366,40558,26821,29881,19080,23793,5784,9681,320851,300314,44796,43185,77537,71012,18160,58,27
2021-08-29T23:59:59+02:00,2622,2337,22952,21979,32501,29887,33025,32951,38672,39096,42368,42589,27879,31120,19803,24868,6025,10177,20373,19494,30210,27356,31139,30750,36645,36733,40341,40539,26808,29870,19079,23788,5784,9681,320405,299887,44781,43163,77535,71002,18072,58,27
2021-08-28T23:59:59+02:00,2616,2335,22952,21979,32499,29887,33023,32951,38669,39095,42367,42589,27878,31120,19803,24868,6025,10177,20372,19493,30207,27355,31139,30747,36642,36731,40341,40539,26808,29870,19079,23788,5784,9681,320392,299875,44780,43163,77535,71002,18068,58,27
2021-08-27T23:59:59+02:00,2616,2335,22947,21975,32495,29887,33022,32949,38667,39094,42363,42589,27877,31120,19803,24868,6024,10177,20367,19491,30195,27353,31138,30745,36640,36731,40339,40539,26808,29870,19079,23787,5784,9681,320378,299858,44780,43163,77535,70999,18057,58,27
2021-08-26T23:59:59+02:00,2534,2251,22765,21771,32369,29749,32908,32847,38581,39006,42299,42521,27852,31087,19790,24851,6023,10171,20097,19226,30054,27190,31002,30624,36532,36637,40259,40466,26766,29831,19060,23764,5778,9680,319185,298370,44760,43140,77534,70983,17838,58,27
2021-08-25T23:59:59+02:00,2528,2243,22745,21746,32359,29730,32895,32832,38570,38992,42289,42516,27847,31085,19783,24846,6020,10169,20050,19184,30015,27160,30981,30588,36506,36605,40241,40450,26753,29818,19057,23756,5777,9679,319007,298009,44760,43139,77534,70982,17836,58,27
2021-08-24T23:59:59+02:00,2510,2232,22707,21704,32333,29689,32876,32799,38562,38973,42271,42502,27841,31074,19778,24838,6019,10168,20012,19142,29983,27120,30960,30552,36492,36584,40221,40433,26748,29808,19053,23753,5777,9675,318727,297723,44750,43133,77534,70977,17807,58,27
2021-08-23T23:59:59+02:00,2491,2200,22637,21635,32270,29634,32841,32769,38523,38943,42241,42490,27825,31065,19775,24828,6019,10166,19891,19022,29868,27043,30896,30504,36443,36542,40180,40404,26736,29795,19047,23744,5777,9669,318302,297001,44739,43110,77532,70972,17721,58,27
2021-08-22T23:59:59+02:00,2482,2191,22603,21603,32251,29616,32824,32761,38507,38927,42236,42482,27821,31060,19770,24828,6019,10165,19852,18985,29833,27010,30865,30469,36423,36526,40162,40382,26728,29791,19044,23741,5777,9667,318137,296717,44732,43107,77531,70963,17688,58,27
2021-08-21T23:59:59+02:00,2463,2179,22549,21554,32212,29579,32800,32737,38493,38905,42219,42472,27814,31052,19768,24825,6019,10164,19750,18888,29763,26954,30831,30427,36389,36484,40137,40361,26717,29782,19039,23737,5775,9667,317896,296216,44719,43092,77529,70957,17602,58,27
2021-08-20T23:59:59+02:00,2427,2139,22461,21451,32139,29499,32738,32690,38446,38866,42178,42444,27807,31039,19764,24811,6018,10160,19580,18763,29636,26851,30757,30369,36330,36440,40091,40324,26702,29764,19030,23729,5774,9663,317331,295412,44696,43070,77526,70939,17466,58,27
2021-08-19T23:59:59+02:00,2340,2073,22304,21322,32010,29381,32649,32607,38346,38791,42110,42391,27782,31007,19757,24799,6013,10152,19322,18558,29434,26702,30641,30262,36211,36345,39991,40240,26675,29734,19019,23713,5770,9658,316431,294153,44676,43041,77526,70915,17144,57,27
2021-08-18T23:59:59+02:00,2331,2065,22279,21300,31989,29361,32628,32585,38318,38773,42097,42376,27768,30997,19751,24794,6013,10150,19268,18499,29395,26668,30616,30231,36185,36324,39967,40209,26658,29723,19015,23701,5765,9654,316179,293724,44676,43041,77526,70913,17137,57,27
2021-08-17T23:59:59+02:00,2314,2049,22252,21273,31972,29335,32603,32561,38306,38762,42075,42358,27763,30985,19746,24789,6013,10150,19225,18446,29362,26627,30574,30204,36160,36292,39942,40188,26641,29711,19012,23687,5763,9650,315947,293351,44676,43038,77526,70909,17100,57,27
2021-08-16T23:59:59+02:00,2281,2032,22186,21232,31933,29290,32579,32539,38282,38742,42044,42341,27754,30978,19744,24779,6013,10149,19022,18307,29222,26517,30497,30117,36113,36239,39904,40147,26622,29696,19004,23669,5757,9648,315606,292374,44676,43033,77524,70908,17035,57,27
2021-08-15T23:59:59+02:00,2254,2010,22132,21175,31889,29252,32556,32507,38254,38723,42027,42328,27747,30973,19739,24772,6012,10149,18907,18191,29068,26388,30416,30034,36046,36188,39847,40092,26605,29673,18995,23660,5754,9647,315283,291458,44668,43017,77524,70900,16967,57,27
2021-08-14T23:59:59+02:00,2248,2007,22106,21159,31877,29235,32552,32501,38246,38718,42021,42325,27746,30972,19738,24771,6012,10148,18794,18098,29007,26323,30381,29987,36022,36157,39826,40079,26597,29667,18992,23659,5753,9644,315193,290921,44665,42999,77524,70896,16943,57,27
2021-08-13T23:59:59+02:00,2231,1996,22061,21123,31841,29211,32517,32474,38230,38704,42011,42316,27744,30968,19735,24768,6011,10148,18540,17840,28829,26168,30266,29895,35969,36087,39781,40044,26581,29655,18987,23650,5750,9640,314966,289561,44660,42985,77522,70887,16884,57,27
2021-08-12T23:59:59+02:00,2195,1959,21975,21032,31770,29138,32464,32424,38183,38662,41975,42283,27727,30949,19728,24758,6010,10148,18235,17529,28575,25946,30121,29768,35875,35995,39706,39978,26547,29610,18967,23628,5748,9637,314406,287830,44649,42932,77519,70841,16749,57,27
2021-08-11T23:59:59+02:00,2193,1954,21956,21015,31753,29116,32449,32408,38175,38653,41964,42267,27719,30946,19724,24753,6009,10144,18179,17472,28538,25900,30072,29731,35854,35958,39671,39946,26536,29584,18960,23618,5748,9635,314226,287353,44649,42930,77519,70838,16747,57,27
2021-08-10T23:59:59+02:00,2185,1933,21929,20979,31723,29096,32435,32389,38151,38627,41947,42261,27714,30938,19723,24750,6008,10140,17659,17021,28366,25744,29977,29644,35686,35836,39623,39906,26515,29561,18955,23604,5744,9634,313995,285661,44646,42911,77517,70588,16713,57,27
2021-08-09T23:59:59+02:00,2161,1919,21877,20929,31666,29052,32402,32360,38126,38606,41934,42237,27703,30929,19722,24741,6007,10138,17188,16565,28233,25639,29922,29591,35641,35790,39591,39871,26506,29547,18950,23598,5744,9632,313625,284186,44641,42892,77516,70576,16670,57,27
2021-08-08T23:59:59+02:00,2146,1902,21825,20889,31625,29019,32373,32338,38104,38599,41914,42217,27696,30925,19718,24737,6007,10135,16846,16224,28122,25557,29867,29520,35595,35752,39570,39845,26495,29534,18941,23589,5742,9627,313338,282958,44640,42871,77516,70569,16618,57,27
2021-08-07T23:59:59+02:00,2101,1859,21693,20806,31543,28952,32299,32277,38048,38548,41881,42189,27688,30899,19713,24728,6005,10133,16339,15771,27821,25276,29639,29337,35417,35597,39431,39735,26441,29473,18922,23560,5739,9623,312713,280335,44608,42750,77510,70480,16474,57,27
2021-08-06T23:59:59+02:00,2091,1849,21644,20770,31503,28920,32266,32258,38022,38528,41872,42173,27682,30890,19709,24728,6005,10133,15313,14794,26675,24383,29347,29105,35169,35399,39118,39496,26397,29428,18912,23550,5738,9620,312490,275346,44605,42729,77510,69681,16381,57,26
2021-08-05T23:59:59+02:00,2052,1820,21537,20684,31445,28843,32211,32202,37966,38478,41827,42136,27665,30871,19700,24715,6003,10130,14424,14048,25657,23608,28634,28593,34642,34967,38803,39250,26330,29349,18880,23516,5735,9610,311945,270482,44582,42676,77509,68184,16192,57,26
2021-08-04T23:59:59+02:00,2033,1801,21466,20631,31401,28772,32181,32160,37933,38455,41793,42110,27653,30856,19695,24702,6001,10127,14056,13710,25257,23304,28422,28373,34503,34842,38709,39157,26292,29305,18859,23493,5731,9605,311502,268066,44576,42648,77509,68142,16126,57,26
2021-08-03T23:59:59+02:00,2024,1785,21440,20605,31384,28758,32168,32151,37924,38442,41778,42098,27646,30850,19691,24695,6000,10125,13972,13621,25178,23228,28355,28317,34457,34796,38663,39124,26277,29283,18850,23485,5729,9599,311304,267379,44573,42647,77508,68116,16122,57,26
2021-08-02T23:59:59+02:00,2014,1764,21395,20569,31341,28737,32141,32120,37898,38427,41765,42083,27637,30838,19691,24688,5999,10121,13768,13412,24471,22679,28076,28096,34307,34684,38583,39063,26250,29251,18842,23481,5729,9597,311022,264964,44570,42633,77508,67891,16071,57,26
2021-08-01T23:59:59+02:00,1996,1748,21344,20522,31290,28700,32116,32102,37879,38408,41743,42066,27631,30831,19688,24679,5999,10120,13599,13253,24170,22424,27835,27879,34215,34575,38514,38991,26234,29232,18836,23475,5729,9595,310729,263265,44564,42621,77507,67868,16005,57,26
2021-07-31T23:59:59+02:00,1971,1718,21261,20446,31225,28664,32061,32064,37843,38380,41720,42045,27627,30823,19683,24675,5999,10120,12658,12229,23650,21982,27490,27525,33906,34278,38084,38650,26164,29147,18810,23431,5724,9589,310317,258239,44553,42586,77505,67299,15893,57,26
2021-07-30T23:59:59+02:00,1946,1699,21240,20424,31193,28645,32046,32046,37837,38373,41712,42037,27622,30820,19682,24675,5998,10120,12571,12153,23319,21694,27207,27313,33689,34116,37923,38517,26140,29130,18808,23423,5724,9587,310135,256810,44552,42578,77505,66745,15866,57,26
2021-07-29T23:59:59+02:00,1877,1630,21007,20190,31054,28499,31945,31937,37745,38284,41621,41977,27594,30796,19669,24656,5991,10112,11944,11621,22190,20856,26169,26475,32710,33425,37539,38228,26058,29029,18779,23376,5719,9580,308937,251208,44525,42491,77497,64989,15568,57,26
2021-07-28T23:59:59+02:00,1857,1615,20967,20141,31034,28470,31930,31916,37725,38264,41599,41956,27583,30784,19664,24646,5991,10110,11666,11320,21779,20475,25734,26045,32546,33273,37428,38137,26021,28978,18761,23353,5718,9575,308625,248291,44524,42489,77485,64929,15562,56,26
2021-07-27T23:59:59+02:00,1847,1609,20926,20099,31010,28437,31897,31901,37704,38231,41575,41942,27576,30777,19663,24641,5991,10107,11417,11106,21581,20286,25594,25925,32437,33170,37346,38056,25996,28941,18753,23344,5715,9571,308389,246820,44524,42485,77484,64854,15480,56,26
2021-07-26T23:59:59+02:00,1821,1575,20801,19979,30905,28338,31839,31839,37651,38164,41532,41911,27552,30759,19652,24627,5985,10104,11125,10781,21075,19844,25348,25718,32276,33020,37215,37970,25961,28906,18740,23321,5714,9563,307641,244530,44494,42373,77479,64649,15364,56,26
2021-07-25T23:59:59+02:00,1814,1566,20779,19968,30895,28329,31828,31824,37645,38158,41522,41902,27548,30757,19651,24625,5985,10103,11020,10675,20924,19736,25114,25525,32038,32813,37072,37837,25943,28892,18734,23314,5713,9560,307530,243271,44484,42358,77471,64238,15358,56,26
2021-07-24T23:59:59+02:00,1794,1551,20699,19894,30853,28291,31793,31788,37619,38130,41499,41890,27541,30752,19648,24623,5985,10103,10957,10620,20848,19674,25042,25464,31985,32782,37043,37817,25937,28888,18732,23312,5713,9560,307188,242902,44473,42335,77467,64172,15269,56,26
2021-07-23T23:59:59+02:00,1739,1516,20508,19752,30689,28178,31705,31717,37552,38078,41459,41847,27530,30736,19643,24617,5984,10098,10701,10417,20485,19367,24236,24820,31501,32452,36478,37360,25894,28846,18716,23295,5712,9558,306362,240034,44464,42290,77450,62780,15016,56,25
2021-07-22T23:59:59+02:00,1676,1459,20197,19482,30450,27997,31574,31604,37423,37972,41361,41766,27504,30712,19632,24593,5980,10097,10241,10042,19741,18857,23279,24153,30792,31865,35446,36600,25783,28749,18683,23263,5710,9554,304892,236435,44429,41624,77446,60261,14656,56,25
2021-07-21T23:59:59+02:00,1661,1451,20159,19433,30422,27968,31551,31581,37403,37947,41340,41742,27495,30704,19627,24587,5975,10093,9930,9707,19280,18406,22408,23389,30458,31532,35215,36402,25700,28652,18652,23211,5702,9544,304567,233693,44423,39939,77444,60089,14649,56,22
2021-07-20T23:59:59+02:00,1655,1446,20126,19406,30395,27945,31527,31562,37387,37931,41328,41730,27480,30689,19627,24580,5975,10090,9662,9428,18949,18137,22139,23104,30283,31378,35051,36257,25654,28607,18636,23177,5701,9540,304322,231306,44421,39930,77443,59989,14637,56,22
2021-07-19T23:59:59+02:00,1644,1438,20013,19318,30313,27874,31469,31509,37368,37912,41313,41712,27475,30678,19621,24573,5974,10087,9462,9231,18634,17861,21675,22686,30029,31146,34931,36156,25620,28569,18618,23161,5701,9537,303749,229674,44415,38987,77442,59875,14629,56,22
2021-07-18T23:59:59+02:00,1633,1433,19946,19252,30187,27774,31404,31444,37306,37860,41271,41660,27454,30647,19612,24558,5970,10084,9353,9116,18467,17711,21485,22496,29861,30948,34818,36055,25590,28546,18607,23144,5701,9531,302964,228422,44415,38687,77440,59834,14620,56,22
2021-07-17T23:59:59+02:00,1632,1429,19939,19250,30187,27771,31404,31440,37301,37858,41267,41658,27453,30646,19611,24558,5970,10084,9332,9101,18434,17689,21467,22483,29851,30941,34799,36051,25587,28544,18607,23143,5701,9531,302931,228268,44415,38684,77440,59823,14616,56,22
2021-07-16T23:59:59+02:00,1579,1384,19664,19002,30062,27675,31320,31367,37244,37795,41226,41626,27434,30629,19604,24548,5968,10078,9214,8986,18060,17386,21161,22209,29462,30584,34664,35945,25564,28521,18600,23130,5699,9529,301931,227000,44393,37963,77438,59490,14387,56,21
2021-07-15T23:59:59+02:00,1521,1341,19403,18753,29880,27529,31212,31268,37161,37713,41159,41558,27391,30599,19588,24534,5964,10075,8851,8682,17144,16556,19614,20985,28545,29661,34044,35366,25398,28341,18545,23081,5693,9517,300655,220900,44351,36507,77430,58565,14157,56,21
2021-07-14T23:59:59+02:00,1507,1328,19374,18717,29857,27503,31188,31237,37150,37700,41139,41551,27383,30592,19579,24527,5963,10072,8564,8384,16591,15956,19121,20467,27980,29163,33653,34991,25286,28212,18506,23015,5688,9506,300380,216733,44349,36150,77427,58138,14155,56,21
2021-07-13T23:59:59+02:00,1495,1318,19338,18692,29840,27479,31166,31222,37135,37673,41115,41523,27374,30578,19577,24522,5962,10066,8260,8123,16193,15601,18847,20189,27717,28914,33382,34735,25188,28092,18473,22974,5686,9501,300098,214036,44348,36115,77426,57646,14147,56,21
2021-07-12T23:59:59+02:00,1479,1308,19292,18675,29806,27450,31149,31201,37123,37656,41098,41508,27371,30574,19575,24516,5961,10066,8000,7907,15913,15324,18147,19642,27404,28594,32968,34373,25021,27898,18414,22899,5680,9496,299841,212755,44347,34182,77426,56668,14138,56,21
2021-07-11T23:59:59+02:00,1469,1300,19260,18645,29776,27419,31133,31171,37115,37634,41084,41496,27362,30565,19573,24516,5960,10065,7956,7860,15848,15253,18059,19588,27320,28532,32856,34311,24967,27853,18394,22877,5680,9493,299589,212181,44344,34171,77424,56425,14130,56,21
2021-07-10T23:59:59+02:00,1340,1183,18755,18227,29333,27126,30849,30940,36871,37475,40884,41346,27289,30505,19547,24484,5957,10062,7826,7790,15565,15119,17839,19438,27080,28392,32691,34194,24901,27807,18378,22864,5679,9493,297392,211760,44210,34051,77395,56184,13120,56,21
2021-07-09T23:59:59+02:00,1329,1177,18727,18197,29313,27109,30837,30927,36861,37463,40873,41338,27285,30501,19545,24480,5957,10061,7784,7743,15495,15053,17776,19345,26860,28162,32442,33981,24837,27744,18356,22838,5679,9490,297250,211481,44191,34048,77394,55021,13089,56,21
2021-07-08T23:59:59+02:00,1251,1096,18461,17984,29165,26959,30700,30810,36759,37361,40775,41261,27251,30466,19526,24462,5952,10057,7617,7609,15199,14806,17346,18985,26168,27561,32172,33715,24669,27587,18298,22776,5676,9484,295986,210349,44137,32629,77386,54004,12731,56,21
2021-07-07T23:59:59+02:00,1152,1004,18151,17660,28966,26776,30572,30687,36646,37241,40669,41176,27217,30418,19512,24445,5949,10054,7421,7398,14758,14438,16880,18543,25414,26952,31764,33336,24403,27263,18203,22682,5667,9475,294416,207432,44087,31793,77375,53045,12361,56,21
2021-07-06T23:59:59+02:00,1129,988,18074,17594,28921,26726,30521,30641,36610,37206,40634,41144,27200,30393,19501,24432,5947,10051,7205,7166,14415,14082,16529,18194,24664,26304,31465,33072,24213,27049,18155,22611,5660,9468,293840,205376,44084,30387,77374,52152,12358,56,21
2021-07-05T23:59:59+02:00,1086,960,18001,17530,28878,26670,30482,30607,36586,37161,40606,41118,27194,30379,19495,24426,5947,10046,6976,6976,14112,13811,16177,17829,24113,25796,30897,32506,23933,26750,18047,22471,5652,9458,293356,203882,44082,28293,77370,51019,12308,56,21
2021-07-04T23:59:59+02:00,1064,944,17930,17481,28839,26649,30461,30578,36576,37151,40591,41106,27188,30368,19490,24423,5947,10045,6950,6959,14058,13765,16103,17771,24029,25740,30744,32415,23841,26661,18015,22430,5650,9454,293040,203492,44081,28284,77359,50512,12295,56,21
2021-07-03T23:59:59+02:00,648,572,16203,15763,27668,25725,29662,29860,35935,36541,40093,40676,27031,30200,19422,24337,5938,10028,6565,6719,13543,13462,15701,17468,23668,25463,30439,32221,23745,26566,17981,22392,5646,9450,285532,203201,44042,28207,77276,50223,9396,56,21
2021-07-02T23:59:59+02:00,609,534,16072,15617,27507,25579,29582,29800,35904,36514,40074,40663,27025,30191,19419,24334,5938,10028,6517,6648,13469,13361,15613,17337,23525,25280,30285,32056,23552,26354,17892,22314,5644,9447,284627,202518,44042,28048,77275,49336,9390,56,21
2021-07-01T23:59:59+02:00,551,488,15894,15463,27290,25425,29505,29722,35849,36463,40008,40618,27005,30174,19408,24322,5936,10024,6377,6519,13129,13090,15085,16897,22261,24294,29524,31374,23274,26067,17774,22180,5637,9432,283441,198990,44037,26379,77263,48194,9348,56,21
2021-06-30T23:59:59+02:00,521,468,15790,15356,27179,25339,29438,29651,35793,36412,39965,40582,26990,30143,19397,24305,5932,10024,6183,6341,12698,12706,14517,16349,21638,23698,28932,30846,22855,25603,17644,21996,5630,9420,282617,194743,44034,26355,77257,46631,9321,56,21
2021-06-29T23:59:59+02:00,464,418,15028,14688,26917,25115,29344,29552,35714,36331,39897,40535,26971,30120,19389,24292,5932,10022,6071,6214,12438,12443,14122,15953,20847,23078,28348,30295,22408,25079,17492,21822,5622,9410,280114,191592,44033,25847,77249,44918,9277,56,21
2021-06-28T23:59:59+02:00,428,387,14399,14049,26760,25011,29270,29486,35656,36266,39853,40501,26953,30100,19381,24281,5932,10018,6004,6119,12259,12304,13934,15776,20227,22529,27948,29925,22072,24722,17363,21659,5617,9406,278178,189910,44029,25191,77245,43531,9223,56,21
2021-06-27T23:59:59+02:00,351,320,14053,13671,26696,24952,29230,29450,35634,36244,39836,40488,26942,30093,19378,24277,5931,10017,5967,6076,12145,12189,13789,15647,19677,22053,27340,29427,21795,24386,17243,21536,5613,9405,277056,189076,44027,23672,77234,42341,9190,56,21
2021-06-26T23:59:59+02:00,350,320,14042,13660,26680,24941,29224,29444,35628,36243,39833,40487,26941,30092,19378,24277,5931,10017,5962,6073,12134,12186,13783,15643,19664,22042,27295,29392,21650,24256,17203,21480,5612,9403,276984,189050,44025,23668,77234,41862,9189,56,21
2021-06-25T23:59:59+02:00,226,207,12778,12441,25216,23795,28923,29210,35522,36161,39767,40425,26917,30065,19368,24266,5928,10015,5919,6026,12038,12107,13641,15521,19354,21804,26911,29033,21327,23863,17029,21283,5609,9394,270751,187827,44021,23385,77216,40452,9186,56,21
2021-06-24T23:59:59+02:00,161,153,11806,11611,24102,22915,28557,28860,35375,35995,39655,40321,26882,30015,19357,24242,5926,10011,5702,5795,11579,11691,13062,14930,17821,20407,25265,27439,20557,23008,16713,20877,5599,9384,265519,182849,44004,19764,77212,38053,9153,56,21
2021-06-23T23:59:59+02:00,125,127,11445,11288,23604,22545,28311,28619,35197,35868,39565,40233,26852,29988,19349,24205,5924,10000,5628,5682,11366,11476,12763,14579,17431,19997,24518,26673,19762,22258,16521,20625,5591,9368,262910,180500,43998,19150,77207,35504,9074,56,21
2021-06-22T23:59:59+02:00,104,114,11262,11076,23445,22403,28231,28547,35121,35806,39519,40188,26837,29964,19341,24197,5924,9999,5519,5561,11099,11218,12396,14209,16829,19401,23786,25907,19382,21834,16358,20446,5584,9352,261765,177472,43995,18285,77205,34054,9057,56,21
2021-06-21T23:59:59+02:00,91,102,11010,10891,22611,21731,27978,28321,35055,35744,39455,40147,26821,29946,19335,24188,5924,9998,5400,5457,10884,10998,12089,13888,16438,19055,23340,25440,19092,21520,16254,20327,5578,9350,259170,176015,43989,17269,77200,32879,8933,56,21
2021-06-20T23:59:59+02:00,85,101,10946,10800,22362,21515,27720,28121,34975,35666,39410,40103,26812,29932,19333,24184,5922,9995,5359,5402,10797,10897,11993,13786,16241,18871,23069,25200,18991,21414,16201,20269,5572,9346,257886,175705,43987,16203,77197,32629,8856,56,21
2021-06-19T23:59:59+02:00,84,97,10922,10776,22329,21491,27702,28108,34963,35662,39400,40099,26811,29931,19333,24182,5922,9995,5328,5370,10716,10807,11901,13665,16093,18719,22762,24839,18905,21327,16189,20256,5571,9346,257732,175601,43966,14706,77197,32616,8856,56,21
2021-06-18T23:59:59+02:00,81,95,10874,10725,22010,21169,27438,27892,34910,35625,39369,40077,26803,29922,19332,24179,5922,9993,5313,5361,10685,10777,11861,13617,16031,18656,22677,24743,18739,21146,16144,20190,5570,9341,256344,175204,43964,14705,77196,32071,8856,56,21
2021-06-17T23:59:59+02:00,72,87,10294,10294,20736,20211,26579,27161,34542,35301,39116,39889,26739,29840,19312,24143,5915,9988,5115,5222,10310,10523,11418,13217,15351,18045,21311,23429,18285,20660,15981,20019,5566,9326,250580,169913,43945,14132,77185,31265,8453,56,21
2021-06-16T23:59:59+02:00,64,75,9957,9981,20056,19580,25941,26558,34294,35101,38956,39741,26697,29787,19289,24120,5914,9984,4972,5077,9924,10189,10960,12766,14647,17354,20462,22497,17882,20214,15811,19806,5556,9314,246748,166136,43931,12862,77172,30230,8188,56,21
2021-06-15T23:59:59+02:00,49,69,9712,9740,19760,19331,25718,26361,34164,34995,38860,39661,26668,29751,19282,24105,5909,9980,4866,4966,9685,9971,10728,12507,14225,16927,19864,21922,17561,19824,15590,19577,5547,9303,244982,164061,43919,11772,77166,29224,7992,56,20
2021-06-14T23:59:59+02:00,45,64,9579,9615,19460,19070,25543,26218,34043,34916,38799,39622,26651,29731,19276,24094,5909,9977,4785,4903,9494,9832,10555,12371,13964,16711,19548,21629,17396,19667,15489,19444,5546,9299,243785,162607,43917,11770,77162,28550,7692,56,20
2021-06-13T23:59:59+02:00,43,60,9420,9485,19170,18885,25192,25964,33842,34749,38693,39555,26635,29719,19266,24087,5909,9974,4702,4837,9285,9666,10391,12200,13639,16374,19200,21298,17269,19519,15442,19379,5544,9297,242142,161759,43917,11770,77158,27123,7375,56,20
2021-06-12T23:59:59+02:00,43,60,9411,9471,19157,18872,25192,25959,33842,34746,38690,39554,26635,29719,19266,24087,5909,9974,4699,4823,9275,9605,10359,12098,13590,16219,19145,21162,17160,19394,15325,19277,5542,9295,242096,161731,43917,11768,77154,26090,7364,56,20
2021-06-11T23:59:59+02:00,38,56,9253,9289,18924,18659,24392,25286,33662,34592,38556,39441,26602,29686,19255,24064,5909,9969,4622,4708,9057,9350,10099,11804,13069,15671,18171,20271,16974,19197,15285,19233,5539,9292,239176,157722,43916,11767,77151,25504,7334,56,20
2021-06-10T23:59:59+02:00,36,52,8859,8955,18272,18167,23540,24608,33342,34312,38354,39276,26546,29632,19232,24036,5906,9962,4447,4531,8477,8856,9293,11083,11921,14570,16182,18361,16084,18237,14999,18866,5530,9270,235555,148055,43255,11734,77125,23807,7097,55,19
2021-06-09T23:59:59+02:00,19,34,8410,8450,17436,17440,22388,23564,32853,33846,38068,39058,26437,29528,19186,23980,5896,9949,4311,4414,8188,8590,9050,10829,11590,14203,15697,17814,15713,17807,14758,18581,5523,9260,231563,146230,41364,11692,77090,21895,6497,28,19
2021-06-08T23:59:59+02:00,11,22,8092,8133,16965,17023,21969,23199,32608,33653,37906,38928,26393,29488,19176,23957,5893,9944,4191,4332,7934,8336,8745,10484,11232,13856,15054,17111,15257,17284,14496,18304,5518,9242,228836,144527,41332,10569,77081,20183,6083,28,19
2021-06-07T23:59:59+02:00,8,18,7894,7901,16607,16699,21425,22744,32327,33382,37789,38812,26367,29440,19159,23931,5888,9943,4115,4252,7753,8195,8585,10341,11062,13684,14742,16785,15060,17029,14323,18113,5514,9237,227215,143448,40357,10477,77070,19186,5665,27,19
2021-06-06T23:59:59+02:00,6,15,7786,7792,16472,16554,21230,22536,32100,33158,37654,38706,26340,29415,19146,23915,5888,9937,4086,4217,7707,8077,8533,10213,10957,13538,14546,16568,14876,16850,14234,17993,5507,9231,225982,142966,40058,10467,77052,18155,5531,27,19
2021-06-05T23:59:59+02:00,6,15,7764,7778,16443,16527,21223,22533,32090,33152,37651,38705,26339,29415,19145,23914,5888,9937,4077,4178,7692,8012,8519,10080,10943,13367,14527,16463,14839,16795,14225,17983,5507,9230,225873,142885,40058,10467,77051,17555,5516,27,19
2021-06-04T23:59:59+02:00,6,13,7650,7675,16165,16289,20946,22286,31666,32778,37536,38584,26306,29376,19133,23901,5886,9935,4070,4169,7666,7989,8493,10050,10876,13294,14422,16333,14758,16702,14188,17939,5507,9228,224274,142552,39282,10138,77032,17464,5516,27,19
2021-06-03T23:59:59+02:00,4,13,7394,7447,15288,15504,19311,20894,30755,31848,37033,38125,26175,29243,19089,23850,5880,9917,4009,4131,7577,7918,8371,9952,10707,13113,13853,15764,14494,16386,14103,17831,5504,9215,217652,140335,37702,10022,77022,17190,5367,27,19
2021-06-02T23:59:59+02:00,4,13,7259,7303,14902,15075,18879,20492,30285,31393,36807,37861,26111,29179,19069,23821,5877,9915,3979,4101,7512,7831,8283,9860,10566,12982,13405,15332,14370,16203,14075,17793,5501,9210,214563,138540,37271,9928,77021,17158,5363,27,19
2021-06-01T23:59:59+02:00,4,10,6983,7058,14505,14763,18536,20174,29958,31082,36584,37627,26055,29100,19045,23792,5875,9904,3877,4015,7269,7654,8051,9667,10302,12708,13002,14909,13937,15751,13959,17640,5494,9202,211819,136416,37226,9674,77000,16350,4983,27,19
2021-05-31T23:59:59+02:00,4,10,6820,6868,14286,14530,17832,19572,29617,30741,36287,37364,25965,29003,19019,23738,5865,9891,3798,3903,7060,7407,7828,9381,9959,12325,12562,14390,13408,15138,13760,17411,5486,9187,210390,133235,35177,9349,76983,15570,4835,27,19
2021-05-30T23:59:59+02:00,4,10,6797,6853,14240,14492,17755,19513,29567,30703,36256,37341,25953,28991,19016,23732,5864,9889,3755,3829,6903,7193,7680,9147,9752,12006,12305,14037,13287,14968,13691,17329,5483,9180,210095,132500,35165,9248,76929,14023,4760,27,19
2021-05-29T23:59:59+02:00,4,10,6795,6852,14231,14486,17750,19507,29562,30699,36253,37340,25951,28988,19016,23731,5864,9889,3746,3816,6874,7160,7647,9096,9716,11959,12232,13939,13246,14900,13661,17305,5482,9175,210063,132361,35165,9247,76914,13573,4759,27,19
2021-05-28T23:59:59+02:00,4,10,6785,6840,14216,14469,17733,19486,29551,30686,36242,37322,25950,28984,19014,23727,5864,9889,3732,3793,6852,7120,7613,9042,9663,11855,11992,13669,13057,14709,13631,17265,5479,9172,209912,131071,35164,9246,76911,13554,4758,27,19
2021-05-27T23:59:59+02:00,4,10,6694,6759,13948,14252,17248,19139,28872,30143,36083,37191,25904,28950,18999,23713,5863,9883,3607,3633,6565,6868,7237,8735,9165,11296,11282,12774,12505,14140,13501,17073,5472,9160,208835,127555,33723,8916,76869,12326,4201,27,19
2021-05-26T23:59:59+02:00,4,10,6623,6651,13734,14049,16995,18832,28328,29631,35908,37016,25867,28905,18984,23689,5862,9878,3516,3489,6340,6579,6949,8308,8824,10818,10629,11976,11943,13524,13355,16858,5467,9138,207244,123941,32969,8733,76856,11154,3870,27,19
2021-05-25T23:59:59+02:00,4,10,6542,6556,13529,13828,16732,18621,27603,28984,35815,36919,25844,28876,18972,23674,5857,9877,3467,3398,6195,6410,6803,8118,8598,10527,10283,11610,11597,13049,13250,16697,5464,9130,206533,122101,31515,8594,76371,10088,3798,26,19
2021-05-24T23:59:59+02:00,4,10,6472,6459,13352,13628,16510,18338,27191,28557,35469,36520,25787,28808,18953,23650,5856,9875,3453,3376,6137,6328,6758,8035,8539,10432,10210,11513,11424,12816,13202,16606,5456,9110,205999,121476,29291,8549,76364,9596,3759,26,19
2021-05-23T23:59:59+02:00,4,10,6470,6458,13347,13619,16507,18328,27172,28547,35439,36486,25784,28802,18953,23644,5856,9875,3449,3372,6131,6318,6748,8028,8511,10402,10170,11456,11341,12715,13182,16575,5456,9109,205884,121468,29275,8137,76363,9589,3753,26,19
2021-05-22T23:59:59+02:00,4,10,6463,6454,13340,13608,16501,18324,27169,28546,35436,36480,25784,28802,18953,23644,5856,9875,3448,3372,6128,6315,6747,8024,8507,10400,10165,11453,11330,12701,13177,16571,5455,9109,205834,121428,29275,8137,76361,9568,3753,26,19
2021-05-21T23:59:59+02:00,4,10,6401,6394,13187,13502,16328,18173,26899,28368,35007,36213,25758,28765,18945,23638,5855,9871,3439,3362,6095,6294,6716,7990,8468,10351,10112,11403,10812,11988,13036,16411,5452,9104,205145,119668,29150,8134,75315,9533,3682,26,19
2021-05-20T23:59:59+02:00,3,9,6108,6193,12577,13085,15134,17251,24985,26872,34054,35443,25653,28620,18891,23557,5849,9856,3379,3317,6002,6177,6603,7834,8321,10190,9875,11096,10477,11535,12924,16230,5442,9091,200385,117676,27405,8057,72772,9191,3553,25,19
2021-05-19T23:59:59+02:00,3,9,5902,5952,12063,12626,14425,16546,24038,26058,33427,34846,25543,28530,18856,23501,5841,9844,3302,3244,5840,6007,6413,7593,8046,9909,9572,10716,10165,11120,12845,16085,5440,9083,194695,115767,27367,7861,72757,8570,3166,25,19
2021-05-18T23:59:59+02:00,3,8,5732,5843,11663,12303,13802,16047,22882,25109,32761,34240,25427,28395,18810,23451,5836,9835,3259,3212,5727,5896,6248,7434,7841,9691,9374,10476,9996,10870,12700,15864,5431,9074,189744,114617,26861,7793,72713,7863,2804,25,19
2021-05-17T23:59:59+02:00,3,7,5679,5798,11500,12196,13531,15825,22068,24474,32453,33926,25347,28336,18788,23421,5827,9826,3142,3136,5536,5712,6074,7218,7631,9463,9149,10233,9907,10746,12642,15801,5428,9069,187980,113861,26161,7787,72321,6705,2518,25,19
2021-05-16T23:59:59+02:00,3,7,5651,5778,11439,12139,13446,15745,21458,23926,31839,33396,25306,28293,18778,23406,5826,9826,3137,3113,5522,5642,6046,7158,7603,9362,9117,10149,9891,10727,12639,15798,5428,9069,187212,113749,24617,7780,71902,6351,2506,25,18
2021-05-15T23:59:59+02:00,3,7,5642,5768,11406,12130,13417,15735,21384,23855,31299,33022,25295,28288,18777,23403,5825,9825,3123,3098,5503,5600,6032,7082,7563,9247,8879,9895,9858,10696,12605,15747,5428,9068,187162,113744,24605,7642,71253,5987,2036,25,18
2021-05-14T23:59:59+02:00,3,7,5602,5743,11344,12092,13345,15670,20973,23543,30868,32676,25259,28242,18766,23386,5825,9823,3091,3058,5467,5511,6011,6946,7523,9045,8819,9700,9787,10586,12518,15620,5428,9065,186439,113575,24286,7310,70382,5240,2035,25,18
2021-05-13T23:59:59+02:00,3,7,5444,5585,10962,11796,12631,15081,18787,21794,29322,31208,25029,27999,18699,23315,5823,9820,3079,3023,5442,5472,5994,6888,7499,8974,8775,9640,9570,10342,12321,15317,5423,9055,182484,113218,20484,6491,68292,5070,2020,25,18
2021-05-12T23:59:59+02:00,2,7,5415,5558,10890,11738,12530,14993,18665,21670,28959,30844,24937,27904,18682,23286,5822,9815,3079,3019,5436,5466,5984,6874,7474,8959,8736,9586,9385,10112,12090,14995,5420,9048,181536,112937,19847,5627,68289,5064,2020,25,18
2021-05-11T23:59:59+02:00,2,7,5278,5454,10643,11491,12164,14621,18054,21034,28027,29874,24744,27715,18623,23211,5817,9800,3037,2978,5347,5311,5884,6690,7344,8717,8576,9364,9204,9917,11943,14807,5411,9030,177461,111900,18957,5518,68156,4167,1960,25,18
2021-05-10T23:59:59+02:00,2,6,5154,5376,10430,11296,11905,14366,17728,20699,27607,29467,24635,27608,18585,23164,5809,9796,2968,2925,5230,5194,5770,6587,7220,8576,8449,9257,9100,9793,11853,14679,5408,9022,175460,111371,18265,5506,67931,3187,1952,25,18
2021-05-09T23:59:59+02:00,2,6,5080,5328,10330,11182,11805,14247,17388,20416,27216,29091,24549,27522,18556,23128,5806,9793,2899,2894,5084,5150,5594,6544,7052,8547,8321,9221,9088,9783,11835,14659,5408,9022,175065,111295,16982,5496,67436,2358,1937,25,18
2021-05-08T23:59:59+02:00,2,6,5079,5327,10328,11178,11805,14247,17384,20414,27213,29088,24549,27522,18556,23128,5806,9793,2899,2893,5083,5150,5594,6544,7052,8547,8318,9221,9087,9782,11835,14659,5408,9022,175048,111292,16982,5496,67433,2354,1937,25,18
2021-05-07T23:59:59+02:00,2,6,5045,5301,10258,11125,11676,14123,16983,20139,26576,28530,24501,27471,18539,23094,5799,9764,2889,2886,5067,5141,5583,6528,7040,8536,8310,9210,9081,9774,11824,14637,5400,8995,174213,111277,16979,5490,65907,2311,1808,25,18
2021-05-06T23:59:59+02:00,1,6,4775,5140,9795,10780,11114,13607,15895,19117,24169,26239,24003,26946,18433,22991,5794,9750,2847,2841,5000,5066,5543,6435,6957,8417,8179,9059,8981,9663,11800,14586,5397,8992,169188,110734,14526,5434,63021,1783,1797,23,18
2021-05-05T23:59:59+02:00,1,6,4697,5063,9502,10550,10772,13281,15314,18512,23325,25275,23742,26622,18364,22885,5784,9732,2827,2805,4950,4980,5484,6314,6873,8252,8055,8844,8874,9532,11722,14501,5396,8984,165525,109794,13214,5429,62871,1360,1794,23,18
2021-05-04T23:59:59+02:00,1,6,4612,4972,9328,10343,10564,13039,14926,18113,22781,24711,23528,26349,18292,22806,5776,9719,2818,2771,4922,4904,5451,6194,6819,8111,7962,8689,8770,9421,11647,14442,5394,8981,163269,109295,12090,5418,62710,793,1774,23,18
2021-05-03T23:59:59+02:00,1,6,4539,4898,9135,10206,10387,12863,14643,17866,22372,24296,23389,26199,18265,22759,5776,9713,2741,2701,4834,4830,5375,6108,6723,8005,7781,8523,8684,9334,11608,14393,5391,8976,161764,109074,12089,5415,62618,683,819,23,18
2021-05-02T23:59:59+02:00,1,6,4526,4884,9058,10148,10261,12751,14316,17559,22069,24010,23339,26140,18246,22734,5775,9712,2735,2694,4774,4796,5284,6024,6585,7876,7664,8423,8638,9292,11584,14359,5389,8971,160877,108958,12086,5413,62514,666,35,23,18
2021-05-01T23:59:59+02:00,1,6,4526,4882,9056,10147,10260,12751,14312,17556,22067,24010,23338,26139,18246,22734,5775,9712,2735,2694,4774,4796,5284,6024,6584,7876,7664,8423,8638,9292,11584,14359,5389,8971,160860,108958,12086,5412,62514,666,35,23,18
2021-04-30T23:59:59+02:00,0,6,4454,4791,8814,9933,9998,12509,13830,17131,21226,23242,23212,26003,18230,22706,5772,9709,2732,2692,4763,4788,5275,5990,6572,7846,7630,8386,8634,9289,11583,14356,5387,8970,157271,108931,12085,5410,62185,534,2,23,18
2021-04-29T23:59:59+02:00,0,6,4305,4647,8330,9522,9295,11905,12829,16233,19383,21562,22506,25243,18092,22496,5766,9692,2709,2671,4721,4716,5231,5914,6509,7740,7551,8268,8523,9174,11517,14280,5381,8961,148083,108437,12071,5137,61634,274,2,22,18
2021-04-28T23:59:59+02:00,0,6,4272,4628,8259,9448,9219,11818,12710,16114,19166,21348,22418,25151,18064,22455,5764,9687,2706,2660,4695,4656,5203,5870,6478,7666,7503,8186,8506,9150,11501,14258,5380,8955,147702,108244,11981,5065,60821,48,1,22,17
2021-04-27T23:59:59+02:00,0,6,4232,4582,8121,9308,9106,11667,12565,15945,18717,20850,22189,24893,17999,22377,5761,9679,2703,2656,4693,4652,5193,5862,6465,7647,7470,8149,8448,9071,11420,14176,5376,8951,146976,107987,10898,4892,60100,40,1,22,14
2021-04-26T23:59:59+02:00,0,6,4190,4554,8015,9213,8959,11562,12391,15772,18305,20486,22055,24747,17964,22349,5761,9678,2703,2654,4689,4648,5188,5853,6451,7627,7436,8121,8400,9023,11364,14097,5372,8934,146208,107879,10763,4634,59014,35,0,22,14
2021-04-25T23:59:59+02:00,0,6,4176,4538,7979,9183,8895,11499,12256,15642,17960,20156,21855,24509,17924,22294,5757,9673,2703,2654,4688,4647,5186,5849,6446,7624,7434,8117,8344,8964,11340,14069,5372,8933,144824,107857,10752,4467,58704,34,0,22,14
2021-04-24T23:59:59+02:00,0,6,4170,4530,7964,9179,8880,11489,12208,15612,17902,20118,21839,24496,17922,22289,5757,9673,2702,2654,4688,4647,5186,5849,6446,7624,7434,8117,8344,8963,11340,14069,5372,8933,144728,107857,10752,4467,58532,33,0,22,13
2021-04-23T23:59:59+02:00,0,6,4150,4497,7907,9116,8797,11387,11868,15286,17469,19721,21625,24263,17859,22212,5755,9665,2699,2652,4685,4644,5179,5842,6432,7615,7411,8086,8323,8936,11332,14061,5370,8930,143466,107845,10404,4309,57691,32,0,22,13
2021-04-22T23:59:59+02:00,0,6,4101,4432,7775,8924,8612,11127,11541,14866,16555,18735,21051,23552,17724,22031,5746,9646,2690,2646,4679,4623,5156,5816,6389,7579,7339,8038,8190,8780,11190,13910,5365,8921,139729,107228,10274,4047,56401,25,0,20,13
2021-04-21T23:59:59+02:00,0,6,4059,4389,7672,8804,8456,10968,11246,14587,15819,17976,20672,23104,17652,21925,5741,9633,2682,2635,4661,4603,5140,5795,6377,7561,7311,8017,8140,8719,11153,13871,5363,8919,136810,106947,10144,3967,55738,23,0,17,12
2021-04-20T23:59:59+02:00,0,6,4034,4363,7637,8752,8380,10888,11083,14412,15384,17499,20208,22588,17553,21773,5733,9622,2674,2626,4651,4590,5115,5775,6349,7537,7271,7977,8046,8587,11078,13784,5359,8915,134662,106375,9880,3927,55356,22,0,17,12
2021-04-19T23:59:59+02:00,0,6,4003,4312,7575,8648,8288,10749,10925,14229,15131,17205,19729,22024,17387,21559,5722,9610,2669,2625,4645,4586,5102,5760,6330,7520,7245,7933,7993,8533,11052,13738,5356,8910,132597,106041,9526,3924,54962,22,0,17,12
2021-04-18T23:59:59+02:00,0,5,3984,4283,7515,8597,8182,10622,10666,13987,14639,16666,19299,21513,17265,21373,5718,9604,2668,2625,4645,4586,5102,5760,6328,7517,7242,7932,7989,8530,11050,13734,5355,8907,130180,106017,9455,3922,54266,21,0,17,12
2021-04-17T23:59:59+02:00,0,5,3981,4275,7495,8591,8172,10604,10624,13941,14529,16578,19178,21389,17243,21345,5717,9602,2668,2625,4644,4584,5096,5755,6314,7512,7217,7909,7943,8484,11031,13711,5354,8907,129743,106007,9446,3716,54063,21,0,17,12
2021-04-16T23:59:59+02:00,0,5,3970,4232,7422,8469,8069,10446,10430,13679,13860,15815,18610,20743,17118,21170,5706,9585,2665,2622,4639,4579,5091,5743,6296,7501,7179,7874,7634,8095,10940,13572,5346,8891,126896,105210,9386,3426,53030,21,0,17,12
2021-04-15T23:59:59+02:00,0,4,3926,4178,7309,8338,7898,10208,10095,13289,13130,14956,17802,19877,16876,20846,5693,9564,2664,2614,4627,4563,5078,5711,6265,7465,7109,7802,7075,7444,10820,13418,5342,8880,123243,103566,9227,3282,51502,19,0,17,12
2021-04-14T23:59:59+02:00,0,3,3899,4149,7243,8232,7792,10058,9920,13090,12712,14510,17276,19265,16725,20636,5688,9551,2631,2595,4609,4531,5049,5664,6230,7432,7052,7741,6441,6682,10558,13126,5338,8872,121856,101245,8993,3282,49883,14,0,17,12
2021-04-13T23:59:59+02:00,0,3,3896,4143,7206,8216,7735,10024,9812,13037,12339,14217,16587,18417,16489,20335,5684,9545,2607,2568,4589,4505,5024,5630,6171,7364,6963,7640,6228,6430,9975,12464,5330,8853,121163,99044,8775,3274,47730,14,0,17,11
2021-04-12T23:59:59+02:00,0,3,3882,4125,7153,8170,7678,9955,9704,12935,12092,14005,16144,17901,16301,20121,5679,9542,2578,2557,4522,4463,4917,5561,6056,7288,6845,7541,5483,5608,9527,11928,5290,8811,120830,95686,8739,3266,45804,14,0,17,11
2021-04-11T23:59:59+02:00,0,3,3867,4117,7111,8118,7619,9911,9611,12857,11854,13797,15579,17212,16025,19780,5674,9532,2502,2474,4393,4341,4762,5428,5893,7136,6693,7435,5180,5247,9396,11769,5290,8807,120241,93507,8311,3217,44098,13,0,17,11
2021-04-10T23:59:59+02:00,0,3,3849,4098,7072,8071,7575,9855,9551,12798,11762,13712,15362,17020,15976,19712,5673,9525,1943,1906,3574,3620,3887,4663,4888,6216,5838,6648,4906,4941,9268,11617,5284,8798,119777,84758,8311,3217,43509,13,0,17,11
2021-04-09T23:59:59+02:00,0,3,3829,4078,7034,8042,7511,9799,9398,12670,11435,13427,14178,15489,15533,19181,5661,9515,1084,1078,2216,2427,2379,3290,3102,4574,4219,5184,4222,4207,9021,11263,5260,8769,117879,69059,8309,3214,40578,13,0,17,11
2021-04-08T23:59:59+02:00,0,3,3803,4062,6973,7989,7408,9704,9211,12551,11031,13073,13045,14229,15124,18660,5642,9485,582,589,1298,1719,1472,2358,2002,3485,2835,3798,2976,2809,8219,10284,5118,8548,116633,54861,8228,3211,37115,11,0,17,11
2021-04-07T23:59:59+02:00,0,3,3756,4037,6895,7935,7315,9634,9083,12422,10722,12765,12317,13459,14907,18395,5636,9466,351,372,947,1374,1066,1972,1491,3022,1890,2790,1794,1521,7314,9143,4963,8289,115671,45071,8077,3211,34983,8,0,16,11
2021-04-06T23:59:59+02:00,0,3,3740,4025,6873,7897,7260,9567,8990,12342,10509,12547,11932,12964,14685,18099,5625,9452,344,358,937,1364,1051,1951,1464,2994,1831,2731,1715,1454,6902,8587,4812,8051,114392,43320,7978,3210,34126,7,0,14,11
2021-04-05T23:59:59+02:00,0,3,3735,4024,6862,7885,7247,9557,8971,12314,10445,12488,11822,12818,14587,18007,5623,9449,342,352,926,1360,1045,1943,1454,2974,1810,2697,1661,1401,6673,8282,4690,7868,114057,42253,7957,3209,33809,7,0,14,11
2021-04-04T23:59:59+02:00,0,3,3735,4024,6860,7879,7246,9556,8968,12314,10435,12483,11819,12814,14584,18006,5623,9449,342,351,924,1360,1044,1941,1453,2973,1808,2694,1658,1396,6666,8269,4685,7865,114052,42205,7956,3208,33776,7,0,14,11
2021-04-03T23:59:59+02:00,0,3,3735,4024,6860,7878,7245,9556,8968,12314,10434,12483,11819,12813,14582,18004,5623,9449,342,350,922,1356,1042,1940,1452,2968,1806,2694,1653,1384,6623,8188,4650,7830,114048,41976,7956,3208,33772,7,0,14,11
2021-04-02T23:59:59+02:00,0,3,3733,4022,6858,7875,7239,9550,8956,12307,10418,12467,11692,12699,14539,17947,5619,9441,340,348,920,1349,1036,1929,1437,2943,1766,2655,1558,1298,5860,7288,4217,7268,113925,39310,7951,2886,33475,7,0,14,11
2021-04-01T23:59:59+02:00,0,2,3693,4010,6824,7853,7197,9519,8904,12268,10347,12396,11350,12291,14163,17434,5615,9428,335,345,904,1334,1024,1908,1405,2897,1707,2589,1435,1205,4927,6183,3667,6447,113542,35415,6540,2881,33198,7,0,14,11
2021-03-31T23:59:59+02:00,0,2,3687,4006,6809,7834,7180,9501,8869,12236,10259,12324,11019,11885,13818,16941,5609,9407,332,342,896,1326,1014,1893,1385,2869,1657,2553,1370,1153,4347,5509,3315,5979,112969,33116,5540,2808,32863,7,0,14,11
2021-03-30T23:59:59+02:00,0,2,3669,3982,6773,7795,7123,9434,8780,12132,10096,12169,10761,11608,13595,16675,5603,9393,328,335,890,1316,1007,1887,1362,2862,1629,2527,1343,1127,4229,5387,3255,5887,112148,32744,5290,2611,32138,7,0,14,11
2021-03-29T23:59:59+02:00,0,2,3660,3960,6747,7773,7083,9381,8684,12037,9913,11962,10328,11140,13222,16206,5586,9360,323,331,886,1306,1001,1879,1354,2851,1613,2518,1318,1113,4096,5244,3158,5756,110472,32127,4982,2605,31576,6,0,14,11
2021-03-28T23:59:59+02:00,0,2,3618,3904,6632,7615,6966,9240,8557,11844,9761,11771,10117,10880,13046,16020,5581,9350,323,331,886,1306,999,1878,1353,2851,1612,2516,1309,1110,4063,5202,3132,5730,110099,32084,4718,2503,30073,5,0,14,11
2021-03-27T23:59:59+01:00,0,2,3617,3893,6620,7550,6936,9126,8507,11673,9709,11617,10003,10757,12951,15932,5580,9350,323,330,886,1306,999,1875,1353,2849,1608,2515,1307,1108,4037,5167,3119,5715,110090,31981,4718,2502,29001,5,0,14,11
2021-03-26T23:59:59+01:00,0,2,3611,3885,6592,7513,6907,9053,8459,11560,9618,11489,9954,10694,12905,15877,5572,9330,318,328,885,1303,995,1863,1350,2828,1587,2501,1282,1092,3857,4943,3013,5562,110034,31232,4496,2461,28477,5,0,14,11
2021-03-25T23:59:59+01:00,0,2,3588,3854,6501,7386,6815,8888,8268,11328,9309,11172,9575,10312,12602,15562,5567,9321,318,327,883,1295,992,1852,1337,2815,1563,2482,1256,1073,3624,4701,2762,5227,109661,30033,4289,2461,26086,4,0,14,11
2021-03-24T23:59:59+01:00,0,2,3533,3803,6412,7200,6695,8662,8101,11092,9083,10847,9160,9824,12184,15103,5556,9311,318,326,882,1292,987,1850,1329,2811,1547,2466,1247,1063,3557,4628,2581,5005,109150,29418,4153,2461,23251,1,0,14,11
2021-03-23T23:59:59+01:00,0,2,3515,3770,6363,7144,6619,8603,7983,10963,8834,10614,8739,9354,11733,14584,5547,9296,318,326,881,1282,982,1841,1324,2802,1543,2458,1223,1038,3465,4552,2388,4688,108335,28640,4060,2461,21254,1,0,14,11
2021-03-22T23:59:59+01:00,0,2,3507,3750,6320,7115,6585,8556,7917,10887,8685,10478,8458,9001,11430,14258,5511,9257,316,321,875,1272,974,1834,1317,2791,1533,2448,1211,1029,3437,4517,2369,4655,107664,28429,4057,2460,19982,1,0,14,11
2021-03-21T23:59:59+01:00,0,2,3505,3748,6316,7104,6568,8540,7898,10868,8629,10420,8338,8885,11359,14156,5509,9254,314,320,866,1269,967,1827,1308,2789,1529,2444,1207,1026,3428,4502,2355,4646,107579,28327,4056,2460,19450,1,0,14,11
2021-03-20T23:59:59+01:00,0,2,3497,3710,6308,7032,6553,8403,7873,10684,8585,10284,8260,8799,11321,14117,5509,9254,314,320,866,1269,967,1826,1307,2789,1529,2442,1207,1026,3428,4501,2355,4645,107546,28322,3844,2459,18787,1,0,14,11
2021-03-19T23:59:59+01:00,0,2,3484,3680,6282,6948,6529,8310,7827,10567,8471,10123,7721,8192,11137,13876,5499,9236,311,319,861,1262,950,1816,1284,2758,1479,2397,1123,958,2764,3712,1943,4076,105930,25544,3544,2459,18396,1,0,14,11
2021-03-18T23:59:59+01:00,0,2,3473,3662,6241,6907,6496,8248,7764,10480,8356,9994,6763,7096,10858,13575,5489,9211,310,319,858,1257,944,1807,1265,2750,1454,2378,1086,941,2557,3473,1787,3855,102910,24572,3386,2459,18305,1,0,14,11
2021-03-17T23:59:59+01:00,0,2,3436,3624,6170,6823,6443,8145,7674,10352,8226,9836,6080,6253,10572,13269,5472,9185,309,319,851,1251,939,1795,1251,2728,1435,2352,1049,917,2438,3348,1708,3745,100136,23966,3385,2459,18027,1,0,14,11
2021-03-16T23:59:59+01:00,0,2,3418,3595,6131,6770,6398,8072,7621,10287,8136,9735,5904,6077,9866,12474,5433,9122,302,309,837,1235,927,1786,1245,2708,1422,2344,1035,898,2224,3108,1575,3550,97891,23038,3375,2457,17761,1,0,14,11
2021-03-15T23:59:59+01:00,0,2,3381,3563,6034,6691,6268,7980,7479,10168,8007,9610,5152,5243,9423,11926,5390,9052,301,308,833,1231,925,1779,1243,2695,1413,2335,1022,886,2082,2935,1489,3456,94380,22467,3368,2456,17607,1,0,14,11
2021-03-14T23:59:59+01:00,0,2,3256,3416,5753,6345,5992,7619,7164,9753,7722,9289,4818,4852,9266,11729,5386,9042,301,307,833,1231,924,1779,1241,2694,1411,2332,1020,884,2079,2932,1486,3455,91984,22446,3313,2453,16093,1,0,14,11
2021-03-13T23:59:59+01:00,0,2,2601,2754,4812,5477,4974,6690,5969,8634,6707,8344,4504,4469,8883,11209,5296,8934,301,307,832,1229,924,1774,1238,2692,1410,2332,1020,883,2055,2896,1456,3420,81293,22306,3313,2453,15639,1,0,14,11
2021-03-12T23:59:59+01:00,0,2,1775,1933,3474,4327,3468,5355,4222,6994,5072,6836,3835,3764,7634,9661,4795,8255,297,304,830,1225,918,1767,1230,2672,1384,2315,974,858,1707,2433,1188,3069,62468,20708,3310,2453,15610,1,0,14,11
2021-03-11T23:59:59+01:00,0,2,1274,1456,2570,3586,2563,4415,3129,5904,3710,5451,2659,2487,5937,7550,4030,7081,292,295,814,1216,905,1744,1212,2643,1359,2269,937,838,1550,2204,1065,2881,45176,19762,3308,2453,15306,1,0,14,10
2021-03-10T23:59:59+01:00,0,2,1050,1238,2201,3225,2188,4024,2677,5463,2806,4484,1531,1287,4587,5832,3474,6312,282,285,796,1197,883,1708,1178,2570,1320,2203,912,818,1371,2014,969,2708,34156,18859,3308,2346,14904,1,0,13,10
2021-03-09T23:59:59+01:00,0,2,1034,1210,2135,3084,2123,3909,2592,5329,2722,4358,1497,1257,4512,5759,3435,6255,278,278,782,1176,866,1682,1153,2530,1302,2175,897,806,1293,1890,898,2598,33751,18293,3305,2302,14144,1,0,13,10
2021-03-08T23:59:59+01:00,0,2,1012,1179,2078,2985,2083,3827,2533,5216,2666,4286,1459,1237,4366,5601,3334,6114,278,274,777,1168,864,1673,1145,2522,1294,2159,872,785,1127,1665,775,2434,33062,17505,3305,2298,13598,1,0,13,10
2021-03-07T23:59:59+01:00,0,2,1007,1160,2038,2942,2041,3786,2493,5151,2625,4249,1454,1234,4359,5593,3332,6114,278,274,777,1168,864,1673,1145,2522,1293,2159,869,785,1118,1655,767,2423,33032,17505,3299,2257,13236,0,0,13,10
2021-03-06T23:59:59+01:00,0,2,1007,1156,2027,2928,2029,3767,2477,5124,2607,4228,1441,1224,4325,5548,3318,6102,278,274,777,1168,864,1672,1145,2522,1293,2159,869,785,1118,1655,767,2422,32887,17504,3298,2256,13112,0,0,13,10
2021-03-05T23:59:59+01:00,0,2,1003,1152,2012,2908,1999,3744,2434,5072,2554,4191,1405,1196,4059,5222,3168,5881,277,271,770,1161,858,1664,1142,2513,1290,2149,855,781,1110,1646,766,2420,32147,17409,2967,2256,12875,0,0,13,10
2021-03-04T23:59:59+01:00,0,2,909,1005,1924,2780,1931,3607,2358,4918,2464,4033,1375,1175,3819,4963,2904,5532,277,269,768,1156,855,1656,1141,2499,1286,2140,822,766,1098,1635,759,2408,30901,17294,2963,2233,11822,0,0,13,10
2021-03-03T23:59:59+01:00,0,2,863,897,1859,2684,1860,3502,2289,4802,2390,3949,1362,1162,3709,4858,2682,5260,276,267,767,1146,852,1638,1135,2457,1276,2114,805,762,1090,1617,752,2401,30227,17268,2846,2079,11044,0,0,13,10
2021-03-02T23:59:59+01:00,0,2,818,822,1762,2560,1775,3378,2198,4678,2330,3871,1327,1140,3579,4723,2479,4914,276,266,766,1140,848,1635,1130,2452,1272,2104,803,760,1076,1596,741,2382,29502,17161,2657,2078,10184,0,0,13,10
2021-03-01T23:59:59+01:00,0,2,795,783,1662,2416,1704,3234,2098,4506,2250,3750,1309,1128,3529,4660,2435,4852,276,264,762,1136,847,1623,1126,2440,1267,2094,797,758,1071,1585,734,2375,29250,17069,2573,2078,9277,0,0,13,10
2021-02-28T23:59:59+01:00,0,2,789,760,1643,2350,1676,3162,2075,4406,2236,3683,1303,1122,3519,4645,2421,4842,275,263,762,1135,847,1618,1126,2438,1267,2089,793,756,1063,1572,730,2365,29143,17046,2571,2045,8907,0,0,13,10
2021-02-27T23:59:59+01:00,0,2,774,743,1621,2290,1659,3050,2056,4280,2215,3587,1300,1119,3519,4643,2420,4841,275,263,762,1135,847,1617,1126,2438,1267,2088,793,756,1053,1566,713,2351,29138,17044,2570,1998,8398,0,0,13,10
2021-02-26T23:59:59+01:00,0,2,646,662,1516,2177,1607,2891,1993,4043,2114,3351,1210,1048,2868,3850,1994,4259,275,263,761,1133,846,1616,1126,2436,1265,2085,791,751,1035,1553,703,2335,26348,16970,2570,1996,7300,0,0,13,10
2021-02-25T23:59:59+01:00,0,2,496,582,1397,2075,1540,2763,1932,3915,2014,3239,1161,1016,2638,3580,1830,4016,258,248,736,1109,804,1546,1079,2338,1191,1992,734,730,1003,1516,692,2307,25283,16878,2543,1397,6357,0,0,13,10
2021-02-24T23:59:59+01:00,0,2,466,551,1328,1962,1467,2619,1862,3762,1937,3089,1122,986,2499,3443,1751,3897,229,235,709,1064,777,1484,1049,2278,1137,1941,707,707,956,1487,681,2277,24630,16691,2532,1019,5568,0,0,13,10
2021-02-23T23:59:59+01:00,0,2,410,511,1245,1822,1392,2472,1785,3551,1866,2967,1097,952,2296,3214,1626,3711,224,229,694,1041,765,1445,1027,2234,1112,1900,698,695,947,1473,678,2273,23708,16604,2522,823,4676,0,0,13,10
2021-02-22T23:59:59+01:00,0,2,397,478,1145,1711,1289,2375,1676,3445,1785,2896,1076,939,2154,3042,1541,3615,213,220,672,990,734,1382,1001,2140,1068,1818,655,663,878,1396,642,2217,23132,16415,2518,266,3903,0,0,13,10
2021-02-21T23:59:59+01:00,0,2,378,462,1044,1679,1136,2351,1521,3422,1682,2878,1068,937,2153,3041,1541,3615,186,214,641,982,723,1374,987,2135,1063,1816,652,660,875,1392,634,2210,23103,16284,2518,252,3276,0,0,13,10
2021-02-20T23:59:59+01:00,0,2,378,460,1043,1679,1135,2351,1519,3420,1682,2876,1068,936,2152,3041,1540,3614,185,212,638,982,720,1373,981,2132,1061,1816,652,660,875,1392,634,2210,23096,16263,2517,252,3270,0,0,13,10
2021-02-19T23:59:59+01:00,0,2,373,451,1031,1675,1125,2341,1506,3401,1649,2861,1018,908,1781,2534,1243,3232,164,202,612,978,702,1365,964,2130,1055,1814,649,659,873,1392,633,2209,21355,16141,2517,252,3246,0,0,13,10
2021-02-18T23:59:59+01:00,0,2,353,431,991,1593,1087,2254,1453,3283,1608,2771,988,885,1608,2291,1114,3028,144,191,573,967,682,1352,930,2113,1030,1794,638,640,852,1364,619,2188,20375,15817,2517,252,2835,0,0,13,10
2021-02-17T23:59:59+01:00,0,2,330,378,907,1450,980,2054,1319,3029,1496,2551,951,855,1419,2079,1013,2851,138,184,561,936,656,1301,897,2035,980,1718,603,608,845,1338,614,2169,19302,15323,2517,252,1832,0,0,13,10
2021-02-16T23:59:59+01:00,0,2,324,339,863,1312,928,1867,1258,2804,1430,2390,939,838,1356,1983,946,2755,132,171,547,893,641,1247,869,1971,950,1676,593,598,823,1307,601,2109,18932,15004,2516,116,873,0,0,13,10
2021-02-15T23:59:59+01:00,0,2,308,299,835,1281,911,1811,1218,2720,1392,2334,911,806,1179,1751,817,2579,123,163,525,866,623,1185,843,1898,927,1599,572,561,805,1270,592,2067,18021,14535,2515,76,605,0,0,13,10
2021-02-14T23:59:59+01:00,0,2,308,299,834,1281,910,1811,1216,2720,1392,2334,911,806,1179,1751,817,2579,123,163,524,859,619,1180,837,1892,923,1596,571,560,803,1269,591,2064,18020,14491,2515,75,602,0,0,13,10
2021-02-13T23:59:59+01:00,0,2,308,299,834,1281,910,1808,1216,2718,1392,2332,911,806,1179,1751,817,2579,123,163,524,859,619,1180,835,1889,921,1592,569,560,788,1249,579,2048,18013,14489,2515,1,602,0,0,13,10
2021-02-12T23:59:59+01:00,0,2,304,298,824,1276,906,1778,1210,2690,1364,2303,909,804,1178,1748,817,2579,123,163,522,856,618,1173,829,1877,915,1579,566,558,774,1238,573,2035,18004,14390,2515,1,458,0,0,13,10
2021-02-11T23:59:59+01:00,0,2,285,289,809,1241,900,1743,1194,2624,1342,2248,874,790,1167,1736,816,2569,121,149,504,815,596,1108,795,1777,892,1519,552,544,750,1203,559,2003,17890,13879,2514,0,212,0,0,13,10
2021-02-10T23:59:59+01:00,0,2,282,283,790,1203,887,1713,1182,2578,1327,2206,869,788,1152,1720,811,2552,117,140,437,728,550,1015,717,1650,833,1435,537,528,735,1183,549,1976,17866,13132,2409,0,58,0,0,12,0
2021-02-09T23:59:59+01:00,0,2,282,280,786,1189,875,1696,1167,2559,1313,2182,854,783,1138,1703,800,2536,100,121,382,641,497,886,638,1449,744,1247,485,450,616,1021,481,1738,17767,11498,2363,0,3,0,0,12,0
2021-02-08T23:59:59+01:00,0,2,282,279,784,1184,875,1689,1165,2555,1307,2174,848,780,1122,1681,783,2515,90,99,336,545,444,786,549,1241,636,1082,409,376,532,831,388,1428,17652,9774,2360,0,1,0,0,12,0
2021-02-07T23:59:59+01:00,0,2,281,278,782,1183,874,1689,1165,2554,1307,2171,842,778,1120,1678,782,2513,88,98,334,540,442,782,547,1232,632,1076,404,371,511,808,382,1414,17627,9663,2360,0,0,0,0,12,0
2021-02-06T23:59:59+01:00,0,2,281,277,781,1182,874,1688,1165,2554,1307,2170,841,777,1118,1672,781,2511,88,97,334,537,441,781,546,1228,630,1075,400,366,463,739,354,1369,17610,9450,2359,0,0,0,0,12,0
2021-02-05T23:59:59+01:00,0,2,281,277,781,1181,873,1686,1164,2553,1306,2167,834,771,1095,1662,774,2495,82,95,326,531,425,763,521,1193,601,1033,377,339,441,713,337,1324,17531,9102,2359,0,0,0,0,12,0
2021-02-04T23:59:59+01:00,0,2,278,269,778,1160,861,1664,1151,2525,1292,2144,812,758,1067,1632,767,2479,68,77,256,409,330,596,404,965,488,830,304,275,336,577,277,1114,17291,7306,2336,0,0,0,0,12,0
2021-02-03T23:59:59+01:00,0,2,277,264,774,1138,859,1638,1144,2475,1279,2114,793,744,1050,1609,758,2465,54,54,170,280,256,445,284,715,363,590,208,195,238,424,194,837,17195,5307,2176,0,0,0,0,12,0
2021-02-02T23:59:59+01:00,0,2,276,259,770,1130,852,1616,1136,2450,1267,2097,789,737,1041,1598,756,2457,35,35,92,139,147,256,172,448,235,370,134,125,161,255,136,538,17045,3278,2176,0,0,0,0,12,0
2021-02-01T23:59:59+01:00,0,2,274,256,765,1111,844,1596,1130,2421,1263,2064,780,724,1034,1588,752,2444,11,12,15,27,25,66,45,88,71,102,49,45,57,75,39,178,16861,905,2176,0,0,0,0,11,0
2021-01-31T23:59:59+01:00,0,2,268,254,749,1109,836,1585,1120,2410,1252,2055,774,718,1024,1571,745,2431,10,12,14,26,23,63,39,83,64,94,46,45,53,68,36,165,16826,841,2066,0,0,0,0,11,0
2021-01-30T23:59:59+01:00,0,2,268,254,749,1108,835,1585,1120,2410,1252,2055,773,718,1014,1564,728,2417,10,10,14,26,23,63,39,83,63,92,45,44,52,68,36,164,16822,832,2019,0,0,0,0,11,0
2021-01-29T23:59:59+01:00,0,2,268,254,749,1107,835,1585,1120,2410,1252,2054,772,717,1013,1562,728,2415,9,5,12,24,23,62,37,81,62,92,44,43,52,68,36,164,16815,814,2017,0,0,0,0,11,0
2021-01-28T23:59:59+01:00,0,2,264,249,737,1082,800,1530,1083,2349,1175,1996,731,703,984,1542,712,2393,4,0,3,6,9,26,18,36,20,45,21,22,23,45,15,97,16635,390,1686,0,0,0,0,11,0
2021-01-27T23:59:59+01:00,0,2,258,242,714,1050,752,1475,1025,2268,1102,1915,696,676,970,1521,709,2386,3,0,3,4,6,22,14,22,13,32,6,9,10,10,4,27,16187,185,1563,0,0,0,0,11,0
2021-01-26T23:59:59+01:00,0,2,234,233,697,1026,744,1425,1005,2194,1075,1850,684,662,947,1505,699,2367,3,0,1,4,5,12,12,12,6,11,3,5,6,7,1,16,16136,104,1202,0,0,0,0,11,0
2021-01-25T23:59:59+01:00,0,2,202,218,644,953,692,1302,962,2048,1017,1714,636,607,869,1410,656,2294,3,0,1,4,5,12,12,12,6,11,3,5,6,7,1,16,15908,104,307,0,0,0,0,11,0
2021-01-24T23:59:59+01:00,0,2,185,212,618,941,673,1288,944,2032,1002,1704,629,601,859,1390,647,2281,3,0,1,4,5,11,11,12,5,11,3,5,6,7,1,16,15735,101,262,0,0,0,0,11,0
2021-01-23T23:59:59+01:00,0,2,185,212,618,941,673,1288,944,2032,1002,1704,629,601,859,1390,647,2281,3,0,1,4,5,11,9,12,5,11,3,5,6,7,1,16,15735,99,262,0,0,0,0,11,0
2021-01-22T23:59:59+01:00,0,2,138,194,560,931,655,1273,910,2022,990,1693,624,600,858,1390,647,2281,3,0,0,4,5,11,9,12,5,11,3,5,6,7,1,16,15495,98,262,0,0,0,0,11,0
2021-01-21T23:59:59+01:00,0,2,133,186,545,908,634,1232,877,1968,968,1645,613,579,846,1359,640,2262,3,0,0,4,4,11,9,12,5,11,3,5,6,7,1,15,15124,96,262,0,0,0,0,11,0
2021-01-20T23:59:59+01:00,0,2,128,170,498,842,611,1156,814,1858,931,1574,592,562,829,1336,630,2234,3,0,0,4,4,11,9,12,5,11,3,5,6,7,1,15,14496,96,260,0,0,0,0,11,0
2021-01-19T23:59:59+01:00,0,2,117,152,427,756,549,1029,730,1670,831,1416,548,512,732,1184,558,1988,3,0,0,4,4,9,9,12,5,11,3,5,6,7,1,15,12997,94,193,0,0,0,0,11,0
2021-01-18T23:59:59+01:00,0,2,99,120,358,603,458,857,600,1409,705,1210,480,446,648,1026,491,1719,1,0,0,1,0,1,0,0,0,0,0,0,0,1,0,0,11137,4,83,0,0,0,0,11,0
2021-01-17T23:59:59+01:00,0,2,95,118,354,597,457,852,598,1390,697,1200,475,436,621,997,475,1678,1,0,0,1,0,1,0,0,0,0,0,0,0,1,0,0,10949,4,82,0,0,0,0,11,0
2021-01-16T23:59:59+01:00,0,2,95,115,352,589,454,847,587,1377,686,1188,460,422,526,871,414,1581,0,0,0,1,0,1,0,0,0,0,0,0,0,0,0,0,10552,2,3,0,0,0,0,11,0
2021-01-15T23:59:59+01:00,0,2,94,113,347,587,448,843,581,1370,669,1172,444,404,518,859,406,1558,0,0,0,0,0,0,0,0,0,0,0,0,0,0,0,0,10403,0,1,0,0,0,0,11,0
2021-01-14T23:59:59+01:00,0,0,77,91,290,485,370,679,464,1116,549,990,365,324,406,702,333,1323,0,0,0,0,0,0,0,0,0,0,0,0,0,0,0,0,8553,0,0,0,0,0,0,11,0
2021-01-13T23:59:59+01:00,0,0,63,68,206,367,294,506,350,834,423,709,255,228,298,527,251,1017,0,0,0,0,0,0,0,0,0,0,0,0,0,0,0,0,6386,0,0,0,0,0,0,10,0
2021-01-12T23:59:59+01:00,0,0,41,45,125,216,180,313,209,532,282,441,160,145,192,344,172,683,0,0,0,0,0,0,0,0,0,0,0,0,0,0,0,0,4080,0,0,0,0,0,0,0,0
2021-01-11T23:59:59+01:00,0,0,11,14,42,58,41,93,60,119,93,129,65,58,83,103,49,223,0,0,0,0,0,0,0,0,0,0,0,0,0,0,0,0,1241,0,0,0,0,0,0,0,0
2021-01-10T23:59:59+01:00,0,0,11,14,29,47,34,75,51,110,80,119,57,54,77,93,46,209,0,0,0,0,0,0,0,0,0,0,0,0,0,0,0,0,1106,0,0,0,0,0,0,0,0
2021-01-09T23:59:59+01:00,0,0,11,13,26,46,34,75,50,109,78,116,56,53,76,92,45,208,0,0,0,0,0,0,0,0,0,0,0,0,0,0,0,0,1088,0,0,0,0,0,0,0,0
2021-01-08T23:59:59+01:00,0,0,7,6,26,41,32,72,47,107,77,115,53,49,71,87,41,208,0,0,0,0,0,0,0,0,0,0,0,0,0,0,0,0,1039,0,0,0,0,0,0,0,0
2021-01-07T23:59:59+01:00,0,0,5,1,9,20,15,38,28,77,33,77,32,27,47,74,28,162,0,0,0,0,0,0,0,0,0,0,0,0,0,0,0,0,673,0,0,0,0,0,0,0,0
2021-01-06T23:59:59+01:00,0,0,5,0,4,8,10,30,25,43,19,47,26,24,34,51,19,120,0,0,0,0,0,0,0,0,0,0,0,0,0,0,0,0,465,0,0,0,0,0,0,0,0
2021-01-05T23:59:59+01:00,0,0,5,0,4,8,10,30,25,43,19,47,26,24,34,50,19,120,0,0,0,0,0,0,0,0,0,0,0,0,0,0,0,0,464,0,0,0,0,0,0,0,0
2021-01-04T23:59:59+01:00,0,0,4,0,1,3,4,11,13,12,5,11,3,5,6,8,1,17,0,0,0,0,0,0,0,0,0,0,0,0,0,0,0,0,104,0,0,0,0,0,0,0,0
2021-01-03T23:59:59+01:00,0,0,3,0,1,3,4,10,12,12,5,11,3,5,6,8,1,16,0,0,0,0,0,0,0,0,0,0,0,0,0,0,0,0,100,0,0,0,0,0,0,0,0
2021-01-02T23:59:59+01:00,0,0,3,0,1,3,4,10,10,12,5,11,3,5,6,8,1,16,0,0,0,0,0,0,0,0,0,0,0,0,0,0,0,0,98,0,0,0,0,0,0,0,0
2021-01-01T23:59:59+01:00,0,0,3,0,0,3,4,10,10,12,5,11,3,5,6,7,1,16,0,0,0,0,0,0,0,0,0,0,0,0,0,0,0,0,96,0,0,0,0,0,0,0,0
2020-12-31T23:59:59+01:00,0,0,3,0,0,3,4,10,9,12,5,11,3,5,6,7,1,16,0,0,0,0,0,0,0,0,0,0,0,0,0,0,0,0,95,0,0,0,0,0,0,0,0
2020-12-30T23:59:59+01:00,0,0,3,0,0,3,4,10,9,12,5,11,3,5,6,7,1,16,0,0,0,0,0,0,0,0,0,0,0,0,0,0,0,0,95,0,0,0,0,0,0,0,0
2020-12-29T23:59:59+01:00,0,0,3,0,0,3,4,8,9,12,5,11,3,5,6,7,1,16,0,0,0,0,0,0,0,0,0,0,0,0,0,0,0,0,93,0,0,0,0,0,0,0,0
2020-12-28T23:59:59+01:00,0,0,3,0,0,3,4,8,9,12,5,11,3,5,6,7,1,16,0,0,0,0,0,0,0,0,0,0,0,0,0,0,0,0,93,0,0,0,0,0,0,0,0
2020-12-27T23:59:59+01:00,0,0,1,0,0,0,0,0,0,0,0,0,0,0,1,3,0,7,0,0,0,0,0,0,0,0,0,0,0,0,0,0,0,0,12,0,0,0,0,0,0,0,0
