Datum,<24_1_m,<24_1_w,25-34_1_m,25-34_1_w,35-44_1_m,35-44_1_w,45-54_1_m,45-54_1_w,55-64_1_m,55-64_1_w,65-74_1_m,65-74_1_w,75-84_1_m,75-84_1_w,>84_1_m,>84_1_w,<24_2_m,<24_2_w,25-34_2_m,25-34_2_w,35-44_2_m,35-44_2_w,45-54_2_m,45-54_2_w,55-64_2_m,55-64_2_w,65-74_2_m,65-74_2_w,75-84_2_m,75-84_2_w,>84_2_m,>84_2_w,bp_1,bp_2,mo_1,mo_2,az_1,az_2,ja
2021-05-16T23:59:59+02:00,6434,6753,11506,12159,13365,15839,22484,24918,30438,32099,24342,27489,17212,21783,4799,8301,3516,3455,5441,5412,5901,6861,7573,9058,8570,9214,9703,10668,11982,15267,4423,7619,184626,110981,23207,6718,69888,4764,2200
2021-05-15T23:59:59+02:00,6428,6750,11494,12156,13359,15837,22457,24879,30212,31950,24339,27489,17211,21782,4799,8300,3505,3446,5428,5403,5895,6843,7563,9033,8426,9095,9671,10627,11954,15231,4423,7618,184577,110980,23195,6584,69742,4669,1928
2021-05-14T23:59:59+02:00,6398,6727,11445,12131,13299,15787,22034,24565,30084,31840,24326,27466,17200,21774,4799,8298,3477,3435,5410,5387,5886,6825,7536,9000,8391,9064,9591,10505,11885,15133,4423,7617,183869,110823,23152,6265,69225,4550,1927
2021-05-13T23:59:59+02:00,6222,6549,11064,11833,12551,15205,19758,22730,28840,30631,24152,27289,17142,21718,4798,8295,3468,3429,5393,5367,5871,6815,7510,8969,8359,9028,9402,10289,11767,14943,4419,7614,180068,110532,19651,5671,67146,4528,1912
2021-05-12T23:59:59+02:00,6197,6525,11005,11789,12457,15124,19643,22616,28574,30378,24108,27243,17131,21699,4797,8290,3468,3425,5386,5361,5864,6801,7484,8950,8323,8980,9289,10156,11711,14838,4417,7612,179113,110272,19408,5359,67143,4522,1912
2021-05-11T23:59:59+02:00,6040,6411,10776,11535,12101,14758,19022,21963,27739,29507,23982,27108,17090,21634,4793,8277,3425,3383,5317,5234,5792,6653,7383,8754,8206,8805,9114,9965,11596,14679,4409,7598,175277,109353,18534,5258,67019,3796,1906
2021-05-10T23:59:59+02:00,5900,6315,10567,11333,11850,14508,18692,21607,27344,29135,23888,27020,17053,21592,4789,8274,3350,3327,5223,5144,5702,6569,7279,8641,8098,8719,9011,9843,11520,14579,4407,7591,173312,108880,17850,5247,66801,2972,1904
2021-05-09T23:59:59+02:00,5820,6252,10468,11226,11741,14387,18322,21287,26998,28803,23813,26940,17025,21566,4787,8271,3274,3294,5077,5102,5526,6529,7122,8611,7981,8688,9003,9831,11504,14564,4407,7591,172923,108807,16583,5239,66309,2167,1891
2021-05-08T23:59:59+02:00,5818,6250,10467,11224,11741,14387,18319,21286,26996,28801,23813,26940,17025,21566,4787,8271,3274,3293,5076,5102,5526,6529,7122,8611,7979,8688,9002,9830,11504,14564,4407,7591,172908,108804,16583,5239,66309,2164,1891
2021-05-07T23:59:59+02:00,5780,6223,10389,11164,11615,14268,17858,20965,26434,28291,23780,26903,17014,21535,4781,8247,3263,3285,5068,5096,5517,6517,7110,8599,7973,8682,8997,9820,11496,14543,4400,7570,172094,108790,16581,5238,64799,2135,1773
2021-05-06T23:59:59+02:00,5493,6029,9895,10810,11064,13766,16683,19886,24109,26009,23410,26531,16927,21449,4776,8237,3211,3242,5010,5018,5477,6436,7033,8488,7856,8555,8905,9719,11476,14504,4397,7568,167150,108299,14195,5184,61967,1650,1762
2021-05-05T23:59:59+02:00,5401,5931,9578,10582,10738,13423,16064,19241,23300,25081,23189,26246,16869,21363,4768,8223,3191,3204,4966,4934,5420,6316,6947,8334,7734,8362,8811,9592,11421,14443,4396,7560,163517,107414,12905,5178,61816,1280,1759
2021-05-04T23:59:59+02:00,5305,5829,9411,10386,10540,13176,15677,18822,22779,24544,22998,26008,16813,21307,4760,8214,3182,3162,4939,4866,5385,6199,6902,8202,7658,8221,8716,9488,11360,14399,4394,7558,161368,106956,11799,5171,61662,764,1740
2021-05-03T23:59:59+02:00,5218,5743,9223,10252,10373,12994,15375,18571,22389,24138,22880,25886,16789,21267,4760,8209,3098,3084,4851,4794,5319,6107,6801,8098,7472,8057,8649,9411,11323,14360,4391,7554,159896,106743,11798,5168,61569,654,804
2021-05-02T23:59:59+02:00,5201,5727,9140,10191,10242,12872,15009,18235,22140,23892,22834,25842,16776,21242,4759,8208,3088,3077,4783,4756,5225,6015,6657,7967,7376,7973,8604,9375,11304,14328,4389,7549,159020,106634,11795,5166,61466,637,29
2021-05-01T23:59:59+02:00,5201,5725,9137,10190,10241,12872,15006,18232,22138,23892,22833,25841,16776,21242,4759,8208,3088,3077,4783,4756,5225,6015,6657,7967,7376,7973,8604,9375,11304,14328,4389,7549,159003,106634,11795,5166,61466,637,29
2021-04-30T23:59:59+02:00,5121,5618,8879,9968,9990,12632,14481,17771,21328,23139,22766,25759,16760,21218,4757,8205,3085,3075,4775,4746,5217,5983,6646,7932,7346,7945,8603,9373,11304,14326,4387,7548,155456,106613,11795,5164,61139,512,2
2021-04-29T23:59:59+02:00,4945,5445,8365,9544,9313,12045,13396,16776,19554,21519,22156,25092,16662,21052,4752,8190,3059,3045,4737,4680,5174,5902,6586,7830,7271,7834,8493,9257,11245,14264,4381,7542,146425,106145,11781,4893,60598,260,2
2021-04-28T23:59:59+02:00,4906,5422,8288,9466,9237,11958,13277,16638,19346,21329,22079,25004,16640,21017,4750,8187,3054,3026,4710,4628,5146,5854,6557,7754,7221,7761,8479,9233,11233,14245,4380,7537,146048,105957,11693,4823,59801,36,2
2021-04-27T23:59:59+02:00,4852,5358,8151,9335,9131,11808,13112,16459,18906,20818,21877,24784,16591,20957,4747,8180,3051,3020,4708,4626,5139,5845,6543,7737,7189,7727,8408,9139,11171,14183,4376,7534,145334,105708,10631,4657,59099,29,2
2021-04-26T23:59:59+02:00,4800,5320,8043,9248,8994,11699,12908,16277,18512,20453,21759,24651,16570,20939,4747,8180,3051,3018,4704,4622,5135,5840,6530,7719,7162,7701,8358,9090,11127,14114,4373,7522,144574,105634,10496,4406,58029,25,1
2021-04-25T23:59:59+02:00,4785,5299,7996,9200,8927,11624,12746,16126,18163,20109,21581,24440,16536,20896,4743,8175,3051,3018,4703,4622,5132,5837,6527,7716,7158,7696,8303,9026,11106,14092,4373,7520,143212,105614,10486,4241,57647,24,1
2021-04-24T23:59:59+02:00,4778,5291,7981,9195,8913,11615,12693,16093,18108,20071,21568,24431,16534,20891,4743,8175,3050,3018,4703,4622,5132,5837,6527,7716,7158,7696,8303,9026,11106,14092,4373,7520,143117,105614,10486,4241,57476,23,1
2021-04-23T23:59:59+02:00,4758,5253,7923,9127,8823,11514,12303,15728,17715,19684,21383,24240,16477,20824,4742,8168,3048,3016,4699,4620,5123,5829,6515,7705,7133,7663,8284,9002,11100,14085,4371,7517,141876,105604,10141,4083,56644,22,1
2021-04-22T23:59:59+02:00,4698,5172,7797,8933,8616,11247,11965,15285,16760,18636,20883,23646,16378,20679,4734,8156,3038,3008,4694,4602,5098,5804,6472,7668,7071,7620,8152,8846,10978,13949,4368,7511,138192,105001,10023,3861,55369,16,1
2021-04-21T23:59:59+02:00,4652,5121,7692,8808,8455,11096,11645,14988,15991,17808,20587,23315,16330,20590,4729,8147,3026,2995,4679,4587,5079,5783,6462,7653,7048,7600,8100,8784,10947,13914,4366,7510,135343,104730,9894,3787,54716,15,1
2021-04-20T23:59:59+02:00,4627,5094,7655,8753,8373,11013,11475,14809,15515,17291,20182,22840,16252,20473,4722,8136,3020,2986,4672,4574,5052,5764,6437,7633,7006,7561,7993,8641,10892,13844,4362,7507,133239,104176,9632,3752,54338,15,1
2021-04-19T23:59:59+02:00,4594,5029,7595,8655,8273,10868,11315,14624,15234,16978,19724,22285,16114,20296,4711,8128,3016,2985,4667,4568,5040,5750,6421,7617,6981,7517,7933,8578,10874,13811,4360,7504,131192,103856,9278,3750,53952,15,1
2021-04-18T23:59:59+02:00,4573,4999,7533,8598,8160,10733,11019,14367,14759,16418,19320,21813,16016,20139,4709,8124,3016,2985,4667,4568,5040,5750,6420,7615,6979,7516,7931,8574,10871,13808,4360,7501,128813,103837,9209,3748,53257,15,1
2021-04-17T23:59:59+02:00,4568,4991,7514,8591,8150,10714,10975,14318,14647,16319,19204,21703,15998,20116,4708,8123,3016,2985,4665,4566,5035,5746,6404,7607,6956,7493,7883,8528,10855,13788,4359,7501,128379,103830,9202,3541,53057,15,1
2021-04-16T23:59:59+02:00,4553,4936,7438,8469,8055,10554,10740,14037,13965,15537,18701,21119,15901,19987,4702,8116,3013,2982,4659,4561,5032,5734,6385,7598,6906,7441,7588,8156,10776,13669,4352,7488,125559,103069,9153,3255,52097,15,1
2021-04-15T23:59:59+02:00,4503,4871,7322,8335,7882,10307,10395,13610,13174,14642,17952,20321,15721,19721,4688,8102,3012,2974,4649,4544,5019,5705,6353,7562,6822,7355,7035,7526,10706,13578,4348,7479,121958,101530,8998,3123,50589,13,1
2021-04-14T23:59:59+02:00,4475,4831,7257,8227,7777,10162,10206,13400,12737,14165,17451,19731,15602,19565,4684,8089,2975,2953,4632,4509,4993,5664,6318,7526,6767,7296,6312,6652,10572,13439,4344,7472,120597,99291,8767,3123,48994,9,1
2021-04-13T23:59:59+02:00,4471,4825,7213,8210,7723,10128,10092,13342,12312,13826,16779,18885,15431,19345,4680,8083,2951,2922,4614,4485,4964,5628,6260,7456,6674,7197,6098,6387,10123,12889,4337,7458,119931,97317,8549,3116,46864,9,1
2021-04-12T23:59:59+02:00,4454,4808,7164,8159,7668,10055,9975,13240,12034,13566,16349,18380,15288,19184,4675,8081,2920,2907,4539,4442,4863,5559,6151,7384,6533,7078,5314,5526,9745,12424,4310,7421,119606,93998,8515,3108,44958,9,1
2021-04-11T23:59:59+02:00,4437,4799,7120,8108,7613,10009,9877,13154,11777,13332,15761,17671,15083,18924,4671,8073,2835,2815,4402,4318,4723,5435,5977,7217,6392,6977,4995,5158,9647,12296,4310,7417,119033,91842,8093,3063,43282,8,1
2021-04-10T23:59:59+02:00,4415,4774,7082,8061,7565,9957,9812,13095,11691,13233,15541,17483,15047,18871,4670,8068,2192,2179,3575,3619,3860,4646,4936,6281,5623,6265,4740,4866,9544,12164,4304,7409,118574,83131,8093,3063,42697,8,1
2021-04-09T23:59:59+02:00,4392,4753,7042,8033,7496,9895,9648,12959,11284,12856,14382,15958,14701,18460,4660,8060,1221,1255,2207,2397,2334,3267,3086,4605,4176,4916,4090,4165,9333,11872,4285,7385,116709,67524,8091,3061,39778,8,1
2021-04-08T23:59:59+02:00,4364,4734,6981,7981,7399,9795,9445,12831,10825,12448,13258,14705,14384,18032,4643,8034,639,708,1290,1676,1417,2318,1970,3500,2794,3505,2895,2827,8602,10977,4184,7219,115499,53454,8012,3058,36347,8,1
2021-04-07T23:59:59+02:00,4315,4702,6900,7929,7310,9730,9310,12685,10500,12125,12552,13958,14222,17821,4638,8017,392,462,927,1334,1018,1938,1459,3036,1785,2411,1765,1569,7775,9922,4075,7032,114562,43835,7865,3058,34286,6,1
2021-04-06T23:59:59+02:00,4300,4687,6877,7893,7257,9663,9212,12606,10276,11887,12167,13456,14054,17595,4628,8006,384,446,921,1326,1003,1915,1433,3006,1724,2354,1686,1495,7337,9342,3975,6862,113344,42146,7768,3057,33451,5,1
2021-04-05T23:59:59+02:00,4294,4686,6867,7883,7246,9652,9189,12577,10215,11826,12052,13311,13975,17519,4626,8005,382,441,909,1322,998,1906,1421,2986,1702,2317,1632,1441,7087,9011,3895,6730,113039,41118,7747,3056,33136,5,1
2021-04-04T23:59:59+02:00,4294,4686,6864,7876,7245,9651,9188,12577,10204,11821,12049,13308,13973,17519,4626,8005,382,440,909,1322,997,1904,1420,2985,1701,2313,1629,1437,7079,8997,3891,6728,113034,41072,7747,3056,33104,5,1
2021-04-03T23:59:59+02:00,4294,4686,6864,7875,7245,9651,9188,12577,10204,11821,12049,13307,13971,17517,4626,8005,382,439,906,1318,996,1903,1419,2980,1699,2311,1622,1424,7034,8912,3861,6701,113030,40845,7747,3056,33102,5,1
2021-04-02T23:59:59+02:00,4292,4684,6863,7872,7238,9644,9179,12570,10183,11800,11921,13188,13934,17471,4622,7999,380,436,904,1311,989,1892,1403,2953,1656,2270,1512,1329,6213,7932,3508,6237,112911,38181,7743,2738,32805,5,1
2021-04-01T23:59:59+02:00,4250,4671,6824,7853,7201,9614,9128,12530,10110,11719,11531,12711,13626,17062,4618,7989,375,431,886,1294,979,1875,1369,2901,1590,2206,1392,1234,5189,6708,3066,5554,112525,34310,6369,2733,32542,5,1
2021-03-31T23:59:59+02:00,4242,4665,6810,7835,7185,9595,9090,12494,10016,11646,11167,12244,13351,16660,4612,7973,372,428,876,1286,972,1860,1347,2876,1540,2167,1315,1170,4581,5972,2775,5188,111958,32058,5414,2661,32212,5,1
2021-03-30T23:59:59+02:00,4219,4637,6774,7798,7132,9530,8992,12380,9851,11493,10891,11933,13164,16442,4605,7961,367,422,871,1275,961,1854,1326,2868,1513,2145,1289,1144,4451,5841,2728,5105,111138,31688,5168,2466,31495,5,1
2021-03-29T23:59:59+02:00,4209,4614,6746,7773,7089,9474,8893,12280,9640,11276,10428,11411,12862,16057,4591,7935,362,418,867,1266,955,1847,1315,2857,1496,2136,1266,1128,4308,5673,2644,5005,109475,31077,4860,2460,30942,5,1
2021-03-28T23:59:59+02:00,4156,4547,6634,7618,6975,9333,8766,12084,9488,11091,10209,11130,12710,15910,4588,7927,362,418,867,1266,953,1846,1314,2857,1495,2134,1259,1126,4274,5629,2622,4985,109108,31043,4598,2359,29459,4,1
2021-03-27T23:59:59+01:00,4154,4529,6623,7556,6945,9207,8715,11911,9436,10954,10082,11000,12636,15837,4588,7927,362,418,867,1266,953,1844,1313,2855,1492,2133,1256,1123,4247,5594,2611,4972,109101,30943,4598,2358,28400,4,1
2021-03-26T23:59:59+01:00,4149,4519,6592,7519,6914,9128,8665,11793,9347,10833,10031,10942,12602,15786,4581,7911,359,416,865,1263,949,1831,1307,2835,1474,2125,1228,1104,4060,5358,2517,4839,109045,30206,4378,2319,27888,4,1
2021-03-25T23:59:59+01:00,4123,4477,6500,7390,6813,8961,8464,11559,9040,10517,9639,10532,12343,15528,4577,7903,359,414,863,1256,946,1820,1293,2817,1450,2109,1199,1086,3811,5089,2328,4572,108639,29088,4170,2319,25556,4,1
2021-03-24T23:59:59+01:00,4057,4406,6417,7218,6691,8730,8294,11315,8803,10203,9194,10007,11997,15143,4568,7896,359,413,862,1254,941,1818,1287,2808,1433,2096,1192,1076,3737,5012,2162,4360,108132,28488,4038,2318,22768,3,1
2021-03-23T23:59:59+01:00,4038,4369,6369,7166,6609,8661,8176,11186,8543,9967,8745,9478,11609,14719,4560,7884,359,412,860,1243,936,1811,1282,2799,1432,2084,1166,1058,3648,4927,2008,4117,107333,27820,3945,2318,20800,3,1
2021-03-22T23:59:59+01:00,4024,4349,6333,7133,6575,8617,8104,11108,8390,9808,8434,9112,11351,14439,4534,7849,356,406,855,1231,928,1806,1273,2791,1424,2073,1153,1049,3616,4888,1994,4090,106667,27613,3943,2317,19550,3,0
2021-03-21T23:59:59+01:00,4024,4345,6328,7123,6559,8602,8082,11088,8325,9747,8323,8982,11286,14357,4532,7846,354,405,846,1227,919,1801,1267,2789,1420,2068,1149,1047,3607,4872,1980,4082,106584,27513,3942,2317,19023,3,0
2021-03-20T23:59:59+01:00,4016,4298,6318,7050,6545,8459,8055,10895,8280,9636,8242,8895,11255,14322,4532,7846,354,405,846,1227,919,1801,1266,2789,1420,2066,1149,1047,3607,4870,1980,4082,106553,27509,3729,2316,18362,3,0
2021-03-19T23:59:59+01:00,4003,4263,6291,6967,6519,8365,8005,10781,8145,9452,7708,8302,11102,14120,4524,7833,351,404,840,1219,903,1790,1241,2759,1367,2019,1061,971,2885,4001,1639,3610,104966,24741,3430,2316,17984,3,0
2021-03-18T23:59:59+01:00,3991,4243,6248,6926,6487,8299,7935,10696,8001,9291,6730,7187,10905,13907,4513,7815,350,404,836,1215,896,1784,1224,2749,1342,2000,1019,954,2661,3724,1509,3432,102007,23780,3272,2316,17895,3,0
2021-03-17T23:59:59+01:00,3948,4201,6180,6839,6426,8193,7839,10566,7876,9133,5945,6211,10755,13757,4499,7794,349,404,831,1210,893,1773,1212,2731,1318,1978,993,930,2551,3610,1465,3352,99264,23281,3271,2316,17627,3,0
2021-03-16T23:59:59+01:00,3929,4165,6142,6785,6378,8127,7781,10494,7788,9041,5762,6003,10163,13082,4465,7742,341,394,819,1195,881,1764,1206,2715,1305,1970,980,909,2323,3343,1354,3190,97222,22372,3261,2314,17364,3,0
2021-03-15T23:59:59+01:00,3891,4133,6038,6706,6252,8027,7641,10377,7634,8900,4977,5126,9789,12597,4429,7686,340,393,816,1191,880,1756,1204,2703,1297,1961,964,895,2169,3157,1282,3115,93731,21807,3254,2314,17218,2,0
2021-03-14T23:59:59+01:00,3742,3948,5759,6374,5991,7683,7316,9930,7365,8613,4633,4731,9663,12434,4426,7675,340,393,816,1191,879,1756,1202,2702,1295,1958,963,893,2166,3153,1279,3115,91353,21788,3201,2311,15729,2,0
2021-03-13T23:59:59+01:00,2997,3207,4808,5519,4985,6742,6079,8793,6458,7768,4338,4373,9295,11930,4361,7593,340,393,815,1189,879,1751,1201,2700,1294,1958,963,892,2134,3113,1257,3085,80679,21651,3201,2311,15366,2,0
2021-03-12T23:59:59+01:00,2055,2289,3450,4340,3473,5399,4265,7104,4989,6384,3676,3688,8004,10315,3967,7056,336,389,812,1186,875,1745,1194,2682,1267,1940,916,866,1736,2597,1044,2789,61917,20061,3199,2311,15338,2,0
2021-03-11T23:59:59+01:00,1474,1747,2543,3585,2558,4452,3154,5985,3615,4974,2565,2468,6223,8096,3375,6113,331,381,796,1177,862,1721,1175,2652,1243,1899,878,842,1561,2342,942,2628,44687,19117,3198,2311,15042,2,0
2021-03-10T23:59:59+01:00,1225,1502,2171,3213,2174,4061,2689,5559,2636,3901,1474,1284,4864,6354,2934,5509,321,373,781,1161,842,1680,1143,2594,1211,1846,853,823,1372,2123,859,2486,33704,18224,3198,2242,14648,2,0
2021-03-09T23:59:59+01:00,1203,1459,2107,3076,2111,3950,2606,5418,2556,3792,1442,1257,4786,6275,2900,5460,314,364,770,1141,821,1650,1119,2556,1195,1821,838,808,1279,1992,806,2385,33300,17659,3195,2198,13903,2,0
2021-03-08T23:59:59+01:00,1175,1423,2055,2978,2066,3864,2546,5304,2503,3734,1403,1235,4632,6090,2813,5349,314,359,766,1135,818,1641,1112,2548,1184,1802,819,783,1092,1748,704,2247,32612,16876,3195,2195,13363,1,0
2021-03-07T23:59:59+01:00,1168,1403,2014,2934,2025,3822,2508,5235,2466,3707,1397,1232,4626,6082,2810,5349,314,359,766,1135,818,1641,1112,2548,1183,1802,815,783,1084,1737,696,2237,32582,16876,3190,2154,13006,0,0
2021-03-06T23:59:59+01:00,1166,1399,2006,2919,2012,3803,2493,5205,2447,3689,1384,1219,4593,6042,2799,5338,314,359,766,1135,818,1641,1112,2548,1183,1802,815,783,1084,1737,696,2236,32440,16876,3190,2153,12884,0,0
2021-03-05T23:59:59+01:00,1160,1395,1988,2898,1983,3775,2452,5151,2399,3661,1343,1188,4312,5693,2670,5147,312,356,758,1129,815,1634,1109,2540,1180,1794,803,779,1077,1728,695,2234,31702,16790,2860,2153,12653,0,0
2021-03-04T23:59:59+01:00,1059,1229,1905,2782,1917,3645,2377,4990,2314,3531,1312,1166,4051,5403,2466,4866,312,354,756,1125,813,1628,1108,2531,1175,1790,788,772,1068,1717,688,2223,30521,16718,2856,2130,11636,0,0
2021-03-03T23:59:59+01:00,1004,1112,1849,2690,1851,3552,2312,4881,2248,3458,1302,1151,3928,5290,2260,4604,311,349,755,1118,810,1606,1102,2489,1161,1770,775,768,1059,1695,681,2215,29853,16686,2741,1978,10898,0,0
2021-03-02T23:59:59+01:00,952,1026,1757,2567,1761,3432,2226,4757,2186,3387,1274,1132,3786,5139,2098,4327,311,347,754,1112,807,1604,1099,2484,1156,1761,773,765,1044,1672,672,2199,29210,16583,2552,1977,10045,0,0
2021-03-01T23:59:59+01:00,918,962,1662,2434,1689,3290,2123,4589,2117,3281,1255,1122,3731,5069,2060,4274,310,347,752,1110,807,1599,1094,2480,1153,1760,768,763,1036,1660,667,2194,28961,16523,2467,1977,9148,0,0
2021-02-28T23:59:59+01:00,909,933,1644,2370,1661,3211,2103,4498,2103,3215,1250,1118,3721,5054,2047,4265,310,347,752,1109,807,1598,1094,2480,1152,1759,766,762,1027,1645,664,2186,28856,16514,2465,1944,8781,0,0
2021-02-27T23:59:59+01:00,891,911,1623,2305,1646,3099,2080,4362,2084,3139,1247,1116,3721,5052,2046,4264,310,347,752,1109,807,1597,1094,2480,1152,1758,766,762,1027,1645,664,2186,28849,16512,2464,1944,8273,0,0
2021-02-26T23:59:59+01:00,744,823,1533,2186,1593,2944,2016,4105,1980,2924,1154,1042,3009,4175,1690,3779,310,347,750,1108,807,1596,1094,2476,1150,1757,763,757,1007,1628,657,2174,26052,16438,2464,1943,7181,0,0
2021-02-25T23:59:59+01:00,572,735,1431,2079,1526,2819,1949,3973,1886,2815,1103,1016,2758,3860,1553,3584,292,329,725,1084,768,1527,1048,2375,1082,1677,714,740,976,1586,646,2152,24983,16350,2435,1371,6241,0,0
2021-02-24T23:59:59+01:00,535,696,1358,1969,1465,2670,1872,3826,1815,2683,1073,988,2624,3725,1510,3496,262,309,699,1043,746,1464,1016,2314,1033,1634,687,717,938,1553,634,2127,24423,16170,2424,1006,5458,0,0
2021-02-23T23:59:59+01:00,475,646,1275,1827,1398,2516,1790,3622,1754,2572,1049,958,2402,3465,1406,3342,256,300,685,1019,734,1428,993,2270,1011,1594,678,707,927,1539,633,2123,23507,16086,2414,811,4576,0,0
2021-02-22T23:59:59+01:00,460,607,1171,1717,1293,2424,1690,3511,1672,2511,1030,943,2248,3278,1333,3265,245,285,657,967,706,1361,968,2177,968,1518,641,679,857,1458,602,2074,22931,15901,2410,262,3812,0,0
2021-02-21T23:59:59+01:00,436,588,1062,1687,1142,2400,1538,3489,1579,2495,1026,941,2247,3277,1333,3265,214,278,630,960,695,1352,954,2172,965,1516,638,677,852,1454,596,2067,22902,15771,2410,249,3193,0,0
2021-02-20T23:59:59+01:00,436,587,1061,1687,1141,2400,1537,3488,1579,2493,1026,940,2246,3277,1332,3264,213,276,626,960,692,1351,947,2169,964,1516,638,677,852,1454,596,2067,22896,15749,2409,249,3189,0,0
2021-02-19T23:59:59+01:00,429,577,1052,1685,1130,2390,1525,3471,1547,2475,974,911,1822,2713,1089,2939,190,266,600,956,675,1342,933,2167,958,1515,635,676,850,1454,595,2065,21154,15628,2409,249,3166,0,0
2021-02-18T23:59:59+01:00,408,553,1007,1600,1095,2304,1475,3349,1509,2398,943,886,1622,2442,986,2761,169,254,562,945,650,1331,899,2148,939,1496,624,659,829,1422,587,2054,20169,15319,2409,249,2760,0,0
2021-02-17T23:59:59+01:00,377,487,922,1460,983,2081,1340,3106,1403,2193,910,862,1423,2198,898,2616,162,247,546,910,629,1276,861,2074,893,1423,591,629,823,1400,583,2035,19094,14833,2409,249,1756,0,0
2021-02-16T23:59:59+01:00,369,438,879,1320,933,1890,1274,2894,1343,2051,902,848,1348,2091,845,2531,153,231,534,867,610,1224,838,2011,862,1386,581,616,803,1369,570,1976,18720,14518,2408,113,828,0,0
2021-02-15T23:59:59+01:00,350,394,854,1289,913,1830,1230,2810,1309,1996,877,818,1150,1838,737,2380,144,221,512,837,591,1162,815,1936,838,1311,561,581,785,1330,562,1940,17807,14053,2408,73,560,0,0
2021-02-14T23:59:59+01:00,349,394,853,1289,912,1830,1228,2810,1309,1996,877,818,1150,1838,737,2380,144,220,511,831,586,1157,811,1932,835,1308,559,581,784,1329,562,1937,17806,14014,2408,73,556,0,0
2021-02-13T23:59:59+01:00,349,394,853,1288,912,1827,1228,2808,1309,1994,877,818,1150,1838,737,2380,144,220,511,831,586,1157,810,1928,833,1306,556,581,770,1308,550,1921,17798,14012,2408,0,556,0,0
2021-02-12T23:59:59+01:00,345,393,848,1280,908,1800,1222,2775,1282,1972,877,817,1149,1835,737,2380,144,219,509,828,584,1149,803,1918,829,1292,553,579,756,1296,544,1910,17790,13913,2408,0,422,0,0
2021-02-11T23:59:59+01:00,324,385,837,1252,903,1766,1206,2720,1263,1923,845,803,1139,1824,736,2370,140,200,494,785,561,1084,769,1812,804,1245,543,565,731,1257,531,1884,17677,13405,2407,0,212,0,0
2021-02-10T23:59:59+01:00,321,374,820,1221,892,1738,1197,2679,1253,1895,841,802,1123,1804,731,2354,134,185,437,720,527,998,703,1705,769,1192,527,550,722,1235,521,1865,17649,12790,2339,0,57,0,0
2021-02-09T23:59:59+01:00,321,371,814,1207,883,1722,1182,2661,1239,1872,828,797,1108,1787,723,2339,116,161,385,636,484,862,626,1519,689,1033,468,463,608,1072,455,1647,17558,11224,2294,0,2,0,0
2021-02-08T23:59:59+01:00,320,370,812,1202,883,1717,1180,2656,1232,1864,823,795,1087,1760,711,2321,102,137,352,554,440,767,544,1306,587,903,396,384,532,875,361,1352,17441,9592,2291,0,1,0,0
2021-02-07T23:59:59+01:00,319,369,811,1201,882,1717,1180,2654,1232,1862,817,793,1085,1756,710,2320,100,136,350,549,438,763,541,1296,583,900,393,381,510,851,357,1338,17417,9486,2291,0,0,0,0
2021-02-06T23:59:59+01:00,319,368,811,1201,882,1716,1180,2654,1232,1861,816,790,1082,1752,710,2318,100,135,350,546,437,761,540,1293,581,900,390,377,459,778,329,1301,17402,9277,2290,0,0,0,0
2021-02-05T23:59:59+01:00,319,368,810,1199,882,1716,1180,2652,1231,1859,811,785,1059,1739,705,2305,92,131,343,539,421,743,516,1257,551,867,369,351,438,752,315,1266,17330,8951,2290,0,0,0,0
2021-02-04T23:59:59+01:00,316,360,806,1177,872,1694,1163,2624,1217,1839,788,769,1032,1709,699,2292,74,100,267,415,323,587,408,1019,444,694,295,285,333,594,255,1060,17090,7153,2267,0,0,0,0
2021-02-03T23:59:59+01:00,315,350,803,1160,870,1662,1156,2573,1200,1816,774,756,1013,1685,692,2280,58,68,180,291,248,440,291,737,325,498,197,202,234,437,181,790,16997,5177,2108,0,0,0,0
2021-02-02T23:59:59+01:00,314,345,799,1152,866,1640,1145,2549,1192,1800,771,751,1003,1673,691,2271,37,41,98,152,148,248,183,474,207,307,129,125,155,262,131,520,16855,3217,2107,0,0,0,0
2021-02-01T23:59:59+01:00,313,340,790,1137,861,1619,1142,2521,1189,1772,762,739,998,1665,686,2257,13,12,16,28,28,63,48,95,58,86,45,43,53,75,41,171,16684,875,2107,0,0,0,0
2021-01-31T23:59:59+01:00,306,338,775,1135,853,1608,1130,2509,1179,1764,757,733,988,1646,679,2246,12,12,14,26,26,60,41,89,54,79,41,43,49,67,38,160,16649,811,1997,0,0,0,0
2021-01-30T23:59:59+01:00,306,338,775,1135,852,1608,1130,2509,1179,1764,756,733,988,1645,679,2246,12,10,14,26,26,60,40,89,53,77,41,42,48,67,38,159,16646,802,1997,0,0,0,0
2021-01-29T23:59:59+01:00,306,338,775,1135,852,1608,1130,2509,1179,1764,755,731,987,1644,679,2244,11,6,13,26,26,58,38,88,52,77,40,41,48,67,38,159,16640,788,1996,0,0,0,0
2021-01-28T23:59:59+01:00,302,331,759,1110,817,1551,1091,2446,1108,1714,714,720,958,1618,669,2228,4,0,3,9,11,20,17,42,19,39,20,21,23,46,16,98,16464,388,1672,0,0,0,0
2021-01-27T23:59:59+01:00,296,324,730,1072,771,1492,1031,2370,1039,1638,682,692,947,1600,667,2221,3,0,3,6,8,16,12,27,13,28,5,7,10,9,5,25,16021,177,1551,0,0,0,0
2021-01-26T23:59:59+01:00,270,310,715,1048,761,1444,1009,2291,1015,1578,669,681,926,1582,657,2204,3,0,1,6,6,7,11,11,5,12,3,3,6,6,2,16,15970,98,1190,0,0,0,0
2021-01-25T23:59:59+01:00,236,290,661,966,710,1326,968,2140,955,1457,625,628,847,1479,620,2142,3,0,1,6,6,7,11,11,5,12,3,3,6,6,2,16,15746,98,304,0,0,0,0
2021-01-24T23:59:59+01:00,217,279,636,959,693,1311,948,2124,943,1447,617,622,838,1459,611,2130,3,0,1,6,5,7,11,11,4,12,3,3,6,6,2,16,15574,96,260,0,0,0,0
2021-01-23T23:59:59+01:00,217,279,636,959,693,1311,948,2124,943,1447,617,622,838,1459,611,2130,3,0,1,6,5,7,10,11,4,12,3,3,6,6,2,16,15574,95,260,0,0,0,0
2021-01-22T23:59:59+01:00,165,260,583,950,672,1297,918,2112,932,1439,612,621,838,1459,611,2130,3,0,0,6,5,7,10,11,4,12,3,3,6,6,2,16,15339,94,260,0,0,0,0
2021-01-21T23:59:59+01:00,159,249,568,926,650,1257,880,2054,913,1397,605,600,824,1427,606,2115,3,0,0,6,4,7,10,11,4,12,3,3,6,6,2,15,14970,92,260,0,0,0,0
2021-01-20T23:59:59+01:00,150,228,524,858,626,1178,814,1941,880,1334,584,583,807,1405,598,2088,3,0,0,6,4,7,10,11,4,12,3,3,6,6,2,15,14340,92,258,0,0,0,0
2021-01-19T23:59:59+01:00,133,200,445,771,559,1031,728,1745,783,1190,530,519,707,1231,528,1854,3,0,0,6,4,7,10,11,4,12,3,3,6,6,2,15,12763,92,191,0,0,0,0
2021-01-18T23:59:59+01:00,112,161,376,617,466,857,597,1461,659,1017,464,453,630,1058,463,1603,1,0,0,0,0,0,0,0,0,0,0,0,0,1,0,0,10913,2,81,0,0,0,0
2021-01-17T23:59:59+01:00,108,159,372,612,465,850,594,1443,651,1009,461,446,601,1027,449,1560,1,0,0,0,0,0,0,0,0,0,0,0,0,1,0,0,10726,2,81,0,0,0,0
2021-01-16T23:59:59+01:00,108,156,370,604,462,842,584,1429,639,1001,447,432,502,889,389,1476,0,0,0,0,0,0,0,0,0,0,0,0,0,0,0,0,10328,0,2,0,0,0,0
2021-01-15T23:59:59+01:00,106,154,366,602,456,837,578,1420,620,987,433,416,492,874,382,1455,0,0,0,0,0,0,0,0,0,0,0,0,0,0,0,0,10178,0,0,0,0,0,0
2021-01-14T23:59:59+01:00,82,121,304,495,377,677,466,1163,514,829,356,335,392,716,315,1247,0,0,0,0,0,0,0,0,0,0,0,0,0,0,0,0,8389,0,0,0,0,0,0
2021-01-13T23:59:59+01:00,65,89,217,369,298,509,358,846,385,597,243,235,285,533,235,948,0,0,0,0,0,0,0,0,0,0,0,0,0,0,0,0,6212,0,0,0,0,0,0
2021-01-12T23:59:59+01:00,43,57,131,222,181,308,221,553,244,369,152,146,182,354,164,653,0,0,0,0,0,0,0,0,0,0,0,0,0,0,0,0,3980,0,0,0,0,0,0
2021-01-11T23:59:59+01:00,14,17,45,58,43,90,67,130,73,109,63,56,79,109,48,213,0,0,0,0,0,0,0,0,0,0,0,0,0,0,0,0,1214,0,0,0,0,0,0
2021-01-10T23:59:59+01:00,14,16,33,47,35,72,55,122,66,99,54,52,74,97,45,202,0,0,0,0,0,0,0,0,0,0,0,0,0,0,0,0,1083,0,0,0,0,0,0
2021-01-09T23:59:59+01:00,14,15,30,46,35,72,52,121,65,96,54,51,73,96,43,201,0,0,0,0,0,0,0,0,0,0,0,0,0,0,0,0,1064,0,0,0,0,0,0
2021-01-08T23:59:59+01:00,10,9,30,42,33,68,49,120,64,95,51,46,67,92,40,201,0,0,0,0,0,0,0,0,0,0,0,0,0,0,0,0,1017,0,0,0,0,0,0
2021-01-07T23:59:59+01:00,5,2,10,23,18,34,26,89,32,63,31,27,46,76,27,158,0,0,0,0,0,0,0,0,0,0,0,0,0,0,0,0,667,0,0,0,0,0,0
2021-01-06T23:59:59+01:00,5,0,4,11,13,27,22,50,19,39,25,24,32,51,20,114,0,0,0,0,0,0,0,0,0,0,0,0,0,0,0,0,456,0,0,0,0,0,0
2021-01-05T23:59:59+01:00,5,0,4,11,13,27,22,50,19,39,25,24,32,50,20,114,0,0,0,0,0,0,0,0,0,0,0,0,0,0,0,0,455,0,0,0,0,0,0
2021-01-04T23:59:59+01:00,4,0,1,6,4,7,12,11,4,12,3,3,6,7,2,17,0,0,0,0,0,0,0,0,0,0,0,0,0,0,0,0,99,0,0,0,0,0,0
2021-01-03T23:59:59+01:00,3,0,1,6,4,7,11,11,4,12,3,3,6,7,2,16,0,0,0,0,0,0,0,0,0,0,0,0,0,0,0,0,96,0,0,0,0,0,0
2021-01-02T23:59:59+01:00,3,0,1,6,4,7,10,11,4,12,3,3,6,7,2,16,0,0,0,0,0,0,0,0,0,0,0,0,0,0,0,0,95,0,0,0,0,0,0
2021-01-01T23:59:59+01:00,3,0,0,6,4,7,10,11,4,12,3,3,6,6,2,16,0,0,0,0,0,0,0,0,0,0,0,0,0,0,0,0,93,0,0,0,0,0,0
2020-12-31T23:59:59+01:00,3,0,0,6,4,7,10,11,4,12,3,3,6,6,2,16,0,0,0,0,0,0,0,0,0,0,0,0,0,0,0,0,93,0,0,0,0,0,0
2020-12-30T23:59:59+01:00,3,0,0,6,4,7,10,11,4,12,3,3,6,6,2,16,0,0,0,0,0,0,0,0,0,0,0,0,0,0,0,0,93,0,0,0,0,0,0
2020-12-29T23:59:59+01:00,3,0,0,6,4,7,10,11,4,12,3,3,6,6,2,16,0,0,0,0,0,0,0,0,0,0,0,0,0,0,0,0,93,0,0,0,0,0,0
2020-12-28T23:59:59+01:00,3,0,0,6,4,7,10,11,4,12,3,3,6,6,2,16,0,0,0,0,0,0,0,0,0,0,0,0,0,0,0,0,93,0,0,0,0,0,0
2020-12-27T23:59:59+01:00,1,0,0,0,0,0,0,0,0,0,0,0,1,3,0,7,0,0,0,0,0,0,0,0,0,0,0,0,0,0,0,0,12,0,0,0,0,0,0
