Datum,<24_1_m,<24_1_w,25-34_1_m,25-34_1_w,35-44_1_m,35-44_1_w,45-54_1_m,45-54_1_w,55-64_1_m,55-64_1_w,65-74_1_m,65-74_1_w,75-84_1_m,75-84_1_w,>84_1_m,>84_1_w,<24_2_m,<24_2_w,25-34_2_m,25-34_2_w,35-44_2_m,35-44_2_w,45-54_2_m,45-54_2_w,55-64_2_m,55-64_2_w,65-74_2_m,65-74_2_w,75-84_2_m,75-84_2_w,>84_2_m,>84_2_w,bp_1,bp_2,mo_1,mo_2,az_1,az_2,ja
2021-06-27T23:59:59+02:00,14060,13659,26131,24488,28950,29188,35320,35989,39573,40225,26791,29914,19269,24173,5929,10037,5862,5997,11936,11973,13538,15368,19364,21698,26855,28973,21364,23885,16958,21245,5589,9390,274198,186611,43644,23168,76769,41131,9085
2021-06-26T23:59:59+02:00,14049,13648,26118,24478,28944,29183,35316,35988,39570,40224,26790,29913,19269,24173,5929,10037,5859,5995,11927,11972,13535,15368,19359,21694,26853,28968,21253,23792,16931,21210,5588,9388,274132,186590,43644,23164,76769,40854,9084
2021-06-25T23:59:59+02:00,12835,12486,24924,23550,28666,28960,35225,35921,39511,40170,26768,29894,19262,24164,5928,10036,5818,5954,11842,11906,13435,15280,19075,21482,26513,28636,20984,23468,16791,21054,5586,9381,268820,185529,43642,22895,76757,39700,9081
2021-06-24T23:59:59+02:00,11823,11611,23832,22689,28308,28617,35079,35763,39399,40068,26734,29844,19251,24143,5926,10032,5605,5727,11391,11504,12868,14695,17563,20102,24914,27073,20239,22635,16481,20654,5576,9371,263691,180605,43626,19368,76753,37376,9049
2021-06-23T23:59:59+02:00,11437,11282,23352,22336,28075,28386,34905,35641,39315,39985,26704,29818,19243,24107,5924,10021,5532,5615,11183,11292,12574,14350,17204,19722,24176,26316,19463,21909,16292,20412,5568,9355,261194,178342,43620,18769,76746,34881,8971
2021-06-22T23:59:59+02:00,11235,11065,23202,22196,28000,28320,34832,35583,39274,39944,26690,29797,19236,24099,5924,10020,5423,5494,10929,11043,12224,13983,16617,19133,23467,25558,19084,21487,16130,20234,5561,9339,260098,175394,43619,17920,76744,33436,8956
2021-06-21T23:59:59+02:00,10973,10871,22382,21535,27754,28101,34768,35522,39212,39902,26675,29779,19230,24091,5924,10019,5305,5391,10720,10822,11927,13672,16238,18800,23031,25106,18810,21192,16031,20117,5555,9338,257552,173973,43614,16934,76738,32314,8834
2021-06-20T23:59:59+02:00,10905,10783,22142,21322,27503,27905,34691,35448,39168,39858,26666,29766,19228,24087,5922,10016,5265,5337,10638,10722,11837,13572,16050,18617,22763,24872,18709,21088,15978,20059,5549,9334,256302,173672,43612,15893,76737,32066,8759
2021-06-19T23:59:59+02:00,10880,10758,22114,21299,27487,27891,34680,35444,39159,39854,26665,29765,19228,24085,5922,10016,5234,5305,10558,10633,11746,13451,15903,18465,22465,24526,18629,21001,15967,20048,5548,9334,256162,173594,43589,14407,76737,32053,8759
2021-06-18T23:59:59+02:00,10832,10707,21806,20983,27224,27681,34628,35408,39129,39831,26657,29756,19227,24082,5922,10014,5219,5295,10531,10605,11707,13404,15842,18406,22380,24431,18464,20820,15922,19982,5547,9329,254805,173208,43587,14407,76736,31510,8759
2021-06-17T23:59:59+02:00,10244,10275,20543,20031,26368,26954,34260,35086,38878,39644,26593,29677,19207,24046,5915,10010,5025,5159,10159,10357,11275,13010,15171,17800,21030,23129,18012,20338,15761,19811,5543,9314,249078,167965,43569,13839,76724,30730,8360
2021-06-16T23:59:59+02:00,9907,9959,19867,19404,25732,26355,34016,34887,38719,39496,26552,29626,19184,24023,5914,10006,4888,5015,9780,10030,10825,12564,14476,17120,20185,22212,17614,19896,15596,19602,5533,9302,245280,164238,43558,12591,76711,29711,8098
2021-06-15T23:59:59+02:00,9653,9714,19577,19162,25513,26162,33887,34783,38622,39418,26524,29591,19177,24008,5909,10002,4785,4907,9543,9823,10597,12315,14060,16697,19595,21642,17301,19516,15378,19375,5524,9291,243542,162203,43550,11528,76705,28713,7905
2021-06-14T23:59:59+02:00,9519,9591,19284,18910,25341,26020,33769,34704,38561,39380,26508,29571,19171,23997,5909,9999,4716,4846,9371,9687,10430,12183,13806,16488,19283,21353,17139,19367,15277,19247,5523,9287,242378,160783,43548,11527,76701,28086,7607
2021-06-13T23:59:59+02:00,9359,9458,19001,18727,24993,25767,33570,34537,38457,39313,26493,29559,19161,23990,5909,9995,4637,4780,9163,9522,10266,12015,13487,16154,18942,21026,17016,19220,15230,19183,5521,9285,240751,159945,43548,11527,76697,26682,7293
2021-06-12T23:59:59+02:00,9350,9445,18988,18715,24993,25762,33570,34533,38454,39312,26493,29559,19161,23990,5909,9995,4634,4773,9154,9473,10234,11926,13439,16015,18888,20908,16927,19121,15129,19094,5520,9283,240706,159919,43548,11525,76693,25792,7282
2021-06-11T23:59:59+02:00,9189,9266,18759,18507,24203,25098,33394,34380,38322,39200,26461,29525,19151,23967,5909,9990,4557,4658,8941,9219,9978,11635,12926,15473,17925,20019,16742,18928,15089,19050,5517,9280,237832,155945,43547,11524,76689,25215,7253
2021-06-10T23:59:59+02:00,8796,8933,18119,18031,23358,24430,33080,34101,38127,39042,26403,29472,19128,23938,5906,9984,4382,4480,8372,8733,9182,10925,11786,14388,15962,18130,15860,17975,14806,18686,5508,9258,234273,146387,42891,11492,76664,23534,7020
2021-06-09T23:59:59+02:00,8339,8416,17306,17312,22226,23401,32602,33645,37853,38830,26299,29370,19084,23883,5896,9971,4247,4367,8088,8470,8940,10676,11460,14031,15484,17597,15491,17557,14569,18403,5501,9248,230366,144614,41010,11451,76629,21636,6428
2021-06-08T23:59:59+02:00,8016,8095,16847,16899,21812,23040,32361,33455,37690,38701,26255,29331,19074,23860,5893,9966,4131,4285,7837,8219,8638,10335,11109,13688,14848,16905,15041,17037,14307,18128,5496,9230,227680,142942,40978,10349,76621,19927,6016
2021-06-07T23:59:59+02:00,7821,7861,16491,16577,21273,22595,32087,33189,37575,38587,26229,29283,19057,23833,5888,9965,4058,4209,7658,8079,8481,10195,10942,13520,14544,16589,14854,16795,14135,17938,5492,9226,226082,141910,40018,10258,76610,18946,5601
2021-06-06T23:59:59+02:00,7716,7750,16359,16431,21081,22389,31866,32966,37443,38483,26201,29260,19044,23817,5888,9959,4032,4175,7612,7962,8431,10068,10840,13377,14352,16376,14672,16617,14046,17818,5485,9220,224868,141437,39718,10248,76593,17924,5474
2021-06-05T23:59:59+02:00,7694,7736,16330,16403,21074,22386,31856,32960,37441,38482,26200,29260,19043,23816,5888,9959,4022,4136,7597,7897,8418,9935,10826,13206,14334,16271,14635,16562,14037,17808,5485,9219,224758,141356,39718,10248,76592,17324,5460
2021-06-04T23:59:59+02:00,7582,7633,16052,16171,20802,22142,31436,32589,37328,38361,26167,29222,19032,23803,5886,9957,4015,4127,7571,7874,8392,9906,10761,13133,14230,16141,14554,16469,14001,17764,5485,9217,223180,141027,38950,9920,76573,17233,5460
2021-06-03T23:59:59+02:00,7335,7407,15181,15395,19177,20760,30529,31669,36830,37906,26037,29089,18988,23752,5880,9939,3956,4089,7484,7803,8271,9808,10596,12951,13671,15578,14299,16162,13917,17663,5482,9204,216614,138843,37383,9818,76564,16960,5313
2021-06-02T23:59:59+02:00,7200,7266,14800,14971,18751,20366,30077,31236,36612,37657,25974,29028,18969,23725,5877,9938,3926,4059,7420,7718,8185,9720,10458,12822,13226,15150,14177,15981,13890,17626,5479,9199,213618,137072,36955,9725,76564,16929,5310
2021-06-01T23:59:59+02:00,6925,7024,14409,14662,18416,20049,29754,30926,36392,37425,25919,28950,18945,23697,5875,9927,3825,3974,7179,7543,7955,9528,10198,12548,12827,14730,13747,15536,13774,17474,5473,9191,210909,134974,36910,9472,76543,16123,4933
2021-05-31T23:59:59+02:00,6770,6840,14195,14434,17717,19453,29416,30591,36095,37165,25831,28856,18919,23643,5865,9914,3747,3866,6976,7302,7732,9246,9857,12169,12392,14215,13220,14926,13576,17246,5464,9176,209523,131827,34867,9152,76527,15344,4787
2021-05-30T23:59:59+02:00,6749,6826,14150,14397,17640,19396,29366,30552,36065,37142,25819,28844,18916,23636,5864,9912,3704,3795,6830,7098,7585,9020,9655,11861,12137,13876,13100,14759,13508,17163,5461,9169,209231,131114,34856,9051,76474,13843,4713
2021-05-29T23:59:59+02:00,6747,6825,14142,14393,17635,19391,29361,30549,36062,37141,25817,28841,18916,23635,5864,9912,3695,3782,6802,7065,7552,8969,9619,11815,12065,13778,13059,14691,13478,17139,5460,9164,209204,130976,34856,9051,76459,13394,4712
2021-05-28T23:59:59+02:00,6738,6812,14127,14376,17619,19370,29350,30537,36051,37123,25816,28837,18914,23631,5864,9912,3681,3758,6780,7024,7518,8917,9567,11711,11825,13508,12870,14501,13448,17099,5457,9161,209055,129689,34855,9050,76456,13375,4711
2021-05-27T23:59:59+02:00,6650,6732,13859,14159,17141,19026,28676,30002,35892,36992,25770,28803,18899,23617,5863,9906,3558,3598,6493,6774,7147,8616,9074,11156,11122,12619,12323,13944,13319,16908,5450,9149,207991,126208,33423,8722,76416,12163,4157
2021-05-26T23:59:59+02:00,6581,6623,13649,13958,16892,18721,28138,29494,35716,36819,25733,28758,18884,23594,5862,9901,3468,3458,6270,6487,6862,8193,8739,10681,10484,11835,11782,13351,13178,16696,5446,9127,206413,122693,32677,8540,76403,10994,3830
2021-05-25T23:59:59+02:00,6500,6530,13446,13741,16630,18513,27418,28849,35626,36723,25709,28729,18872,23578,5857,9900,3419,3367,6127,6320,6718,8004,8516,10392,10141,11472,11440,12878,13073,16533,5443,9119,205711,120867,31235,8403,75917,9934,3758
2021-05-24T23:59:59+02:00,6431,6434,13273,13543,16411,18236,27016,28427,35289,36329,25657,28663,18853,23555,5856,9898,3406,3345,6069,6238,6673,7924,8457,10298,10069,11377,11267,12651,13027,16443,5435,9098,205208,120256,29033,8357,75909,9443,3721
2021-05-23T23:59:59+02:00,6429,6433,13268,13534,16408,18226,26997,28417,35259,36295,25655,28657,18853,23549,5856,9898,3403,3341,6063,6228,6663,7917,8430,10268,10029,11319,11184,12550,13007,16412,5435,9097,205094,120251,29017,7944,75908,9436,3715
2021-05-22T23:59:59+02:00,6421,6429,13257,13520,16400,18220,26993,28416,35256,36289,25655,28657,18853,23549,5856,9898,3402,3341,6060,6226,6662,7912,8426,10266,10024,11316,11173,12537,13002,16408,5434,9097,205031,120211,29017,7944,75906,9416,3715
2021-05-21T23:59:59+02:00,6362,6369,13108,13417,16231,18074,26726,28240,34828,36022,25629,28621,18845,23543,5855,9893,3393,3332,6027,6205,6633,7880,8387,10217,9970,11268,10664,11828,12863,16249,5431,9092,204357,118470,28892,7941,74870,9384,3644
2021-05-20T23:59:59+02:00,6072,6169,12506,13013,15046,17157,24824,26749,33891,35260,25527,28476,18790,23462,5849,9878,3334,3287,5936,6089,6522,7728,8240,10059,9735,10967,10334,11387,12756,16071,5422,9078,199641,116519,27164,7868,72347,9041,3517
2021-05-19T23:59:59+02:00,5867,5928,11991,12557,14345,16456,23879,25942,33270,34667,25418,28387,18755,23406,5842,9866,3258,3214,5775,5921,6333,7491,7965,9781,9433,10588,10023,10974,12678,15926,5420,9070,193984,114623,27126,7673,72334,8422,3132
2021-05-18T23:59:59+02:00,5700,5816,11593,12234,13722,15960,22733,24999,32600,34066,25301,28253,18709,23356,5837,9856,3216,3186,5664,5817,6172,7333,7760,9571,9239,10354,9857,10727,12534,15708,5410,9061,189049,113504,26624,7604,72292,7731,2770
2021-05-17T23:59:59+02:00,5646,5772,11428,12133,13452,15742,21929,24367,32292,33755,25222,28196,18686,23326,5828,9847,3122,3116,5486,5641,6008,7127,7554,9354,9025,10118,9774,10612,12480,15650,5407,9056,187301,112821,25936,7597,71900,6628,2484
2021-05-16T23:59:59+02:00,5620,5752,11368,12079,13367,15663,21323,23823,31678,33229,25181,28153,18676,23311,5827,9847,3118,3094,5473,5575,5981,7069,7527,9257,8995,10037,9759,10594,12477,15647,5407,9056,186541,112713,24401,7591,71481,6288,2474
2021-05-15T23:59:59+02:00,5611,5743,11335,12070,13337,15653,21251,23752,31149,32856,25170,28148,18675,23308,5826,9846,3104,3080,5454,5533,5967,6994,7488,9142,8767,9785,9726,10563,12443,15596,5407,9055,186492,112709,24389,7453,70834,5927,2015
2021-05-14T23:59:59+02:00,5573,5717,11273,12032,13267,15589,20846,23447,30723,32513,25135,28103,18663,23291,5826,9844,3072,3040,5418,5445,5946,6860,7449,8941,8708,9592,9657,10456,12357,15472,5407,9051,185777,112545,24072,7128,69979,5184,2014
2021-05-13T23:59:59+02:00,5419,5561,10898,11739,12555,15002,18671,21707,29184,31056,24904,27859,18596,23219,5824,9841,3061,3007,5394,5406,5929,6804,7425,8871,8665,9533,9445,10218,12164,15178,5402,9042,181845,112196,20291,6331,67900,5018,1999
2021-05-12T23:59:59+02:00,5390,5534,10826,11681,12455,14914,18544,21579,28815,30690,24814,27763,18579,23190,5823,9836,3061,3003,5388,5400,5919,6790,7401,8856,8628,9479,9262,9992,11939,14860,5399,9035,180879,111921,19658,5480,67897,5012,1999
2021-05-11T23:59:59+02:00,5254,5433,10583,11439,12093,14543,17950,20949,27898,29729,24622,27575,18521,23116,5818,9821,3020,2962,5298,5247,5820,6607,7272,8616,8469,9258,9086,9802,11793,14675,5390,9017,176863,110903,18775,5373,67769,4119,1937
2021-05-10T23:59:59+02:00,5129,5353,10372,11245,11835,14289,17627,20618,27479,29322,24513,27468,18483,23069,5810,9817,2951,2909,5181,5131,5707,6506,7149,8475,8343,9151,8982,9679,11703,14548,5387,9009,174864,110377,18091,5362,67545,3143,1929
2021-05-09T23:59:59+02:00,5058,5305,10274,11133,11736,14172,17290,20336,27089,28950,24427,27382,18454,23033,5807,9814,2885,2878,5037,5089,5532,6463,6984,8446,8218,9116,8970,9669,11685,14528,5387,9009,174471,110302,16818,5353,67056,2326,1915
2021-05-08T23:59:59+02:00,5057,5304,10272,11130,11736,14172,17288,20334,27086,28947,24427,27382,18454,23033,5807,9814,2885,2877,5036,5089,5532,6463,6984,8446,8216,9116,8969,9668,11685,14528,5387,9009,174456,110299,16818,5353,67054,2323,1915
2021-05-07T23:59:59+02:00,5022,5278,10204,11075,11609,14050,16894,20061,26451,28392,24379,27331,18437,22999,5800,9784,2876,2870,5021,5083,5523,6450,6973,8435,8208,9105,8963,9660,11674,14506,5379,8981,173624,110285,16816,5352,65541,2285,1785
2021-05-06T23:59:59+02:00,4752,5117,9743,10733,11055,13537,15819,19046,24056,26117,23882,26811,18331,22897,5795,9770,2834,2826,4955,5011,5480,6360,6887,8313,8075,8958,8863,9550,11650,14456,5376,8978,168615,109737,14377,5297,62695,1764,1774
2021-05-05T23:59:59+02:00,4675,5041,9451,10507,10717,13212,15240,18442,23221,25159,23620,26486,18261,22792,5785,9752,2815,2790,4906,4923,5422,6240,6803,8148,7954,8745,8759,9419,11574,14371,5375,8970,164964,108812,13081,5291,62545,1340,1771
2021-05-04T23:59:59+02:00,4591,4950,9277,10304,10511,12972,14855,18045,22682,24598,23406,26214,18189,22713,5777,9739,2807,2757,4879,4847,5390,6126,6754,8010,7874,8594,8658,9313,11503,14314,5373,8967,162716,108352,11965,5282,62391,781,1751
2021-05-03T23:59:59+02:00,4519,4876,9087,10167,10336,12800,14571,17799,22275,24186,23268,26067,18162,22666,5777,9733,2731,2687,4794,4773,5316,6042,6659,7905,7695,8432,8574,9228,11464,14265,5370,8962,161215,108136,11964,5279,62299,671,811
2021-05-02T23:59:59+02:00,4506,4863,9010,10109,10212,12687,14247,17493,21973,23902,23219,26009,18143,22641,5776,9732,2724,2680,4734,4740,5227,5958,6523,7777,7579,8334,8528,9189,11440,14231,5368,8957,160331,108024,11961,5277,62196,654,34
2021-05-01T23:59:59+02:00,4506,4861,9008,10108,10211,12687,14244,17490,21971,23902,23218,26008,18143,22641,5776,9732,2724,2680,4734,4740,5227,5958,6523,7777,7579,8334,8528,9189,11440,14231,5368,8957,160315,108024,11961,5277,62196,654,34
2021-04-30T23:59:59+02:00,4433,4769,8768,9895,9949,12445,13762,17066,21131,23134,23092,25872,18127,22612,5773,9729,2721,2678,4725,4733,5218,5923,6511,7748,7546,8297,8526,9187,11439,14229,5366,8956,156728,108001,11960,5275,61868,526,1
2021-04-29T23:59:59+02:00,4285,4625,8289,9489,9256,11847,12763,16173,19296,21464,22392,25118,17991,22403,5767,9712,2697,2657,4684,4661,5176,5849,6453,7642,7471,8184,8417,9074,11374,14155,5359,8948,147605,107525,11946,5005,61318,270,1
2021-04-28T23:59:59+02:00,4251,4606,8218,9415,9178,11762,12645,16054,19083,21251,22304,25027,17963,22362,5765,9707,2694,2646,4658,4602,5149,5806,6423,7569,7422,8102,8400,9050,11359,14133,5358,8942,147227,107334,11856,4933,60507,45,1
2021-04-27T23:59:59+02:00,4212,4560,8080,9277,9065,11612,12502,15885,18637,20758,22082,24771,17902,22288,5762,9699,2691,2642,4656,4598,5141,5798,6410,7551,7391,8066,8343,8972,11278,14053,5354,8939,146505,107082,10786,4763,59800,37,1
2021-04-26T23:59:59+02:00,4170,4533,7974,9182,8919,11509,12330,15713,18231,20397,21947,24624,17867,22260,5762,9698,2691,2640,4652,4595,5135,5789,6395,7533,7361,8035,8300,8927,11223,13977,5351,8922,145741,106987,10651,4507,58724,32,0
2021-04-25T23:59:59+02:00,4156,4518,7938,9152,8855,11447,12196,15583,17887,20071,21749,24389,17828,22205,5758,9693,2691,2640,4651,4594,5133,5785,6390,7530,7359,8031,8244,8868,11201,13949,5351,8921,144370,106966,10640,4341,58415,31,0
2021-04-24T23:59:59+02:00,4149,4510,7923,9148,8840,11437,12148,15553,17829,20033,21733,24376,17826,22200,5758,9693,2690,2640,4651,4594,5133,5785,6390,7530,7359,8031,8244,8868,11201,13949,5351,8921,144273,106966,10640,4341,58243,30,0
2021-04-23T23:59:59+02:00,4129,4477,7867,9085,8757,11335,11807,15228,17400,19637,21519,24146,17764,22123,5756,9685,2687,2638,4648,4591,5126,5778,6376,7521,7336,8000,8223,8841,11193,13940,5349,8918,143016,106954,10293,4182,57406,29,0
2021-04-22T23:59:59+02:00,4079,4412,7737,8894,8572,11076,11482,14809,16491,18658,20951,23440,17631,21944,5747,9666,2678,2632,4643,4572,5104,5752,6338,7486,7270,7955,8091,8687,11052,13790,5345,8909,139288,106337,10172,3944,56129,23,0
2021-04-21T23:59:59+02:00,4037,4369,7636,8776,8417,10921,11190,14530,15760,17905,20576,22993,17559,21839,5742,9653,2670,2621,4625,4553,5088,5733,6326,7471,7245,7934,8043,8626,11015,13751,5343,8908,136388,106062,10043,3868,55472,22,0
2021-04-20T23:59:59+02:00,4013,4343,7600,8721,8340,10842,11029,14357,15328,17431,20115,22480,17459,21687,5735,9642,2664,2612,4617,4540,5064,5714,6298,7449,7205,7896,7949,8497,10941,13664,5339,8904,134250,105503,9779,3829,55093,21,0
2021-04-19T23:59:59+02:00,3983,4294,7540,8618,8247,10703,10873,14176,15076,17136,19637,21916,17294,21474,5724,9630,2659,2611,4611,4536,5051,5699,6280,7432,7180,7854,7896,8443,10915,13618,5336,8899,132195,105173,9423,3826,54703,21,0
2021-04-18T23:59:59+02:00,3966,4266,7480,8566,8140,10576,10614,13934,14586,16599,19209,21408,17172,21288,5720,9624,2659,2611,4611,4536,5051,5699,6279,7429,7178,7853,7893,8440,10913,13614,5335,8896,129786,105152,9353,3824,54009,21,0
2021-04-17T23:59:59+02:00,3962,4258,7460,8560,8130,10558,10576,13888,14477,16512,19088,21284,17150,21260,5718,9622,2659,2611,4610,4534,5046,5694,6265,7424,7153,7830,7847,8394,10894,13591,5334,8896,129348,105143,9345,3618,53810,21,0
2021-04-16T23:59:59+02:00,3951,4215,7388,8439,8028,10402,10383,13629,13810,15757,18524,20646,17025,21083,5707,9604,2656,2608,4605,4529,5042,5683,6249,7413,7115,7795,7544,8010,10806,13454,5326,8880,126506,104364,9284,3330,52801,21,0
2021-04-15T23:59:59+02:00,3907,4161,7276,8308,7863,10165,10053,13240,13083,14903,17714,19784,16783,20761,5694,9583,2655,2600,4594,4513,5029,5653,6220,7378,7047,7727,6998,7389,10695,13303,5322,8869,122865,102776,9127,3197,51286,19,0
2021-04-14T23:59:59+02:00,3881,4132,7211,8202,7759,10017,9880,13042,12669,14456,17192,19178,16633,20553,5689,9569,2622,2581,4576,4482,5001,5608,6185,7345,6993,7666,6379,6643,10436,13019,5318,8861,121484,100504,8893,3197,49686,14,0
2021-04-13T23:59:59+02:00,3879,4126,7174,8186,7702,9984,9773,12990,12299,14169,16503,18336,16398,20253,5685,9563,2598,2554,4557,4457,4977,5575,6127,7276,6904,7565,6170,6394,9900,12380,5310,8842,120798,98382,8676,3190,47546,14,0
2021-04-12T23:59:59+02:00,3865,4108,7121,8139,7646,9916,9667,12890,12055,13955,16063,17822,16211,20041,5680,9560,2570,2543,4491,4415,4871,5507,6014,7201,6786,7466,5428,5576,9452,11845,5270,8800,120464,95039,8641,3182,45634,14,0
2021-04-11T23:59:59+02:00,3853,4101,7080,8087,7588,9872,9575,12811,11821,13747,15501,17142,15935,19702,5675,9550,2495,2460,4362,4294,4716,5375,5851,7050,6637,7359,5126,5217,9320,11686,5270,8796,119886,92867,8213,3134,43941,13,0
2021-04-10T23:59:59+02:00,3835,4082,7041,8040,7544,9816,9515,12753,11730,13661,15284,16952,15886,19635,5674,9543,1938,1893,3546,3576,3841,4611,4847,6130,5782,6575,4853,4911,9192,11533,5264,8787,119423,84132,8213,3134,43355,13,0
2021-04-09T23:59:59+02:00,3815,4062,7002,8012,7480,9761,9362,12625,11403,13375,14105,15424,15444,19105,5662,9533,1080,1068,2195,2387,2335,3245,3066,4492,4168,5120,4175,4180,8947,11181,5239,8758,117532,68491,8211,3132,40427,13,0
2021-04-08T23:59:59+02:00,3790,4046,6941,7960,7381,9667,9177,12506,10997,13021,12980,14174,15036,18585,5643,9502,579,580,1282,1682,1432,2318,1969,3411,2791,3734,2936,2789,8152,10211,5100,8540,116304,54365,8131,3129,36971,12,0
2021-04-07T23:59:59+02:00,3744,4021,6863,7906,7288,9598,9050,12378,10686,12714,12257,13414,14820,18321,5637,9483,348,362,931,1338,1027,1933,1459,2952,1846,2729,1756,1504,7249,9076,4948,8281,115345,44601,7980,3129,34855,9,0
2021-04-06T23:59:59+02:00,3728,4010,6841,7868,7234,9531,8957,12299,10476,12497,11872,12921,14599,18026,5626,9469,341,348,923,1328,1012,1912,1432,2924,1787,2670,1677,1437,6842,8529,4798,8045,114069,42869,7882,3128,34003,8,0
2021-04-05T23:59:59+02:00,3724,4009,6830,7857,7222,9521,8939,12272,10411,12438,11761,12775,14502,17935,5624,9466,339,343,912,1324,1006,1904,1422,2904,1766,2636,1624,1384,6620,8232,4677,7863,113737,41821,7861,3127,33688,8,0
2021-04-04T23:59:59+02:00,3724,4009,6827,7851,7221,9520,8938,12272,10401,12433,11758,12772,14499,17934,5624,9466,339,342,912,1324,1005,1902,1421,2903,1765,2633,1621,1379,6613,8219,4672,7860,113732,41775,7861,3127,33656,8,0
2021-04-03T23:59:59+02:00,3724,4009,6827,7850,7220,9520,8938,12272,10400,12433,11758,12771,14497,17932,5624,9466,339,341,910,1320,1003,1901,1420,2898,1763,2633,1616,1367,6570,8138,4637,7826,113728,41547,7861,3127,33652,8,0
2021-04-02T23:59:59+02:00,3722,4007,6825,7847,7214,9514,8927,12265,10385,12417,11632,12657,14454,17876,5620,9458,337,339,908,1313,997,1890,1406,2873,1723,2595,1521,1281,5806,7242,4203,7262,113607,38882,7857,2806,33356,8,0
2021-04-01T23:59:59+02:00,3683,3994,6791,7826,7173,9484,8877,12227,10316,12348,11294,12252,14082,17370,5615,9445,332,336,893,1298,985,1871,1375,2828,1664,2533,1398,1189,4883,6142,3654,6441,113223,35013,6464,2801,33090,8,0
2021-03-31T23:59:59+02:00,3677,3990,6776,7807,7157,9467,8842,12196,10232,12277,10965,11848,13741,16877,5609,9424,329,333,885,1291,976,1858,1355,2800,1614,2498,1332,1136,4314,5478,3306,5983,112654,32752,5471,2728,32760,8,0
2021-03-30T23:59:59+02:00,3659,3966,6740,7769,7101,9402,8754,12092,10070,12122,10708,11572,13517,16610,5602,9410,325,327,879,1281,969,1852,1332,2794,1588,2473,1307,1110,4195,5356,3246,5889,111834,32382,5222,2533,32038,8,0
2021-03-29T23:59:59+02:00,3650,3944,6714,7747,7061,9350,8658,11997,9889,11916,10276,11105,13144,16145,5585,9377,320,323,875,1271,963,1844,1323,2783,1572,2464,1283,1096,4062,5213,3149,5759,110167,31766,4914,2527,31477,7,0
2021-03-28T23:59:59+02:00,3610,3889,6599,7591,6944,9211,8532,11806,9737,11728,10065,10845,12969,15959,5580,9367,320,323,875,1271,961,1843,1322,2783,1571,2462,1276,1094,4031,5173,3123,5735,109797,31731,4651,2426,29984,6,0
2021-03-27T23:59:59+01:00,3609,3878,6587,7526,6915,9097,8483,11636,9685,11574,9951,10722,12875,15871,5579,9367,320,322,875,1271,961,1841,1322,2781,1567,2461,1274,1092,4005,5138,3110,5720,109788,31629,4651,2425,28916,6,0
2021-03-26T23:59:59+01:00,3603,3870,6559,7489,6886,9024,8435,11524,9594,11446,9903,10659,12830,15816,5572,9347,315,320,874,1268,957,1829,1319,2760,1547,2449,1249,1076,3826,4917,3004,5567,109732,30887,4430,2384,28395,6,0
2021-03-25T23:59:59+01:00,3580,3839,6468,7363,6794,8860,8246,11293,9285,11131,9526,10277,12528,15502,5567,9338,315,319,872,1259,954,1818,1306,2747,1523,2430,1223,1057,3594,4677,2755,5233,109360,29693,4223,2384,26014,5,0
2021-03-24T23:59:59+01:00,3526,3788,6382,7178,6675,8634,8079,11059,9061,10807,9111,9790,12111,15043,5556,9327,315,318,871,1256,949,1816,1299,2743,1507,2414,1216,1047,3529,4605,2575,5015,108849,29088,4089,2384,23189,3,0
2021-03-23T23:59:59+01:00,3508,3755,6334,7122,6600,8576,7961,10930,8813,10574,8690,9322,11658,14523,5547,9313,315,318,870,1246,944,1807,1294,2734,1503,2407,1193,1022,3437,4529,2383,4701,108039,28316,3996,2384,21191,3,0
2021-03-22T23:59:59+01:00,3500,3735,6291,7093,6567,8529,7896,10854,8664,10438,8411,8969,11355,14198,5511,9274,313,313,864,1236,936,1800,1287,2723,1494,2397,1182,1013,3409,4494,2364,4668,107370,28107,3993,2383,19922,3,0
2021-03-21T23:59:59+01:00,3498,3733,6287,7082,6550,8513,7878,10835,8608,10381,8292,8852,11285,14096,5509,9271,311,312,855,1233,929,1794,1278,2721,1490,2393,1178,1010,3400,4479,2350,4659,107285,28006,3992,2383,19393,3,0
2021-03-20T23:59:59+01:00,3491,3696,6279,7011,6535,8376,7853,10651,8564,10245,8214,8766,11247,14057,5509,9271,311,312,855,1233,929,1794,1277,2721,1490,2391,1178,1010,3400,4478,2350,4658,107254,28002,3780,2382,18731,3,0
2021-03-19T23:59:59+01:00,3478,3667,6253,6929,6511,8285,7808,10534,8451,10087,7679,8163,11065,13816,5499,9253,308,311,850,1226,912,1784,1254,2690,1440,2347,1093,943,2737,3692,1937,4090,105648,25229,3481,2382,18349,3,0
2021-03-18T23:59:59+01:00,3467,3649,6212,6888,6478,8225,7745,10450,8337,9959,6728,7081,10791,13517,5488,9228,307,311,847,1222,907,1776,1235,2682,1417,2328,1056,926,2530,3454,1780,3869,102660,24262,3324,2382,18259,3,0
2021-03-17T23:59:59+01:00,3430,3610,6141,6804,6425,8122,7655,10324,8207,9801,6055,6242,10506,13213,5471,9202,306,311,840,1218,903,1764,1221,2660,1399,2304,1021,904,2411,3331,1701,3759,99903,23668,3323,2382,17982,3,0
2021-03-16T23:59:59+01:00,3412,3581,6102,6751,6380,8049,7602,10259,8117,9701,5880,6066,9834,12441,5432,9139,299,302,826,1203,891,1755,1215,2642,1386,2296,1007,885,2199,3092,1568,3565,97715,22748,3313,2380,17718,3,0
2021-03-15T23:59:59+01:00,3376,3549,6006,6672,6251,7957,7461,10140,7988,9576,5128,5233,9391,11894,5389,9069,298,301,823,1199,890,1748,1213,2629,1377,2287,994,873,2058,2922,1482,3471,94210,22184,3306,2379,17564,2,0
2021-03-14T23:59:59+01:00,3251,3403,5730,6328,5974,7598,7148,9726,7704,9262,4795,4843,9233,11697,5385,9058,298,301,823,1199,889,1748,1211,2628,1375,2284,993,871,2055,2919,1479,3470,91819,22165,3252,2376,16064,2,0
2021-03-13T23:59:59+01:00,2597,2740,4794,5459,4956,6669,5953,8608,6689,8320,4483,4460,8850,11178,5296,8950,298,301,822,1197,889,1743,1209,2626,1374,2284,993,870,2031,2883,1449,3435,81137,22026,3252,2376,15613,2,0
2021-03-12T23:59:59+01:00,1771,1921,3458,4308,3451,5339,4208,6969,5057,6816,3819,3757,7601,9633,4794,8269,294,298,820,1193,883,1736,1200,2607,1348,2267,948,845,1683,2420,1180,3081,62337,20425,3250,2376,15584,2,0
2021-03-11T23:59:59+01:00,1270,1445,2558,3570,2547,4402,3116,5881,3697,5433,2644,2482,5911,7525,4031,7093,289,290,804,1184,871,1713,1181,2579,1323,2221,912,825,1528,2190,1057,2893,45077,19482,3248,2376,15280,2,0
2021-03-10T23:59:59+01:00,1046,1228,2192,3210,2172,4012,2665,5443,2793,4467,1516,1283,4565,5811,3472,6324,280,280,786,1165,849,1677,1148,2507,1285,2157,887,805,1348,2000,961,2720,34073,18583,3248,2270,14878,2,0
2021-03-09T23:59:59+01:00,1030,1201,2126,3069,2108,3897,2580,5309,2710,4341,1483,1253,4489,5738,3433,6266,276,273,772,1144,832,1650,1123,2466,1267,2129,873,793,1271,1875,890,2610,33669,18016,3245,2226,14119,2,0
2021-03-08T23:59:59+01:00,1009,1170,2069,2970,2068,3815,2520,5196,2654,4269,1446,1233,4343,5580,3331,6125,276,269,767,1136,830,1641,1115,2458,1260,2113,850,772,1104,1650,765,2444,32979,17226,3245,2223,13574,1,0
2021-03-07T23:59:59+01:00,1004,1151,2031,2927,2026,3774,2480,5131,2614,4232,1441,1230,4336,5572,3328,6125,276,269,767,1136,830,1641,1115,2458,1259,2113,847,772,1095,1640,757,2433,32949,17226,3240,2182,13213,0,0
2021-03-06T23:59:59+01:00,1004,1147,2020,2913,2015,3755,2464,5104,2596,4211,1428,1220,4302,5528,3314,6113,276,269,767,1136,830,1641,1115,2458,1259,2113,847,772,1095,1640,757,2432,32806,17226,3239,2181,13089,0,0
2021-03-05T23:59:59+01:00,1000,1143,2005,2893,1985,3732,2421,5052,2543,4175,1392,1192,4036,5203,3164,5892,274,267,760,1129,825,1634,1112,2450,1257,2103,833,768,1088,1631,756,2430,32067,17136,2909,2181,12852,0,0
2021-03-04T23:59:59+01:00,906,996,1918,2764,1917,3595,2345,4897,2453,4017,1361,1171,3796,4945,2899,5542,274,265,758,1124,823,1627,1111,2443,1254,2097,809,759,1078,1620,749,2418,30817,17051,2905,2158,11800,0,0
2021-03-03T23:59:59+01:00,860,891,1854,2668,1847,3490,2276,4782,2380,3933,1350,1159,3686,4840,2677,5271,273,263,757,1115,820,1609,1105,2402,1244,2071,792,755,1070,1602,742,2411,30149,17026,2790,2005,11025,0,0
2021-03-02T23:59:59+01:00,815,816,1757,2544,1762,3365,2184,4658,2319,3856,1315,1138,3557,4705,2473,4925,273,262,756,1109,817,1606,1101,2397,1240,2061,790,753,1056,1581,731,2392,29425,16921,2601,2004,10163,0,0
2021-03-01T23:59:59+01:00,792,777,1657,2401,1691,3221,2084,4486,2239,3735,1297,1126,3506,4642,2429,4863,273,261,752,1105,816,1594,1097,2385,1235,2051,784,751,1052,1573,729,2390,29172,16844,2517,2004,9257,0,0
2021-02-28T23:59:59+01:00,786,754,1638,2335,1664,3149,2061,4386,2225,3668,1291,1120,3496,4628,2415,4853,273,261,752,1105,816,1592,1097,2385,1235,2050,781,749,1044,1560,725,2380,29066,16834,2515,1971,8888,0,0
2021-02-27T23:59:59+01:00,771,737,1616,2275,1647,3038,2041,4260,2204,3572,1288,1117,3496,4626,2414,4852,273,261,752,1105,816,1591,1097,2385,1235,2049,781,749,1044,1560,725,2380,29061,16832,2514,1971,8379,0,0
2021-02-26T23:59:59+01:00,643,656,1511,2162,1595,2879,1979,4024,2103,3337,1197,1046,2846,3833,1985,4270,273,261,751,1103,815,1590,1097,2383,1233,2046,779,744,1026,1547,715,2364,26269,16758,2514,1969,7283,0,0
2021-02-25T23:59:59+01:00,492,576,1392,2060,1529,2751,1918,3895,2002,3224,1148,1014,2616,3564,1820,4027,256,246,726,1079,773,1522,1051,2285,1162,1957,725,723,995,1510,703,2336,25202,16666,2486,1383,6340,0,0
2021-02-24T23:59:59+01:00,462,545,1322,1947,1457,2607,1848,3742,1925,3075,1111,984,2477,3428,1741,3908,227,233,700,1034,750,1460,1024,2225,1109,1908,698,700,949,1481,691,2306,24553,16480,2475,1015,5551,0,0
2021-02-23T23:59:59+01:00,407,505,1240,1808,1383,2461,1771,3531,1854,2953,1086,950,2273,3200,1616,3722,222,227,685,1011,739,1421,1002,2182,1084,1867,689,688,940,1467,688,2302,23632,16395,2465,819,4663,0,0
2021-02-22T23:59:59+01:00,394,472,1141,1698,1281,2364,1663,3425,1773,2882,1065,937,2132,3030,1531,3626,211,218,662,960,709,1358,977,2088,1040,1786,648,657,872,1391,651,2245,23061,16209,2461,264,3892,0,0
2021-02-21T23:59:59+01:00,375,456,1040,1667,1129,2341,1508,3402,1672,2864,1057,935,2131,3029,1531,3626,186,212,631,952,698,1350,963,2083,1035,1784,645,654,869,1387,643,2238,23032,16079,2461,251,3270,0,0
2021-02-20T23:59:59+01:00,375,455,1039,1667,1128,2341,1507,3400,1672,2862,1057,934,2130,3029,1530,3625,185,210,628,952,695,1349,957,2080,1033,1784,645,654,869,1387,643,2238,23026,16058,2460,251,3265,0,0
2021-02-19T23:59:59+01:00,370,446,1027,1663,1118,2331,1494,3382,1640,2847,1007,906,1759,2521,1232,3240,164,200,602,948,678,1341,941,2078,1027,1782,642,653,867,1387,642,2237,21282,15938,2460,251,3241,0,0
2021-02-18T23:59:59+01:00,352,427,988,1584,1080,2244,1441,3264,1599,2757,978,883,1585,2278,1103,3034,144,189,563,938,658,1330,907,2062,1003,1762,631,634,846,1359,628,2216,20301,15619,2460,251,2836,0,0
2021-02-17T23:59:59+01:00,330,374,904,1442,973,2044,1306,3009,1487,2537,942,853,1395,2065,1002,2856,138,182,551,907,632,1279,874,1985,953,1686,597,602,839,1333,623,2197,19227,15127,2460,251,1832,0,0
2021-02-16T23:59:59+01:00,324,336,860,1304,921,1855,1245,2784,1421,2376,931,836,1332,1967,935,2760,132,169,537,865,617,1225,848,1923,922,1644,587,592,817,1301,610,2136,18855,14811,2459,114,873,0,0
2021-02-15T23:59:59+01:00,308,296,832,1273,904,1799,1205,2700,1383,2320,903,804,1155,1735,804,2582,123,162,516,837,599,1163,824,1850,899,1567,566,555,799,1264,601,2094,17940,14345,2458,74,605,0,0
2021-02-14T23:59:59+01:00,308,296,831,1273,903,1799,1203,2700,1383,2320,903,804,1155,1735,804,2582,123,162,515,830,595,1158,820,1846,895,1564,565,555,797,1263,601,2091,17939,14306,2458,74,602,0,0
2021-02-13T23:59:59+01:00,308,296,831,1272,903,1796,1203,2698,1383,2318,903,804,1155,1735,804,2582,123,162,515,830,595,1158,818,1843,893,1560,563,555,782,1243,589,2075,17931,14304,2458,0,602,0,0
2021-02-12T23:59:59+01:00,303,295,822,1266,899,1766,1197,2670,1355,2289,902,802,1154,1732,804,2582,123,162,513,827,594,1151,812,1831,887,1547,560,553,768,1232,583,2062,17923,14205,2458,0,457,0,0
2021-02-11T23:59:59+01:00,284,286,807,1231,893,1732,1181,2603,1333,2234,868,789,1144,1720,803,2572,121,148,495,786,572,1087,778,1731,864,1487,547,539,745,1197,568,2031,17811,13696,2457,0,212,0,0
2021-02-10T23:59:59+01:00,281,280,788,1193,880,1702,1169,2557,1318,2192,863,787,1129,1704,798,2556,117,140,430,706,538,998,708,1620,821,1412,533,524,732,1180,558,2009,17787,13026,2352,0,58,0,0
2021-02-09T23:59:59+01:00,281,277,784,1178,869,1686,1155,2537,1304,2168,849,782,1115,1687,787,2540,100,121,377,621,489,871,633,1426,733,1226,481,446,613,1018,488,1763,17689,11406,2307,0,3,0,0
2021-02-08T23:59:59+01:00,280,277,782,1173,869,1679,1153,2533,1298,2159,843,779,1100,1666,774,2523,90,101,333,535,438,772,545,1226,631,1065,407,374,535,834,395,1453,17583,9734,2304,0,1,0,0
2021-02-07T23:59:59+01:00,279,276,780,1172,868,1679,1153,2532,1298,2156,837,777,1098,1663,773,2521,88,100,331,530,436,768,543,1217,627,1060,402,371,515,811,389,1439,17558,9627,2304,0,0,0,0
2021-02-06T23:59:59+01:00,279,275,780,1172,868,1678,1153,2532,1298,2155,836,776,1096,1657,772,2519,88,99,331,527,435,767,542,1213,625,1059,398,366,467,743,359,1394,17543,9413,2303,0,0,0,0
2021-02-05T23:59:59+01:00,279,275,780,1171,867,1677,1152,2531,1297,2152,829,770,1073,1647,765,2503,81,96,323,521,419,749,516,1181,597,1019,375,340,448,721,345,1355,17465,9086,2303,0,0,0,0
2021-02-04T23:59:59+01:00,276,268,777,1150,856,1655,1138,2503,1283,2128,807,757,1045,1617,758,2487,67,77,253,403,327,586,399,956,484,818,302,276,338,575,280,1130,17225,7271,2280,0,0,0,0
2021-02-03T23:59:59+01:00,275,263,774,1129,854,1629,1131,2453,1270,2098,788,743,1028,1594,749,2473,54,54,167,275,253,437,280,710,359,580,206,196,239,422,196,848,17130,5276,2121,0,0,0,0
2021-02-02T23:59:59+01:00,274,258,770,1121,849,1607,1121,2429,1258,2081,784,736,1019,1583,747,2465,35,34,91,136,146,250,171,445,230,362,133,126,161,252,138,548,16981,3258,2121,0,0,0,0
2021-02-01T23:59:59+01:00,273,256,765,1103,841,1589,1116,2401,1254,2051,776,723,1013,1573,743,2452,11,12,14,24,25,61,43,88,68,98,48,45,57,72,41,184,16808,891,2121,0,0,0,0
2021-01-31T23:59:59+01:00,267,254,749,1101,833,1578,1106,2390,1243,2042,770,717,1003,1556,736,2439,10,12,13,23,23,58,38,83,61,90,45,45,52,66,38,171,16773,828,2011,0,0,0,0
2021-01-30T23:59:59+01:00,267,254,749,1101,832,1578,1106,2390,1243,2042,769,717,1003,1555,736,2439,10,10,13,23,23,58,38,83,60,88,44,44,51,66,38,170,16770,819,2011,0,0,0,0
2021-01-29T23:59:59+01:00,267,254,749,1100,832,1578,1106,2390,1243,2041,768,716,1002,1553,736,2437,9,5,12,23,23,57,36,81,59,88,43,43,51,66,38,170,16763,804,2009,0,0,0,0
2021-01-28T23:59:59+01:00,263,249,737,1076,797,1523,1070,2330,1169,1985,728,702,973,1533,720,2415,4,0,3,5,9,22,18,36,20,45,21,22,23,44,16,101,16586,389,1684,0,0,0,0
2021-01-27T23:59:59+01:00,257,242,714,1044,749,1467,1013,2249,1096,1904,693,675,960,1512,717,2408,3,0,3,3,6,18,14,22,13,32,6,9,10,9,5,27,16137,180,1563,0,0,0,0
2021-01-26T23:59:59+01:00,233,233,697,1020,741,1417,993,2175,1069,1839,681,661,937,1496,707,2389,3,0,1,3,5,8,12,12,6,11,3,5,6,7,2,16,16086,100,1202,0,0,0,0
2021-01-25T23:59:59+01:00,201,219,644,946,689,1294,951,2029,1011,1704,633,606,860,1401,663,2315,3,0,1,3,5,8,12,12,6,11,3,5,6,7,2,16,15861,100,305,0,0,0,0
2021-01-24T23:59:59+01:00,185,213,618,934,671,1280,934,2013,996,1694,625,600,850,1381,654,2302,3,0,1,3,5,8,11,12,5,11,3,5,6,7,2,16,15689,98,261,0,0,0,0
2021-01-23T23:59:59+01:00,185,213,618,934,671,1280,934,2013,996,1694,625,600,850,1381,654,2302,3,0,1,3,5,8,9,12,5,11,3,5,6,7,2,16,15689,96,261,0,0,0,0
2021-01-22T23:59:59+01:00,139,195,560,924,653,1267,900,2003,985,1683,620,599,849,1381,654,2302,3,0,0,3,5,8,9,12,5,11,3,5,6,7,2,16,15453,95,261,0,0,0,0
2021-01-21T23:59:59+01:00,134,187,544,901,632,1227,867,1949,963,1635,610,578,837,1350,647,2283,3,0,0,3,4,8,9,12,5,11,3,5,6,7,2,15,15083,93,261,0,0,0,0
2021-01-20T23:59:59+01:00,129,171,497,836,609,1150,804,1839,927,1562,589,562,820,1327,637,2255,3,0,0,3,4,8,9,12,5,11,3,5,6,7,2,15,14455,93,259,0,0,0,0
2021-01-19T23:59:59+01:00,116,150,423,750,544,1019,719,1640,821,1397,541,507,718,1165,562,2000,3,0,0,3,4,8,9,12,5,11,3,5,6,7,2,15,12881,93,191,0,0,0,0
2021-01-18T23:59:59+01:00,98,119,354,597,453,847,591,1384,696,1191,474,441,635,1007,496,1729,1,0,0,0,0,0,0,0,0,0,0,0,0,1,0,0,11031,2,81,0,0,0,0
2021-01-17T23:59:59+01:00,94,117,350,592,452,842,589,1365,688,1182,469,433,609,978,480,1686,1,0,0,0,0,0,0,0,0,0,0,0,0,1,0,0,10845,2,81,0,0,0,0
2021-01-16T23:59:59+01:00,94,114,348,584,449,837,578,1352,677,1170,454,419,514,852,416,1589,0,0,0,0,0,0,0,0,0,0,0,0,0,0,0,0,10445,0,2,0,0,0,0
2021-01-15T23:59:59+01:00,93,112,343,582,443,832,572,1345,660,1154,438,401,506,840,408,1566,0,0,0,0,0,0,0,0,0,0,0,0,0,0,0,0,10295,0,0,0,0,0,0
2021-01-14T23:59:59+01:00,75,88,286,479,365,670,455,1095,541,973,361,323,400,690,337,1336,0,0,0,0,0,0,0,0,0,0,0,0,0,0,0,0,8474,0,0,0,0,0,0
2021-01-13T23:59:59+01:00,61,65,202,362,289,498,343,816,414,692,251,226,290,514,253,1024,0,0,0,0,0,0,0,0,0,0,0,0,0,0,0,0,6300,0,0,0,0,0,0
2021-01-12T23:59:59+01:00,40,42,121,214,176,308,204,524,274,426,157,143,184,333,174,692,0,0,0,0,0,0,0,0,0,0,0,0,0,0,0,0,4012,0,0,0,0,0,0
2021-01-11T23:59:59+01:00,11,14,41,57,41,89,58,119,90,125,64,58,82,103,51,230,0,0,0,0,0,0,0,0,0,0,0,0,0,0,0,0,1233,0,0,0,0,0,0
2021-01-10T23:59:59+01:00,11,14,29,47,34,71,50,110,77,115,56,54,76,94,48,216,0,0,0,0,0,0,0,0,0,0,0,0,0,0,0,0,1102,0,0,0,0,0,0
2021-01-09T23:59:59+01:00,11,13,26,46,34,71,49,109,75,112,55,53,75,93,46,215,0,0,0,0,0,0,0,0,0,0,0,0,0,0,0,0,1083,0,0,0,0,0,0
2021-01-08T23:59:59+01:00,7,6,26,42,32,68,46,107,74,111,52,49,70,88,42,215,0,0,0,0,0,0,0,0,0,0,0,0,0,0,0,0,1035,0,0,0,0,0,0
2021-01-07T23:59:59+01:00,5,1,9,20,15,35,28,77,33,77,32,27,47,75,29,168,0,0,0,0,0,0,0,0,0,0,0,0,0,0,0,0,678,0,0,0,0,0,0
2021-01-06T23:59:59+01:00,5,0,4,8,10,27,25,43,19,47,26,24,34,52,20,123,0,0,0,0,0,0,0,0,0,0,0,0,0,0,0,0,467,0,0,0,0,0,0
2021-01-05T23:59:59+01:00,5,0,4,8,10,27,25,43,19,47,26,24,34,51,20,123,0,0,0,0,0,0,0,0,0,0,0,0,0,0,0,0,466,0,0,0,0,0,0
2021-01-04T23:59:59+01:00,4,0,1,3,4,8,13,12,5,11,3,5,6,8,2,17,0,0,0,0,0,0,0,0,0,0,0,0,0,0,0,0,102,0,0,0,0,0,0
2021-01-03T23:59:59+01:00,3,0,1,3,4,8,12,12,5,11,3,5,6,8,2,16,0,0,0,0,0,0,0,0,0,0,0,0,0,0,0,0,99,0,0,0,0,0,0
2021-01-02T23:59:59+01:00,3,0,1,3,4,8,10,12,5,11,3,5,6,8,2,16,0,0,0,0,0,0,0,0,0,0,0,0,0,0,0,0,97,0,0,0,0,0,0
2021-01-01T23:59:59+01:00,3,0,0,3,4,8,10,12,5,11,3,5,6,7,2,16,0,0,0,0,0,0,0,0,0,0,0,0,0,0,0,0,95,0,0,0,0,0,0
2020-12-31T23:59:59+01:00,3,0,0,3,4,8,9,12,5,11,3,5,6,7,2,16,0,0,0,0,0,0,0,0,0,0,0,0,0,0,0,0,94,0,0,0,0,0,0
2020-12-30T23:59:59+01:00,3,0,0,3,4,8,9,12,5,11,3,5,6,7,2,16,0,0,0,0,0,0,0,0,0,0,0,0,0,0,0,0,94,0,0,0,0,0,0
2020-12-29T23:59:59+01:00,3,0,0,3,4,8,9,12,5,11,3,5,6,7,2,16,0,0,0,0,0,0,0,0,0,0,0,0,0,0,0,0,94,0,0,0,0,0,0
2020-12-28T23:59:59+01:00,3,0,0,3,4,8,9,12,5,11,3,5,6,7,2,16,0,0,0,0,0,0,0,0,0,0,0,0,0,0,0,0,94,0,0,0,0,0,0
2020-12-27T23:59:59+01:00,1,0,0,0,0,0,0,0,0,0,0,0,1,3,0,7,0,0,0,0,0,0,0,0,0,0,0,0,0,0,0,0,12,0,0,0,0,0,0
