Datum,<15_1_m,<15_1_w,15-24_1_m,15-24_1_w,25-34_1_m,25-34_1_w,35-44_1_m,35-44_1_w,45-54_1_m,45-54_1_w,55-64_1_m,55-64_1_w,65-74_1_m,65-74_1_w,75-84_1_m,75-84_1_w,>84_1_m,>84_1_w,<15_2_m,<15_2_w,15-24_2_m,15-24_2_w,25-34_2_m,25-34_2_w,35-44_2_m,35-44_2_w,45-54_2_m,45-54_2_w,55-64_2_m,55-64_2_w,65-74_2_m,65-74_2_w,75-84_2_m,75-84_2_w,>84_2_m,>84_2_w,bp_1,bp_2,mo_1,mo_2,az_1,az_2,ja,unb_1,unb_2
2021-12-13T23:59:59+01:00,10173,9490,31316,29389,40762,37979,39148,38771,43656,43828,46287,46110,29441,32877,20762,26097,6514,11078,5013,4728,27904,26365,37331,34308,36388,35796,41110,41027,44050,43879,28481,31664,20106,25165,6222,10436,396099,360337,47188,45514,77776,71514,22550,78,58
2021-12-12T23:59:59+01:00,10147,9459,31298,29355,40738,37944,39126,38755,43648,43806,46267,46089,29427,32857,20753,26084,6512,11072,4985,4688,27842,26304,37258,34239,36341,35745,41072,40988,44007,43834,28457,31643,20096,25149,6221,10432,395770,359692,47181,45492,77776,71514,22545,78,58
2021-12-11T23:59:59+01:00,10106,9415,31267,29332,40706,37916,39105,38724,43632,43782,46253,46068,29421,32848,20750,26075,6509,11071,4956,4672,27783,26254,37185,34182,36300,35708,41051,40956,43982,43817,28451,31636,20095,25145,6220,10429,395424,359234,47172,45472,77776,71514,22544,77,58
2021-12-10T23:59:59+01:00,9937,9266,31194,29243,40625,37822,39051,38665,43594,43720,46215,46024,29402,32824,20738,26053,6506,11063,4872,4603,27607,26120,37026,34008,36192,35598,40965,40861,43921,43745,28427,31617,20093,25134,6218,10426,394424,357915,47149,45418,77776,71514,22528,77,58
2021-12-09T23:59:59+01:00,9672,8996,31115,29156,40531,37701,38997,38575,43537,43663,46167,45959,29367,32794,20723,26023,6499,11049,4754,4466,27355,25879,36808,33751,35997,35392,40791,40720,43791,43629,28378,31549,20073,25104,6216,10407,393032,355624,47133,45346,77776,71514,22518,77,58
2021-12-08T23:59:59+01:00,9506,8849,31073,29118,40484,37631,38957,38516,43487,43627,46123,45913,29346,32766,20710,25998,6490,11032,4670,4389,27240,25764,36684,33609,35897,35299,40702,40629,43708,43559,28355,31508,20058,25083,6208,10396,392154,354358,47119,45316,77776,71514,22512,77,58
2021-12-07T23:59:59+01:00,9392,8736,31045,29096,40436,37603,38926,38497,43470,43606,46100,45895,29336,32752,20704,25990,6487,11023,4638,4360,27163,25712,36615,33544,35847,35247,40650,40577,43668,43516,28346,31494,20054,25076,6206,10390,391641,353735,47101,45285,77776,71514,22511,77,58
2021-12-06T23:59:59+01:00,9213,8574,31005,29057,40391,37549,38885,38464,43439,43577,46074,45863,29317,32722,20692,25968,6483,11013,4569,4308,27039,25591,36496,33401,35753,35148,40565,40491,43592,43451,28321,31467,20043,25049,6202,10380,390841,352534,47097,45253,77776,71514,22507,77,58
2021-12-05T23:59:59+01:00,9099,8484,30986,29044,40362,37516,38867,38452,43425,43566,46056,45847,29304,32702,20687,25965,6481,11009,4546,4289,26961,25524,36394,33326,35701,35097,40519,40443,43547,43414,28304,31446,20039,25037,6201,10375,390410,351842,47096,45244,77776,71514,22505,77,58
2021-12-04T23:59:59+01:00,8949,8374,30958,29027,40331,37489,38849,38434,43407,43553,46047,45840,29299,32695,20687,25963,6480,11008,4519,4269,26888,25476,36314,33252,35650,35051,40471,40400,43525,43389,28298,31439,20035,25033,6200,10374,389958,351281,47090,45229,77776,71514,22501,77,58
2021-12-03T23:59:59+01:00,8475,7947,30900,28973,40290,37422,38812,38366,43368,43515,46006,45804,29271,32668,20678,25947,6472,11002,4449,4200,26658,25279,36108,33068,35504,34913,40360,40289,43430,43299,28279,31416,20028,25019,6200,10370,388512,349644,47071,45161,77776,71514,22492,77,58
2021-12-02T23:59:59+01:00,8107,7646,30841,28911,40228,37342,38750,38300,43323,43447,45960,45747,29244,32634,20669,25930,6466,10989,4356,4096,26422,25059,35904,32836,35329,34748,40220,40166,43316,43194,28245,31378,20011,24985,6196,10359,387172,347665,47045,45107,77776,71514,22476,77,58
2021-12-01T23:59:59+01:00,7934,7467,30812,28874,40196,37290,38718,38245,43288,43412,45925,45711,29223,32609,20658,25916,6462,10973,4294,4029,26333,24974,35825,32707,35255,34671,40166,40107,43257,43139,28219,31343,19989,24962,6192,10353,386369,346676,47029,45093,77776,71514,22474,77,58
2021-11-30T23:59:59+01:00,7659,7198,30764,28827,40144,37221,38669,38199,43263,43380,45891,45665,29203,32592,20648,25903,6456,10962,4255,3992,26206,24855,35656,32580,35153,34571,40055,40000,43175,43067,28183,31316,19975,24949,6187,10348,385317,345420,47017,45061,77776,71514,22470,76,58
2021-11-29T23:59:59+01:00,7485,7034,30739,28803,40114,37179,38644,38157,43228,43335,45860,45633,29189,32580,20640,25889,6453,10945,4222,3962,26111,24773,35546,32479,35058,34490,39984,39933,43119,43021,28162,31298,19964,24929,6186,10342,384586,344507,47014,45033,77776,71514,22467,76,58
2021-11-28T23:59:59+01:00,7405,6974,30721,28785,40087,37153,38622,38127,43210,43311,45845,45614,29183,32559,20638,25881,6451,10940,4202,3952,26039,24726,35461,32413,34998,34450,39933,39888,43091,42993,28147,31288,19954,24915,6185,10341,384195,343915,47005,45023,77776,71514,22466,76,58
2021-11-27T23:59:59+01:00,7075,6648,30650,28729,40020,37072,38554,38064,43147,43265,45802,45565,29171,32535,20633,25871,6447,10935,4182,3934,25961,24671,35372,32349,34949,34409,39878,39838,43044,42952,28136,31271,19948,24907,6183,10340,382933,343319,46966,44989,77776,71514,22444,76,58
2021-11-26T23:59:59+01:00,6664,6322,30557,28653,39929,36972,38478,37991,43088,43208,45734,45504,29147,32502,20616,25843,6439,10928,4132,3874,25813,24547,35225,32224,34804,34304,39786,39759,42978,42888,28104,31244,19938,24888,6177,10336,381344,342064,46955,44949,77776,71514,22436,76,58
2021-11-25T23:59:59+01:00,6251,5936,30427,28534,39803,36819,38390,37894,43010,43109,45645,45421,29109,32455,20594,25822,6432,10914,4075,3807,25646,24403,35047,32055,34669,34173,39664,39638,42878,42806,28074,31200,19925,24868,6172,10333,379368,340560,46943,44888,77775,71514,22413,76,58
2021-11-24T23:59:59+01:00,6086,5737,30365,28488,39748,36752,38325,37825,42956,43056,45588,45360,29090,32429,20584,25795,6424,10898,4054,3780,25573,24349,34951,31984,34600,34115,39593,39575,42829,42742,28046,31169,19910,24852,6169,10325,378333,339776,46936,44872,77775,71514,22396,76,58
2021-11-23T23:59:59+01:00,5881,5528,30288,28407,39672,36650,38254,37736,42885,42985,45524,45303,29070,32380,20556,25772,6420,10887,4021,3751,25469,24277,34811,31862,34500,34031,39509,39509,42766,42673,28009,31141,19889,24835,6165,10319,377061,338745,46908,44833,77775,71514,22387,76,58
2021-11-22T23:59:59+01:00,5722,5357,30235,28343,39601,36584,38195,37679,42844,42934,45488,45247,29052,32354,20539,25749,6418,10873,4002,3735,25414,24233,34729,31791,34451,33994,39464,39467,42722,42645,27992,31120,19885,24827,6162,10311,376091,338165,46898,44824,77775,71514,22383,76,58
2021-11-21T23:59:59+01:00,5678,5315,30196,28308,39555,36538,38152,37648,42802,42902,45462,45221,29034,32336,20531,25734,6416,10865,3996,3731,25380,24202,34699,31757,34422,33968,39435,39443,42701,42629,27981,31107,19884,24820,6160,10310,375582,337854,46890,44820,77775,71514,22379,76,58
2021-11-20T23:59:59+01:00,5638,5287,30144,28275,39493,36490,38116,37617,42777,42869,45445,45203,29029,32328,20529,25731,6416,10864,3995,3728,25364,24188,34674,31737,34403,33948,39424,39432,42692,42619,27977,31100,19882,24818,6160,10310,375159,337691,46877,44815,77775,71514,22373,76,58
2021-11-19T23:59:59+01:00,5485,5130,30015,28149,39378,36359,38019,37519,42702,42778,45395,45139,29007,32306,20524,25723,6415,10860,3963,3703,25229,24100,34555,31654,34327,33890,39346,39381,42645,42586,27957,31083,19878,24812,6158,10310,373876,336882,46837,44775,77775,71514,22348,76,58
2021-11-18T23:59:59+01:00,5335,4970,29846,27971,39205,36137,37857,37352,42576,42656,45317,45059,28960,32254,20510,25702,6410,10846,3912,3651,25076,23974,34412,31535,34206,33783,39274,39282,42573,42519,27931,31055,19859,24795,6153,10306,372021,335689,46791,44727,77775,71514,22308,76,58
2021-11-17T23:59:59+01:00,5276,4906,29747,27906,39111,36022,37782,37266,42499,42593,45253,44990,28942,32224,20500,25683,6404,10831,3893,3633,25049,23921,34349,31475,34160,33732,39232,39247,42513,42470,27918,31030,19852,24784,6153,10302,371012,335121,46777,44717,77775,71514,22303,76,58
2021-11-16T23:59:59+01:00,5187,4835,29558,27750,38929,35831,37637,37123,42373,42481,45160,44899,28911,32184,20482,25662,6400,10819,3873,3616,24939,23845,34233,31374,34076,33656,39165,39186,42462,42421,27889,31001,19835,24757,6139,10289,369389,334239,46739,44694,77774,71514,22251,76,58
2021-11-15T23:59:59+01:00,5132,4794,29412,27652,38771,35726,37548,37024,42307,42406,45101,44848,28885,32162,20470,25647,6398,10810,3865,3610,24887,23823,34184,31329,34037,33628,39133,39162,42435,42403,27879,30989,19825,24740,6136,10284,368293,333861,46716,44674,77774,71514,22242,76,58
2021-11-14T23:59:59+01:00,5099,4761,29339,27586,38670,35627,37493,36972,42257,42347,45061,44812,28875,32146,20461,25631,6396,10804,3857,3600,24858,23806,34148,31288,34007,33604,39116,39138,42416,42385,27868,30982,19819,24731,6135,10284,367556,333573,46707,44665,77774,71514,22232,76,58
2021-11-13T23:59:59+01:00,5041,4719,29191,27480,38548,35490,37381,36895,42184,42272,45019,44774,28863,32132,20457,25629,6394,10802,3851,3595,24822,23786,34126,31268,33985,33582,39097,39120,42408,42378,27864,30980,19818,24730,6135,10283,366526,333376,46686,44663,77774,71514,22217,76,58
2021-11-12T23:59:59+01:00,4936,4629,28832,27176,38280,35234,37198,36681,42036,42119,44902,44682,28833,32110,20451,25615,6393,10802,3833,3565,24718,23704,34019,31175,33894,33505,39030,39071,42360,42346,27847,30962,19813,24725,6134,10283,364314,332628,46602,44633,77774,71514,22151,76,58
2021-11-11T23:59:59+01:00,4815,4495,28534,26904,37990,34934,36972,36459,41855,41950,44768,44567,28792,32054,20437,25595,6387,10790,3797,3520,24608,23608,33924,31059,33782,33421,38950,38990,42291,42288,27827,30939,19804,24709,6132,10281,361838,331696,46537,44582,77774,71514,22080,76,58
2021-11-10T23:59:59+01:00,4758,4434,28388,26799,37866,34789,36864,36353,41788,41872,44699,44494,28778,32033,20427,25581,6382,10779,3783,3500,24566,23567,33870,31006,33736,33385,38917,38959,42265,42258,27810,30929,19794,24699,6129,10270,360680,331249,46507,44569,77774,71513,22054,76,58
2021-11-09T23:59:59+01:00,4693,4374,28141,26592,37640,34579,36716,36215,41657,41748,44620,44422,28757,32003,20412,25560,6378,10772,3766,3479,24501,23510,33789,30931,33687,33340,38878,38917,42226,42228,27800,30903,19781,24686,6126,10262,358975,330694,46449,44533,77773,71513,22013,76,57
2021-11-08T23:59:59+01:00,4634,4324,27917,26407,37384,34375,36535,36077,41533,41635,44521,44342,28725,31968,20401,25545,6375,10769,3750,3459,24436,23458,33730,30874,33654,33296,38841,38870,42191,42189,27784,30888,19767,24673,6125,10255,357233,330163,46403,44518,77773,71513,21989,76,57
2021-11-07T23:59:59+01:00,4597,4289,27713,26252,37169,34194,36391,35933,41411,41535,44438,44281,28708,31950,20393,25536,6373,10760,3743,3451,24397,23430,33675,30835,33625,33270,38813,38843,42170,42166,27779,30876,19761,24666,6123,10252,355783,329871,46368,44504,77773,71513,21930,76,57
2021-11-06T23:59:59+01:00,4577,4272,27664,26214,37106,34154,36362,35915,41374,41519,44413,44258,28703,31948,20387,25534,6373,10758,3742,3448,24391,23426,33668,30831,33622,33266,38808,38841,42167,42165,27776,30876,19759,24664,6122,10251,355419,329835,46356,44504,77773,71513,21914,76,57
2021-11-05T23:59:59+01:00,4482,4174,27408,26018,36872,33917,36154,35756,41245,41382,44331,44188,28688,31930,20384,25522,6371,10757,3725,3427,24323,23389,33616,30781,33571,33231,38769,38803,42140,42144,27765,30870,19755,24657,6120,10249,353675,329461,46213,44456,77773,71513,21848,76,57
2021-11-04T23:59:59+01:00,4406,4123,27177,25851,36643,33700,35969,35630,41123,41265,44244,44124,28667,31914,20375,25511,6369,10754,3693,3378,24229,23275,33507,30665,33489,33148,38701,38739,42076,42087,27745,30844,19745,24644,6115,10240,352088,328573,46156,44419,77773,71513,21758,76,57
2021-11-03T23:59:59+01:00,4387,4091,27113,25795,36561,33620,35898,35592,41062,41218,44206,44095,28660,31905,20369,25505,6368,10754,3666,3347,24193,23233,33474,30622,33451,33124,38680,38710,42050,42065,27730,30826,19738,24635,6110,10235,351470,328160,46137,44411,77773,71512,21749,76,57
2021-11-02T23:59:59+01:00,4353,4050,26884,25655,36322,33447,35734,35480,40924,41118,44123,44028,28632,31887,20358,25496,6367,10750,3637,3318,24090,23150,33360,30544,33382,33074,38617,38654,42004,42031,27711,30805,19722,24624,6108,10228,350052,327481,46087,44384,77773,71511,21626,76,57
2021-11-01T23:59:59+01:00,4311,4012,26794,25591,36204,33366,35656,35432,40851,41067,44084,44008,28625,31878,20353,25494,6366,10749,3619,3281,24042,23100,33304,30508,33345,33043,38578,38629,41979,42005,27701,30798,19716,24614,6107,10226,349342,327067,46061,44367,77773,71509,21595,76,57
2021-10-31T23:59:59+01:00,4311,4012,26790,25591,36202,33366,35656,35432,40850,41067,44083,44008,28624,31878,20353,25494,6366,10749,3619,3281,24041,23100,33304,30508,33345,33043,38577,38629,41978,42005,27701,30798,19716,24614,6107,10226,349335,327065,46060,44367,77773,71509,21594,76,57
2021-10-30T23:59:59+02:00,4308,4010,26779,25586,36187,33358,35650,35428,40841,41063,44075,44008,28623,31878,20353,25493,6366,10748,3619,3281,24037,23097,33301,30508,33345,33040,38576,38628,41977,42005,27701,30798,19716,24614,6107,10226,349257,327049,46060,44367,77773,71509,21594,76,57
2021-10-29T23:59:59+02:00,4284,3991,26636,25492,36002,33235,35536,35357,40741,40993,44027,43984,28620,31868,20352,25491,6366,10748,3606,3273,23983,23060,33248,30453,33298,33005,38534,38589,41951,41986,27696,30790,19711,24607,6106,10226,348322,326657,46005,44347,77773,71508,21553,76,57
2021-10-28T23:59:59+02:00,4252,3949,26463,25363,35794,33100,35389,35254,40643,40915,43962,43943,28608,31856,20343,25483,6365,10746,3577,3237,23894,22971,33162,30359,33236,32949,38479,38540,41903,41958,27685,30775,19703,24596,6102,10218,347214,326029,45928,44307,77773,71508,21443,76,57
2021-10-27T23:59:59+02:00,4226,3924,26423,25330,35745,33051,35346,35202,40606,40885,43938,43924,28605,31848,20339,25477,6361,10744,3562,3218,23847,22931,33114,30316,33210,32922,38468,38516,41889,41938,27675,30759,19695,24589,6101,10216,346772,325660,45918,44301,77773,71507,21441,76,57
2021-10-26T23:59:59+02:00,4183,3895,26280,25214,35598,32946,35246,35122,40535,40837,43897,43902,28594,31837,20334,25471,6358,10742,3534,3205,23781,22848,33035,30247,33163,32872,38414,38478,41851,41915,27667,30749,19690,24580,6100,10214,345894,325147,45888,44269,77773,71504,21366,76,57
2021-10-25T23:59:59+02:00,4174,3887,26266,25196,35565,32923,35218,35108,40521,40830,43893,43898,28593,31836,20333,25471,6358,10742,3529,3198,23777,22842,33015,30228,33159,32866,38407,38473,41850,41911,27665,30748,19690,24577,6100,10214,345741,325079,45879,44261,77773,71503,21349,76,57
2021-10-24T23:59:59+02:00,4163,3882,26241,25165,35529,32894,35186,35083,40507,40812,43881,43888,28592,31832,20332,25469,6358,10742,3519,3189,23762,22824,33003,30219,33146,32858,38397,38463,41842,41903,27658,30744,19690,24572,6100,10213,345495,324932,45870,44261,77772,71503,21349,76,57
2021-10-23T23:59:59+02:00,4163,3882,26239,25160,35524,32893,35182,35080,40504,40810,43879,43888,28592,31832,20332,25469,6358,10742,3519,3189,23762,22823,33002,30219,33144,32858,38396,38462,41842,41902,27658,30744,19690,24572,6100,10213,345468,324925,45870,44261,77772,71503,21349,76,57
2021-10-22T23:59:59+02:00,4142,3851,26142,25088,35411,32795,35088,35018,40427,40767,43838,43861,28585,31827,20329,25462,6358,10741,3481,3160,23702,22761,32938,30163,33092,32820,38359,38431,41808,41877,27652,30737,19686,24569,6099,10212,344746,324442,45835,44238,77772,71503,21307,76,57
2021-10-21T23:59:59+02:00,4076,3803,26037,24994,35283,32679,34988,34945,40358,40709,43774,43824,28573,31813,20322,25455,6358,10739,3294,3008,23557,22606,32844,30072,33022,32752,38298,38377,41756,41836,27633,30718,19670,24552,6094,10203,343829,323275,45809,44206,77771,71503,21251,76,57
2021-10-20T23:59:59+02:00,4067,3786,26005,24964,35233,32631,34950,34912,40336,40686,43754,43810,28568,31808,20318,25450,6353,10735,3260,2981,23515,22566,32804,30039,32994,32722,38270,38346,41733,41814,27619,30706,19660,24541,6091,10199,343485,322869,45801,44192,77771,71503,21239,76,57
2021-10-19T23:59:59+02:00,4047,3758,25933,24919,35178,32584,34912,34872,40301,40657,43733,43796,28564,31802,20310,25440,6348,10732,3155,2865,23396,22456,32726,29972,32955,32679,38243,38302,41702,41790,27604,30689,19651,24534,6084,10194,343059,322077,45776,44151,77771,71502,21210,76,57
2021-10-18T23:59:59+02:00,4038,3740,25893,24892,35145,32546,34893,34858,40283,40643,43723,43782,28557,31794,20300,25433,6347,10732,3126,2847,23349,22417,32695,29927,32932,32643,38216,38281,41682,41768,27597,30682,19644,24525,6081,10190,342792,321711,45768,44134,77771,71502,21198,76,57
2021-10-17T23:59:59+02:00,4031,3728,25877,24886,35132,32533,34884,34853,40279,40639,43718,43774,28556,31791,20300,25428,6346,10730,3037,2767,23310,22390,32684,29914,32926,32632,38212,38274,41681,41758,27596,30677,19643,24523,6079,10190,342679,321403,45768,44134,77771,71502,21197,76,57
2021-10-16T23:59:59+02:00,4031,3728,25877,24886,35132,32533,34884,34853,40278,40638,43718,43774,28555,31790,20300,25427,6346,10729,3036,2765,23309,22390,32684,29914,32926,32631,38210,38273,41680,41757,27595,30677,19643,24522,6078,10188,342674,321389,45768,44134,77771,71502,21196,76,57
2021-10-15T23:59:59+02:00,4021,3719,25839,24856,35100,32506,34861,34830,40259,40626,43707,43767,28551,31787,20297,25424,6344,10725,3005,2740,23248,22317,32628,29863,32893,32583,38182,38246,41660,41740,27587,30670,19640,24518,6078,10184,342439,320928,45753,44108,77770,71502,21187,76,57
2021-10-14T23:59:59+02:00,4001,3689,25767,24796,35031,32440,34814,34793,40225,40592,43675,43752,28543,31778,20291,25420,6341,10720,2961,2683,23164,22230,32563,29767,32840,32525,38124,38201,41620,41703,27569,30655,19632,24509,6075,10183,341952,320237,45729,44061,77770,71502,21147,76,57
2021-10-13T23:59:59+02:00,3985,3665,25736,24774,35004,32409,34792,34776,40211,40569,43656,43731,28535,31772,20287,25412,6335,10713,2940,2662,23131,22191,32537,29726,32829,32490,38104,38180,41603,41691,27562,30639,19625,24502,6075,10178,341655,319910,45724,44053,77770,71502,21143,76,57
2021-10-12T23:59:59+02:00,3968,3643,25685,24722,34944,32344,34757,34744,40182,40542,43636,43718,28522,31757,20284,25403,6329,10707,2912,2628,23043,22093,32437,29636,32785,32441,38047,38142,41578,41654,27537,30626,19618,24492,6072,10168,341223,319218,45705,44015,77770,71500,21119,76,57
2021-10-11T23:59:59+02:00,3960,3631,25658,24697,34929,32321,34726,34726,40171,40529,43624,43705,28512,31748,20278,25398,6325,10702,2890,2617,23012,22058,32394,29601,32760,32411,38030,38125,41556,41637,27531,30620,19612,24485,6070,10164,341001,318900,45690,44007,77770,71500,21109,76,57
2021-10-10T23:59:59+02:00,3957,3629,25653,24690,34919,32309,34719,34712,40162,40524,43615,43697,28511,31743,20273,25394,6325,10698,2882,2611,23002,22042,32382,29584,32755,32404,38019,38114,41550,41632,27525,30616,19611,24483,6070,10164,340893,318776,45688,44004,77770,71500,21109,76,57
2021-10-09T23:59:59+02:00,3956,3626,25652,24688,34918,32305,34716,34711,40159,40520,43613,43697,28509,31742,20272,25391,6324,10698,2882,2610,23002,22042,32382,29584,32753,32403,38018,38114,41549,41631,27525,30616,19610,24483,6070,10163,340860,318767,45688,44004,77770,71500,21109,76,57
2021-10-08T23:59:59+02:00,3921,3602,25578,24628,34852,32251,34683,34681,40125,40491,43581,43671,28499,31732,20261,25376,6316,10695,2855,2574,22904,21974,32331,29528,32716,32355,37990,38070,41523,41606,27514,30598,19604,24475,6066,10162,340343,318211,45671,43989,77770,71499,21089,76,57
2021-10-07T23:59:59+02:00,3897,3557,25494,24546,34780,32178,34636,34640,40083,40448,43548,43643,28492,31722,20246,25365,6309,10685,2797,2512,22774,21831,32260,29438,32665,32276,37940,38022,41480,41565,27495,30580,19588,24460,6059,10150,339742,317332,45644,43962,77770,71498,21043,76,57
2021-10-06T23:59:59+02:00,3882,3537,25456,24502,34741,32138,34610,34610,40064,40430,43529,43624,28484,31713,20234,25347,6305,10673,2782,2495,22741,21789,32229,29401,32644,32246,37924,37997,41461,41550,27485,30570,19578,24448,6057,10146,339361,316992,45641,43959,77770,71498,21037,76,57
2021-10-05T23:59:59+02:00,3860,3518,25399,24440,34670,32064,34571,34574,40044,40393,43491,43601,28474,31700,20219,25338,6301,10657,2745,2453,22662,21668,32135,29309,32588,32184,37881,37956,41431,41521,27469,30560,19568,24438,6047,10136,338878,316288,45619,43931,77768,71496,20979,76,57
2021-10-04T23:59:59+02:00,3836,3496,25351,24395,34623,32028,34535,34541,40016,40372,43470,43580,28466,31691,20211,25322,6292,10643,2730,2443,22618,21622,32106,29260,32559,32160,37861,37939,41405,41505,27458,30544,19559,24429,6043,10126,338461,315939,45608,43917,77768,71493,20961,76,57
2021-10-03T23:59:59+02:00,3827,3493,25335,24383,34613,32021,34527,34533,40009,40361,43464,43575,28459,31689,20208,25313,6291,10636,2725,2437,22605,21611,32098,29250,32545,32151,37854,37931,41397,41501,27456,30539,19555,24423,6038,10120,338334,315813,45607,43915,77768,71493,20958,76,57
2021-10-02T23:59:59+02:00,3827,3493,25335,24383,34612,32021,34527,34533,40008,40361,43464,43575,28459,31689,20208,25313,6291,10636,2724,2437,22605,21611,32098,29250,32545,32151,37854,37931,41397,41501,27456,30539,19555,24423,6038,10120,338332,315812,45607,43915,77768,71493,20958,76,57
2021-10-01T23:59:59+02:00,3808,3475,25286,24318,34545,31951,34465,34492,39972,40337,43434,43557,28456,31682,20206,25311,6289,10633,2681,2395,22506,21523,32047,29179,32494,32109,37817,37883,41372,41484,27449,30534,19551,24418,6037,10118,337891,315251,45581,43889,77766,71491,20909,76,57
2021-09-30T23:59:59+02:00,3775,3433,25182,24196,34429,31862,34381,34427,39894,40275,43376,43504,28439,31661,20195,25302,6286,10623,2619,2342,22384,21406,31966,29075,32434,32037,37767,37835,41332,41458,27421,30522,19548,24405,6035,10113,337040,314457,45539,43864,77761,71491,20830,76,57
2021-09-29T23:59:59+02:00,3757,3413,25154,24148,34398,31834,34356,34400,39874,40252,43354,43486,28429,31652,20189,25296,6280,10616,2612,2328,22356,21376,31942,29055,32415,32013,37750,37817,41315,41445,27416,30511,19543,24396,6034,10109,336705,314209,45535,43860,77761,71490,20817,76,57
2021-09-28T23:59:59+02:00,3728,3381,25067,24076,34318,31765,34306,34350,39825,40212,43318,43455,28413,31633,20181,25284,6276,10607,2591,2302,22260,21302,31875,28981,32370,31967,37716,37774,41290,41420,27395,30496,19541,24387,6031,10107,336138,313704,45501,43830,77761,71489,20725,76,57
2021-09-27T23:59:59+02:00,3705,3358,25024,24048,34281,31724,34281,34320,39804,40178,43297,43434,28405,31623,20174,25279,6272,10602,2572,2288,22224,21270,31842,28939,32341,31947,37694,37756,41270,41407,27386,30491,19538,24383,6030,10103,335801,313434,45491,43814,77760,71489,20687,76,57
2021-09-26T23:59:59+02:00,3553,3254,24966,24013,34271,31716,34274,34317,39798,40172,43291,43428,28404,31621,20172,25278,6271,10601,2560,2281,22208,21251,31837,28932,32337,31943,37686,37748,41264,41401,27383,30487,19535,24381,6029,10102,335397,313325,45491,43813,77760,71488,20682,76,57
2021-09-25T23:59:59+02:00,3552,3254,24965,24013,34271,31716,34274,34317,39796,40171,43290,43427,28403,31620,20172,25278,6271,10601,2560,2280,22206,21248,31837,28932,32335,31942,37683,37746,41264,41400,27382,30486,19535,24381,6029,10102,335391,313310,45491,43813,77759,71488,20680,76,57
2021-09-24T23:59:59+02:00,3528,3222,24883,23937,34157,31637,34206,34255,39740,40124,43256,43401,28389,31609,20169,25272,6270,10599,2524,2249,22120,21161,31744,28868,32290,31905,37628,37707,41244,41378,27370,30475,19532,24378,6028,10102,334863,312856,45458,43799,77758,71487,20505,76,56
2021-09-23T23:59:59+02:00,3357,3070,24742,23789,34066,31547,34129,34195,39682,40070,43197,43357,28371,31594,20161,25260,6267,10597,2473,2204,22005,21058,31674,28791,32237,31849,37592,37671,41209,41344,27356,30455,19525,24362,6027,10099,333815,312231,45430,43781,77758,71485,20378,76,56
2021-09-22T23:59:59+02:00,3334,3045,24706,23734,34032,31513,34105,34156,39653,40053,43173,43332,28361,31585,20157,25249,6267,10592,2458,2192,21975,21027,31635,28753,32219,31820,37569,37655,41186,41333,27347,30448,19522,24358,6027,10098,333460,311965,45421,43777,77756,71484,20340,76,56
2021-09-21T23:59:59+02:00,3206,2910,24508,23575,33886,31414,34041,34071,39584,40005,43152,43290,28342,31565,20148,25243,6259,10585,2393,2161,21837,20889,31524,28649,32140,31744,37514,37607,41154,41299,27335,30435,19514,24343,6024,10092,332397,311186,45381,43749,77756,71483,20180,76,56
2021-09-20T23:59:59+02:00,3182,2888,24462,23528,33836,31373,34011,34038,39553,39973,43128,43264,28337,31555,20144,25237,6259,10581,2385,2149,21799,20847,31477,28601,32118,31708,37484,37588,41141,41289,27324,30428,19506,24337,6022,10085,332025,310877,45366,43742,77756,71481,20132,76,56
2021-09-19T23:59:59+02:00,3178,2886,24450,23522,33823,31365,34003,34030,39547,39958,43118,43262,28336,31554,20144,25235,6259,10581,2381,2145,21790,20840,31467,28593,32114,31706,37476,37579,41133,41288,27323,30428,19505,24336,6022,10085,331946,310819,45366,43741,77755,71481,20114,76,56
2021-09-18T23:59:59+02:00,3178,2886,24450,23522,33823,31365,34003,34030,39547,39958,43118,43262,28336,31554,20144,25235,6259,10581,2381,2145,21790,20839,31467,28591,32112,31706,37476,37579,41133,41288,27323,30428,19505,24335,6022,10085,331946,310813,45366,43741,77755,71481,20114,76,56
2021-09-17T23:59:59+02:00,3151,2848,24345,23406,33717,31264,33925,33960,39479,39904,43083,43235,28322,31546,20142,25228,6257,10579,2334,2102,21711,20760,31393,28528,32048,31658,37437,37545,41114,41274,27314,30413,19503,24328,6022,10084,331292,310361,45324,43720,77754,71481,19950,76,56
2021-09-16T23:59:59+02:00,3100,2800,24232,23271,33619,31156,33856,33854,39432,39843,43029,43186,28296,31525,20126,25217,6254,10571,2293,2060,21605,20661,31309,28452,31981,31592,37414,37489,41079,41234,27303,30393,19496,24320,6020,10083,330460,309747,45286,43710,77754,71475,19796,76,56
2021-09-15T23:59:59+02:00,3077,2787,24191,23224,33588,31112,33841,33823,39402,39814,43011,43168,28286,31513,20120,25212,6253,10569,2280,2045,21569,20620,31278,28410,31955,31569,37382,37454,41056,41207,27289,30385,19489,24312,6020,10079,330128,309395,45273,43709,77753,71473,19766,76,56
2021-09-14T23:59:59+02:00,3037,2755,24082,23082,33444,30973,33757,33740,39345,39761,42960,43118,28267,31497,20111,25204,6249,10564,2261,2020,21483,20539,31187,28321,31890,31508,37333,37411,41010,41181,27278,30365,19480,24304,6018,10076,329317,308868,45236,43702,77752,71469,19570,76,56
2021-09-13T23:59:59+02:00,3019,2735,24031,23029,33397,30914,33724,33690,39321,39730,42929,43094,28261,31482,20106,25202,6247,10560,2246,2004,21431,20491,31142,28270,31860,31476,37311,37391,40996,41159,27272,30359,19476,24300,6017,10075,328931,308568,45220,43689,77752,71466,19497,76,56
2021-09-12T23:59:59+02:00,3015,2728,24027,23021,33391,30909,33715,33683,39316,39727,42926,43091,28259,31480,20105,25201,6247,10559,2243,2001,21415,20482,31132,28252,31840,31467,37303,37383,40990,41152,27267,30358,19473,24297,6017,10073,328863,308441,45220,43689,77751,71464,19495,76,56
2021-09-11T23:59:59+02:00,3013,2727,24025,23019,33389,30908,33713,33682,39316,39725,42925,43091,28256,31478,20105,25201,6247,10559,2242,1999,21411,20481,31130,28248,31840,31467,37303,37381,40989,41151,27265,30358,19473,24297,6017,10073,328843,308424,45220,43687,77751,71464,19494,76,56
2021-09-10T23:59:59+02:00,2971,2685,23893,22890,33259,30791,33611,33605,39242,39641,42877,43050,28240,31461,20100,25193,6246,10557,2205,1961,21296,20376,31017,28155,31752,31412,37239,37339,40943,41118,27256,30348,19467,24286,6015,10072,328098,307878,45200,43668,77751,71463,19192,76,56
2021-09-09T23:59:59+02:00,2922,2646,23714,22744,33148,30661,33512,33502,39171,39568,42836,43002,28213,31444,20091,25187,6244,10555,2151,1904,21175,20246,30925,28057,31676,31316,37177,37284,40896,41070,27233,30333,19458,24277,6011,10069,327198,307128,45177,43648,77749,71460,18966,75,56
2021-09-08T23:59:59+02:00,2901,2615,23672,22694,33116,30622,33496,33474,39151,39547,42821,42986,28207,31435,20088,25182,6243,10555,2140,1892,21141,20215,30895,28041,31661,31291,37159,37261,40883,41057,27227,30328,19453,24272,6010,10068,326881,306901,45171,43644,77747,71459,18936,75,54
2021-09-07T23:59:59+02:00,2848,2560,23524,22549,32997,30513,33422,33389,39096,39483,42777,42952,28189,31417,20084,25177,6242,10552,2085,1851,21006,20081,30779,27955,31587,31225,37112,37209,40846,41028,27210,30303,19446,24261,6009,10066,326128,306251,45146,43621,77747,71454,18679,75,54
2021-09-06T23:59:59+02:00,2825,2545,23492,22505,32965,30477,33401,33369,39074,39470,42761,42937,28186,31413,20082,25175,6241,10549,2061,1833,20964,20036,30748,27927,31566,31198,37093,37188,40831,41016,27202,30295,19444,24252,6006,10064,325857,305942,45130,43613,77746,71452,18663,75,54
2021-09-05T23:59:59+02:00,2814,2542,23487,22500,32963,30471,33398,33364,39071,39467,42757,42931,28184,31408,20080,25174,6240,10548,2057,1830,20953,20029,30737,27921,31562,31194,37090,37186,40827,41013,27197,30292,19441,24248,6005,10064,325792,305868,45129,43612,77746,71452,18661,75,53
2021-09-04T23:59:59+02:00,2814,2542,23484,22499,32962,30471,33398,33363,39071,39466,42756,42930,28184,31408,20080,25174,6240,10548,2055,1827,20951,20029,30737,27921,31561,31193,37090,37186,40826,41013,27197,30292,19441,24248,6005,10064,325786,305861,45129,43612,77746,71452,18658,75,53
2021-09-03T23:59:59+02:00,2791,2508,23405,22421,32888,30399,33357,33320,39027,39437,42726,42917,28176,31395,20079,25172,6238,10547,2039,1810,20902,19970,30687,27882,31527,31158,37062,37159,40795,41001,27189,30284,19439,24246,6004,10064,325283,305514,45101,43603,77744,71444,18604,75,53
2021-09-02T23:59:59+02:00,2760,2476,23299,22324,32829,30309,33299,33265,38989,39403,42687,42885,28156,31383,20075,25158,6236,10544,2017,1791,20828,19911,30627,27819,31489,31127,37022,37122,40761,40973,27179,30272,19436,24235,6004,10064,324679,305087,45071,43585,77743,71439,18513,75,53
2021-09-01T23:59:59+02:00,2737,2461,23275,22287,32799,30277,33277,33239,38963,39382,42673,42869,28147,31376,20070,25156,6236,10544,2000,1776,20787,19868,30594,27790,31462,31106,37003,37104,40743,40956,27168,30263,19435,24229,6004,10064,324422,304811,45060,43579,77742,71436,18473,75,53
2021-08-31T23:59:59+02:00,2692,2418,23152,22181,32717,30177,33220,33183,38919,39341,42647,42845,28136,31370,20064,25152,6235,10540,1976,1756,20700,19773,30522,27730,31413,31066,36964,37072,40714,40931,27159,30251,19429,24224,6004,10062,323843,304396,45030,43565,77741,71428,18304,75,53
2021-08-30T23:59:59+02:00,2670,2394,23101,22138,32676,30134,33194,33146,38890,39320,42628,42827,28131,31363,20057,25143,6234,10536,1928,1715,20578,19667,30424,27634,31352,31014,36931,37044,40693,40897,27143,30236,19428,24215,6004,10060,323499,303675,45015,43556,77741,71423,18256,75,53
2021-08-29T23:59:59+02:00,2639,2364,23013,22072,32613,30077,33149,33115,38844,39283,42598,42806,28120,31355,20054,25137,6234,10535,1902,1690,20475,19598,30355,27584,31317,30980,36890,37013,40668,40879,27130,30225,19427,24210,6004,10060,323035,303244,44999,43533,77739,71413,18164,75,53
2021-08-28T23:59:59+02:00,2633,2362,23013,22072,32609,30077,33148,33115,38841,39282,42597,42806,28119,31355,20054,25137,6234,10535,1902,1688,20474,19597,30349,27584,31317,30977,36887,37011,40668,40879,27130,30225,19427,24210,6004,10060,323022,303233,44999,43532,77739,71413,18158,75,53
2021-08-27T23:59:59+02:00,2633,2362,23008,22069,32602,30076,33146,33112,38839,39280,42594,42806,28118,31354,20054,25137,6233,10535,1901,1687,20468,19596,30341,27583,31315,30975,36884,37009,40666,40879,27130,30225,19427,24209,6004,10060,323003,303217,44999,43532,77739,71411,18146,75,53
2021-08-26T23:59:59+02:00,2550,2278,22820,21860,32466,29934,33026,33004,38751,39192,42528,42737,28094,31321,20041,25119,6232,10529,1816,1606,20199,19326,30200,27416,31172,30850,36776,36915,40582,40806,27088,30183,19408,24185,5998,10058,321776,301710,44979,43508,77738,71395,17918,75,53
2021-08-25T23:59:59+02:00,2544,2270,22800,21835,32454,29913,33013,32989,38739,39175,42517,42731,28089,31318,20034,25113,6229,10527,1805,1597,20151,19283,30164,27385,31150,30812,36751,36883,40563,40790,27075,30171,19404,24178,5997,10057,321586,301346,44979,43508,77738,71393,17916,75,53
2021-08-24T23:59:59+02:00,2526,2259,22760,21793,32428,29868,32994,32956,38729,39155,42497,42717,28083,31307,20029,25105,6228,10526,1795,1588,20113,19241,30130,27344,31129,30777,36737,36862,40543,40772,27070,30161,19400,24175,5997,10053,321296,301057,44969,43503,77738,71388,17886,75,53
2021-08-23T23:59:59+02:00,2506,2227,22690,21720,32357,29811,32958,32924,38690,39124,42467,42704,28068,31298,20026,25094,6228,10524,1751,1544,19988,19118,30011,27264,31064,30728,36687,36819,40501,40743,27058,30146,19394,24165,5997,10047,320852,300317,44958,43476,77736,71380,17799,75,53
2021-08-22T23:59:59+02:00,2497,2218,22654,21688,32336,29793,32943,32916,38673,39108,42462,42695,28063,31293,20021,25094,6228,10523,1741,1531,19947,19079,29974,27230,31034,30691,36666,36803,40483,40721,27050,30142,19391,24162,5997,10045,320680,300023,44952,43473,77735,71371,17767,75,53
2021-08-21T23:59:59+02:00,2478,2205,22601,21640,32297,29755,32920,32892,38660,39085,42445,42685,28056,31285,20019,25091,6228,10522,1711,1507,19846,18980,29903,27171,31000,30647,36631,36761,40459,40700,27039,30134,19386,24158,5995,10045,320440,299515,44938,43458,77733,71365,17682,75,53
2021-08-20T23:59:59+02:00,2440,2163,22514,21532,32220,29672,32857,32844,38609,39045,42403,42657,28047,31271,20015,25076,6227,10518,1664,1470,19671,18854,29776,27068,30923,30588,36568,36715,40413,40663,27024,30115,19377,24149,5994,10041,319853,298698,44914,43433,77730,71347,17542,75,53
2021-08-19T23:59:59+02:00,2350,2095,22353,21394,32083,29547,32766,32760,38505,38965,42333,42602,28021,31238,20008,25064,6222,10509,1608,1420,19412,18647,29563,26918,30802,30479,36447,36619,40311,40578,26996,30085,19366,24133,5990,10036,318913,297425,44893,43403,77730,71321,17208,75,53
2021-08-18T23:59:59+02:00,2340,2086,22327,21373,32061,29526,32744,32737,38477,38947,42320,42588,28006,31228,20002,25059,6222,10507,1585,1402,19358,18587,29523,26884,30776,30448,36418,36598,40287,40547,26979,30074,19361,24121,5985,10032,318655,296991,44893,43401,77730,71319,17201,75,53
2021-08-17T23:59:59+02:00,2323,2070,22302,21345,32045,29498,32719,32713,38463,38936,42294,42570,28000,31215,19996,25054,6222,10507,1572,1391,19315,18537,29491,26845,30733,30422,36393,36567,40261,40526,26962,30062,19358,24107,5983,10028,318409,296618,44893,43398,77730,71315,17169,75,53
2021-08-16T23:59:59+02:00,2284,2053,22235,21302,32004,29451,32695,32692,38439,38914,42261,42553,27991,31207,19994,25043,6222,10506,1548,1366,19106,18393,29342,26728,30657,30331,36346,36513,40223,40484,26941,30045,19351,24088,5977,10026,318057,295609,44893,43392,77727,71313,17098,75,53
2021-08-15T23:59:59+02:00,2257,2030,22181,21245,31956,29410,32671,32659,38411,38895,42239,42539,27985,31202,19988,25036,6221,10506,1526,1350,18984,18273,29184,26599,30577,30247,36279,36462,40168,40426,26923,30021,19341,24079,5974,10025,317720,294675,44884,43375,77726,71305,17030,75,53
2021-08-14T23:59:59+02:00,2251,2027,22155,21229,31944,29394,32667,32653,38403,38890,42233,42536,27984,31201,19987,25035,6221,10505,1496,1322,18871,18179,29122,26534,30538,30200,36254,36430,40147,40411,26916,30015,19338,24078,5973,10022,317631,294129,44881,43357,77726,71301,17006,75,53
2021-08-13T23:59:59+02:00,2234,2016,22109,21191,31907,29370,32629,32624,38387,38875,42223,42526,27982,31197,19984,25032,6220,10505,1421,1257,18615,17919,28944,26372,30422,30108,36201,36362,40102,40375,26900,30002,19333,24069,5970,10018,317393,292758,44876,43341,77724,71291,16947,75,53
2021-08-12T23:59:59+02:00,2197,1978,22020,21097,31838,29290,32571,32574,38339,38829,42182,42491,27966,31178,19977,25022,6218,10505,1328,1197,18312,17607,28694,26141,30278,29978,36106,36267,40024,40308,26865,29955,19313,24046,5968,10015,316808,291010,44865,43289,77721,71243,16807,75,53
2021-08-11T23:59:59+02:00,2195,1973,21999,21081,31820,29269,32556,32558,38331,38819,42171,42475,27957,31175,19974,25018,6217,10501,1320,1184,18255,17552,28657,26096,30230,29939,36086,36228,39988,40275,26852,29928,19306,24036,5968,10013,316626,290529,44865,43286,77721,71240,16806,75,52
2021-08-10T23:59:59+02:00,2186,1952,21972,21044,31782,29246,32540,32537,38304,38792,42153,42467,27951,31167,19972,25015,6216,10497,1286,1150,17742,17096,28482,25939,30136,29851,35917,36105,39940,40233,26830,29904,19300,24021,5964,10012,316377,288830,44861,43269,77719,70990,16767,73,52
2021-08-09T23:59:59+02:00,2162,1938,21922,20991,31722,29198,32504,32509,38278,38771,42138,42442,27940,31158,19971,25006,6215,10495,1243,1110,17268,16643,28347,25831,30080,29798,35870,36060,39908,40197,26821,29890,19295,24014,5964,10010,315993,287344,44855,43250,77717,70977,16726,73,52
2021-08-08T23:59:59+02:00,2145,1920,21868,20944,31677,29161,32470,32483,38254,38762,42116,42421,27933,31154,19965,25002,6215,10492,1178,1047,16921,16303,28236,25744,30021,29724,35822,36022,39884,40171,26810,29876,19286,24004,5962,10005,315671,286094,44854,43229,77716,70969,16672,73,52
2021-08-07T23:59:59+02:00,2101,1877,21732,20862,31593,29093,32397,32423,38197,38713,42083,42392,27924,31127,19960,24993,6213,10490,1032,921,16409,15848,27928,25453,29791,29537,35645,35864,39742,40059,26755,29813,19267,23975,5960,10001,315042,283435,44821,43106,77710,70879,16528,73,52
2021-08-06T23:59:59+02:00,2091,1867,21681,20823,31550,29060,32365,32404,38171,38692,42072,42376,27919,31118,19956,24993,6213,10490,913,812,15382,14868,26782,24552,29501,29304,35398,35664,39426,39818,26711,29766,19258,23965,5959,9998,314810,278429,44817,43085,77710,70077,16435,73,51
2021-08-05T23:59:59+02:00,2053,1838,21575,20736,31494,28983,32306,32344,38111,38641,42027,42338,27902,31098,19948,24980,6211,10487,814,706,14489,14120,25755,23771,28786,28788,34866,35229,39108,39573,26644,29686,19226,23931,5956,9988,314253,273527,44794,43033,77709,68578,16247,73,51
2021-08-04T23:59:59+02:00,2033,1819,21504,20684,31450,28917,32273,32302,38074,38617,41990,42308,27889,31083,19943,24967,6209,10483,736,660,14116,13778,25350,23461,28573,28559,34723,35104,39007,39479,26605,29641,19203,23908,5951,9983,313806,271073,44788,43001,77707,68537,16175,73,51
2021-08-03T23:59:59+02:00,2024,1803,21477,20657,31431,28904,32260,32292,38064,38603,41974,42295,27880,31077,19938,24960,6208,10481,716,646,14034,13686,25271,23385,28507,28504,34677,35056,38960,39447,26589,29619,19194,23899,5949,9977,313598,270385,44784,42997,77705,68511,16172,73,51
2021-08-02T23:59:59+02:00,2014,1782,21432,20620,31384,28881,32233,32261,38036,38587,41961,42280,27871,31065,19938,24952,6207,10477,685,616,13831,13475,24567,22831,28223,28280,34529,34945,38882,39383,26560,29586,19186,23895,5949,9975,313305,267961,44780,42983,77705,68281,16122,73,51
2021-08-01T23:59:59+02:00,1994,1765,21379,20571,31335,28840,32206,32241,38017,38568,41940,42263,27865,31058,19935,24944,6207,10477,647,588,13662,13316,24265,22574,27984,28063,34439,34835,38815,39311,26544,29566,19180,23889,5949,9973,312996,266259,44774,42971,77704,68257,16062,73,51
2021-07-31T23:59:59+02:00,1969,1735,21297,20494,31266,28801,32152,32201,37982,38538,41917,42242,27862,31049,19930,24940,6207,10477,375,358,12716,12292,23749,22132,27638,27706,34127,34538,38382,38966,26474,29480,19154,23844,5944,9967,312574,261221,44762,42935,77702,67684,15951,73,51
2021-07-30T23:59:59+02:00,1944,1715,21272,20472,31234,28783,32137,32180,37976,38531,41909,42233,27857,31046,19929,24940,6206,10477,367,351,12628,12219,23428,21840,27362,27494,33906,34372,38220,38830,26450,29462,19152,23836,5944,9965,312383,259801,44761,42926,77702,67123,15925,73,51
2021-07-29T23:59:59+02:00,1875,1646,21040,20233,31089,28634,32033,32066,37884,38441,41815,42172,27829,31021,19916,24921,6199,10468,301,291,11999,11681,22295,20999,26321,26655,32920,33674,37838,38538,26367,29361,19124,23789,5938,9956,311160,254174,44733,42835,77694,65362,15625,73,51
2021-07-28T23:59:59+02:00,1855,1631,21000,20182,31069,28604,32017,32045,37863,38422,41793,42151,27818,31009,19910,24911,6199,10466,257,240,11714,11377,21885,20615,25887,26224,32752,33516,37721,38446,26330,29310,19105,23766,5937,9951,310840,251228,44733,42834,77682,65300,15620,73,51
2021-07-27T23:59:59+02:00,1845,1625,20960,20139,31044,28571,31983,32029,37841,38390,41769,42137,27811,31002,19909,24906,6199,10463,218,217,11465,11159,21682,20424,25744,26100,32644,33413,37638,38364,26305,29273,19097,23757,5934,9947,310601,249736,44733,42830,77681,65227,15538,73,50
2021-07-26T23:59:59+02:00,1819,1589,20834,20008,30936,28469,31923,31965,37786,38322,41726,42106,27785,30984,19898,24892,6193,10460,183,189,11169,10833,21176,19980,25495,25890,32481,33263,37506,38276,26269,29239,19084,23733,5933,9939,309833,247436,44702,42715,77674,65021,15416,73,50
2021-07-25T23:59:59+02:00,1813,1581,20810,19995,30926,28459,31911,31951,37780,38315,41716,42097,27781,30980,19897,24890,6193,10459,171,176,11061,10726,21023,19875,25261,25695,32239,33052,37360,38140,26250,29225,19077,23726,5932,9936,309716,246162,44693,42700,77666,64604,15409,73,50
2021-07-24T23:59:59+02:00,1793,1566,20729,19920,30881,28418,31876,31915,37751,38285,41694,42085,27774,30974,19894,24888,6193,10459,165,171,10997,10670,20949,19812,25188,25633,32187,33021,37331,38118,26244,29220,19075,23724,5932,9936,309363,245792,44682,42676,77662,64537,15318,73,50
2021-07-23T23:59:59+02:00,1738,1531,20535,19774,30720,28303,31790,31840,37684,38233,41655,42044,27763,30957,19889,24882,6192,10454,153,160,10737,10462,20590,19509,24379,24986,31699,32689,36760,37660,26200,29178,19059,23706,5931,9934,308529,242905,44672,42628,77645,63142,15067,73,50
2021-07-22T23:59:59+02:00,1673,1474,20227,19502,30478,28123,31661,31726,37555,38127,41557,41961,27736,30933,19879,24858,6188,10453,116,133,10272,10085,19840,18996,23427,24312,30990,32099,35719,36896,26088,29080,19025,23674,5929,9930,307053,239281,44637,41964,77640,60606,14710,73,50
2021-07-21T23:59:59+02:00,1658,1466,20188,19450,30449,28093,31636,31701,37535,38102,41536,41937,27726,30925,19873,24852,6183,10449,98,112,9963,9751,19377,18542,22555,23540,30655,31765,35482,36698,26006,28983,18995,23621,5921,9920,306721,236523,44627,40275,77638,60435,14702,73,49
2021-07-20T23:59:59+02:00,1651,1460,20154,19423,30416,28066,31610,31680,37519,38084,41524,41925,27711,30910,19873,24845,6183,10446,87,101,9696,9470,19043,18272,22283,23255,30476,31608,35316,36552,25960,28934,18978,23585,5920,9916,306458,234115,44625,40267,77637,60332,14689,73,49
2021-07-19T23:59:59+02:00,1640,1452,20039,19337,30331,27994,31551,31623,37500,38065,41509,41906,27704,30897,19867,24838,6182,10443,80,95,9498,9272,18731,17995,21821,22832,30222,31377,35199,36448,25925,28895,18960,23569,5920,9913,305873,232481,44619,39325,77635,60217,14680,73,49
2021-07-18T23:59:59+02:00,1629,1446,19970,19268,30203,27896,31487,31556,37440,38013,41464,41854,27683,30866,19858,24823,6178,10440,74,87,9387,9156,18560,17844,21628,22642,30052,31176,35085,36347,25892,28870,18949,23551,5920,9907,305083,231216,44619,39021,77632,60174,14669,73,47
2021-07-17T23:59:59+02:00,1628,1442,19963,19265,30203,27894,31487,31552,37435,38011,41459,41852,27682,30865,19857,24823,6178,10440,74,83,9366,9141,18529,17821,21609,22629,30042,31169,35066,36343,25889,28868,18949,23550,5920,9907,305049,231063,44619,39018,77632,60162,14665,73,47
2021-07-16T23:59:59+02:00,1575,1397,19690,19025,30083,27799,31406,31482,37381,37949,41418,41820,27663,30847,19850,24814,6177,10434,73,81,9250,9025,18145,17521,21307,22355,29650,30812,34930,36237,25865,28844,18942,23538,5919,9905,304071,229786,44596,38295,77631,59831,14441,73,46
2021-07-15T23:59:59+02:00,1517,1353,19434,18778,29909,27649,31295,31383,37297,37866,41348,41753,27620,30818,19834,24801,6173,10431,64,69,8885,8720,17238,16700,19751,21127,28727,29889,34305,35653,25697,28663,18886,23488,5913,9893,302795,223663,44556,36833,77623,58911,14215,72,46
2021-07-14T23:59:59+02:00,1503,1340,19404,18741,29880,27623,31269,31351,37284,37852,41328,41746,27612,30811,19825,24794,6173,10428,56,64,8596,8423,16687,16094,19255,20606,28162,29386,33912,35279,25585,28533,18846,23421,5908,9882,302508,219483,44555,36474,77621,58482,14210,72,46
2021-07-13T23:59:59+02:00,1492,1329,19366,18716,29863,27598,31245,31335,37269,37826,41303,41718,27603,30797,19823,24789,6172,10422,38,58,8288,8163,16287,15745,18976,20327,27898,29133,33641,35020,25486,28411,18813,23379,5906,9877,302222,216775,44553,36437,77620,57987,14201,72,46
2021-07-12T23:59:59+02:00,1476,1319,19315,18698,29826,27567,31228,31314,37257,37809,41287,41703,27598,30792,19821,24783,6171,10422,37,53,8028,7950,16005,15464,18274,19775,27583,28809,33230,34658,25315,28213,18754,23305,5900,9872,301952,215476,44552,34506,77620,57005,14192,72,46
2021-07-11T23:59:59+02:00,1466,1311,19283,18667,29799,27533,31211,31283,37249,37788,41272,41691,27588,30783,19819,24783,6170,10421,35,52,7982,7904,15940,15393,18184,19721,27498,28746,33114,34595,25260,28168,18734,23283,5900,9869,301695,214896,44549,34495,77618,56756,14185,72,46
2021-07-10T23:59:59+02:00,1337,1195,18779,18249,29350,27229,30928,31050,37003,37627,41071,41541,27516,30724,19793,24750,6167,10418,34,52,7855,7834,15653,15252,17968,19569,27252,28603,32951,34480,25194,28121,18718,23270,5899,9869,299477,214469,44415,34371,77589,56512,13176,72,46
2021-07-09T23:59:59+02:00,1326,1189,18750,18216,29329,27212,30916,31037,36990,37614,41060,41532,27512,30720,19791,24746,6167,10417,31,50,7813,7788,15579,15184,17903,19475,27028,28374,32701,34266,25128,28057,18696,23243,5899,9866,299327,214178,44395,34367,77588,55346,13144,72,46
2021-07-08T23:59:59+02:00,1248,1107,18482,18002,29174,27057,30776,30916,36887,37512,40961,41454,27477,30685,19772,24727,6162,10411,26,46,7645,7652,15280,14937,17469,19113,26336,27768,32427,33998,24960,27899,18637,23180,5896,9858,298047,213035,44338,32945,77580,54326,12775,72,46
2021-07-07T23:59:59+02:00,1149,1015,18170,17679,28973,26872,30643,30791,36775,37390,40854,41366,27442,30636,19758,24710,6159,10408,23,38,7449,7442,14834,14571,17001,18667,25580,27154,32019,33615,24691,27573,18543,23087,5887,9849,296467,210108,44286,32104,77570,53368,12397,72,46
2021-07-06T23:59:59+02:00,1126,998,18093,17611,28926,26821,30593,30742,36738,37355,40819,41335,27424,30609,19747,24697,6157,10405,16,32,7228,7211,14486,14209,16648,18319,24826,26506,31715,33350,24502,27356,18495,23014,5880,9842,295883,208029,44282,30699,77568,52468,12393,72,46
2021-07-05T23:59:59+02:00,1084,970,18017,17549,28880,26759,30552,30706,36713,37309,40791,41309,27418,30595,19741,24690,6157,10400,6,19,6999,7024,14177,13938,16291,17956,24262,25995,31140,32781,24221,27057,18387,22874,5872,9830,295389,206525,44280,28590,77563,51330,12338,72,46
2021-07-04T23:59:59+02:00,1062,954,17945,17499,28842,26735,30528,30677,36704,37300,40776,41297,27412,30584,19736,24687,6157,10399,6,19,6974,7005,14123,13885,16215,17894,24177,25938,30985,32687,24127,26967,18355,22832,5870,9826,295070,206127,44280,28579,77552,50811,12322,72,46
2021-07-03T23:59:59+02:00,648,583,16212,15780,27692,25814,29732,29956,36060,36689,40276,40870,27256,30417,19671,24599,6148,10382,6,19,6588,6764,13619,13587,15818,17590,23816,25662,30678,32495,24029,26871,18322,22792,5866,9822,287552,205826,44241,28502,77471,50519,9451,72,46
2021-07-02T23:59:59+02:00,609,544,16080,15634,27534,25665,29650,29897,36029,36660,40258,40857,27250,30408,19668,24596,6148,10382,6,19,6542,6690,13545,13491,15731,17459,23671,25476,30524,32330,23836,26659,18233,22714,5864,9819,286645,205142,44241,28343,77470,49635,9443,72,46
2021-07-01T23:59:59+02:00,551,496,15900,15481,27320,25511,29573,29818,35974,36608,40192,40810,27230,30390,19656,24583,6146,10378,6,18,6395,6554,13193,13215,15199,17016,22399,24482,29762,31645,23552,26368,18114,22577,5857,9803,285453,201578,44237,26663,77458,48471,9399,72,44
2021-06-30T23:59:59+02:00,521,476,15794,15373,27210,25422,29505,29743,35917,36555,40150,40775,27215,30359,19644,24566,6142,10378,5,16,6200,6372,12757,12826,14628,16467,21773,23880,29167,31113,23133,25901,17983,22393,5850,9791,284620,197301,44234,26638,77451,46902,9370,72,44
2021-06-29T23:59:59+02:00,465,424,15047,14702,26945,25200,29406,29643,35837,36472,40081,40725,27196,30334,19635,24553,6142,10376,5,14,6087,6242,12492,12561,14229,16071,20980,23254,28583,30561,22686,25376,17828,22219,5842,9781,282120,194137,44230,26129,77442,45180,9321,72,44
2021-06-28T23:59:59+02:00,429,393,14420,14065,26782,25095,29333,29577,35776,36405,40038,40690,27178,30314,19627,24542,6142,10372,4,14,6021,6145,12316,12421,14042,15894,20353,22702,28181,30185,22348,25018,17699,22055,5837,9776,280180,192452,44226,25466,77437,43784,9265,72,44
2021-06-27T23:59:59+02:00,352,326,14072,13692,26719,25037,29294,29538,35752,36383,40020,40675,27167,30307,19624,24538,6141,10371,4,14,5981,6101,12199,12304,13896,15764,19796,22223,27569,29683,22070,24679,17578,21930,5833,9775,279063,191610,44220,23932,77427,42585,9228,72,44
2021-06-26T23:59:59+02:00,351,325,14061,13679,26703,25025,29289,29531,35745,36382,40017,40674,27166,30306,19624,24538,6141,10371,4,14,5976,6099,12189,12302,13890,15761,19783,22211,27524,29648,21923,24549,17538,21872,5832,9773,278987,191588,44217,23928,77427,42101,9227,72,44
2021-06-25T23:59:59+02:00,227,212,12804,12461,25249,23871,28990,29298,35638,36297,39949,40612,27142,30278,19613,24526,6139,10369,4,14,5932,6053,12090,12220,13747,15640,19473,21971,27137,29289,21599,24151,17357,21675,5829,9764,272767,190358,44212,23642,77406,40681,9220,72,44
2021-06-24T23:59:59+02:00,162,158,11827,11628,24128,22988,28625,28946,35488,36131,39834,40508,27103,30229,19602,24502,6137,10365,4,13,5715,5825,11632,11803,13164,15042,17934,20566,25479,27686,20822,23289,17038,21269,5818,9754,267513,185359,44191,20007,77402,38258,9185,72,44
2021-06-23T23:59:59+02:00,126,132,11462,11306,23634,22614,28376,28702,35313,36004,39745,40420,27072,30202,19593,24464,6135,10353,4,13,5639,5713,11417,11586,12862,14694,17540,20155,24727,26913,20025,22535,16844,21016,5810,9738,264898,182995,44181,19387,77397,35698,9107,72,44
2021-06-22T23:59:59+02:00,105,119,11280,11095,23474,22475,28296,28627,35238,35944,39698,40374,27057,30178,19585,24455,6135,10352,3,11,5531,5593,11147,11320,12496,14322,16936,19552,23993,26141,19645,22109,16681,20837,5803,9721,263755,179945,44177,18507,77395,34255,9090,72,44
2021-06-21T23:59:59+02:00,93,107,11029,10911,22640,21806,28043,28397,35170,35883,39634,40331,27040,30160,19579,24446,6135,10351,3,10,5413,5491,10926,11099,12188,13998,16542,19206,23539,25670,19351,21790,16576,20716,5797,9719,261163,178462,44168,17489,77389,33074,8965,72,44
2021-06-20T23:59:59+02:00,87,106,10963,10819,22388,21590,27784,28197,35091,35805,39589,40285,27028,30144,19577,24441,6133,10348,3,9,5372,5440,10837,10992,12090,13895,16345,19020,23268,25428,19249,21683,16523,20658,5791,9715,259868,178144,44165,16421,77384,32822,8887,72,44
2021-06-19T23:59:59+02:00,86,102,10940,10795,22356,21567,27766,28184,35079,35800,39580,40281,27027,30143,19577,24439,6133,10348,3,9,5340,5409,10754,10898,11997,13772,16197,18868,22959,25065,19161,21596,16510,20645,5790,9715,259717,178032,44144,14916,77384,32809,8887,72,44
2021-06-18T23:59:59+02:00,83,100,10892,10743,22045,21240,27508,27965,35024,35763,39546,40258,27018,30134,19576,24436,6133,10346,3,9,5324,5399,10725,10867,11956,13724,16134,18805,22872,24967,18994,21414,16464,20580,5789,9710,258331,177632,44140,14915,77383,32260,8885,72,44
2021-06-17T23:59:59+02:00,74,92,10313,10312,20766,20277,26646,27226,34650,35436,39287,40068,26953,30052,19555,24399,6126,10341,3,9,5127,5258,10343,10614,11510,13321,15455,18191,21499,23643,18535,20920,16299,20407,5785,9696,252533,172307,44120,14339,77370,31446,8479,72,44
2021-06-16T23:59:59+02:00,66,80,9979,10000,20082,19644,26012,26623,34396,35230,39124,39919,26907,29999,19531,24375,6125,10337,3,8,4984,5110,9954,10277,11051,12867,14749,17499,20647,22700,18127,20470,16128,20193,5775,9684,248685,168499,44104,13068,77356,30403,8213,72,43
2021-06-15T23:59:59+02:00,51,74,9733,9755,19783,19397,25784,26425,34263,35121,39028,39838,26875,29963,19524,24360,6120,10333,3,8,4877,4993,9716,10061,10816,12607,14324,17072,20043,22120,17799,20073,15904,19960,5766,9672,246900,166388,44093,11976,77347,29392,8016,72,42
2021-06-14T23:59:59+02:00,47,69,9600,9628,19489,19135,25605,26281,34144,35040,38965,39798,26856,29943,19518,24349,6120,10330,3,8,4796,4929,9529,9920,10638,12471,14062,16853,19723,21826,17633,19910,15800,19825,5765,9668,245695,164914,44091,11974,77343,28712,7717,72,42
2021-06-13T23:59:59+02:00,46,65,9439,9500,19199,18952,25250,26028,33946,34871,38857,39730,26840,29931,19507,24341,6120,10326,2,8,4710,4860,9320,9747,10467,12294,13739,16504,19374,21493,17504,19761,15752,19759,5763,9666,244047,164044,44090,11973,77338,27262,7402,72,42
2021-06-12T23:59:59+02:00,46,65,9430,9482,19188,18939,25250,26023,33946,34868,38854,39729,26840,29931,19507,24341,6120,10326,2,8,4706,4846,9309,9684,10433,12191,13690,16349,19318,21357,17395,19635,15635,19657,5761,9664,244000,164012,44090,11969,77333,26226,7391,72,42
2021-06-11T23:59:59+02:00,41,61,9269,9302,18953,18727,24447,25348,33767,34710,38718,39616,26806,29897,19496,24316,6120,10321,2,8,4626,4735,9088,9424,10171,11892,13167,15794,18338,20451,17208,19436,15595,19612,5758,9661,241067,159960,44088,11967,77328,25636,7361,72,42
2021-06-10T23:59:59+02:00,39,57,8872,8974,18305,18234,23604,24677,33446,34429,38515,39450,26750,29844,19472,24287,6117,10313,2,8,4451,4558,8511,8926,9357,11167,12017,14685,16324,18527,16310,18461,15309,19244,5748,9639,237454,150212,43436,11932,77301,23933,7125,70,42
2021-06-09T23:59:59+02:00,22,39,8419,8469,17475,17508,22453,23632,32958,33960,38228,39229,26643,29739,19424,24228,6107,10300,2,7,4314,4440,8220,8662,9108,10912,11677,14314,15836,17975,15934,18027,15066,18957,5741,9629,233448,148359,41543,11891,77261,22005,6525,57,41
2021-06-08T23:59:59+02:00,13,27,8102,8150,17005,17094,22031,23265,32711,33764,38066,39099,26599,29698,19414,24206,6104,10295,0,7,4196,4359,7965,8407,8801,10567,11313,13967,15192,17269,15467,17500,14804,18678,5736,9611,230720,146636,41510,10771,77252,20286,6105,57,41
2021-06-07T23:59:59+02:00,10,23,7904,7919,16644,16770,21491,22803,32428,33495,37949,38981,26568,29650,19396,24176,6099,10294,0,7,4119,4277,7781,8264,8641,10420,11139,13795,14874,16939,15265,17240,14628,18484,5732,9606,229086,145535,40537,10678,77235,19271,5686,57,41
2021-06-06T23:59:59+02:00,8,20,7796,7811,16510,16624,21296,22596,32199,33268,37813,38875,26541,29624,19383,24159,6099,10288,0,7,4090,4239,7733,8144,8586,10288,11030,13648,14675,16718,15078,17059,14539,18363,5725,9600,227848,145041,40238,10664,77217,18225,5551,57,41
2021-06-05T23:59:59+02:00,8,20,7774,7798,16484,16599,21287,22592,32188,33261,37811,38874,26540,29624,19382,24158,6099,10288,0,7,4079,4198,7717,8077,8572,10155,11015,13476,14656,16612,15043,17004,14530,18353,5725,9599,227740,144951,40238,10664,77216,17625,5537,57,41
2021-06-04T23:59:59+02:00,8,18,7663,7695,16203,16361,21012,22343,31765,32886,37696,38751,26507,29585,19371,24145,6097,10286,0,7,4072,4188,7688,8052,8542,10124,10947,13403,14551,16477,14961,16912,14493,18309,5725,9597,226140,144607,39464,10334,77198,17532,5534,57,41
2021-06-03T23:59:59+02:00,6,18,7410,7463,15325,15567,19375,20954,30851,31957,37189,38288,26374,29450,19326,24093,6091,10268,0,7,4012,4149,7598,7979,8418,10026,10772,13218,13978,15903,14693,16592,14405,18201,5722,9584,219505,142368,37875,10209,77187,17257,5382,57,41
2021-06-02T23:59:59+02:00,6,18,7276,7318,14945,15141,18941,20549,30384,31500,36961,38026,26310,29385,19306,24064,6088,10266,0,7,3984,4118,7535,7893,8329,9930,10630,13086,13529,15468,14568,16407,14375,18163,5719,9579,216420,140564,37444,10114,77186,17223,5378,57,41
2021-06-01T23:59:59+02:00,6,15,7000,7077,14550,14833,18596,20228,30056,31186,36736,37793,26253,29306,19282,24036,6086,10255,0,7,3883,4035,7292,7717,8091,9734,10363,12811,13119,15041,14131,15949,14258,18006,5712,9571,213675,138407,37399,9860,77165,16413,4999,57,41
2021-05-31T23:59:59+02:00,6,15,6839,6887,14323,14598,17894,19627,29711,30841,36441,37529,26159,29206,19255,23983,6076,10243,0,7,3806,3927,7079,7464,7866,9450,10018,12424,12679,14518,13598,15332,14057,17775,5703,9555,212221,135205,35361,9536,77150,15631,4845,57,41
2021-05-30T23:59:59+02:00,6,15,6816,6871,14274,14556,17816,19566,29662,30800,36410,37501,26146,29193,19252,23976,6075,10241,0,7,3762,3854,6920,7250,7715,9207,9808,12100,12421,14162,13476,15160,13990,17692,5700,9548,211918,134463,35345,9432,77092,14072,4765,57,40
2021-05-29T23:59:59+02:00,6,15,6815,6870,14264,14549,17812,19560,29657,30795,36407,37500,26144,29190,19252,23975,6075,10241,0,7,3751,3842,6889,7216,7681,9156,9772,12052,12347,14062,13433,15091,13959,17667,5699,9543,211886,134319,35345,9431,77077,13614,4763,57,40
2021-05-28T23:59:59+02:00,6,15,6804,6856,14246,14535,17796,19538,29642,30782,36396,37481,26142,29186,19250,23971,6075,10241,0,6,3737,3818,6867,7174,7646,9101,9716,11947,12102,13791,13241,14898,13929,17626,5696,9540,211732,133014,35344,9430,77074,13595,4756,57,40
2021-05-27T23:59:59+02:00,6,15,6712,6774,13975,14318,17310,19188,28960,30237,36236,37348,26094,29152,19235,23956,6074,10235,0,6,3614,3654,6578,6920,7270,8789,9217,11387,11386,12887,12682,14324,13797,17431,5688,9528,210641,129465,33897,9089,77033,12366,4198,57,40
2021-05-26T23:59:59+02:00,6,15,6641,6668,13762,14115,17055,18876,28415,29722,36062,37173,26052,29103,19217,23927,6073,10228,0,6,3523,3510,6355,6632,6981,8360,8873,10906,10732,12083,12116,13703,13650,17212,5683,9506,209024,125826,33143,8903,77015,11192,3873,56,37
2021-05-25T23:59:59+02:00,6,15,6559,6570,13551,13895,16792,18663,27691,29072,35968,37075,26027,29073,19205,23911,6068,10227,0,6,3475,3414,6212,6464,6833,8167,8646,10611,10384,11714,11765,13220,13542,17049,5680,9498,208294,123956,31689,8765,76531,10124,3800,55,35
2021-05-24T23:59:59+02:00,6,15,6490,6474,13374,13695,16567,18383,27274,28643,35622,36671,25970,29005,19186,23887,6067,10225,0,6,3462,3393,6150,6381,6785,8082,8585,10515,10311,11615,11589,12985,13493,16957,5671,9477,207763,123316,29453,8713,76524,9633,3760,55,35
2021-05-23T23:59:59+02:00,6,15,6488,6473,13368,13686,16564,18373,27255,28633,35592,36637,25967,28999,19186,23880,6067,10225,0,3,3457,3389,6144,6370,6774,8075,8556,10484,10272,11555,11504,12882,13471,16923,5671,9476,207646,123301,29437,8293,76523,9623,3754,55,35
2021-05-22T23:59:59+02:00,6,15,6481,6470,13360,13674,16558,18368,27251,28631,35589,36631,25967,28999,19186,23880,6067,10225,0,3,3455,3389,6139,6367,6772,8071,8552,10482,10267,11552,11493,12868,13466,16919,5670,9476,207592,123260,29437,8293,76521,9599,3754,55,35
2021-05-21T23:59:59+02:00,6,15,6416,6413,13206,13570,16384,18218,26982,28452,35158,36365,25941,28962,19178,23874,6066,10221,0,3,3446,3379,6103,6344,6740,8037,8511,10433,10212,11502,10973,12153,13325,16759,5667,9471,206903,121491,29312,8290,75477,9561,3681,55,35
2021-05-20T23:59:59+02:00,5,14,6123,6212,12591,13152,15187,17294,25069,26947,34204,35597,25834,28815,19123,23792,6060,10205,0,3,3386,3332,6006,6229,6624,7879,8360,10266,9968,11192,10626,11692,13210,16574,5657,9457,202114,119456,27566,8208,72939,9210,3552,54,35
2021-05-19T23:59:59+02:00,5,14,5911,5969,12076,12688,14479,16588,24120,26126,33574,34993,25718,28723,19088,23734,6052,10193,0,3,3309,3256,5848,6055,6431,7634,8085,9983,9657,10807,10309,11273,13129,16427,5655,9449,196388,117519,27525,8002,72921,8590,3165,53,34
2021-05-18T23:59:59+02:00,5,13,5739,5856,11672,12369,13858,16087,22966,25174,32905,34388,25601,28588,19040,23683,6047,10183,0,3,3267,3224,5730,5941,6265,7474,7878,9763,9456,10564,10130,11020,12981,16201,5645,9440,191434,116334,27013,7932,72874,7881,2801,53,34
2021-05-17T23:59:59+02:00,5,12,5686,5813,11511,12262,13584,15866,22147,24537,32594,34073,25523,28526,19018,23653,6038,10173,0,3,3150,3150,5542,5757,6090,7258,7669,9535,9229,10319,10036,10892,12921,16137,5642,9435,189658,115561,26312,7924,72480,6728,2518,53,34
2021-05-16T23:59:59+02:00,5,12,5657,5793,11446,12204,13498,15786,21531,23987,31981,33545,25483,28481,19008,23638,6037,10173,0,3,3144,3128,5529,5688,6061,7197,7641,9435,9198,10233,10019,10870,12918,16133,5642,9435,188887,115447,24766,7915,72055,6377,2504,53,31
2021-05-15T23:59:59+02:00,5,12,5648,5784,11413,12195,13469,15777,21456,23915,31440,33167,25472,28476,19007,23635,6036,10172,0,3,3131,3113,5508,5645,6047,7122,7597,9317,8957,9978,9986,10839,12884,16082,5642,9434,188836,115439,24751,7777,71407,6008,2032,53,29
2021-05-14T23:59:59+02:00,5,12,5608,5757,11349,12156,13395,15712,21045,23601,31005,32817,25436,28430,18995,23619,6036,10170,0,3,3098,3073,5470,5557,6025,6985,7556,9113,8895,9782,9909,10729,12798,15952,5642,9431,188105,115263,24428,7440,70532,5256,2030,53,29
2021-05-13T23:59:59+02:00,5,11,5451,5601,10966,11860,12680,15125,18855,21853,29457,31345,25208,28187,18928,23548,6034,10166,0,3,3087,3038,5448,5517,6009,6928,7530,9042,8849,9720,9689,10483,12594,15643,5636,9420,184137,114896,20634,6607,68442,5090,2014,53,29
2021-05-12T23:59:59+02:00,4,11,5421,5574,10895,11800,12579,15037,18732,21727,29091,30980,25114,28089,18911,23520,6033,10161,0,3,3086,3031,5441,5511,5999,6914,7505,9027,8809,9665,9500,10249,12360,15320,5633,9413,183177,114606,19997,5735,68439,5084,2013,53,28
2021-05-11T23:59:59+02:00,4,11,5282,5466,10643,11544,12212,14667,18118,21081,28157,30004,24921,27899,18852,23445,6028,10147,0,3,3043,2990,5352,5354,5899,6727,7372,8780,8642,9442,9317,10050,12207,15128,5624,9392,179071,113529,19097,5626,68307,4186,1953,53,28
2021-05-10T23:59:59+02:00,4,10,5157,5391,10426,11351,11952,14409,17788,20746,27732,29595,24813,27791,18814,23399,6020,10143,0,3,2973,2936,5233,5236,5785,6623,7248,8638,8513,9334,9212,9924,12117,14999,5621,9383,177055,112990,18411,5613,68077,3202,1945,53,28
2021-05-09T23:59:59+02:00,4,10,5081,5346,10328,11231,11851,14288,17445,20460,27341,29217,24725,27703,18785,23363,6017,10140,0,3,2905,2904,5087,5193,5608,6580,7080,8609,8384,9298,9199,9914,12099,14978,5621,9383,176657,112909,17124,5604,67572,2375,1929,53,28
2021-05-08T23:59:59+02:00,4,10,5079,5344,10326,11225,11851,14287,17441,20458,27338,29214,24725,27703,18784,23363,6017,10140,0,3,2904,2903,5085,5193,5608,6580,7080,8609,8381,9297,9198,9913,12098,14978,5621,9383,176637,112906,17122,5603,67569,2369,1928,53,28
2021-05-07T23:59:59+02:00,4,10,5045,5317,10258,11173,11721,14163,17039,20183,26698,28655,24675,27651,18767,23331,6011,10110,0,3,2892,2896,5070,5183,5597,6565,7068,8598,8373,9286,9192,9905,12087,14958,5614,9355,175793,112891,17119,5598,66045,2324,1801,53,28
2021-05-06T23:59:59+02:00,4,10,4775,5158,9796,10830,11155,13644,15950,19157,24277,26354,24171,27118,18662,23229,6006,10096,0,3,2849,2848,5003,5106,5556,6473,6985,8478,8243,9133,9091,9790,12063,14907,5611,9352,170736,112349,14661,5542,63152,1781,1791,52,28
2021-05-05T23:59:59+02:00,4,10,4696,5075,9501,10601,10812,13318,15368,18557,23432,25384,23910,26790,18593,23123,5996,10078,0,2,2830,2811,4955,5021,5497,6348,6902,8311,8118,8915,8983,9657,11985,14820,5610,9343,167062,111393,13343,5536,63002,1361,1790,51,28
2021-05-04T23:59:59+02:00,4,10,4610,4983,9328,10402,10601,13075,14977,18159,22881,24816,23697,26513,18519,23041,5988,10064,0,2,2822,2775,4925,4945,5465,6225,6849,8169,8022,8760,8879,9544,11910,14761,5608,9340,164793,110885,12216,5524,62836,792,1772,51,28
2021-05-03T23:59:59+02:00,4,10,4539,4907,9135,10264,10424,12899,14693,17913,22465,24402,23557,26360,18492,22994,5988,10058,0,2,2749,2704,4841,4872,5388,6139,6753,8065,7838,8595,8791,9456,11869,14709,5605,9335,163275,110654,12215,5520,62736,682,827,51,28
2021-05-02T23:59:59+02:00,4,10,4526,4892,9060,10205,10298,12788,14364,17608,22162,24114,23507,26300,18473,22969,5987,10057,0,2,2743,2697,4784,4837,5299,6055,6613,7937,7719,8492,8745,9415,11845,14675,5603,9330,162386,110535,12211,5518,62631,665,45,51,28
2021-05-01T23:59:59+02:00,4,10,4525,4889,9058,10202,10297,12787,14360,17603,22159,24114,23506,26299,18473,22969,5987,10057,0,2,2743,2697,4784,4836,5299,6055,6611,7937,7719,8492,8745,9415,11845,14675,5603,9330,162362,110533,12210,5517,62631,665,45,51,28
2021-04-30T23:59:59+02:00,3,10,4451,4802,8818,9986,10034,12545,13878,17176,21317,23339,23381,26162,18457,22937,5984,10054,0,2,2739,2695,4773,4828,5289,6021,6600,7906,7686,8452,8740,9411,11844,14671,5601,9329,158761,110501,12208,5515,62303,532,11,51,28
2021-04-29T23:59:59+02:00,3,10,4304,4657,8337,9571,9330,11941,12872,16272,19460,21650,22667,25394,18318,22726,5978,10037,0,2,2715,2675,4729,4754,5244,5946,6534,7799,7604,8336,8626,9296,11776,14594,5594,9320,149526,109993,12191,5241,61750,271,11,49,28
2021-04-28T23:59:59+02:00,3,10,4273,4636,8264,9499,9254,11853,12752,16151,19241,21435,22579,25301,18291,22685,5976,10032,0,2,2712,2663,4704,4693,5216,5902,6504,7725,7555,8253,8608,9271,11759,14571,5592,9314,149132,109796,12103,5167,60941,44,10,49,27
2021-04-27T23:59:59+02:00,3,10,4235,4591,8125,9361,9139,11702,12604,15981,18791,20939,22344,25041,18226,22607,5973,10023,0,2,2708,2658,4701,4687,5206,5894,6491,7706,7521,8216,8545,9191,11677,14489,5588,9310,148395,109531,11025,4990,60217,36,10,48,23
2021-04-26T23:59:59+02:00,3,10,4193,4563,8018,9264,8991,11595,12432,15806,18378,20573,22210,24891,18189,22575,5972,10021,0,2,2708,2656,4697,4683,5201,5886,6478,7686,7488,8187,8497,9143,11621,14410,5584,9293,147608,109426,10890,4732,59129,31,9,48,22
2021-04-25T23:59:59+02:00,3,10,4179,4548,7980,9232,8927,11532,12295,15676,18031,20237,22009,24654,18148,22520,5968,10016,0,2,2708,2656,4696,4681,5198,5882,6473,7683,7486,8183,8441,9084,11598,14382,5584,9291,146218,109403,10876,4564,58814,30,9,48,22
2021-04-24T23:59:59+02:00,3,10,4171,4539,7963,9227,8912,11520,12245,15644,17972,20198,21994,24641,18146,22515,5968,10016,0,2,2707,2656,4696,4681,5198,5882,6473,7683,7486,8183,8441,9083,11598,14382,5584,9291,146114,109403,10875,4564,58640,29,9,46,21
2021-04-23T23:59:59+02:00,3,10,4151,4509,7905,9164,8825,11418,11906,15319,17536,19798,21777,24406,18083,22438,5966,10008,0,2,2704,2654,4692,4678,5191,5874,6458,7672,7462,8152,8420,9056,11589,14373,5582,9288,144842,109387,10529,4403,57797,28,8,46,21
2021-04-22T23:59:59+02:00,3,10,4103,4445,7774,8974,8639,11157,11580,14902,16621,18809,21203,23691,17946,22257,5955,9990,0,2,2696,2647,4687,4656,5168,5847,6413,7634,7385,8103,8285,8895,11440,14221,5577,9279,141105,108766,10392,4119,56509,21,8,45,21
2021-04-21T23:59:59+02:00,3,10,4062,4400,7674,8853,8481,10995,11282,14619,15882,18052,20822,23241,17871,22152,5950,9977,0,2,2687,2635,4669,4635,5151,5826,6401,7615,7356,8079,8235,8831,11399,14181,5575,9277,138167,108474,10260,4033,55848,19,8,43,20
2021-04-20T23:59:59+02:00,3,10,4037,4374,7639,8798,8402,10914,11116,14443,15447,17575,20353,22722,17766,21999,5941,9965,0,2,2678,2624,4659,4623,5126,5806,6373,7589,7315,8039,8138,8699,11320,14094,5571,9273,135998,107891,9994,3993,55461,18,8,43,19
2021-04-19T23:59:59+02:00,3,10,4007,4326,7575,8691,8309,10775,10958,14258,15194,17277,19868,22155,17599,21782,5930,9953,0,2,2673,2622,4654,4619,5112,5791,6354,7572,7288,7994,8084,8646,11293,14047,5569,9269,133917,107555,9640,3989,55064,18,8,41,19
2021-04-18T23:59:59+02:00,3,7,3987,4297,7514,8639,8203,10648,10698,14015,14701,16738,19435,21643,17476,21597,5926,9946,0,2,2672,2621,4654,4619,5112,5791,6353,7569,7285,7993,8080,8643,11290,14043,5568,9266,131487,107530,9568,3987,54369,17,8,41,19
2021-04-17T23:59:59+02:00,3,7,3984,4289,7493,8632,8192,10629,10655,13969,14589,16649,19314,21520,17454,21569,5925,9944,0,2,2672,2621,4653,4617,5105,5786,6339,7564,7260,7970,8033,8597,11271,14020,5566,9266,131043,107517,9558,3781,54167,17,8,41,19
2021-04-16T23:59:59+02:00,3,7,3973,4245,7422,8509,8089,10474,10461,13707,13917,15886,18747,20875,17329,21393,5914,9927,0,2,2669,2618,4648,4610,5100,5773,6321,7553,7222,7935,7723,8203,11177,13879,5559,9248,128194,106710,9497,3488,53139,16,7,41,19
2021-04-15T23:59:59+02:00,3,6,3929,4192,7308,8376,7910,10238,10125,13315,13187,15022,17930,20007,17087,21068,5899,9907,0,2,2668,2609,4636,4592,5086,5740,6287,7516,7150,7861,7160,7535,11047,13716,5555,9238,124524,105026,9336,3333,51602,14,6,41,19
2021-04-14T23:59:59+02:00,3,5,3903,4161,7243,8271,7803,10083,9945,13113,12768,14573,17402,19391,16936,20859,5893,9893,0,2,2634,2590,4618,4559,5058,5693,6252,7483,7092,7801,6506,6763,10780,13416,5551,9230,123126,102660,9092,3331,49983,12,6,38,19
2021-04-13T23:59:59+02:00,3,5,3899,4153,7205,8254,7746,10047,9837,13056,12396,14279,16711,18536,16697,20554,5889,9887,0,2,2608,2562,4598,4533,5030,5658,6193,7413,7001,7697,6291,6506,10184,12725,5542,9209,122410,100394,8869,3321,47831,12,6,38,19
2021-04-12T23:59:59+02:00,3,5,3886,4135,7149,8207,7689,9976,9726,12954,12147,14062,16266,18017,16509,20340,5884,9884,0,2,2579,2551,4531,4489,4923,5587,6075,7336,6883,7597,5543,5680,9731,12186,5502,9167,122066,97013,8832,3312,45898,12,6,37,19
2021-04-11T23:59:59+02:00,3,5,3871,4127,7107,8153,7629,9932,9634,12874,11910,13853,15695,17324,16228,19998,5879,9874,0,2,2503,2473,4402,4368,4773,5454,5913,7185,6733,7492,5240,5318,9599,12023,5502,9163,121467,94847,8397,3260,44191,11,6,35,19
2021-04-10T23:59:59+02:00,3,5,3853,4107,7067,8104,7585,9874,9572,12814,11819,13768,15477,17131,16179,19928,5878,9867,0,2,1942,1910,3589,3649,3903,4688,4909,6264,5876,6699,4966,5012,9470,11871,5495,9154,120996,86103,8397,3260,43597,11,6,35,19
2021-04-09T23:59:59+02:00,3,5,3832,4087,7028,8073,7524,9817,9422,12682,11488,13485,14291,15596,15733,19396,5865,9855,0,2,1084,1092,2233,2452,2391,3318,3123,4619,4241,5227,4270,4269,9217,11507,5469,9124,119087,70346,8394,3257,40661,11,5,35,19
2021-04-08T23:59:59+02:00,1,4,3805,4071,6966,8015,7420,9721,9234,12564,11082,13132,13152,14329,15312,18863,5843,9819,0,2,587,603,1312,1745,1484,2392,2021,3527,2859,3834,3019,2863,8393,10498,5311,8887,117809,56053,8308,3252,37178,10,3,35,19
2021-04-07T23:59:59+02:00,1,4,3758,4044,6887,7956,7328,9650,9106,12434,10767,12821,12418,13555,15091,18598,5837,9797,0,2,357,385,959,1399,1078,2006,1512,3064,1906,2829,1830,1569,7484,9344,5156,8627,116835,46224,8147,3252,35034,9,3,33,19
2021-04-06T23:59:59+02:00,1,4,3741,4032,6864,7915,7272,9584,9013,12355,10555,12602,12032,13057,14866,18303,5826,9784,0,2,350,372,949,1388,1064,1984,1484,3037,1847,2770,1751,1500,7064,8784,5004,8387,115553,44457,8048,3250,34172,8,3,30,19
2021-04-05T23:59:59+02:00,1,4,3735,4030,6852,7901,7258,9573,8994,12327,10491,12542,11920,12908,14767,18210,5824,9781,0,2,348,365,938,1384,1058,1975,1474,3016,1825,2736,1697,1447,6831,8473,4879,8201,115209,43372,8026,3247,33851,8,3,29,19
2021-04-04T23:59:59+02:00,1,4,3735,4030,6850,7895,7257,9572,8991,12327,10481,12537,11916,12904,14764,18209,5824,9781,0,2,348,364,936,1383,1057,1973,1473,3015,1823,2733,1694,1442,6824,8459,4874,8198,115203,43323,8025,3245,33818,8,3,29,19
2021-04-03T23:59:59+02:00,1,4,3735,4030,6850,7894,7256,9572,8991,12326,10480,12537,11916,12903,14762,18206,5824,9781,0,2,348,363,934,1379,1055,1972,1472,3010,1821,2733,1688,1430,6781,8377,4839,8162,115198,43092,8025,3245,33813,7,3,29,19
2021-04-02T23:59:59+02:00,1,4,3733,4028,6845,7890,7249,9566,8978,12317,10464,12521,11789,12787,14718,18148,5821,9772,0,2,346,361,931,1373,1049,1960,1457,2985,1780,2694,1592,1344,6012,7475,4396,7590,115066,40399,8019,2920,33515,7,2,29,19
2021-04-01T23:59:59+02:00,1,3,3694,4015,6810,7868,7207,9534,8925,12278,10390,12450,11437,12379,14337,17626,5815,9754,0,2,341,358,914,1359,1037,1939,1425,2940,1720,2626,1466,1245,5063,6347,3826,6747,114662,36412,6596,2915,33234,7,2,29,19
2021-03-31T23:59:59+02:00,0,3,3688,4009,6796,7849,7189,9515,8889,12244,10300,12378,11103,11970,13986,17127,5809,9732,0,2,338,354,906,1348,1026,1922,1404,2912,1670,2589,1397,1192,4469,5657,3463,6269,114077,34050,5586,2841,32894,7,1,29,19
2021-03-30T23:59:59+02:00,0,3,3670,3982,6760,7810,7131,9448,8799,12141,10138,12221,10842,11693,13765,16861,5802,9718,0,2,334,347,900,1337,1018,1915,1379,2905,1642,2563,1369,1166,4349,5533,3401,6174,113257,33666,5332,2641,32167,7,1,27,19
2021-03-29T23:59:59+02:00,0,3,3660,3960,6734,7787,7091,9393,8703,12046,9954,12011,10402,11222,13391,16392,5786,9685,0,2,328,344,896,1325,1012,1906,1369,2892,1628,2554,1345,1150,4214,5389,3303,6041,111572,33038,5026,2634,31594,6,1,27,19
2021-03-28T23:59:59+02:00,0,3,3619,3903,6619,7629,6974,9249,8577,11853,9800,11819,10191,10959,13214,16210,5782,9676,0,2,328,344,896,1323,1010,1905,1367,2892,1627,2552,1336,1147,4180,5346,3277,6015,111196,32992,4761,2531,30093,5,1,26,18
2021-03-27T23:59:59+01:00,0,3,3618,3891,6607,7565,6944,9136,8527,11682,9748,11665,10078,10835,13120,16121,5781,9676,0,2,328,343,895,1323,1010,1902,1367,2890,1623,2551,1334,1145,4154,5311,3264,6000,111185,32888,4761,2530,29024,5,1,26,18
2021-03-26T23:59:59+01:00,0,3,3611,3884,6579,7528,6916,9061,8479,11569,9656,11537,10029,10772,13071,16064,5773,9655,0,2,323,341,894,1320,1006,1891,1364,2868,1603,2537,1309,1128,3967,5081,3155,5844,111126,32119,4537,2490,28497,5,1,26,18
2021-03-25T23:59:59+01:00,0,3,3587,3852,6485,7404,6824,8894,8289,11338,9347,11220,9649,10387,12765,15747,5768,9644,0,2,323,340,892,1311,1002,1880,1350,2855,1579,2518,1283,1108,3728,4831,2902,5502,110746,30893,4323,2490,26107,4,1,26,18
2021-03-24T23:59:59+01:00,0,3,3529,3800,6395,7220,6699,8668,8124,11100,9120,10895,9232,9896,12347,15288,5757,9633,0,2,323,339,891,1307,997,1878,1343,2850,1563,2502,1274,1098,3661,4757,2717,5275,110227,30267,4183,2490,23269,1,1,26,18
2021-03-23T23:59:59+01:00,0,3,3511,3767,6349,7164,6622,8609,8006,10973,8873,10661,8810,9427,11893,14766,5747,9619,0,2,323,339,890,1297,992,1869,1338,2841,1559,2493,1249,1073,3569,4680,2519,4950,109409,29474,4093,2490,21272,1,0,26,18
2021-03-22T23:59:59+01:00,0,3,3502,3747,6307,7136,6585,8561,7940,10898,8725,10525,8527,9075,11590,14443,5712,9580,0,2,321,334,884,1286,984,1862,1330,2830,1549,2483,1237,1064,3540,4644,2500,4917,108739,29258,4091,2490,20000,1,0,26,18
2021-03-21T23:59:59+01:00,0,3,3500,3745,6303,7126,6567,8545,7923,10879,8668,10467,8407,8958,11520,14340,5709,9577,0,2,319,333,876,1283,977,1855,1321,2828,1544,2479,1233,1061,3531,4629,2485,4907,108652,29154,4089,2490,19470,1,0,26,18
2021-03-20T23:59:59+01:00,0,3,3491,3707,6295,7053,6550,8407,7896,10695,8624,10331,8329,8873,11482,14301,5709,9577,0,2,319,333,876,1283,977,1854,1320,2828,1544,2477,1233,1061,3531,4628,2485,4907,108615,29150,3878,2489,18804,1,0,26,18
2021-03-19T23:59:59+01:00,0,3,3478,3676,6267,6967,6526,8313,7849,10578,8511,10170,7785,8264,11294,14057,5700,9559,0,2,316,332,871,1276,960,1844,1298,2797,1494,2432,1148,992,2859,3831,2065,4323,106986,26332,3577,2489,18408,1,0,26,18
2021-03-18T23:59:59+01:00,0,3,3467,3658,6226,6927,6490,8251,7784,10492,8395,10042,6822,7159,11013,13755,5688,9534,0,2,315,332,867,1271,954,1834,1282,2788,1470,2411,1109,972,2651,3591,1908,4099,103950,25348,3414,2489,18316,1,0,26,18
2021-03-17T23:59:59+01:00,0,3,3429,3619,6155,6840,6435,8147,7692,10361,8264,9884,6132,6307,10732,13440,5671,9507,0,2,314,332,859,1265,949,1821,1268,2766,1451,2384,1071,947,2522,3458,1825,3982,101142,24710,3412,2489,18038,1,0,26,16
2021-03-16T23:59:59+01:00,0,3,3410,3587,6117,6788,6390,8073,7637,10296,8173,9782,5955,6130,10017,12620,5630,9442,0,2,307,321,845,1248,937,1812,1262,2746,1439,2376,1056,926,2305,3211,1688,3784,98855,23761,3399,2487,17770,1,0,26,16
2021-03-15T23:59:59+01:00,0,3,3373,3554,6018,6705,6259,7979,7493,10175,8045,9655,5199,5293,9567,12068,5586,9372,0,2,306,320,841,1244,935,1804,1260,2733,1430,2367,1042,914,2160,3036,1596,3689,95315,23176,3390,2486,17613,1,0,26,16
2021-03-14T23:59:59+01:00,0,3,3249,3413,5739,6361,5987,7618,7176,9760,7759,9338,4866,4902,9406,11867,5582,9357,0,2,306,319,841,1244,934,1804,1257,2732,1428,2364,1039,911,2157,3033,1593,3688,92919,23152,3335,2483,16103,1,0,26,16
2021-03-13T23:59:59+01:00,0,3,2594,2759,4805,5495,4975,6691,5988,8646,6743,8389,4549,4519,9019,11341,5491,9250,0,2,306,318,840,1242,934,1798,1255,2730,1427,2364,1039,910,2133,2996,1562,3652,82252,23008,3335,2483,15644,1,0,26,16
2021-03-12T23:59:59+01:00,0,2,1771,1951,3472,4342,3466,5361,4239,7006,5099,6874,3873,3810,7761,9789,4977,8560,0,2,302,314,838,1238,927,1791,1248,2710,1402,2347,993,883,1776,2530,1288,3289,63383,21378,3332,2483,15612,1,0,26,16
2021-03-11T23:59:59+01:00,0,2,1275,1474,2567,3602,2565,4427,3145,5916,3736,5487,2695,2530,6053,7676,4201,7376,0,2,297,305,822,1230,914,1768,1230,2681,1376,2300,955,863,1616,2295,1161,3099,46064,20414,3329,2483,15308,1,0,26,16
2021-03-10T23:59:59+01:00,0,2,1053,1258,2198,3244,2189,4035,2694,5475,2823,4521,1557,1324,4688,5950,3634,6607,0,2,287,295,804,1209,892,1731,1196,2607,1337,2234,927,843,1434,2104,1064,2923,34990,19499,3328,2374,14909,0,0,25,16
2021-03-09T23:59:59+01:00,0,2,1037,1227,2135,3107,2124,3919,2609,5341,2740,4395,1522,1293,4610,5874,3592,6548,0,2,283,288,790,1188,875,1705,1169,2565,1319,2207,912,831,1356,1979,992,2807,34570,18922,3325,2330,14155,0,0,25,16
2021-03-08T23:59:59+01:00,0,2,1015,1198,2076,3005,2083,3838,2549,5227,2685,4322,1484,1270,4463,5713,3490,6405,0,2,283,284,785,1180,873,1696,1161,2557,1311,2190,887,810,1184,1752,865,2636,33869,18114,3324,2326,13607,0,0,25,16
2021-03-07T23:59:59+01:00,0,2,1010,1179,2036,2959,2041,3797,2508,5162,2644,4285,1479,1267,4456,5705,3487,6405,0,2,283,284,785,1179,873,1696,1161,2557,1310,2190,884,810,1175,1742,856,2625,33833,18113,3318,2283,13246,0,0,25,16
2021-03-06T23:59:59+01:00,0,2,1009,1176,2024,2944,2029,3778,2492,5135,2627,4263,1466,1257,4422,5659,3473,6393,0,2,283,284,785,1179,873,1695,1161,2557,1310,2190,884,810,1175,1742,856,2624,33688,18112,3317,2282,13119,0,0,25,16
2021-03-05T23:59:59+01:00,0,2,1005,1170,2008,2924,1999,3754,2449,5080,2573,4226,1430,1229,4152,5333,3321,6171,0,2,282,280,778,1170,867,1687,1158,2548,1306,2179,870,806,1167,1733,855,2622,32940,18014,2984,2281,12877,0,0,25,15
2021-03-04T23:59:59+01:00,0,2,913,1019,1919,2798,1932,3616,2372,4924,2483,4066,1399,1207,3909,5071,3054,5816,0,2,282,278,775,1165,864,1678,1157,2534,1301,2170,838,790,1153,1723,848,2609,31674,17895,2979,2257,11822,0,0,25,15
2021-03-03T23:59:59+01:00,0,2,866,907,1852,2698,1861,3512,2302,4809,2409,3982,1386,1192,3799,4964,2831,5541,0,2,280,275,774,1153,861,1659,1150,2492,1291,2144,821,786,1145,1702,839,2600,30992,17859,2858,2100,11038,0,0,25,15
2021-03-02T23:59:59+01:00,0,2,822,830,1756,2574,1777,3388,2210,4685,2349,3903,1351,1170,3669,4829,2621,5189,0,2,280,274,773,1147,857,1654,1144,2487,1285,2133,819,784,1130,1681,828,2581,30253,17746,2668,2098,10179,0,0,25,15
2021-03-01T23:59:59+01:00,0,2,799,793,1657,2431,1705,3243,2109,4512,2269,3782,1333,1158,3618,4764,2577,5129,0,2,280,272,769,1142,852,1641,1139,2475,1280,2121,812,781,1125,1669,820,2573,29997,17640,2584,2098,9275,0,0,25,15
2021-02-28T23:59:59+01:00,0,2,793,770,1640,2362,1677,3169,2086,4413,2254,3714,1327,1152,3608,4748,2562,5118,0,2,279,271,769,1141,852,1636,1139,2473,1280,2116,808,779,1117,1656,816,2563,29888,17617,2580,2065,8903,0,0,24,15
2021-02-27T23:59:59+01:00,0,2,778,753,1618,2301,1660,3058,2067,4287,2233,3619,1324,1149,3608,4746,2560,5117,0,2,279,271,769,1141,852,1636,1139,2473,1280,2115,808,779,1107,1650,799,2549,29882,17616,2579,2018,8395,0,0,24,15
2021-02-26T23:59:59+01:00,0,2,650,672,1512,2188,1608,2900,2004,4050,2132,3383,1232,1078,2953,3949,2125,4523,0,2,279,270,768,1139,851,1635,1139,2471,1278,2112,806,774,1089,1637,789,2532,27059,17540,2579,2016,7299,0,0,24,15
2021-02-25T23:59:59+01:00,0,2,501,595,1395,2083,1540,2771,1944,3924,2030,3268,1181,1043,2720,3678,1958,4279,0,2,262,255,744,1117,809,1566,1089,2370,1202,2020,750,753,1056,1599,777,2504,25981,17449,2550,1411,6357,0,0,24,15
2021-02-24T23:59:59+01:00,0,2,472,565,1325,1974,1470,2628,1875,3773,1954,3117,1143,1014,2579,3542,1878,4158,0,2,235,243,719,1071,782,1505,1059,2307,1146,1969,723,730,1008,1569,764,2473,25333,17257,2538,1033,5574,0,0,24,15
2021-02-23T23:59:59+01:00,0,2,417,525,1244,1832,1395,2481,1799,3561,1885,2995,1117,978,2370,3312,1750,3965,0,2,230,237,704,1045,770,1466,1037,2260,1119,1926,714,719,999,1555,761,2469,24392,17162,2529,836,4683,0,0,24,15
2021-02-22T23:59:59+01:00,0,2,404,491,1144,1723,1292,2382,1690,3454,1804,2922,1095,965,2226,3137,1658,3866,0,2,220,228,680,993,739,1403,1011,2166,1076,1843,670,686,929,1475,722,2410,23798,16968,2526,270,3907,0,0,24,15
2021-02-21T23:59:59+01:00,0,2,387,475,1043,1691,1142,2358,1533,3431,1699,2903,1087,963,2225,3136,1658,3866,0,2,193,222,649,985,727,1395,997,2161,1070,1841,667,683,926,1469,714,2402,23767,16834,2526,255,3282,0,0,24,14
2021-02-20T23:59:59+01:00,0,2,386,473,1042,1691,1141,2358,1532,3428,1699,2901,1087,962,2224,3136,1657,3865,0,2,192,220,646,985,724,1394,991,2158,1068,1841,667,683,926,1469,714,2401,23761,16812,2525,255,3274,0,0,24,14
2021-02-19T23:59:59+01:00,0,2,381,464,1030,1687,1130,2348,1517,3409,1666,2886,1036,933,1848,2628,1355,3471,0,2,169,210,620,981,707,1386,974,2156,1062,1839,664,682,925,1469,713,2398,21994,16688,2525,255,3248,0,0,24,14
2021-02-18T23:59:59+01:00,0,2,360,443,991,1601,1092,2262,1462,3292,1624,2794,1006,909,1670,2382,1221,3260,0,2,149,199,581,970,687,1373,940,2139,1036,1816,653,662,904,1441,699,2376,20992,16359,2525,255,2830,0,0,24,13
2021-02-17T23:59:59+01:00,0,2,337,391,908,1458,984,2066,1329,3037,1513,2573,967,878,1478,2168,1120,3079,0,2,143,192,568,939,662,1319,907,2060,989,1739,618,630,897,1414,693,2356,19910,15860,2525,255,1833,0,0,20,13
2021-02-16T23:59:59+01:00,0,2,331,351,866,1320,933,1880,1268,2817,1446,2412,956,861,1415,2071,1052,2976,0,2,137,179,554,898,647,1265,880,1995,959,1697,608,620,873,1381,679,2291,19532,15532,2524,120,881,0,0,20,13
2021-02-15T23:59:59+01:00,0,2,316,309,837,1289,916,1824,1227,2733,1407,2355,927,828,1236,1841,921,2798,0,2,129,171,533,871,629,1203,854,1922,936,1620,587,583,855,1344,670,2246,18613,15062,2523,80,612,0,0,18,13
2021-02-14T23:59:59+01:00,0,2,316,309,836,1289,915,1823,1226,2733,1406,2355,927,828,1236,1841,921,2797,0,2,128,171,532,863,625,1197,848,1916,933,1617,586,582,852,1343,669,2242,18611,15014,2523,79,608,0,0,18,13
2021-02-13T23:59:59+01:00,0,2,316,309,836,1289,915,1820,1226,2731,1406,2353,927,828,1236,1841,919,2797,0,2,128,171,532,863,625,1197,845,1913,931,1613,583,582,837,1321,657,2225,18604,15011,2521,1,608,0,0,18,13
2021-02-12T23:59:59+01:00,0,2,310,308,827,1284,911,1790,1220,2704,1378,2323,925,826,1235,1838,919,2797,0,2,128,171,530,861,624,1190,839,1901,925,1600,580,580,823,1310,652,2212,18596,14914,2521,1,462,0,0,18,13
2021-02-11T23:59:59+01:00,0,2,292,299,812,1249,905,1755,1203,2640,1355,2268,891,812,1223,1827,918,2787,0,2,125,156,512,822,602,1125,805,1801,902,1541,566,566,796,1274,637,2179,18484,14398,2520,0,216,0,0,18,13
2021-02-10T23:59:59+01:00,0,2,288,290,793,1210,892,1726,1191,2594,1340,2226,886,810,1208,1810,912,2768,0,2,121,146,445,737,556,1032,727,1674,844,1455,551,549,779,1251,625,2149,18455,13642,2415,0,59,0,0,17,1
2021-02-09T23:59:59+01:00,0,2,288,287,787,1194,880,1707,1175,2574,1324,2200,871,804,1194,1791,900,2748,0,2,105,127,386,648,503,898,646,1466,755,1262,496,469,659,1080,544,1883,18338,11928,2368,0,3,0,0,17,1
2021-02-08T23:59:59+01:00,0,2,288,286,785,1188,876,1700,1172,2570,1317,2192,865,801,1178,1767,882,2723,0,2,94,103,339,551,451,794,556,1254,647,1094,418,392,570,880,439,1547,18209,10130,2365,0,1,0,0,17,1
2021-02-07T23:59:59+01:00,0,2,287,285,784,1186,875,1700,1172,2569,1317,2189,859,799,1177,1764,880,2721,0,2,91,102,337,546,449,790,554,1244,643,1088,412,386,549,857,433,1532,18185,10014,2364,0,0,0,0,17,1
2021-02-06T23:59:59+01:00,0,2,287,284,783,1185,875,1699,1172,2569,1317,2188,858,799,1175,1758,878,2719,0,2,91,101,337,542,448,789,553,1240,641,1086,408,381,500,788,402,1486,18169,9794,2362,0,0,0,0,17,1
2021-02-05T23:59:59+01:00,0,2,287,283,783,1184,874,1698,1171,2568,1316,2183,851,793,1152,1747,871,2703,0,1,85,98,329,536,432,770,528,1204,612,1042,385,352,474,760,381,1439,18087,9427,2362,0,0,0,0,17,1
2021-02-04T23:59:59+01:00,0,2,284,275,779,1163,862,1676,1156,2540,1302,2159,828,779,1123,1716,864,2684,0,0,71,79,260,413,337,599,410,974,500,839,313,288,366,614,314,1216,17837,7592,2338,0,0,0,0,17,1
2021-02-03T23:59:59+01:00,0,2,283,270,775,1140,860,1649,1149,2489,1290,2128,809,765,1107,1694,852,2671,0,0,57,58,171,283,262,447,290,722,372,598,216,206,261,453,225,911,17738,5531,2178,0,0,0,0,17,1
2021-02-02T23:59:59+01:00,0,2,282,264,771,1130,854,1627,1141,2463,1277,2110,802,758,1099,1683,850,2663,0,0,37,36,94,144,153,260,178,451,241,378,142,136,179,276,158,588,17582,3450,2177,0,0,0,0,17,1
2021-02-01T23:59:59+01:00,0,2,280,260,766,1111,846,1606,1136,2434,1273,2075,792,745,1092,1672,845,2647,0,0,13,13,17,31,29,69,49,91,77,105,56,48,66,83,47,199,17389,993,2176,0,0,0,0,17,0
2021-01-31T23:59:59+01:00,0,2,274,258,750,1109,837,1595,1126,2423,1262,2067,786,739,1082,1654,838,2633,0,0,12,13,16,29,26,66,43,86,69,97,52,48,61,76,44,186,17352,924,2067,0,0,0,0,16,0
2021-01-30T23:59:59+01:00,0,2,274,258,750,1108,836,1595,1126,2423,1262,2067,785,739,1072,1647,821,2618,0,0,12,11,15,29,25,66,43,86,68,95,51,47,60,76,44,185,17347,913,2020,0,0,0,0,16,0
2021-01-29T23:59:59+01:00,0,2,272,258,750,1107,836,1595,1126,2423,1262,2066,784,738,1071,1645,821,2616,0,0,10,6,13,27,25,64,42,85,67,95,50,46,60,76,44,185,17338,895,2018,0,0,0,0,16,0
2021-01-28T23:59:59+01:00,0,2,268,254,739,1081,801,1539,1089,2362,1184,2006,743,723,1043,1625,805,2595,0,0,5,0,4,9,10,28,20,37,22,45,22,22,26,49,17,109,17155,425,1689,0,0,0,0,15,0
2021-01-27T23:59:59+01:00,0,2,262,247,716,1049,755,1482,1030,2281,1111,1925,708,696,1029,1602,802,2588,0,0,4,0,4,6,7,24,15,23,15,32,7,9,11,12,5,30,16705,204,1565,0,0,0,0,15,0
2021-01-26T23:59:59+01:00,0,2,239,238,701,1023,747,1434,1010,2207,1084,1860,696,682,1005,1586,792,2569,0,0,4,0,2,6,6,13,13,12,8,11,4,5,7,8,2,17,16655,118,1206,0,0,0,0,14,0
2021-01-25T23:59:59+01:00,0,2,208,223,648,950,695,1312,967,2061,1026,1724,649,626,927,1489,745,2493,0,0,4,0,2,6,6,13,13,12,8,11,4,5,7,8,2,17,16426,118,305,0,0,0,0,14,0
2021-01-24T23:59:59+01:00,0,2,191,217,622,938,677,1297,949,2044,1010,1714,642,620,916,1469,736,2480,0,0,3,0,2,5,6,13,12,12,7,11,4,5,7,8,2,17,16250,114,260,0,0,0,0,14,0
2021-01-23T23:59:59+01:00,0,2,191,217,622,938,677,1297,949,2044,1010,1714,642,619,916,1469,736,2480,0,0,3,0,2,4,6,13,10,12,7,11,4,5,7,8,2,17,16250,111,260,0,0,0,0,13,0
2021-01-22T23:59:59+01:00,0,2,144,199,564,928,659,1282,915,2034,998,1704,637,618,915,1469,736,2480,0,0,3,0,1,4,6,11,10,12,6,11,4,5,7,8,2,17,16011,107,260,0,0,0,0,13,0
2021-01-21T23:59:59+01:00,0,2,139,190,549,907,639,1241,882,1980,977,1657,625,597,903,1437,729,2461,0,0,3,0,0,4,5,11,9,12,6,11,4,5,7,8,2,16,15642,103,260,0,0,0,0,13,0
2021-01-20T23:59:59+01:00,0,2,133,173,502,844,616,1163,819,1870,940,1585,605,579,886,1414,719,2431,0,0,3,0,0,4,5,11,9,12,6,11,3,5,7,8,2,16,15010,102,258,0,0,0,0,13,0
2021-01-19T23:59:59+01:00,0,2,123,155,430,758,554,1035,735,1681,840,1426,558,529,785,1252,637,2167,0,0,3,0,0,4,5,8,9,12,6,11,3,5,7,8,2,16,13463,99,191,0,0,0,0,13,0
2021-01-18T23:59:59+01:00,0,2,105,121,360,607,463,863,604,1420,714,1216,488,463,696,1088,559,1876,0,0,1,0,0,1,1,0,0,0,0,1,0,0,0,1,0,0,11550,5,82,0,0,0,0,13,0
2021-01-17T23:59:59+01:00,0,2,100,119,356,602,461,857,602,1402,707,1206,482,453,669,1057,539,1830,0,0,1,0,0,1,0,0,0,0,0,1,0,0,0,1,0,0,11350,4,81,0,0,0,0,13,0
2021-01-16T23:59:59+01:00,0,2,100,116,354,593,458,852,590,1389,696,1193,467,439,572,931,478,1731,0,0,0,0,0,1,0,0,0,0,0,0,0,0,0,0,0,0,10945,1,3,0,0,0,0,13,0
2021-01-15T23:59:59+01:00,0,2,98,114,349,591,452,847,584,1381,679,1176,451,421,563,919,467,1707,0,0,0,0,0,0,0,0,0,0,0,0,0,0,0,0,0,0,10787,0,1,0,0,0,0,13,0
2021-01-14T23:59:59+01:00,0,0,80,91,294,489,373,683,466,1127,560,996,370,338,443,753,383,1451,0,0,0,0,0,0,0,0,0,0,0,0,0,0,0,0,0,0,8884,0,0,0,0,0,0,13,0
2021-01-13T23:59:59+01:00,0,0,66,68,208,372,297,512,353,844,430,714,261,239,327,566,294,1114,0,0,0,0,0,0,0,0,0,0,0,0,0,0,0,0,0,0,6653,0,0,0,0,0,0,12,0
2021-01-12T23:59:59+01:00,0,0,44,46,130,220,184,317,214,536,287,446,168,155,214,372,202,749,0,0,0,0,0,0,0,0,0,0,0,0,0,0,0,0,0,0,4284,0,0,0,0,0,0,0,0
2021-01-11T23:59:59+01:00,0,0,14,15,45,62,43,98,62,123,100,132,70,61,94,115,58,256,0,0,0,0,0,0,0,0,0,0,0,0,0,0,0,0,0,0,1348,0,0,0,0,0,0,0,0
2021-01-10T23:59:59+01:00,0,0,13,15,32,50,36,80,53,114,85,122,63,57,86,105,55,241,0,0,0,0,0,0,0,0,0,0,0,0,0,0,0,0,0,0,1207,0,0,0,0,0,0,0,0
2021-01-09T23:59:59+01:00,0,0,13,14,28,49,35,79,52,113,83,119,62,56,85,104,53,240,0,0,0,0,0,0,0,0,0,0,0,0,0,0,0,0,0,0,1185,0,0,0,0,0,0,0,0
2021-01-08T23:59:59+01:00,0,0,9,6,28,43,33,76,50,110,82,118,59,52,79,99,49,240,0,0,0,0,0,0,0,0,0,0,0,0,0,0,0,0,0,0,1133,0,0,0,0,0,0,0,0
2021-01-07T23:59:59+01:00,0,0,6,1,10,22,16,42,28,77,36,77,33,27,52,82,33,183,0,0,0,0,0,0,0,0,0,0,0,0,0,0,0,0,0,0,725,0,0,0,0,0,0,0,0
2021-01-06T23:59:59+01:00,0,0,6,0,5,11,11,34,25,43,22,48,27,24,38,56,23,131,0,0,0,0,0,0,0,0,0,0,0,0,0,0,0,0,0,0,504,0,0,0,0,0,0,0,0
2021-01-05T23:59:59+01:00,0,0,5,0,5,10,11,34,25,43,22,48,27,24,38,55,23,131,0,0,0,0,0,0,0,0,0,0,0,0,0,0,0,0,0,0,501,0,0,0,0,0,0,0,0
2021-01-04T23:59:59+01:00,0,0,4,0,2,5,5,14,14,12,7,12,4,5,7,9,2,18,0,0,0,0,0,0,0,0,0,0,0,0,0,0,0,0,0,0,120,0,0,0,0,0,0,0,0
2021-01-03T23:59:59+01:00,0,0,3,0,2,5,5,13,13,12,7,12,4,5,7,9,2,17,0,0,0,0,0,0,0,0,0,0,0,0,0,0,0,0,0,0,116,0,0,0,0,0,0,0,0
2021-01-02T23:59:59+01:00,0,0,3,0,2,5,5,13,11,12,7,12,4,5,7,9,2,17,0,0,0,0,0,0,0,0,0,0,0,0,0,0,0,0,0,0,114,0,0,0,0,0,0,0,0
2021-01-01T23:59:59+01:00,0,0,3,0,1,4,5,11,11,12,6,12,4,5,7,8,2,17,0,0,0,0,0,0,0,0,0,0,0,0,0,0,0,0,0,0,108,0,0,0,0,0,0,0,0
2020-12-31T23:59:59+01:00,0,0,3,0,0,4,5,11,9,12,6,12,4,5,7,8,2,17,0,0,0,0,0,0,0,0,0,0,0,0,0,0,0,0,0,0,105,0,0,0,0,0,0,0,0
2020-12-30T23:59:59+01:00,0,0,3,0,0,4,5,11,9,12,6,12,3,5,7,8,2,17,0,0,0,0,0,0,0,0,0,0,0,0,0,0,0,0,0,0,104,0,0,0,0,0,0,0,0
2020-12-29T23:59:59+01:00,0,0,3,0,0,3,5,8,9,12,6,12,3,5,7,8,2,17,0,0,0,0,0,0,0,0,0,0,0,0,0,0,0,0,0,0,100,0,0,0,0,0,0,0,0
2020-12-28T23:59:59+01:00,0,0,3,0,0,3,5,8,9,12,5,12,3,5,7,8,2,17,0,0,0,0,0,0,0,0,0,0,0,0,0,0,0,0,0,0,99,0,0,0,0,0,0,0,0
2020-12-27T23:59:59+01:00,0,0,1,0,0,0,0,0,0,0,0,1,0,0,2,4,0,8,0,0,0,0,0,0,0,0,0,0,0,0,0,0,0,0,0,0,16,0,0,0,0,0,0,0,0
