Datum,<24_1_m,<24_1_w,25-34_1_m,25-34_1_w,35-44_1_m,35-44_1_w,45-54_1_m,45-54_1_w,55-64_1_m,55-64_1_w,65-74_1_m,65-74_1_w,75-84_1_m,75-84_1_w,>84_1_m,>84_1_w,<24_2_m,<24_2_w,25-34_2_m,25-34_2_w,35-44_2_m,35-44_2_w,45-54_2_m,45-54_2_w,55-64_2_m,55-64_2_w,65-74_2_m,65-74_2_w,75-84_2_m,75-84_2_w,>84_2_m,>84_2_w,bp_1,bp_2,mo_1,mo_2,az_1,az_2,ja
2021-06-15T23:59:59+02:00,11209,11382,20037,19517,25998,26768,35035,36033,37526,38407,25730,29006,17780,22615,4912,8526,5518,5723,9537,9772,10583,12447,14617,17329,19467,21282,17003,19421,14653,18705,4579,7926,242811,161765,43427,11496,76543,27601,7700
2021-06-14T23:59:59+02:00,11049,11248,19756,19270,25842,26639,34916,35954,37477,38371,25717,28991,17774,22605,4912,8523,5440,5655,9371,9642,10422,12317,14361,17112,19164,21006,16846,19271,14570,18598,4578,7924,241663,160369,43425,11495,76539,26996,7417
2021-06-13T23:59:59+02:00,10859,11099,19459,19075,25518,26383,34732,35800,37380,38319,25705,28981,17766,22597,4912,8520,5380,5629,9261,9606,10334,12263,14086,16895,18931,20819,16749,19155,14533,18549,4577,7922,240037,159535,43425,11495,76535,26551,7108
2021-06-12T23:59:59+02:00,10849,11084,19447,19065,25518,26378,34732,35796,37377,38318,25705,28981,17766,22597,4912,8520,5376,5616,9251,9557,10301,12162,14034,16756,18879,20718,16647,19038,14451,18481,4576,7920,239992,159509,43425,11493,76531,25664,7097
2021-06-11T23:59:59+02:00,10681,10896,19223,18866,24745,25720,34558,35655,37259,38212,25677,28951,17757,22576,4912,8518,5289,5484,9021,9312,10060,11883,13467,16170,17955,19861,16521,18906,14419,18446,4574,7917,237187,155630,43424,11492,76527,25095,7068
2021-06-10T23:59:59+02:00,10217,10514,18597,18390,23936,25088,34268,35413,37097,38081,25631,28901,17736,22551,4909,8512,5075,5270,8432,8808,9258,11169,12259,14974,16023,18012,15719,18027,14196,18162,4567,7898,233728,146113,42774,11460,76503,23440,6836
2021-06-09T23:59:59+02:00,9691,9913,17775,17655,22806,24090,33838,35004,36845,37882,25538,28802,17697,22504,4900,8502,4921,5126,8146,8562,9024,10917,11896,14584,15562,17497,15350,17604,14000,17929,4562,7890,229831,144358,40899,11419,76468,21549,6244
2021-06-08T23:59:59+02:00,9349,9565,17325,17253,22423,23741,33623,34825,36689,37776,25507,28761,17688,22484,4898,8498,4790,5014,7919,8319,8737,10578,11552,14221,14925,16804,14905,17077,13779,17714,4557,7875,227167,142692,40867,10320,76462,19845,5909
2021-06-07T23:59:59+02:00,9131,9301,16876,16884,22005,23377,33377,34579,36587,37671,25482,28717,17673,22461,4893,8497,4717,4942,7759,8195,8592,10442,11367,14052,14642,16483,14704,16832,13640,17561,4555,7871,225569,141659,39906,10230,76452,18881,5584
2021-06-06T23:59:59+02:00,9014,9176,16737,16740,21823,23171,33152,34364,36477,37573,25454,28700,17662,22444,4893,8493,4690,4896,7709,8086,8543,10311,11256,13897,14448,16276,14533,16654,13558,17456,4551,7866,224371,141189,39607,10220,76435,17861,5460
2021-06-05T23:59:59+02:00,8986,9159,16714,16715,21815,23168,33143,34358,36475,37572,25453,28700,17661,22443,4893,8493,4678,4847,7696,8022,8529,10173,11240,13718,14430,16191,14497,16601,13551,17446,4551,7865,224261,141108,39607,10220,76434,17261,5446
2021-06-04T23:59:59+02:00,8867,9054,16429,16472,21357,22743,32923,34169,36366,37464,25421,28664,17651,22431,4891,8492,4668,4837,7670,7996,8502,10144,11167,13638,14327,16057,14424,16516,13519,17410,4551,7863,222693,140781,38840,9892,76415,17170,5446
2021-06-03T23:59:59+02:00,8583,8795,15523,15646,19660,21302,32092,33329,35923,37050,25302,28545,17616,22386,4885,8477,4602,4798,7589,7919,8377,10038,10987,13443,13753,15461,14198,16259,13450,17322,4549,7853,216128,138600,37273,9791,76406,16900,5307
2021-06-02T23:59:59+02:00,8424,8617,15135,15230,19206,20890,31661,32901,35758,36856,25244,28491,17598,22362,4883,8476,4569,4761,7521,7831,8293,9950,10834,13310,13280,14974,14122,16149,13432,17292,4546,7850,213177,136831,36845,9698,76406,16881,5304
2021-06-01T23:59:59+02:00,8102,8339,14758,14933,18870,20569,31348,32585,35563,36650,25193,28421,17576,22337,4881,8465,4447,4662,7281,7653,8059,9757,10572,13021,12851,14522,13735,15735,13338,17172,4541,7842,210477,134738,36800,9446,76385,16076,4928
2021-05-31T23:59:59+02:00,7930,8131,14546,14700,18151,19969,31024,32263,35270,36398,25119,28335,17553,22286,4872,8454,4346,4532,7080,7406,7830,9467,10217,12638,12403,13998,13221,15132,13181,16981,4532,7835,209094,131591,34756,9129,76369,15297,4782
2021-05-30T23:59:59+02:00,7903,8113,14502,14669,18077,19910,30971,32224,35247,36378,25105,28322,17552,22281,4871,8452,4288,4438,6942,7205,7674,9239,9999,12317,12166,13676,13104,14970,13127,16912,4530,7829,208806,130878,34745,9028,76318,13802,4708
2021-05-29T23:59:59+02:00,7900,8112,14495,14664,18071,19906,30966,32221,35245,36377,25103,28318,17552,22281,4871,8452,4278,4421,6910,7172,7641,9187,9966,12261,12093,13585,13060,14905,13103,16893,4529,7824,208779,130740,34745,9028,76303,13353,4707
2021-05-28T23:59:59+02:00,7891,8097,14478,14646,18055,19886,30956,32210,35236,36361,25102,28313,17550,22279,4871,8452,4262,4389,6887,7133,7610,9132,9903,12142,11834,13324,12896,14714,13077,16869,4527,7821,208630,129453,34744,9027,76303,13334,4706
2021-05-27T23:59:59+02:00,7786,7993,14175,14429,17587,19542,30319,31700,35091,36244,25061,28280,17537,22269,4870,8446,4109,4204,6593,6883,7240,8825,9389,11551,11116,12414,12396,14200,12978,16722,4522,7813,207596,125979,33312,8699,76269,12125,4152
2021-05-26T23:59:59+02:00,7700,7864,13966,14213,17329,19239,29781,31191,34934,36097,25029,28237,17524,22249,4869,8441,4003,4039,6363,6589,6949,8393,9029,11065,10469,11615,11883,13638,12874,16548,4519,7794,206015,122471,32566,8518,76257,10956,3825
2021-05-25T23:59:59+02:00,7609,7757,13762,13998,17036,19002,29092,30576,34852,36004,25010,28217,17513,22234,4864,8440,3937,3936,6227,6418,6795,8199,8809,10771,10106,11236,11566,13173,12782,16421,4517,7786,205316,120648,31126,8381,75770,9896,3754
2021-05-24T23:59:59+02:00,7519,7644,13599,13791,16801,18724,28691,30151,34536,35633,24966,28157,17494,22215,4864,8438,3922,3905,6170,6337,6750,8114,8750,10682,9986,11086,11440,12997,12741,16343,4510,7768,204816,120040,28927,8335,75762,9408,3718
2021-05-23T23:59:59+02:00,7516,7643,13594,13781,16798,18714,28670,30140,34502,35592,24965,28150,17494,22211,4864,8438,3918,3901,6163,6326,6742,8107,8721,10649,9944,11021,11357,12897,12725,16321,4510,7768,204688,120035,28911,7922,75761,9401,3712
2021-05-22T23:59:59+02:00,7507,7638,13582,13766,16790,18709,28668,30139,34499,35586,24965,28150,17494,22211,4864,8438,3916,3900,6161,6324,6741,8102,8717,10648,9938,11018,11347,12883,12719,16317,4510,7768,204624,119994,28911,7922,75759,9381,3712
2021-05-21T23:59:59+02:00,7433,7564,13431,13662,16610,18557,28387,29962,34106,35333,24946,28122,17486,22203,4863,8436,3905,3888,6127,6303,6712,8069,8679,10600,9850,10935,10846,12177,12611,16194,4507,7764,203951,118258,28786,7919,74723,9349,3641
2021-05-20T23:59:59+02:00,7085,7323,12830,13253,15335,17596,26334,28294,33471,34836,24848,27980,17444,22134,4857,8424,3836,3825,6042,6188,6601,7915,8512,10444,9602,10601,10535,11752,12522,16052,4501,7753,199255,116314,27059,7847,72216,9006,3514
2021-05-19T23:59:59+02:00,6843,7040,12304,12788,14577,16890,25434,27481,32905,34310,24763,27896,17411,22089,4853,8415,3743,3734,5880,6021,6407,7669,8230,10152,9297,10218,10238,11366,12466,15927,4499,7746,193646,114424,27021,7652,72203,8388,3129
2021-05-18T23:59:59+02:00,6636,6901,11895,12459,13924,16375,24268,26503,32333,33780,24662,27785,17371,22046,4848,8407,3692,3698,5765,5912,6242,7504,8026,9938,9103,9984,10061,11099,12351,15753,4489,7739,188744,113308,26519,7583,72162,7697,2768
2021-05-17T23:59:59+02:00,6574,6850,11719,12348,13638,16141,23442,25836,32059,33526,24602,27735,17349,22018,4841,8401,3582,3600,5581,5740,6079,7307,7819,9709,8895,9758,9985,10996,12306,15699,4486,7737,186996,112627,25831,7576,71770,6594,2482
2021-05-16T23:59:59+02:00,6543,6827,11656,12294,13546,16052,22757,25234,31531,33066,24566,27698,17342,22003,4840,8401,3576,3570,5567,5679,6053,7243,7792,9618,8864,9675,9974,10983,12303,15697,4486,7737,186236,112519,24296,7570,71352,6256,2472
2021-05-15T23:59:59+02:00,6530,6818,11624,12283,13515,16042,22686,25164,31001,32691,24559,27696,17341,22000,4839,8400,3560,3553,5551,5636,6039,7168,7751,9493,8637,9438,9937,10941,12274,15658,4486,7736,186187,112518,24284,7432,70705,5895,2013
2021-05-14T23:59:59+02:00,6488,6787,11558,12245,13442,15969,22247,24834,30611,32383,24534,27655,17329,21986,4839,8398,3524,3509,5515,5541,6020,7034,7709,9272,8581,9272,9854,10814,12205,15557,4486,7735,185474,112354,23968,7106,69851,5156,2012
2021-05-13T23:59:59+02:00,6307,6603,11168,11942,12686,15375,19937,22974,29260,31061,24355,27473,17270,21926,4838,8395,3510,3473,5493,5498,6002,6977,7680,9204,8540,9215,9615,10536,12044,15308,4482,7727,181594,112006,20208,6311,67771,4990,1997
2021-05-12T23:59:59+02:00,6273,6574,11095,11880,12582,15279,19809,22847,28864,30661,24303,27422,17257,21900,4837,8390,3510,3469,5486,5492,5993,6962,7653,9184,8501,9162,9392,10264,11864,15043,4479,7720,180632,111731,19576,5462,67768,4984,1997
2021-05-11T23:59:59+02:00,6113,6459,10857,11625,12209,14897,19167,22175,27982,29750,24161,27276,17211,21833,4832,8375,3462,3417,5400,5334,5891,6778,7514,8943,8339,8950,9211,10061,11744,14880,4470,7706,176648,110714,18699,5355,67640,4096,1935
2021-05-10T23:59:59+02:00,5969,6363,10642,11422,11952,14644,18834,21815,27583,29377,24066,27187,17174,21790,4828,8372,3381,3352,5288,5224,5775,6668,7391,8805,8216,8849,9103,9928,11666,14768,4468,7699,174658,110188,18017,5344,67416,3122,1927
2021-05-09T23:59:59+02:00,5889,6300,10543,11315,11843,14524,18465,21495,27236,29044,23991,27107,17146,21764,4826,8369,3304,3319,5140,5181,5599,6627,7232,8774,8098,8816,9095,9916,11650,14753,4468,7699,174268,110113,16750,5335,66926,2310,1913
2021-05-08T23:59:59+02:00,5887,6298,10542,11313,11843,14524,18462,21493,27234,29042,23991,27107,17146,21764,4826,8369,3304,3318,5139,5181,5599,6627,7232,8774,8096,8816,9094,9915,11650,14753,4468,7699,174253,110110,16750,5335,66925,2307,1913
2021-05-07T23:59:59+02:00,5849,6271,10464,11252,11716,14403,17997,21171,26667,28526,23957,27070,17132,21728,4819,8343,3290,3311,5130,5175,5590,6614,7218,8760,8090,8808,9088,9905,11640,14728,4460,7676,173423,110096,16748,5334,65411,2270,1783
2021-05-06T23:59:59+02:00,5557,6077,9967,10894,11163,13897,16815,20088,24328,26239,23587,26699,17044,21642,4814,8333,3238,3265,5070,5093,5543,6523,7129,8629,7961,8671,8991,9800,11620,14687,4457,7673,168444,109547,14354,5280,62574,1751,1772
2021-05-05T23:59:59+02:00,5462,5979,9650,10667,10836,13555,16195,19439,23520,25309,23366,26415,16986,21556,4806,8319,3217,3225,5021,5001,5484,6396,7038,8462,7837,8470,8892,9662,11557,14619,4456,7665,164803,108626,13063,5274,62425,1333,1769
2021-05-04T23:59:59+02:00,5359,5874,9479,10465,10627,13303,15796,19015,22992,24762,23173,26175,16929,21498,4798,8310,3207,3182,4993,4931,5448,6275,6988,8322,7753,8318,8794,9557,11496,14575,4454,7663,162581,108166,11954,5265,62272,777,1748
2021-05-03T23:59:59+02:00,5270,5787,9290,10330,10454,13115,15489,18761,22601,24353,23053,26052,16905,21459,4798,8305,3122,3104,4905,4859,5381,6183,6887,8218,7567,8153,8726,9479,11459,14534,4451,7659,161081,107950,11953,5262,62180,667,808
2021-05-02T23:59:59+02:00,5253,5771,9207,10269,10323,12993,15123,18424,22351,24106,23007,26008,16892,21434,4797,8304,3112,3097,4837,4820,5288,6091,6743,8087,7471,8069,8681,9443,11439,14502,4449,7654,160201,107839,11950,5260,62077,650,34
2021-05-01T23:59:59+02:00,5253,5769,9205,10268,10322,12993,15120,18421,22349,24106,23006,26007,16892,21434,4797,8304,3112,3097,4837,4820,5288,6091,6743,8087,7471,8069,8681,9443,11439,14502,4449,7654,160185,107839,11950,5260,62077,650,34
2021-04-30T23:59:59+02:00,5168,5662,8943,10045,10067,12752,14587,17953,21528,23349,22939,25925,16876,21410,4795,8301,3108,3095,4828,4810,5279,6059,6730,8051,7439,8041,8679,9441,11439,14500,4447,7653,156600,107817,11950,5258,61749,523,1
2021-04-29T23:59:59+02:00,4991,5486,8425,9617,9380,12155,13487,16951,19739,21720,22328,25254,16775,21242,4790,8287,3080,3065,4789,4743,5235,5977,6669,7948,7363,7927,8571,9325,11381,14438,4441,7647,147490,107342,11936,4988,61200,268,1
2021-04-28T23:59:59+02:00,4952,5463,8349,9541,9302,12067,13368,16812,19531,21530,22251,25164,16752,21207,4788,8284,3075,3045,4762,4691,5207,5929,6639,7872,7313,7852,8557,9301,11368,14418,4440,7642,147113,107151,11846,4916,60401,43,1
2021-04-27T23:59:59+02:00,4897,5399,8212,9408,9195,11916,13204,16633,19086,21016,22048,24943,16703,21147,4785,8277,3071,3039,4760,4689,5200,5919,6624,7855,7279,7816,8486,9207,11306,14355,4436,7639,146395,106899,10777,4746,59696,35,1
2021-04-26T23:59:59+02:00,4844,5361,8103,9319,9056,11807,13000,16450,18690,20652,21929,24811,16682,21129,4785,8277,3071,3037,4755,4684,5194,5911,6608,7835,7251,7785,8435,9156,11259,14284,4433,7627,145631,106804,10642,4491,58622,30,0
2021-04-25T23:59:59+02:00,4829,5345,8063,9285,8989,11742,12846,16313,18347,20306,21753,24600,16649,21086,4781,8272,3071,3037,4754,4683,5190,5907,6605,7832,7247,7780,8380,9092,11237,14262,4433,7626,144262,106782,10631,4325,58313,29,0
2021-04-24T23:59:59+02:00,4822,5337,8046,9280,8975,11733,12793,16280,18292,20268,21740,24591,16647,21081,4781,8272,3070,3037,4754,4683,5190,5907,6605,7832,7247,7780,8380,9092,11237,14262,4433,7626,144166,106782,10631,4325,58141,28,0
2021-04-23T23:59:59+02:00,4801,5299,7987,9211,8883,11631,12400,15912,17897,19882,21552,24398,16591,21012,4780,8265,3067,3035,4750,4680,5181,5899,6593,7821,7222,7747,8361,9068,11231,14255,4431,7623,142912,106771,10284,4166,57305,27,0
2021-04-22T23:59:59+02:00,4740,5219,7858,9012,8676,11360,12060,15462,16937,18827,21049,23799,16491,20864,4772,8253,3057,3027,4745,4661,5156,5874,6549,7783,7158,7703,8227,8911,11104,14116,4428,7617,139186,106160,10164,3935,56029,21,0
2021-04-21T23:59:59+02:00,4692,5167,7752,8888,8510,11203,11735,15155,16160,17989,20753,23465,16442,20774,4767,8243,3045,3014,4730,4645,5137,5853,6539,7768,7133,7682,8175,8848,11073,14081,4426,7616,136288,105886,10035,3859,55372,20,0
2021-04-20T23:59:59+02:00,4667,5138,7716,8831,8424,11119,11564,14976,15676,17466,20341,22984,16367,20655,4760,8232,3038,3004,4723,4632,5109,5832,6512,7748,7090,7643,8067,8706,11019,14011,4422,7613,134151,105328,9772,3822,54993,19,0
2021-04-19T23:59:59+02:00,4634,5073,7656,8732,8324,10974,11404,14791,15392,17151,19882,22425,16231,20477,4749,8224,3033,3003,4717,4625,5096,5818,6495,7732,7065,7597,8007,8643,11001,13978,4420,7610,132098,105002,9416,3819,54605,19,0
2021-04-18T23:59:59+02:00,4613,5043,7594,8675,8209,10837,11105,14531,14909,16587,19477,21952,16133,20319,4747,8220,3033,3003,4717,4625,5096,5818,6494,7729,7062,7595,8005,8639,10998,13975,4420,7607,129693,104980,9347,3817,53911,19,0
2021-04-17T23:59:59+02:00,4608,5035,7575,8668,8199,10818,11061,14482,14796,16487,19361,21842,16115,20296,4746,8218,3033,3003,4716,4622,5090,5814,6478,7721,7039,7572,7957,8593,10982,13955,4419,7607,129257,104971,9339,3611,53711,19,0
2021-04-16T23:59:59+02:00,4592,4980,7499,8542,8102,10654,10825,14199,14099,15696,18848,21246,16014,20163,4738,8202,3030,3000,4710,4617,5087,5802,6458,7711,6988,7518,7662,8213,10903,13833,4412,7594,126415,104196,9278,3323,52706,19,0
2021-04-15T23:59:59+02:00,4540,4915,7380,8409,7928,10403,10478,13768,13300,14790,18094,20443,15830,19896,4725,8189,3029,2992,4700,4600,5074,5771,6426,7675,6904,7431,7101,7568,10832,13741,4408,7584,122776,102628,9121,3191,51191,17,0
2021-04-14T23:59:59+02:00,4510,4874,7314,8298,7823,10258,10288,13557,12859,14309,17590,19850,15711,19739,4722,8175,2991,2971,4683,4565,5048,5730,6390,7639,6849,7369,6372,6686,10696,13600,4404,7577,121398,100366,8887,3191,49592,13,0
2021-04-13T23:59:59+02:00,4506,4866,7270,8281,7769,10224,10173,13498,12432,13965,16909,18999,15540,19516,4718,8169,2966,2940,4664,4541,5019,5692,6333,7569,6754,7270,6148,6411,10193,12994,4397,7561,120713,98255,8670,3184,47452,13,0
2021-04-12T23:59:59+02:00,4489,4848,7219,8231,7714,10151,10055,13395,12154,13704,16478,18492,15397,19355,4713,8166,2935,2925,4589,4498,4918,5621,6221,7497,6609,7149,5361,5549,9812,12527,4369,7524,120385,94915,8635,3176,45541,13,0
2021-04-11T23:59:59+02:00,4472,4839,7175,8179,7659,10105,9956,13307,11895,13467,15883,17779,15190,19093,4709,8158,2849,2833,4450,4373,4777,5496,6045,7327,6467,7048,5040,5180,9713,12398,4369,7520,119808,92744,8207,3129,43851,12,0
2021-04-10T23:59:59+02:00,4450,4814,7137,8131,7611,10053,9891,13248,11807,13367,15662,17591,15154,19040,4708,8153,2208,2197,3625,3668,3913,4706,5001,6385,5694,6335,4783,4885,9610,12266,4364,7512,119345,84011,8207,3129,43265,12,0
2021-04-09T23:59:59+02:00,4427,4793,7098,8102,7541,9991,9727,13111,11399,12990,14493,16057,14806,18628,4699,8146,1235,1273,2257,2440,2384,3327,3146,4707,4243,4984,4133,4182,9398,11972,4345,7488,117459,68375,8205,3127,40344,12,0
2021-04-08T23:59:59+02:00,4398,4774,7035,8049,7444,9887,9522,12981,10935,12575,13367,14802,14488,18198,4682,8120,651,725,1335,1718,1467,2378,2030,3594,2854,3570,2937,2837,8663,11069,4245,7319,116233,54256,8125,3124,36899,12,0
2021-04-07T23:59:59+02:00,4346,4742,6952,7995,7353,9822,9382,12830,10598,12239,12648,14047,14327,17987,4677,8102,398,475,964,1372,1054,1992,1511,3125,1831,2463,1793,1571,7827,9995,4132,7129,115276,44499,7974,3124,34797,9,0
2021-04-06T23:59:59+02:00,4330,4727,6928,7958,7297,9748,9280,12748,10365,11995,12254,13533,14156,17757,4667,8091,390,459,957,1364,1038,1969,1485,3095,1770,2406,1714,1496,7384,9401,4029,6956,114000,42782,7876,3123,33958,8,0
2021-04-05T23:59:59+02:00,4324,4725,6917,7947,7286,9737,9257,12719,10301,11929,12133,13383,14074,17679,4665,8090,388,454,945,1360,1033,1960,1473,3075,1749,2369,1659,1442,7128,9061,3947,6823,113668,41736,7855,3122,33643,8,0
2021-04-04T23:59:59+02:00,4324,4725,6914,7941,7285,9736,9256,12719,10290,11924,12130,13380,14072,17678,4665,8090,388,453,945,1360,1032,1958,1472,3073,1748,2365,1656,1438,7120,9047,3943,6821,113663,41690,7855,3121,33611,8,0
2021-04-03T23:59:59+02:00,4324,4725,6914,7940,7285,9736,9256,12719,10290,11924,12130,13379,14070,17676,4665,8090,388,452,942,1356,1031,1957,1471,3068,1746,2363,1649,1425,7074,8962,3913,6794,113659,41462,7855,3121,33609,8,0
2021-04-02T23:59:59+02:00,4321,4723,6913,7937,7277,9729,9247,12712,10270,11903,12002,13261,14034,17629,4661,8083,386,449,940,1349,1024,1946,1455,3041,1703,2322,1538,1330,6251,7981,3560,6332,113538,38799,7851,2800,33313,8,0
2021-04-01T23:59:59+02:00,4279,4709,6874,7918,7240,9699,9196,12671,10197,11822,11614,12779,13722,17214,4657,8073,381,444,922,1332,1014,1929,1420,2991,1637,2259,1418,1237,5229,6756,3124,5648,113155,34938,6459,2795,33050,8,0
2021-03-31T23:59:59+02:00,4271,4703,6860,7900,7224,9680,9158,12635,10101,11749,11236,12302,13446,16801,4651,8056,378,441,912,1324,1007,1915,1397,2964,1587,2220,1339,1172,4618,6020,2835,5280,112586,32679,5467,2722,32720,8,0
2021-03-30T23:59:59+02:00,4248,4674,6822,7862,7171,9615,9059,12522,9936,11594,10960,11990,13259,16583,4644,8044,373,435,907,1313,996,1909,1376,2956,1560,2196,1313,1146,4489,5889,2789,5197,111765,32309,5218,2527,32000,8,0
2021-03-29T23:59:59+02:00,4238,4651,6794,7837,7127,9559,8960,12421,9724,11373,10497,11467,12956,16197,4630,8017,368,430,903,1304,990,1901,1365,2945,1542,2187,1290,1130,4347,5719,2704,5096,110098,31693,4910,2521,31440,7,0
2021-03-28T23:59:59+02:00,4185,4584,6680,7681,7014,9419,8832,12222,9569,11188,10277,11184,12804,16050,4627,8009,368,430,903,1304,988,1900,1364,2945,1541,2185,1282,1128,4313,5675,2682,5076,109728,31658,4647,2420,29950,6,0
2021-03-27T23:59:59+01:00,4183,4566,6668,7617,6983,9292,8780,12048,9517,11050,10149,11053,12729,15977,4627,8009,368,429,903,1304,988,1898,1363,2943,1538,2184,1279,1125,4286,5640,2671,5062,109719,31556,4647,2419,28882,6,0
2021-03-26T23:59:59+01:00,4177,4556,6637,7580,6952,9212,8730,11929,9427,10928,10098,10995,12694,15925,4620,7993,363,427,901,1301,984,1885,1357,2919,1520,2176,1251,1106,4098,5401,2579,4930,109663,30814,4426,2378,28364,6,0
2021-03-25T23:59:59+01:00,4148,4515,6545,7450,6852,9042,8529,11693,9119,10609,9700,10586,12438,15668,4616,7985,363,425,899,1293,980,1874,1343,2900,1495,2160,1222,1090,3845,5131,2357,4628,109291,29622,4219,2378,25985,5,0
2021-03-24T23:59:59+01:00,4082,4442,6460,7272,6729,8810,8356,11444,8878,10289,9252,10057,12091,15281,4607,7978,363,424,898,1290,974,1872,1337,2891,1478,2147,1215,1080,3770,5055,2190,4415,108781,29019,4085,2377,23162,3,0
2021-03-23T23:59:59+01:00,4062,4405,6412,7219,6646,8740,8238,11311,8614,10052,8798,9524,11700,14851,4599,7966,363,423,896,1279,969,1864,1332,2881,1475,2135,1189,1062,3674,4961,2006,4119,107978,28248,3992,2377,21167,3,0
2021-03-22T23:59:59+01:00,4048,4384,6375,7186,6613,8695,8164,11232,8458,9892,8485,9153,11437,14569,4573,7931,360,417,891,1267,961,1858,1324,2872,1467,2124,1177,1053,3642,4921,1992,4092,107309,28039,3989,2376,19897,3,0
2021-03-21T23:59:59+01:00,4046,4380,6370,7175,6597,8680,8141,11212,8393,9831,8374,9022,11372,14487,4572,7928,358,416,882,1263,952,1853,1317,2870,1463,2119,1173,1051,3633,4905,1978,4084,107224,27938,3988,2376,19368,3,0
2021-03-20T23:59:59+01:00,4038,4333,6361,7102,6583,8537,8114,11019,8348,9719,8293,8935,11341,14452,4572,7928,358,416,882,1263,952,1853,1316,2870,1463,2117,1173,1051,3633,4903,1978,4084,107193,27934,3776,2375,18706,3,0
2021-03-19T23:59:59+01:00,4025,4298,6334,7018,6557,8443,8064,10905,8212,9531,7758,8336,11188,14245,4564,7914,353,415,876,1255,936,1842,1290,2839,1409,2070,1085,975,2912,4033,1636,3615,105591,25163,3477,2375,18324,3,0
2021-03-18T23:59:59+01:00,4013,4278,6291,6978,6525,8375,7992,10818,8067,9370,6776,7215,10989,14031,4554,7896,352,415,872,1251,929,1834,1273,2829,1384,2050,1044,959,2687,3755,1505,3437,102614,24198,3320,2375,18234,3,0
2021-03-17T23:59:59+01:00,3970,4233,6222,6891,6466,8271,7896,10689,7940,9211,5988,6236,10838,13876,4538,7875,351,415,864,1245,926,1821,1259,2810,1359,2027,1015,935,2551,3618,1445,3344,99864,23607,3319,2375,17957,3,0
2021-03-16T23:59:59+01:00,3950,4197,6184,6837,6418,8204,7837,10617,7852,9118,5795,6021,10190,13142,4504,7820,343,405,851,1229,914,1812,1253,2793,1345,2019,1001,913,2321,3351,1332,3182,97683,22688,3309,2373,17694,3,0
2021-03-15T23:59:59+01:00,3911,4160,6079,6756,6292,8105,7695,10499,7695,8977,5008,5143,9815,12658,4467,7764,342,404,848,1225,913,1803,1250,2781,1337,2010,986,899,2166,3166,1262,3106,94182,22124,3302,2372,17540,2,0
2021-03-14T23:59:59+01:00,3759,3974,5797,6420,6029,7761,7368,10050,7424,8689,4662,4746,9689,12496,4464,7753,342,404,848,1225,912,1803,1248,2780,1335,2007,985,897,2163,3162,1259,3106,91791,22105,3249,2369,16041,2,0
2021-03-13T23:59:59+01:00,3015,3232,4844,5557,5018,6811,6128,8894,6509,7829,4361,4381,9315,11985,4401,7670,342,404,847,1223,911,1798,1247,2778,1334,2007,985,896,2131,3121,1237,3076,81110,21966,3249,2369,15591,2,0
2021-03-12T23:59:59+01:00,2071,2314,3485,4373,3503,5467,4311,7204,5037,6442,3699,3695,8020,10359,4007,7135,338,400,843,1219,907,1792,1238,2756,1306,1989,938,870,1732,2604,1023,2781,62312,20365,3247,2369,15563,2,0
2021-03-11T23:59:59+01:00,1488,1772,2574,3617,2588,4520,3201,6082,3659,5032,2586,2471,6241,8132,3420,6188,333,392,827,1210,894,1768,1219,2726,1282,1948,900,846,1558,2349,921,2621,45060,19423,3245,2369,15266,2,0
2021-03-10T23:59:59+01:00,1239,1523,2200,3247,2204,4128,2733,5653,2679,3959,1493,1286,4878,6380,2980,5585,323,382,809,1190,871,1725,1183,2660,1246,1885,875,827,1368,2129,838,2480,34058,18525,3245,2264,14864,2,0
2021-03-09T23:59:59+01:00,1217,1480,2132,3110,2139,4014,2648,5511,2598,3846,1461,1259,4801,6301,2948,5536,316,373,798,1169,850,1694,1159,2621,1230,1861,860,812,1275,1998,785,2380,33654,17959,3242,2220,14105,2,0
2021-03-08T23:59:59+01:00,1189,1441,2079,3012,2095,3928,2588,5396,2545,3787,1421,1237,4648,6115,2860,5425,316,367,793,1163,847,1685,1151,2613,1219,1842,841,787,1086,1753,683,2241,32964,17169,3242,2217,13560,1,0
2021-03-07T23:59:59+01:00,1182,1420,2038,2968,2054,3884,2549,5327,2508,3760,1415,1234,4642,6107,2857,5425,316,367,793,1163,847,1685,1151,2613,1218,1842,837,787,1078,1742,675,2231,32934,17169,3237,2176,13199,0,0
2021-03-06T23:59:59+01:00,1180,1416,2030,2953,2041,3865,2534,5297,2489,3742,1401,1220,4609,6067,2846,5414,316,367,793,1163,847,1685,1151,2613,1218,1842,837,787,1078,1742,675,2230,32792,17169,3237,2175,13075,0,0
2021-03-05T23:59:59+01:00,1174,1411,2012,2932,2011,3837,2491,5243,2438,3713,1360,1189,4328,5716,2719,5224,314,364,785,1157,843,1678,1148,2605,1215,1834,824,783,1071,1733,674,2228,32053,17081,2907,2175,12838,0,0
2021-03-04T23:59:59+01:00,1071,1245,1926,2812,1943,3698,2415,5076,2350,3577,1329,1169,4065,5426,2483,4907,314,362,783,1152,841,1672,1147,2596,1210,1830,804,776,1061,1721,667,2217,30803,17001,2903,2152,11786,0,0
2021-03-03T23:59:59+01:00,1015,1127,1865,2715,1876,3596,2345,4962,2280,3502,1319,1157,3940,5313,2277,4645,313,357,782,1145,838,1650,1141,2555,1196,1810,791,772,1052,1702,661,2211,30135,16976,2788,2000,11011,0,0
2021-03-02T23:59:59+01:00,962,1039,1772,2591,1786,3474,2259,4838,2216,3431,1291,1138,3797,5158,2087,4321,313,355,781,1139,835,1648,1137,2550,1191,1800,789,769,1037,1679,652,2195,29411,16871,2599,1999,10150,0,0
2021-03-01T23:59:59+01:00,928,975,1675,2457,1714,3329,2156,4667,2147,3323,1272,1128,3742,5087,2049,4268,312,354,778,1136,834,1634,1132,2538,1186,1793,784,766,1032,1671,651,2194,29158,16796,2515,1999,9244,0,0
2021-02-28T23:59:59+01:00,919,946,1657,2393,1685,3250,2136,4575,2133,3257,1267,1124,3732,5072,2035,4259,312,354,778,1135,834,1633,1132,2538,1185,1792,782,764,1023,1656,648,2186,29052,16786,2513,1966,8875,0,0
2021-02-27T23:59:59+01:00,901,924,1636,2329,1670,3138,2113,4438,2114,3181,1265,1122,3732,5070,2034,4258,312,354,778,1135,834,1632,1132,2538,1185,1791,782,764,1023,1656,648,2186,29047,16784,2512,1966,8366,0,0
2021-02-26T23:59:59+01:00,753,835,1545,2210,1617,2983,2049,4181,2010,2966,1172,1048,3023,4193,1678,3776,312,354,776,1133,834,1631,1132,2534,1183,1790,779,759,1003,1639,641,2174,26256,16710,2512,1964,7271,0,0
2021-02-25T23:59:59+01:00,578,747,1445,2102,1550,2858,1983,4049,1916,2857,1122,1024,2772,3878,1540,3581,294,336,748,1108,792,1561,1083,2429,1113,1709,729,742,972,1597,631,2152,25189,16618,2484,1378,6329,0,0
2021-02-24T23:59:59+01:00,541,707,1371,1990,1487,2704,1904,3897,1843,2722,1088,993,2616,3728,1482,3480,263,316,723,1067,770,1498,1050,2368,1063,1664,699,719,932,1564,619,2127,24540,16432,2473,1010,5540,0,0
2021-02-23T23:59:59+01:00,479,657,1289,1847,1417,2552,1820,3690,1781,2611,1064,963,2393,3469,1378,3328,257,307,709,1043,758,1462,1026,2323,1041,1624,690,709,921,1550,618,2123,23619,16347,2463,814,4656,0,0
2021-02-22T23:59:59+01:00,464,618,1185,1736,1310,2459,1720,3579,1699,2548,1046,948,2239,3284,1308,3250,246,292,681,991,730,1395,999,2230,998,1549,653,682,850,1469,588,2072,23048,16162,2459,263,3886,0,0
2021-02-21T23:59:59+01:00,440,599,1076,1706,1159,2435,1567,3557,1606,2532,1042,946,2238,3283,1308,3250,215,285,654,984,719,1386,985,2225,995,1547,650,680,845,1465,582,2065,23019,16032,2459,250,3266,0,0
2021-02-20T23:59:59+01:00,440,598,1075,1706,1158,2434,1566,3556,1606,2530,1042,945,2237,3283,1307,3249,214,283,651,984,716,1385,978,2222,994,1547,650,680,845,1465,582,2065,23013,16011,2458,250,3261,0,0
2021-02-19T23:59:59+01:00,433,588,1065,1703,1147,2424,1552,3537,1574,2512,990,916,1812,2718,1067,2926,191,273,625,980,699,1376,964,2220,988,1546,647,679,843,1465,581,2064,21269,15891,2458,250,3237,0,0
2021-02-18T23:59:59+01:00,413,565,1020,1618,1111,2339,1502,3415,1536,2434,959,891,1614,2448,964,2750,170,261,585,969,674,1365,930,2202,967,1527,636,662,821,1433,572,2048,20288,15572,2458,250,2833,0,0
2021-02-17T23:59:59+01:00,382,498,935,1477,1000,2117,1368,3172,1430,2230,926,867,1414,2203,877,2606,163,254,569,934,653,1309,892,2126,920,1453,603,632,815,1410,568,2030,19214,15081,2458,250,1830,0,0
2021-02-16T23:59:59+01:00,374,449,891,1335,947,1921,1300,2951,1369,2082,918,852,1339,2097,824,2521,154,238,558,891,634,1255,868,2062,889,1416,593,619,795,1379,555,1972,18842,14765,2457,113,871,0,0
2021-02-15T23:59:59+01:00,355,405,866,1304,927,1861,1255,2867,1335,2027,893,822,1140,1843,716,2370,145,228,536,861,615,1193,845,1987,865,1341,573,584,777,1340,547,1935,17927,14299,2456,73,603,0,0
2021-02-14T23:59:59+01:00,354,405,866,1304,926,1861,1252,2867,1335,2027,893,822,1140,1843,716,2370,145,227,535,855,610,1188,841,1983,862,1338,571,584,776,1339,547,1932,17925,14260,2456,73,600,0,0
2021-02-13T23:59:59+01:00,354,405,866,1303,926,1858,1252,2865,1335,2025,893,822,1140,1843,716,2370,145,227,535,855,610,1188,839,1979,860,1336,568,584,762,1318,535,1917,17917,14258,2456,0,600,0,0
2021-02-12T23:59:59+01:00,347,404,860,1295,922,1830,1244,2830,1308,2003,893,821,1139,1840,716,2370,145,226,533,852,608,1180,832,1969,856,1322,565,582,748,1306,529,1906,17909,14159,2456,0,457,0,0
2021-02-11T23:59:59+01:00,326,394,846,1260,916,1789,1226,2765,1287,1954,861,807,1129,1829,715,2360,141,207,517,809,585,1115,797,1863,831,1275,555,568,724,1267,516,1880,17797,13650,2455,0,212,0,0
2021-02-10T23:59:59+01:00,323,381,826,1227,902,1758,1213,2716,1274,1918,857,806,1113,1811,711,2346,135,192,453,734,549,1025,727,1747,792,1216,539,554,715,1247,506,1862,17773,12993,2351,0,58,0,0
2021-02-09T23:59:59+01:00,323,377,820,1212,892,1741,1198,2698,1260,1895,843,801,1098,1794,703,2330,116,168,398,647,504,883,647,1556,711,1049,478,464,602,1078,441,1639,17676,11381,2306,0,3,0,0
2021-02-08T23:59:59+01:00,322,376,818,1207,892,1736,1196,2693,1253,1887,838,798,1079,1770,694,2316,102,143,356,560,452,783,556,1332,609,916,404,384,528,884,353,1352,17571,9714,2303,0,1,0,0
2021-02-07T23:59:59+01:00,321,375,816,1206,891,1736,1196,2691,1253,1885,832,796,1077,1766,693,2315,100,142,354,555,450,779,553,1322,605,913,400,381,506,860,349,1339,17546,9608,2303,0,0,0,0
2021-02-06T23:59:59+01:00,321,374,816,1206,891,1735,1196,2691,1253,1884,831,793,1074,1762,693,2313,100,141,354,552,449,777,552,1319,602,911,397,377,455,785,322,1301,17531,9394,2302,0,0,0,0
2021-02-05T23:59:59+01:00,321,374,815,1204,891,1735,1195,2689,1252,1882,823,787,1050,1749,688,2300,92,137,347,545,432,758,528,1282,572,877,375,351,436,761,309,1266,17453,9068,2302,0,0,0,0
2021-02-04T23:59:59+01:00,318,366,811,1182,881,1712,1178,2661,1238,1861,800,771,1023,1719,683,2287,74,106,271,420,334,597,417,1043,464,704,299,285,333,603,249,1061,17212,7260,2279,0,0,0,0
2021-02-03T23:59:59+01:00,317,356,808,1165,879,1680,1171,2610,1220,1838,786,758,1004,1695,676,2274,58,73,183,292,256,447,298,759,341,507,200,203,236,446,176,794,17117,5269,2120,0,0,0,0
2021-02-02T23:59:59+01:00,315,351,804,1156,875,1657,1158,2586,1211,1822,782,752,994,1683,675,2267,37,43,100,149,151,250,186,486,213,316,131,124,158,266,126,519,16968,3255,2120,0,0,0,0
2021-02-01T23:59:59+01:00,314,346,795,1141,870,1635,1153,2558,1208,1794,773,739,989,1675,671,2254,12,13,16,27,28,64,49,95,61,89,46,43,56,80,39,173,16795,891,2120,0,0,0,0
2021-01-31T23:59:59+01:00,307,344,780,1139,862,1624,1141,2546,1198,1786,768,733,979,1656,664,2243,11,13,14,26,26,61,42,89,57,82,42,43,52,72,36,162,16760,828,2010,0,0,0,0
2021-01-30T23:59:59+01:00,307,344,780,1139,861,1624,1141,2546,1198,1786,767,733,979,1655,664,2243,11,11,14,26,26,61,41,89,56,80,42,42,51,72,36,161,16757,819,2010,0,0,0,0
2021-01-29T23:59:59+01:00,307,344,780,1138,861,1624,1141,2546,1198,1785,766,731,978,1654,664,2241,10,6,13,26,26,59,39,88,55,80,41,41,51,72,36,161,16750,804,2008,0,0,0,0
2021-01-28T23:59:59+01:00,303,337,764,1113,826,1567,1102,2482,1126,1735,725,720,949,1628,654,2225,4,0,3,9,11,21,18,42,19,39,20,21,23,47,16,96,16573,389,1683,0,0,0,0
2021-01-27T23:59:59+01:00,297,330,735,1075,780,1507,1041,2403,1056,1659,693,693,938,1610,651,2218,3,0,3,6,8,17,13,27,13,28,5,7,10,10,5,25,16124,180,1562,0,0,0,0
2021-01-26T23:59:59+01:00,271,316,720,1051,770,1459,1019,2324,1032,1599,680,682,917,1592,641,2201,3,0,1,6,6,7,12,11,5,12,3,3,6,7,2,16,16073,100,1201,0,0,0,0
2021-01-25T23:59:59+01:00,237,296,664,969,716,1340,977,2171,972,1476,636,630,837,1488,605,2139,3,0,1,6,6,7,12,11,5,12,3,3,6,7,2,16,15848,100,305,0,0,0,0
2021-01-24T23:59:59+01:00,218,285,639,962,699,1325,957,2155,960,1466,628,624,828,1468,596,2127,3,0,1,6,5,7,12,11,4,12,3,3,6,7,2,16,15676,98,261,0,0,0,0
2021-01-23T23:59:59+01:00,218,285,639,962,699,1325,957,2155,960,1466,628,624,828,1468,596,2127,3,0,1,6,5,7,10,11,4,12,3,3,6,7,2,16,15676,96,261,0,0,0,0
2021-01-22T23:59:59+01:00,166,266,585,953,678,1311,927,2143,949,1458,623,623,828,1468,596,2127,3,0,0,6,5,7,10,11,4,12,3,3,6,7,2,16,15440,95,261,0,0,0,0
2021-01-21T23:59:59+01:00,160,255,570,929,656,1271,889,2085,930,1416,616,602,814,1435,591,2112,3,0,0,6,4,7,10,11,4,12,3,3,6,7,2,15,15070,93,261,0,0,0,0
2021-01-20T23:59:59+01:00,151,234,526,861,632,1192,823,1972,897,1353,595,586,797,1412,583,2087,3,0,0,6,4,7,10,11,4,12,3,3,6,7,2,15,14442,93,259,0,0,0,0
2021-01-19T23:59:59+01:00,134,206,448,774,566,1044,737,1774,798,1209,541,522,698,1240,514,1855,3,0,0,6,4,7,10,11,4,12,3,3,6,7,2,15,12869,93,191,0,0,0,0
2021-01-18T23:59:59+01:00,112,167,378,620,472,868,605,1490,677,1035,475,456,621,1068,451,1608,1,0,0,0,0,0,0,0,0,0,0,0,0,1,0,0,11022,2,81,0,0,0,0
2021-01-17T23:59:59+01:00,108,165,374,615,471,861,602,1472,668,1027,472,449,593,1037,437,1567,1,0,0,0,0,0,0,0,0,0,0,0,0,1,0,0,10837,2,81,0,0,0,0
2021-01-16T23:59:59+01:00,108,162,372,607,468,853,591,1458,655,1018,457,435,495,899,378,1483,0,0,0,0,0,0,0,0,0,0,0,0,0,0,0,0,10437,0,2,0,0,0,0
2021-01-15T23:59:59+01:00,106,160,368,605,462,847,585,1449,636,1003,443,419,486,885,371,1462,0,0,0,0,0,0,0,0,0,0,0,0,0,0,0,0,10287,0,0,0,0,0,0
2021-01-14T23:59:59+01:00,82,126,306,498,381,685,470,1187,526,842,360,338,389,730,304,1247,0,0,0,0,0,0,0,0,0,0,0,0,0,0,0,0,8471,0,0,0,0,0,0
2021-01-13T23:59:59+01:00,65,93,219,372,301,515,361,867,396,609,246,238,285,547,228,955,0,0,0,0,0,0,0,0,0,0,0,0,0,0,0,0,6297,0,0,0,0,0,0
2021-01-12T23:59:59+01:00,43,59,131,221,183,310,225,563,251,377,154,145,184,357,157,649,0,0,0,0,0,0,0,0,0,0,0,0,0,0,0,0,4009,0,0,0,0,0,0
2021-01-11T23:59:59+01:00,13,18,44,58,43,91,70,131,76,112,64,56,82,114,46,215,0,0,0,0,0,0,0,0,0,0,0,0,0,0,0,0,1233,0,0,0,0,0,0
2021-01-10T23:59:59+01:00,13,17,32,48,35,73,57,123,69,102,55,52,77,102,43,204,0,0,0,0,0,0,0,0,0,0,0,0,0,0,0,0,1102,0,0,0,0,0,0
2021-01-09T23:59:59+01:00,13,16,29,47,35,73,54,122,68,99,55,51,76,101,41,203,0,0,0,0,0,0,0,0,0,0,0,0,0,0,0,0,1083,0,0,0,0,0,0
2021-01-08T23:59:59+01:00,9,9,29,43,33,69,51,121,67,98,52,46,70,97,38,203,0,0,0,0,0,0,0,0,0,0,0,0,0,0,0,0,1035,0,0,0,0,0,0
2021-01-07T23:59:59+01:00,5,2,10,23,18,35,28,90,31,63,32,27,47,81,27,159,0,0,0,0,0,0,0,0,0,0,0,0,0,0,0,0,678,0,0,0,0,0,0
2021-01-06T23:59:59+01:00,5,0,4,11,13,28,24,50,18,39,26,24,33,56,20,116,0,0,0,0,0,0,0,0,0,0,0,0,0,0,0,0,467,0,0,0,0,0,0
2021-01-05T23:59:59+01:00,5,0,4,11,13,28,24,50,18,39,26,24,33,55,20,116,0,0,0,0,0,0,0,0,0,0,0,0,0,0,0,0,466,0,0,0,0,0,0
2021-01-04T23:59:59+01:00,4,0,1,6,4,7,14,11,4,12,3,3,6,8,2,17,0,0,0,0,0,0,0,0,0,0,0,0,0,0,0,0,102,0,0,0,0,0,0
2021-01-03T23:59:59+01:00,3,0,1,6,4,7,13,11,4,12,3,3,6,8,2,16,0,0,0,0,0,0,0,0,0,0,0,0,0,0,0,0,99,0,0,0,0,0,0
2021-01-02T23:59:59+01:00,3,0,1,6,4,7,11,11,4,12,3,3,6,8,2,16,0,0,0,0,0,0,0,0,0,0,0,0,0,0,0,0,97,0,0,0,0,0,0
2021-01-01T23:59:59+01:00,3,0,0,6,4,7,11,11,4,12,3,3,6,7,2,16,0,0,0,0,0,0,0,0,0,0,0,0,0,0,0,0,95,0,0,0,0,0,0
2020-12-31T23:59:59+01:00,3,0,0,6,4,7,10,11,4,12,3,3,6,7,2,16,0,0,0,0,0,0,0,0,0,0,0,0,0,0,0,0,94,0,0,0,0,0,0
2020-12-30T23:59:59+01:00,3,0,0,6,4,7,10,11,4,12,3,3,6,7,2,16,0,0,0,0,0,0,0,0,0,0,0,0,0,0,0,0,94,0,0,0,0,0,0
2020-12-29T23:59:59+01:00,3,0,0,6,4,7,10,11,4,12,3,3,6,7,2,16,0,0,0,0,0,0,0,0,0,0,0,0,0,0,0,0,94,0,0,0,0,0,0
2020-12-28T23:59:59+01:00,3,0,0,6,4,7,10,11,4,12,3,3,6,7,2,16,0,0,0,0,0,0,0,0,0,0,0,0,0,0,0,0,94,0,0,0,0,0,0
2020-12-27T23:59:59+01:00,1,0,0,0,0,0,0,0,0,0,0,0,1,3,0,7,0,0,0,0,0,0,0,0,0,0,0,0,0,0,0,0,12,0,0,0,0,0,0
