Datum,<15_m,<15_w,15-24_1_m,15-24_1_w,25-34_1_m,25-34_1_w,35-44_1_m,35-44_1_w,45-54_1_m,45-54_1_w,55-64_1_m,55-64_1_w,65-74_1_m,65-74_1_w,75-84_1_m,75-84_1_w,>84_1_m,>84_1_w,<24_2_m,<24_2_w,25-34_2_m,25-34_2_w,35-44_2_m,35-44_2_w,45-54_2_m,45-54_2_w,55-64_2_m,55-64_2_w,65-74_2_m,65-74_2_w,75-84_2_m,75-84_2_w,>84_2_m,>84_2_w,bp_1,bp_2,mo_1,mo_2,az_1,az_2,ja,unb_1,unb_2
2021-10-03T23:59:59+02:00,3806,3478,25264,24282,34453,31809,34393,34381,39881,40192,43305,43408,28314,31542,20139,25243,6285,10611,22531,21511,31929,29035,32389,31970,37697,37720,41169,41292,27233,30315,19386,24219,5987,10001,336839,313726,45454,43665,77549,71202,20887,62,35
2021-10-02T23:59:59+02:00,3806,3478,25264,24281,34452,31809,34393,34381,39880,40192,43305,43408,28314,31542,20139,25243,6285,10611,22531,21511,31929,29035,32389,31970,37697,37720,41169,41292,27233,30315,19386,24219,5987,10001,336836,313725,45454,43665,77549,71202,20887,62,35
2021-10-01T23:59:59+02:00,3787,3460,25217,24216,34391,31743,34332,34340,39846,40168,43275,43390,28311,31536,20137,25241,6283,10608,22434,21424,31878,28966,32341,31928,37661,37674,41144,41276,27226,30310,19382,24215,5986,9999,336405,313174,45430,43639,77549,71200,20840,62,35
2021-09-30T23:59:59+02:00,3755,3418,25116,24101,34289,31665,34261,34283,39776,40111,43225,43350,28296,31519,20127,25232,6281,10599,22316,21307,31797,28865,32283,31857,37608,37628,41104,41250,27199,30299,19379,24202,5985,9996,335654,312399,45390,43614,77544,71200,20759,62,34
2021-09-29T23:59:59+02:00,3737,3398,25089,24057,34261,31637,34235,34257,39756,40089,43205,43333,28287,31511,20122,25226,6275,10592,22288,21276,31774,28845,32262,31833,37593,37611,41088,41238,27193,30287,19375,24193,5984,9995,335336,312156,45386,43611,77544,71200,20744,62,34
2021-09-28T23:59:59+02:00,3710,3368,25002,23987,34180,31570,34187,34208,39711,40051,43168,43301,28271,31490,20111,25203,6266,10565,22194,21202,31707,28772,32215,31786,37559,37568,41063,41213,27172,30272,19373,24184,5981,9993,334745,311651,45352,43581,77543,71199,20652,62,34
2021-09-27T23:59:59+02:00,3687,3345,24965,23962,34143,31533,34166,34178,39692,40019,43149,43280,28264,31480,20104,25198,6263,10558,22158,21171,31676,28732,32189,31766,37537,37550,41045,41200,27163,30268,19370,24180,5980,9990,334427,311391,45343,43565,77542,71199,20617,62,34
2021-09-26T23:59:59+02:00,3533,3240,24907,23927,34133,31525,34159,34175,39686,40012,43143,43274,28263,31478,20102,25197,6262,10557,22142,21153,31672,28725,32185,31762,37529,37543,41040,41195,27160,30264,19367,24178,5979,9989,334019,311289,45343,43564,77542,71198,20612,62,34
2021-09-25T23:59:59+02:00,3532,3240,24906,23927,34133,31525,34159,34175,39685,40011,43142,43274,28263,31477,20102,25197,6262,10557,22140,21150,31672,28725,32183,31761,37526,37541,41040,41195,27160,30263,19367,24178,5979,9989,334013,311274,45343,43564,77542,71198,20612,62,34
2021-09-24T23:59:59+02:00,3508,3208,24825,23851,34021,31445,34091,34112,39628,39964,43108,43248,28249,31466,20099,25191,6261,10555,22054,21062,31579,28662,32136,31724,37470,37503,41020,41173,27147,30252,19364,24175,5978,9989,333488,310821,45311,43551,77541,71197,20433,62,33
2021-09-23T23:59:59+02:00,3339,3057,24687,23702,33930,31354,34016,34053,39570,39912,43050,43204,28232,31452,20091,25180,6259,10553,21940,20960,31512,28584,32087,31668,37434,37469,40985,41139,27133,30234,19357,24159,5977,9986,332451,310207,45282,43532,77541,71195,20310,62,33
2021-09-22T23:59:59+02:00,3316,3033,24651,23650,33899,31322,33993,34016,39543,39897,43028,43180,28223,31443,20087,25169,6259,10548,21912,20931,31476,28546,32069,31640,37412,37454,40962,41128,27123,30228,19354,24155,5977,9985,332111,309946,45273,43528,77539,71194,20277,62,33
2021-09-21T23:59:59+02:00,3192,2899,24454,23497,33758,31221,33927,33933,39475,39850,43006,43138,28204,31422,20078,25159,6250,10533,21776,20793,31366,28441,31992,31563,37358,37405,40929,41094,27112,30216,19346,24140,5974,9980,331047,309172,45234,43501,77539,71193,20119,62,33
2021-09-20T23:59:59+02:00,3168,2878,24409,23450,33714,31181,33897,33900,39445,39819,42982,43113,28199,31413,20074,25153,6250,10529,21739,20753,31323,28394,31971,31528,37328,37387,40915,41085,27102,30209,19337,24134,5972,9973,330689,308875,45217,43494,77539,71191,20072,62,32
2021-09-19T23:59:59+02:00,3164,2876,24399,23444,33706,31173,33890,33893,39440,39804,42972,43112,28198,31412,20074,25151,6250,10529,21732,20748,31319,28386,31968,31527,37321,37379,40907,41084,27102,30209,19336,24133,5972,9973,330611,308822,45217,43493,77538,71191,20064,62,32
2021-09-18T23:59:59+02:00,3164,2876,24399,23444,33706,31173,33890,33893,39440,39804,42972,43112,28198,31412,20074,25151,6250,10529,21732,20748,31319,28384,31966,31527,37321,37379,40907,41084,27102,30209,19336,24132,5972,9973,330611,308817,45217,43493,77538,71191,20064,62,32
2021-09-17T23:59:59+02:00,3137,2838,24295,23330,33601,31072,33814,33825,39370,39750,42937,43085,28184,31404,20072,25145,6248,10527,21652,20671,31249,28322,31901,31480,37281,37346,40887,41070,27094,30194,19334,24125,5972,9972,329963,308368,45175,43473,77537,71191,19902,61,32
2021-09-16T23:59:59+02:00,3087,2790,24184,23198,33506,30965,33748,33721,39324,39690,42885,43036,28159,31383,20056,25134,6245,10519,21549,20575,31168,28250,31837,31416,37258,37291,40856,41032,27083,30174,19327,24117,5970,9971,329150,307779,45136,43464,77537,71185,19750,61,32
2021-09-15T23:59:59+02:00,3064,2777,24143,23150,33475,30921,33733,33690,39294,39662,42867,43018,28149,31372,20050,25128,6244,10517,21512,20532,31136,28203,31810,31393,37226,37257,40832,41006,27069,30165,19320,24109,5969,9967,328819,307417,45123,43463,77536,71183,19719,61,32
2021-09-14T23:59:59+02:00,3026,2745,24037,23009,33332,30780,33649,33605,39237,39611,42816,42968,28131,31355,20041,25120,6240,10512,21427,20450,31045,28114,31747,31331,37177,37214,40788,40980,27059,30145,19311,24101,5967,9964,328012,306894,45088,43456,77535,71179,19522,61,32
2021-09-13T23:59:59+02:00,3008,2725,23987,22956,33287,30722,33618,33555,39212,39581,42785,42944,28125,31342,20036,25119,6239,10508,21377,20403,31001,28064,31718,31299,37154,37194,40774,40958,27053,30139,19307,24097,5966,9963,327634,306595,45072,43443,77535,71178,19451,61,32
2021-09-12T23:59:59+02:00,3004,2718,23983,22947,33282,30718,33609,33549,39207,39578,42782,42942,28123,31340,20035,25118,6239,10507,21361,20395,30992,28046,31699,31291,37148,37187,40768,40952,27048,30138,19305,24094,5966,9961,327567,306474,45072,43443,77534,71177,19451,61,32
2021-09-11T23:59:59+02:00,3002,2717,23981,22945,33280,30717,33607,33548,39207,39576,42781,42942,28120,31338,20035,25118,6239,10507,21357,20394,30991,28043,31699,31291,37148,37186,40767,40951,27046,30138,19305,24094,5966,9961,327547,306458,45072,43443,77534,71177,19450,61,32
2021-09-10T23:59:59+02:00,2960,2674,23847,22818,33151,30601,33505,33473,39133,39492,42733,42902,28104,31321,20030,25110,6238,10505,21242,20291,30879,27950,31610,31238,37085,37144,40721,40918,27038,30128,19299,24084,5964,9960,326805,305918,45052,43424,77534,71176,19149,61,32
2021-09-09T23:59:59+02:00,2910,2635,23674,22670,33045,30475,33411,33373,39063,39423,42693,42855,28077,31303,20021,25104,6236,10503,21124,20161,30786,27853,31534,31143,37022,37089,40672,40870,27014,30112,19290,24075,5960,9957,325940,305170,45028,43404,77532,71173,18920,55,32
2021-09-08T23:59:59+02:00,2889,2604,23635,22621,33016,30437,33395,33345,39043,39402,42678,42840,28071,31294,20018,25099,6235,10503,21091,20129,30755,27837,31519,31118,37005,37066,40661,40857,27007,30105,19284,24070,5959,9956,325629,304938,45022,43400,77532,71172,18891,55,32
2021-09-07T23:59:59+02:00,2837,2549,23486,22477,32897,30330,33321,33259,38988,39338,42634,42806,28053,31277,20015,25094,6234,10500,20955,19996,30637,27753,31444,31052,36957,37014,40623,40828,26990,30080,19278,24059,5958,9954,324883,304288,44998,43378,77531,71167,18631,55,32
2021-09-06T23:59:59+02:00,2814,2534,23455,22433,32866,30297,33300,33239,38967,39325,42618,42791,28050,31273,20013,25092,6233,10497,20914,19953,30606,27726,31424,31027,36938,36995,40609,40816,26982,30072,19276,24050,5955,9952,324618,303988,44982,43370,77530,71166,18615,55,32
2021-09-05T23:59:59+02:00,2803,2531,23448,22427,32864,30292,33298,33234,38964,39322,42614,42785,28048,31269,20011,25091,6232,10496,20902,19946,30596,27720,31421,31023,36935,36993,40604,40813,26977,30070,19274,24046,5954,9952,324553,303914,44981,43370,77530,71166,18613,55,32
2021-09-04T23:59:59+02:00,2803,2531,23445,22426,32863,30292,33298,33233,38964,39321,42613,42784,28048,31269,20011,25091,6232,10496,20900,19946,30596,27720,31420,31022,36935,36993,40603,40813,26977,30070,19274,24046,5954,9952,324547,303907,44981,43370,77530,71166,18610,55,32
2021-09-03T23:59:59+02:00,2780,2497,23368,22349,32791,30221,33258,33190,38920,39293,42583,42772,28040,31256,20010,25089,6230,10495,20851,19887,30548,27681,31386,30987,36907,36967,40574,40801,26969,30062,19272,24044,5953,9952,324050,303561,44953,43362,77528,71158,18559,55,32
2021-09-02T23:59:59+02:00,2751,2465,23263,22253,32730,30131,33201,33135,38882,39260,42544,42739,28020,31245,20006,25075,6228,10492,20777,19826,30490,27619,31348,30956,36868,36930,40541,40772,26959,30050,19269,24033,5953,9952,323452,303136,44923,43345,77527,71153,18466,55,32
2021-09-01T23:59:59+02:00,2730,2451,23240,22217,32701,30101,33180,33109,38856,39239,42531,42724,28012,31238,20001,25073,6228,10492,20737,19785,30461,27593,31325,30934,36849,36915,40524,40756,26949,30041,19268,24027,5953,9952,323204,302874,44912,43341,77526,71152,18429,55,32
2021-08-31T23:59:59+02:00,2685,2409,23119,22111,32620,30001,33126,33052,38811,39197,42505,42699,28001,31232,19995,25069,6227,10488,20649,19692,30390,27533,31276,30891,36809,36883,40495,40731,26940,30029,19262,24022,5953,9950,322629,302458,44882,43326,77525,71145,18259,55,32
2021-08-30T23:59:59+02:00,2663,2385,23066,22068,32580,29959,33102,33015,38782,39177,42485,42681,27996,31226,19988,25060,6226,10484,20523,19592,30292,27439,31216,30841,36776,36855,40474,40697,26925,30015,19261,24013,5953,9948,322289,301749,44867,43317,77525,71140,18210,55,32
2021-08-29T23:59:59+02:00,2632,2355,22979,22005,32518,29902,33059,32984,38736,39141,42455,42660,27987,31219,19985,25055,6226,10483,20420,19524,30223,27389,31181,30807,36735,36826,40449,40679,26912,30004,19260,24008,5953,9948,321836,301321,44852,43294,77523,71130,18118,55,32
2021-08-28T23:59:59+02:00,2626,2353,22979,22005,32514,29902,33058,32984,38733,39140,42454,42660,27986,31219,19985,25055,6226,10483,20419,19523,30218,27388,31181,30804,36732,36824,40449,40679,26912,30004,19260,24008,5953,9948,321823,301310,44852,43293,77523,71130,18112,55,32
2021-08-27T23:59:59+02:00,2626,2353,22974,22001,32509,29902,33057,32982,38731,39138,42450,42660,27985,31219,19985,25055,6225,10483,20413,19521,30209,27387,31180,30802,36729,36823,40447,40679,26912,30004,19260,24007,5953,9948,321808,301295,44852,43293,77523,71127,18100,55,32
2021-08-26T23:59:59+02:00,2544,2270,22784,21795,32377,29760,32939,32875,38643,39049,42385,42591,27960,31186,19972,25037,6224,10477,20141,19251,30067,27219,31038,30676,36620,36728,40362,40605,26870,29963,19241,23983,5947,9946,320590,299779,44832,43269,77522,71111,17872,55,32
2021-08-25T23:59:59+02:00,2538,2262,22764,21769,32366,29739,32925,32860,38631,39035,42374,42585,27955,31183,19965,25031,6221,10475,20093,19208,30031,27189,31017,30640,36594,36696,40344,40589,26857,29950,19238,23975,5946,9945,320402,299417,44832,43269,77522,71110,17870,55,32
2021-08-24T23:59:59+02:00,2520,2251,22725,21727,32340,29694,32906,32827,38621,39015,42355,42571,27949,31172,19960,25023,6220,10474,20055,19166,29998,27148,30996,30605,36580,36675,40324,40571,26851,29940,19234,23972,5946,9941,320114,299128,44822,43264,77522,71105,17840,55,32
2021-08-23T23:59:59+02:00,2500,2219,22654,21654,32269,29637,32870,32796,38580,38984,42324,42558,27933,31163,19957,25012,6220,10472,19929,19044,29880,27069,30931,30558,36531,36632,40283,40542,26839,29927,19228,23962,5946,9935,319668,298394,44811,43239,77519,71099,17752,55,32
2021-08-22T23:59:59+02:00,2491,2210,22618,21622,32250,29619,32854,32788,38563,38968,42319,42549,27929,31158,19952,25012,6220,10471,19890,19006,29844,27036,30900,30522,36509,36616,40264,40520,26831,29923,19225,23959,5946,9933,319499,298103,44805,43236,77517,71090,17720,55,32
2021-08-21T23:59:59+02:00,2472,2197,22563,21572,32210,29582,32830,32764,38549,38945,42302,42539,27922,31150,19950,25009,6220,10470,19788,18907,29772,26978,30866,30478,36474,36574,40240,40499,26820,29914,19220,23955,5944,9933,319253,297594,44792,43221,77515,71084,17634,55,32
2021-08-20T23:59:59+02:00,2434,2155,22474,21465,32133,29499,32767,32717,38499,38904,42259,42511,27915,31136,19946,24994,6219,10466,19614,18781,29647,26875,30791,30418,36411,36529,40195,40461,26805,29895,19211,23946,5943,9929,318667,296781,44767,43197,77512,71066,17495,55,32
2021-08-19T23:59:59+02:00,2344,2087,22312,21330,31996,29376,32678,32634,38398,38826,42189,42457,27889,31104,19939,24982,6214,10457,19355,18575,29436,26725,30671,30308,36292,36435,40093,40376,26777,29865,19200,23930,5939,9924,317736,295510,44747,43167,77512,71041,17165,55,32
2021-08-18T23:59:59+02:00,2335,2078,22286,21308,31974,29355,32656,32611,38370,38808,42176,42441,27874,31094,19933,24977,6214,10455,19300,18515,29396,26691,30645,30277,36264,36414,40069,40345,26760,29854,19196,23918,5934,9920,317476,295075,44747,43167,77512,71039,17158,55,32
2021-08-17T23:59:59+02:00,2318,2062,22261,21280,31958,29325,32630,32586,38357,38796,42152,42422,27868,31081,19928,24972,6214,10455,19257,18464,29365,26652,30600,30250,36236,36379,40041,40321,26738,29839,19189,23901,5930,9916,317230,294672,44747,43164,77512,71035,17124,55,32
2021-08-16T23:59:59+02:00,2280,2045,22195,21237,31917,29281,32607,32565,38333,38775,42120,42405,27859,31074,19926,24962,6214,10454,19050,18320,29219,26538,30523,30161,36188,36327,40004,40279,26718,29823,19182,23882,5924,9914,316883,293673,44747,43158,77510,71033,17057,55,32
2021-08-15T23:59:59+02:00,2253,2022,22141,21180,31869,29241,32583,32532,38305,38756,42100,42391,27852,31069,19920,24955,6213,10454,18931,18204,29060,26410,30443,30078,36120,36276,39949,40222,26699,29799,19172,23873,5921,9913,316548,292747,44739,43141,77509,71025,16988,55,32
2021-08-14T23:59:59+02:00,2247,2019,22115,21164,31857,29225,32579,32526,38297,38751,42094,42388,27851,31068,19919,24954,6213,10453,18818,18111,28997,26346,30405,30030,36096,36245,39928,40207,26691,29793,19169,23872,5920,9910,316459,292205,44736,43121,77509,71021,16964,55,32
2021-08-13T23:59:59+02:00,2230,2008,22069,21126,31820,29201,32542,32498,38282,38737,42084,42378,27849,31063,19916,24951,6212,10453,18562,17851,28818,26187,30289,29938,36044,36176,39883,40171,26675,29781,19164,23863,5917,9906,316223,290836,44731,43105,77507,71011,16906,55,32
2021-08-12T23:59:59+02:00,2194,1970,21982,21032,31749,29125,32485,32448,38235,38694,42047,42344,27833,31044,19909,24941,6210,10453,18255,17536,28566,25959,30145,29811,35950,36083,39807,40103,26639,29735,19144,23840,5915,9903,315651,289087,44720,43052,77504,70964,16768,55,32
2021-08-11T23:59:59+02:00,2192,1965,21962,21016,31731,29105,32470,32432,38227,38685,42036,42328,27825,31041,19906,24937,6209,10449,18200,17480,28530,25914,30097,29772,35929,36045,39771,40070,26627,29708,19137,23830,5915,9901,315473,288608,44720,43049,77504,70961,16767,55,32
2021-08-10T23:59:59+02:00,2183,1944,21934,20979,31694,29083,32454,32412,38200,38658,42018,42321,27819,31033,19905,24934,6208,10445,17680,17026,28354,25756,30003,29682,35761,35922,39721,40028,26603,29685,19130,23814,5911,9900,315224,286906,44715,43020,77502,70711,16731,55,32
2021-08-09T23:59:59+02:00,2159,1930,21883,20928,31637,29036,32420,32382,38175,38638,42003,42297,27808,31024,19904,24925,6207,10443,17207,16565,28222,25649,29948,29628,35715,35877,39687,39993,26594,29671,19125,23808,5911,9898,314848,285421,44709,43000,77501,70698,16689,55,32
2021-08-08T23:59:59+02:00,2143,1912,21829,20884,31591,29000,32385,32356,38151,38630,41981,42276,27801,31020,19898,24921,6207,10440,16862,16225,28111,25567,29891,29555,35667,35839,39665,39967,26582,29658,19116,23799,5909,9893,314530,284185,44708,42979,77500,70690,16635,55,32
2021-08-07T23:59:59+02:00,2099,1869,21693,20802,31507,28932,32311,32295,38094,38580,41948,42248,27792,30993,19893,24912,6205,10438,16350,15774,27808,25277,29663,29368,35487,35682,39525,39855,26526,29594,19097,23770,5906,9889,313899,281534,44675,42856,77494,70602,16491,55,32
2021-08-06T23:59:59+02:00,2089,1859,21643,20764,31466,28899,32278,32276,38068,38560,41936,42232,27788,30984,19889,24912,6205,10438,15325,14794,26656,24381,29373,29137,35238,35483,39210,39615,26484,29548,19087,23760,5905,9886,313669,276535,44671,42834,77494,69799,16400,55,31
2021-08-05T23:59:59+02:00,2050,1830,21534,20677,31408,28821,32218,32218,38009,38509,41891,42195,27771,30965,19880,24899,6203,10435,14435,14050,25633,23599,28659,28622,34708,35047,38893,39369,26417,29468,19055,23726,5902,9876,313110,271645,44648,42783,77493,68302,16210,55,31
2021-08-04T23:59:59+02:00,2030,1811,21462,20626,31364,28748,32184,32175,37971,38486,41857,42167,27758,30949,19875,24886,6201,10431,14066,13708,25225,23292,28446,28397,34565,34921,38795,39276,26378,29423,19033,23703,5897,9871,312655,269200,44641,42753,77493,68260,16140,55,31
2021-08-03T23:59:59+02:00,2021,1795,21435,20600,31348,28734,32171,32165,37961,38472,41841,42154,27749,30943,19871,24879,6200,10429,13982,13617,25146,23215,28378,28340,34517,34874,38743,39237,26351,29396,19021,23691,5894,9865,312451,268470,44637,42750,77492,68234,16136,55,31
2021-08-02T23:59:59+02:00,2011,1774,21390,20561,31302,28712,32144,32134,37935,38457,41828,42139,27740,30931,19871,24871,6199,10425,13779,13408,24439,22668,28095,28117,34368,34762,38664,39174,26324,29364,19013,23687,5894,9863,312161,266055,44634,42736,77492,68006,16085,55,31
2021-08-01T23:59:59+02:00,1991,1757,21337,20514,31253,28672,32117,32115,37916,38438,41807,42122,27734,30924,19868,24863,6199,10425,13608,13246,24139,22415,27857,27899,34277,34654,38596,39103,26308,29345,19007,23681,5894,9861,311857,264356,44628,42724,77491,67983,16024,55,31
2021-07-31T23:59:59+02:00,1966,1727,21258,20437,31182,28633,32061,32075,37880,38409,41784,42101,27730,30916,19863,24859,6199,10425,12663,12220,23620,21974,27511,27543,33968,34358,38162,38760,26237,29260,18981,23636,5889,9855,311437,259321,44616,42688,77489,67413,15910,55,31
2021-07-30T23:59:59+02:00,1941,1707,21236,20416,31150,28614,32046,32057,37874,38402,41776,42093,27725,30913,19862,24859,6198,10425,12576,12147,23293,21685,27231,27331,33749,34194,38000,38625,26213,29242,18980,23628,5889,9853,311254,257897,44615,42680,77489,66856,15883,55,31
2021-07-29T23:59:59+02:00,1872,1638,21004,20179,31008,28465,31943,31946,37780,38313,41682,42032,27697,30888,19849,24840,6191,10416,11947,11613,22164,20845,26189,26491,32764,33501,37617,38333,26131,29141,18951,23581,5883,9844,310040,252281,44588,42590,77481,65097,15581,55,31
2021-07-28T23:59:59+02:00,1852,1623,20964,20127,30989,28435,31927,31925,37759,38294,41659,42011,27686,30876,19844,24830,6191,10414,11667,11311,21753,20462,25756,26065,32599,33345,37506,38242,26094,29090,18932,23558,5882,9839,309721,249358,44588,42590,77469,65036,15576,54,31
2021-07-27T23:59:59+02:00,1842,1617,20924,20084,30965,28402,31893,31909,37738,38260,41635,41998,27679,30869,19843,24825,6191,10411,11421,11095,21550,20273,25614,25945,32487,33238,37417,38159,26063,29052,18922,23546,5879,9835,309483,247879,44588,42556,77468,64964,15494,54,30
2021-07-26T23:59:59+02:00,1816,1582,20798,19955,30856,28301,31834,31844,37682,38192,41594,41967,27653,30851,19832,24811,6185,10408,11128,10771,21043,19830,25364,25736,32325,33087,37287,38071,26027,29018,18909,23523,5878,9827,308718,245586,44556,42442,77463,64759,15372,54,30
2021-07-25T23:59:59+02:00,1809,1574,20775,19943,30845,28291,31822,31829,37674,38186,41584,41957,27649,30848,19831,24809,6185,10407,11023,10665,20893,19724,25130,25542,32086,32877,37143,37938,26009,29004,18903,23515,5877,9824,308600,244326,44547,42427,77454,64346,15365,54,30
2021-07-24T23:59:59+02:00,1789,1559,20693,19868,30801,28251,31787,31793,37645,38157,41562,41945,27642,30842,19828,24807,6185,10407,10960,10610,20818,19661,25058,25481,32033,32846,37113,37917,26003,28999,18901,23513,5877,9824,308248,243956,44536,42404,77450,64279,15275,54,30
2021-07-23T23:59:59+02:00,1734,1524,20500,19722,30640,28137,31699,31719,37577,38105,41523,41901,27631,30825,19823,24801,6184,10402,10701,10406,20460,19361,24251,24835,31551,32514,36545,37460,25960,28957,18885,23496,5876,9822,307415,241093,44527,42356,77432,62888,15020,54,30
2021-07-22T23:59:59+02:00,1670,1467,20189,19449,30399,27955,31568,31605,37446,37998,41426,41818,27604,30801,19812,24777,6180,10401,10240,10028,19715,18847,23295,24166,30841,31926,35510,36700,25849,28858,18851,23463,5874,9818,305936,237483,44491,41692,77426,60360,14659,54,30
2021-07-21T23:59:59+02:00,1655,1459,20151,19397,30369,27925,31543,31582,37426,37973,41405,41794,27595,30793,19807,24771,6175,10397,9930,9694,19253,18395,22420,23400,30506,31593,35275,36502,25766,28761,18820,23410,5866,9808,305608,234735,44481,40001,77424,60187,14651,54,29
2021-07-20T23:59:59+02:00,1648,1453,20118,19370,30339,27901,31518,31562,37410,37955,41393,41780,27580,30778,19807,24764,6175,10394,9662,9416,18920,18128,22147,23116,30329,31436,35110,36360,25720,28714,18804,23374,5865,9804,305350,232339,44479,39993,77423,60086,14640,54,29
2021-07-19T23:59:59+02:00,1637,1445,20004,19283,30255,27829,31459,31507,37390,37936,41378,41761,27575,30767,19801,24757,6174,10391,9465,9220,18608,17854,21685,22695,30076,31205,34991,36258,25686,28675,18786,23358,5865,9801,304771,230712,44472,39055,77421,59971,14632,54,29
2021-07-18T23:59:59+02:00,1626,1439,19935,19216,30126,27730,31394,31441,37328,37884,41334,41709,27554,30736,19792,24742,6170,10388,9356,9105,18440,17703,21494,22506,29906,31007,34876,36157,25654,28652,18775,23340,5865,9795,303977,229454,44472,38752,77419,59930,14623,54,29
2021-07-17T23:59:59+02:00,1625,1435,19928,19214,30126,27729,31394,31437,37323,37882,41330,41707,27553,30735,19791,24742,6170,10388,9336,9090,18409,17681,21475,22493,29896,31000,34858,36153,25651,28650,18775,23339,5865,9795,303946,229303,44472,38749,77419,59919,14619,54,29
2021-07-16T23:59:59+02:00,1572,1390,19653,18968,30004,27633,31312,31367,37267,37819,41289,41675,27534,30718,19784,24732,6168,10382,9218,8975,18030,17378,21172,22220,29506,30643,34723,36047,25627,28626,18768,23326,5863,9793,302955,228029,44449,38027,77418,59589,14392,54,28
2021-07-15T23:59:59+02:00,1514,1347,19393,18721,29829,27486,31202,31268,37183,37736,41219,41608,27491,30688,19768,24718,6164,10379,8856,8673,17123,16552,19625,20994,28586,29722,34100,35468,25459,28444,18712,23276,5857,9781,301677,221924,44408,36571,77410,58668,14166,54,28
2021-07-14T23:59:59+02:00,1500,1334,19363,18684,29803,27460,31177,31236,37171,37722,41199,41601,27482,30681,19759,24711,6163,10375,8567,8376,16575,15952,19132,20474,28022,29222,33709,35091,25346,28315,18672,23210,5852,9770,301393,217758,44405,36214,77407,58238,14163,54,28
2021-07-13T23:59:59+02:00,1489,1324,19325,18659,29786,27435,31153,31220,37156,37695,41175,41573,27473,30667,19757,24706,6162,10369,8260,8114,16179,15604,18855,20195,27760,28972,33438,34833,25247,28194,18639,23169,5850,9765,301107,215060,44404,36179,77406,57745,14154,54,28
2021-07-12T23:59:59+02:00,1473,1314,19277,18642,29750,27405,31136,31199,37144,37678,41159,41559,27470,30663,19755,24700,6161,10369,8000,7902,15899,15327,18155,19646,27445,28650,33025,34471,25079,27997,18580,23094,5844,9760,300847,213777,44403,34245,77406,56765,14145,54,28
2021-07-11T23:59:59+02:00,1463,1306,19245,18611,29722,27374,31119,31168,37136,37657,41145,41547,27461,30654,19753,24700,6160,10368,7956,7855,15834,15257,18067,19592,27361,28587,32913,34409,25024,27952,18560,23072,5844,9757,300595,213203,44400,34234,77404,56521,14137,54,28
2021-07-10T23:59:59+02:00,1334,1190,18740,18192,29274,27074,30834,30933,36887,37497,40941,41397,27387,30594,19727,24668,6157,10365,7827,7786,15547,15119,17850,19441,27118,28446,32746,34293,24958,27906,18544,23059,5843,9757,298382,212782,44261,34112,77376,56281,13119,54,28
2021-07-09T23:59:59+02:00,1323,1184,18712,18161,29252,27057,30821,30920,36876,37485,40930,41388,27383,30590,19725,24664,6157,10364,7785,7740,15477,15052,17785,19347,26897,28216,32497,34079,24894,27843,18522,23033,5843,9754,298234,212497,44242,34109,77375,55119,13088,54,28
2021-07-08T23:59:59+02:00,1245,1102,18443,17945,29102,26905,30682,30799,36773,37382,40831,41310,27349,30556,19706,24644,6152,10358,7615,7602,15178,14804,17353,18987,26205,27612,32222,33812,24725,27686,18463,22971,5840,9746,296961,211356,44185,32687,77367,54100,12718,54,28
2021-07-07T23:59:59+02:00,1146,1010,18132,17622,28901,26720,30549,30673,36661,37261,40724,41224,27315,30507,19692,24628,6149,10355,7418,7391,14738,14438,16889,18543,25451,27000,31813,33431,24458,27361,18369,22878,5831,9737,295384,208441,44133,31852,77356,53139,12343,54,28
2021-07-06T23:59:59+02:00,1123,994,18055,17553,28855,26670,30499,30626,36625,37226,40689,41193,27298,30481,19681,24614,6147,10352,7201,7160,14393,14077,16538,18193,24699,26353,31512,33167,24267,27146,18321,22807,5824,9730,294806,206375,44129,30446,77353,52243,12340,54,28
2021-07-05T23:59:59+02:00,1081,966,17980,17490,28812,26612,30460,30591,36600,37181,40661,41167,27292,30467,19675,24608,6147,10347,6972,6974,14089,13808,16188,17830,24142,25843,30943,32600,23988,26848,18213,22667,5816,9720,294318,204884,44127,28348,77349,51112,12290,54,28
2021-07-04T23:59:59+02:00,1059,950,17908,17439,28774,26590,30437,30562,36590,37172,40646,41155,27286,30456,19670,24605,6147,10346,6947,6955,14037,13759,16113,17772,24058,25786,30789,32509,23895,26759,18181,22626,5814,9716,293999,204493,44127,28338,77338,50603,12275,54,28
2021-07-03T23:59:59+02:00,645,579,16168,15718,27609,25673,29642,29843,35947,36560,40143,40725,27128,30289,19604,24517,6138,10329,6559,6713,13525,13461,15715,17470,23695,25508,30484,32313,23799,26663,18148,22586,5810,9712,286481,204199,44088,28262,77254,50312,9381,54,28
2021-07-02T23:59:59+02:00,606,540,16038,15572,27451,25525,29563,29783,35916,36532,40124,40712,27122,30280,19601,24514,6138,10329,6512,6639,13451,13364,15628,17338,23552,25326,30330,32148,23607,26452,18059,22508,5808,9709,285578,203517,44088,28103,77252,49429,9375,54,28
2021-07-01T23:59:59+02:00,548,492,15859,15417,27239,25370,29484,29705,35861,36481,40060,40666,27101,30261,19590,24501,6136,10325,6370,6509,13105,13093,15097,16899,22283,24336,29570,31464,23326,26164,17940,22373,5801,9693,284388,199981,44083,26427,77239,48276,9333,54,26
2021-06-30T23:59:59+02:00,518,472,15754,15310,27127,25284,29416,29633,35804,36429,40018,40631,27086,30230,19579,24484,6132,10325,6174,6327,12673,12706,14529,16351,21658,23737,28977,30934,22908,25698,17809,22190,5794,9681,283561,195720,44080,26402,77233,46710,9305,54,26
2021-06-29T23:59:59+02:00,462,422,15000,14641,26860,25061,29319,29534,35724,36348,39949,40584,27067,30205,19571,24471,6132,10323,6061,6201,12414,12445,14134,15955,20868,23114,28392,30380,22460,25174,17656,22016,5786,9671,281060,192573,44077,25892,77224,44992,9259,54,26
2021-06-28T23:59:59+02:00,426,391,14372,13997,26702,24955,29247,29468,35665,36283,39906,40550,27049,30185,19563,24460,6132,10319,5994,6104,12235,12306,13947,15779,20244,22563,27992,30006,22124,24817,17527,21853,5781,9666,279120,190891,44074,25229,77218,43601,9205,54,26
2021-06-27T23:59:59+02:00,349,324,14027,13625,26639,24897,29209,29432,35643,36261,39887,40536,27038,30178,19560,24456,6131,10318,5957,6061,12121,12189,13801,15650,19691,22085,27384,29506,21848,24478,17406,21729,5777,9665,278009,190055,44070,23703,77207,42407,9171,54,26
2021-06-26T23:59:59+02:00,348,323,14016,13613,26624,24886,29203,29425,35636,36260,39884,40535,27037,30177,19560,24456,6131,10318,5952,6058,12111,12187,13795,15647,19678,22073,27339,29471,21701,24348,17366,21673,5776,9663,277935,190031,44067,23699,77207,41926,9170,54,26
2021-06-25T23:59:59+02:00,224,210,12757,12395,25158,23737,28904,29192,35530,36175,39816,40473,27013,30150,19549,24444,6129,10316,5909,6011,12016,12105,13651,15526,19367,21834,26953,29113,21379,23954,17189,21476,5773,9654,271705,188804,44063,23416,77186,40513,9165,54,26
2021-06-24T23:59:59+02:00,159,156,11783,11564,24044,22857,28541,28839,35379,36008,39698,40367,26974,30100,19538,24420,6127,10312,5691,5779,11560,11690,13071,14934,17831,20435,25301,27517,20608,23095,16871,21069,5763,9644,266460,183818,44041,19793,77181,38104,9131,54,26
2021-06-23T23:59:59+02:00,123,130,11420,11243,23547,22485,28292,28597,35202,35880,39608,40278,26943,30073,19529,24383,6125,10300,5617,5667,11348,11475,12771,14584,17438,20024,24552,26747,19811,22345,16677,20816,5755,9628,263844,181465,44033,19174,77176,35551,9052,54,26
2021-06-22T23:59:59+02:00,102,117,11238,11033,23386,22345,28212,28524,35126,35818,39561,40232,26928,30048,19521,24374,6125,10299,5508,5546,11081,11216,12405,14215,16835,19423,23819,25978,19431,21920,16514,20637,5748,9612,262697,178428,44030,18304,77174,34105,9035,54,26
2021-06-21T23:59:59+02:00,90,105,10987,10850,22554,21682,27958,28294,35058,35754,39498,40189,26911,30029,19515,24364,6125,10298,5390,5446,10864,11002,12098,13893,16445,19077,23369,25510,19139,21605,16409,20517,5742,9610,260109,176969,44020,17289,77166,32928,8913,54,26
2021-06-20T23:59:59+02:00,84,104,10922,10758,22305,21468,27699,28093,34978,35677,39453,40145,26899,30013,19513,24359,6123,10295,5349,5394,10777,10901,12003,13790,16248,18893,23099,25269,19038,21498,16356,20459,5736,9606,258819,176659,44019,16225,77160,32678,8836,54,26
2021-06-19T23:59:59+02:00,83,100,10899,10735,22273,21445,27681,28080,34966,35673,39443,40141,26898,30012,19513,24357,6123,10295,5318,5362,10696,10811,11911,13670,16100,18742,22791,24908,18951,21411,16344,20446,5735,9606,258669,176555,43998,14728,77160,32665,8836,54,26
2021-06-18T23:59:59+02:00,80,98,10851,10686,21957,21122,27419,27862,34912,35636,39412,40118,26889,30003,19512,24354,6123,10293,5303,5353,10666,10780,11871,13621,16038,18679,22707,24812,18785,21229,16299,20380,5734,9601,257284,176158,43994,14727,77159,32119,8836,54,26
2021-06-17T23:59:59+02:00,71,90,10270,10256,20680,20165,26556,27126,34541,35311,39152,39926,26825,29921,19491,24317,6116,10288,5106,5213,10290,10527,11427,13220,15357,18067,21339,23493,18328,20740,16135,20208,5730,9587,251499,170857,43973,14153,77146,31309,8430,54,26
2021-06-16T23:59:59+02:00,63,78,9934,9946,19994,19533,25922,26525,34290,35107,38991,39774,26779,29868,19467,24292,6115,10284,4962,5069,9902,10194,10967,12768,14653,17377,20486,22558,17924,20293,15964,19995,5720,9575,247655,167071,43957,12884,77132,30270,8164,54,26
2021-06-15T23:59:59+02:00,48,72,9693,9704,19696,19287,25697,26327,34159,34999,38894,39693,26747,29831,19460,24277,6110,10280,4858,4954,9663,9978,10732,12508,14229,16951,19885,21980,17601,19902,15742,19763,5711,9563,245881,164981,43947,11796,77125,29259,7967,54,25
2021-06-14T23:59:59+02:00,44,67,9562,9578,19395,19027,25519,26184,34039,34919,38831,39654,26729,29811,19454,24266,6110,10277,4777,4891,9473,9840,10558,12372,13966,16733,19569,21685,17435,19744,15640,19630,5710,9559,244679,163517,43945,11794,77121,28587,7667,54,25
2021-06-13T23:59:59+02:00,43,63,9402,9450,19105,18844,25164,25930,33839,34751,38725,39587,26713,29799,19444,24258,6110,10273,4694,4822,9262,9668,10390,12197,13639,16386,19222,21354,17307,19596,15593,19565,5708,9557,243033,162652,43945,11793,77116,27145,7352,54,25
2021-06-12T23:59:59+02:00,43,63,9393,9432,19093,18831,25164,25925,33839,34747,38722,39586,26713,29799,19444,24258,6110,10273,4691,4808,9251,9606,10357,12095,13590,16233,19167,21218,17198,19470,15476,19463,5706,9555,242985,162623,43945,11791,77110,26111,7341,54,25
2021-06-11T23:59:59+02:00,38,59,9234,9251,18859,18621,24363,25252,33660,34591,38587,39473,26680,29765,19433,24234,6110,10268,4611,4698,9030,9347,10097,11796,13069,15681,18193,20320,17012,19272,15436,19419,5703,9552,240065,158595,43943,11790,77105,25522,7311,54,25
2021-06-10T23:59:59+02:00,36,55,8840,8921,18211,18125,23515,24580,33341,34310,38382,39308,26621,29710,19408,24206,6107,10261,4437,4521,8456,8852,9288,11074,11921,14577,16195,18399,16122,18306,15151,19052,5694,9530,236440,148901,43289,11757,77079,23822,7077,52,25
2021-06-09T23:59:59+02:00,19,37,8388,8420,17376,17400,22365,23537,32854,33841,38095,39088,26511,29605,19360,24147,6097,10248,4302,4404,8165,8590,9043,10821,11587,14208,15711,17850,15748,17874,14909,18767,5687,9520,232440,147067,41396,11716,77037,21904,6481,34,25
2021-06-08T23:59:59+02:00,11,25,8068,8101,16906,16988,21944,23171,32610,33647,37932,38958,26466,29565,19350,24124,6094,10243,4183,4322,7911,8340,8738,10477,11228,13861,15070,17146,15287,17350,14647,18489,5682,9502,229714,145359,41365,10600,77025,20191,6065,34,25
2021-06-07T23:59:59+02:00,8,21,7871,7871,16548,16665,21404,22714,32329,33378,37814,38841,26438,29517,19330,24095,6089,10242,4107,4242,7731,8197,8578,10332,11057,13689,14755,16818,15087,17094,14473,18296,5678,9497,228094,144274,40396,10507,77005,19185,5647,33,25
2021-06-06T23:59:59+02:00,6,18,7765,7762,16414,16518,21208,22506,32099,33153,37678,38735,26411,29492,19318,24078,6089,10236,4079,4206,7683,8078,8524,10201,10949,13542,14558,16598,14901,16914,14384,18175,5671,9491,226858,143784,40095,10495,76987,18144,5513,33,25
2021-06-05T23:59:59+02:00,6,18,7743,7748,16388,16494,21200,22503,32088,33146,37676,38734,26410,29492,19317,24077,6089,10236,4069,4166,7668,8013,8510,10069,10935,13370,14539,16493,14866,16859,14375,18165,5671,9490,226752,143702,40095,10495,76986,17544,5499,33,25
2021-06-04T23:59:59+02:00,6,16,7632,7646,16108,16255,20925,22253,31664,32771,37561,38613,26377,29452,19305,24064,6087,10234,4062,4157,7641,7990,8483,10038,10868,13297,14434,16361,14784,16766,14338,18121,5671,9488,225151,143365,39319,10166,76967,17451,5499,33,25
2021-06-03T23:59:59+02:00,4,16,7377,7418,15234,15464,19296,20864,30751,31845,37055,38152,26244,29314,19260,24012,6081,10215,4002,4118,7553,7919,8360,9942,10697,13114,13863,15788,14520,16450,14252,18013,5668,9476,218522,141140,37740,10047,76956,17179,5351,33,25
2021-06-02T23:59:59+02:00,4,16,7243,7274,14857,15039,18865,20459,30284,31389,36828,37887,26180,29250,19240,23983,6078,10213,3973,4089,7491,7833,8272,9847,10557,12983,13415,15355,14395,16267,14222,17975,5665,9471,215445,139346,37309,9953,76955,17146,5347,33,25
2021-06-01T23:59:59+02:00,4,13,6969,7030,14459,14729,18522,20142,29957,31077,36604,37654,26124,29170,19216,23954,6076,10202,3872,4005,7250,7657,8040,9654,10293,12707,13007,14930,13960,15813,14106,17820,5658,9463,212699,137209,37265,9699,76934,16338,4971,33,25
2021-05-31T23:59:59+02:00,4,13,6806,6844,14237,14495,17821,19541,29615,30734,36310,37390,26031,29072,19189,23900,6066,10190,3794,3895,7040,7410,7816,9371,9949,12324,12568,14410,13431,15198,13905,17590,5650,9448,211259,134024,35226,9378,76918,15557,4822,33,25
2021-05-30T23:59:59+02:00,4,13,6783,6828,14192,14454,17743,19482,29565,30695,36278,37364,26019,29060,19186,23893,6065,10188,3751,3823,6882,7195,7669,9135,9742,12003,12312,14055,13310,15028,13837,17507,5647,9441,210960,133286,35213,9276,76860,14011,4746,33,25
2021-05-29T23:59:59+02:00,4,13,6781,6827,14183,14448,17738,19476,29560,30691,36275,37363,26017,29057,19186,23892,6065,10188,3741,3811,6852,7162,7635,9084,9706,11956,12238,13957,13268,14959,13807,17483,5646,9436,210928,133145,35213,9275,76845,13558,4745,33,25
2021-05-28T23:59:59+02:00,4,13,6771,6814,14165,14436,17722,19454,29547,30678,36264,37343,26014,29052,19184,23888,6065,10188,3727,3788,6832,7122,7601,9029,9654,11851,11995,13687,13078,14768,13777,17442,5643,9433,210771,131851,35212,9274,76842,13539,4744,33,25
2021-05-27T23:59:59+02:00,4,13,6680,6733,13897,14216,17233,19107,28866,30134,36103,37209,25965,29015,19169,23872,6064,10182,3603,3626,6545,6870,7225,8722,9156,11293,11286,12791,12524,14197,13647,17248,5635,9421,209677,128328,33767,8946,76800,12311,4185,33,25
2021-05-26T23:59:59+02:00,4,13,6610,6627,13686,14014,16980,18796,28322,29621,35926,37031,25924,28966,19152,23843,6063,10175,3512,3484,6323,6581,6936,8296,8814,10815,10633,11992,11960,13581,13500,17032,5630,9399,208061,124711,33017,8762,76785,11141,3857,33,23
2021-05-25T23:59:59+02:00,4,13,6529,6532,13480,13794,16716,18583,27598,28973,35833,36934,25900,28935,19140,23827,6058,10174,3463,3391,6179,6411,6790,8105,8588,10524,10286,11626,11615,13103,13395,16869,5627,9391,207343,122864,31561,8624,76302,10073,3785,32,23
2021-05-24T23:59:59+02:00,4,13,6459,6436,13302,13595,16493,18303,27182,28543,35488,36533,25843,28867,19121,23803,6057,10172,3450,3370,6121,6330,6745,8021,8528,10429,10213,11528,11439,12870,13347,16777,5619,9370,206811,122236,29330,8576,76295,9582,3746,32,23
2021-05-23T23:59:59+02:00,4,13,6457,6435,13297,13587,16490,18293,27163,28533,35458,36499,25840,28860,19121,23797,6057,10172,3445,3366,6115,6320,6735,8014,8500,10398,10173,11469,11356,12769,13327,16745,5619,9369,206697,122222,29313,8163,76294,9575,3740,32,23
2021-05-22T23:59:59+02:00,4,13,6450,6431,13290,13575,16483,18288,27159,28531,35455,36493,25840,28860,19121,23797,6057,10172,3443,3366,6111,6317,6734,8010,8496,10396,10168,11466,11345,12755,13322,16741,5618,9369,206643,122182,29313,8163,76291,9552,3740,32,23
2021-05-21T23:59:59+02:00,4,13,6388,6372,13137,13469,16308,18139,26889,28353,35024,36227,25814,28822,19113,23791,6056,10168,3434,3356,6078,6296,6704,7976,8457,10347,10114,11417,10827,12043,13181,16581,5615,9364,205954,120424,29188,8160,75245,9518,3668,32,23
2021-05-20T23:59:59+02:00,3,12,6095,6170,12526,13054,15115,17217,24977,26852,34070,35459,25709,28678,19058,23709,6050,10153,3375,3310,5983,6180,6591,7819,8308,10186,9875,11109,10488,11587,13068,16397,5605,9350,201186,118419,27445,8078,72706,9175,3539,31,23
2021-05-19T23:59:59+02:00,3,12,5888,5928,12013,12594,14410,16509,24031,26036,33443,34857,25595,28586,19023,23649,6042,10141,3298,3237,5821,6011,6399,7577,8034,9906,9571,10728,10176,11172,12989,16252,5603,9342,195481,116504,27404,7882,72690,8556,3154,31,23
2021-05-18T23:59:59+02:00,3,11,5718,5817,11617,12276,13787,16008,22875,25087,32775,34250,25479,28450,18975,23595,6037,10132,3256,3206,5707,5899,6233,7417,7829,9691,9373,10488,10006,10921,12843,16030,5593,9333,190530,115349,26894,7814,72645,7850,2792,31,23
2021-05-17T23:59:59+02:00,3,10,5665,5773,11453,12170,13513,15787,22058,24449,32465,33935,25400,28390,18952,23565,6028,10123,3140,3132,5515,5714,6058,7201,7620,9463,9148,10243,9913,10796,12785,15967,5590,9328,188761,114587,26191,7806,72251,6695,2505,31,23
2021-05-16T23:59:59+02:00,3,10,5637,5753,11391,12112,13428,15707,21445,23899,31852,33406,25360,28346,18942,23550,6027,10123,3135,3110,5501,5645,6030,7141,7592,9364,9117,10159,9897,10777,12782,15964,5590,9328,187993,114476,24645,7800,71829,6344,2493,31,22
2021-05-15T23:59:59+02:00,3,10,5628,5744,11358,12103,13399,15698,21369,23828,31311,33033,25349,28341,18941,23547,6026,10122,3122,3095,5482,5603,6016,7066,7552,9249,8878,9905,9864,10746,12748,15913,5590,9327,187943,114471,24632,7662,71182,5982,2022,31,22
2021-05-14T23:59:59+02:00,3,10,5589,5719,11297,12063,13326,15634,20958,23517,30879,32687,25313,28295,18929,23530,6026,10120,3090,3055,5446,5514,5995,6931,7511,9047,8818,9710,9791,10636,12662,15784,5590,9324,187219,114301,24313,7327,70311,5236,2021,31,22
2021-05-13T23:59:59+02:00,3,10,5434,5561,10915,11768,12614,15046,18771,21770,29334,31219,25086,28052,18861,23458,6024,10117,3078,3021,5423,5475,5978,6873,7487,8976,8774,9650,9573,10392,12460,15478,5585,9313,183265,113942,20518,6502,68223,5067,2006,31,22
2021-05-12T23:59:59+02:00,2,10,5404,5534,10845,11710,12513,14958,18648,21646,28971,30854,24993,27958,18844,23429,6023,10112,3077,3017,5417,5469,5968,6860,7462,8961,8735,9596,9384,10160,12227,15154,5582,9306,182317,113658,19881,5632,68220,5062,2005,31,21
2021-05-11T23:59:59+02:00,2,10,5268,5429,10597,11457,12147,14590,18037,21007,28040,29883,24801,27768,18784,23353,6018,10098,3035,2976,5327,5314,5869,6675,7333,8718,8572,9375,9203,9963,12076,14965,5573,9288,178232,112608,18989,5524,68089,4164,1948,31,21
2021-05-10T23:59:59+02:00,2,9,5144,5354,10384,11266,11888,14335,17711,20673,27618,29474,24693,27660,18745,23306,6010,10094,2965,2922,5211,5198,5754,6571,7209,8577,8442,9268,9099,9839,11986,14836,5570,9279,176227,112076,18305,5512,67862,3179,1941,31,21
2021-05-09T23:59:59+02:00,2,9,5070,5308,10286,11150,11788,14216,17371,20387,27227,29097,24606,27573,18716,23270,6007,10091,2897,2890,5065,5156,5578,6528,7042,8548,8312,9232,9087,9829,11968,14816,5570,9279,175831,112000,17024,5502,67363,2352,1925,31,21
2021-05-08T23:59:59+02:00,2,9,5069,5307,10283,11146,11788,14216,17367,20385,27224,29095,24606,27573,18716,23270,6007,10091,2897,2889,5063,5156,5578,6528,7042,8548,8309,9232,9086,9828,11968,14816,5570,9279,175815,111997,17024,5502,67360,2348,1924,31,21
2021-05-07T23:59:59+02:00,2,9,5036,5281,10215,11094,11658,14092,16968,20112,26588,28538,24557,27522,18699,23236,6000,10060,2886,2882,5048,5148,5567,6512,7030,8537,8301,9221,9080,9820,11957,14794,5562,9250,174981,111982,17021,5496,65840,2305,1794,31,21
2021-05-06T23:59:59+02:00,1,9,4766,5120,9760,10751,11094,13574,15879,19089,24180,26245,24058,26994,18593,23134,5995,10046,2843,2836,4982,5072,5526,6421,6947,8419,8171,9069,8979,9706,11933,14743,5559,9247,169952,111439,14570,5439,62954,1774,1783,29,21
2021-05-05T23:59:59+02:00,1,9,4685,5039,9466,10522,10753,13248,15300,18487,23333,25278,23798,26667,18525,23029,5985,10028,2824,2800,4933,4987,5467,6301,6865,8255,8047,8853,8872,9574,11855,14656,5558,9239,166284,110496,13255,5433,62803,1356,1782,29,21
2021-05-04T23:59:59+02:00,1,9,4601,4948,9293,10322,10541,13007,14913,18091,22785,24712,23587,26394,18453,22948,5977,10014,2816,2766,4905,4911,5434,6180,6812,8115,7953,8698,8768,9462,11780,14597,5556,9236,164033,109995,12132,5422,62638,789,1764,29,21
2021-05-03T23:59:59+02:00,1,9,4530,4872,9102,10188,10365,12831,14631,17845,22374,24297,23448,26244,18426,22900,5977,10008,2742,2694,4820,4839,5358,6094,6716,8009,7771,8532,8682,9375,11741,14548,5553,9231,162526,109772,12131,5419,62545,679,817,29,20
2021-05-02T23:59:59+02:00,1,9,4517,4858,9026,10131,10240,12720,14305,17539,22072,24010,23398,26184,18407,22875,5976,10007,2736,2687,4761,4806,5268,6010,6580,7881,7653,8431,8636,9334,11717,14514,5551,9226,161639,109656,12128,5417,62441,662,38,29,20
2021-05-01T23:59:59+02:00,1,9,4517,4855,9024,10130,10239,12720,14301,17535,22070,24010,23397,26183,18407,22875,5976,10007,2736,2687,4761,4806,5268,6010,6579,7881,7653,8431,8636,9334,11717,14514,5551,9226,161620,109656,12128,5416,62441,662,38,29,20
2021-04-30T23:59:59+02:00,0,9,4443,4769,8785,9915,9978,12480,13818,17109,21230,23239,23272,26046,18391,22844,5973,10004,2732,2685,4750,4798,5259,5976,6568,7850,7620,8393,8632,9331,11716,14511,5549,9225,158029,109629,12127,5414,62116,530,4,29,20
2021-04-29T23:59:59+02:00,0,9,4296,4624,8307,9505,9275,11877,12814,16207,19383,21554,22563,25284,18253,22633,5967,9987,2710,2666,4710,4727,5217,5902,6507,7744,7539,8277,8523,9216,11650,14436,5542,9216,148829,109138,12112,5151,61565,271,4,28,20
2021-04-28T23:59:59+02:00,0,9,4264,4605,8236,9432,9200,11790,12694,16086,19166,21341,22474,25192,18225,22592,5965,9982,2707,2654,4685,4667,5189,5858,6477,7670,7491,8195,8506,9193,11634,14414,5540,9210,148444,108945,12022,5080,60756,45,3,28,19
2021-04-27T23:59:59+02:00,0,9,4226,4559,8099,9297,9087,11640,12547,15918,18717,20846,22243,24934,18159,22514,5962,9973,2704,2650,4683,4663,5179,5850,6464,7651,7456,8157,8447,9114,11553,14332,5536,9206,147717,108686,10949,4907,60033,37,3,28,14
2021-04-26T23:59:59+02:00,0,9,4185,4532,7992,9201,8940,11534,12374,15744,18305,20481,22109,24787,18123,22482,5961,9971,2704,2648,4679,4659,5174,5842,6451,7631,7423,8129,8399,9066,11497,14253,5532,9189,146940,108581,10814,4649,58946,32,2,28,14
2021-04-25T23:59:59+02:00,0,9,4171,4517,7955,9170,8877,11471,12239,15615,17962,20148,21909,24550,18083,22427,5957,9966,2704,2648,4678,4657,5171,5838,6446,7628,7421,8125,8343,9007,11474,14225,5532,9187,145558,108558,10803,4481,58635,31,2,28,14
2021-04-24T23:59:59+02:00,0,9,4164,4509,7939,9165,8862,11461,12191,15585,17904,20110,21894,24537,18081,22422,5957,9966,2703,2648,4678,4657,5171,5838,6446,7628,7421,8125,8343,9006,11474,14225,5532,9187,145461,108558,10802,4481,58463,30,2,28,13
2021-04-23T23:59:59+02:00,0,9,4144,4479,7882,9102,8777,11359,11852,15259,17470,19711,21680,24304,18016,22345,5955,9958,2700,2646,4675,4654,5165,5830,6432,7619,7398,8094,8322,8979,11465,14216,5530,9184,144194,108546,10454,4321,57624,29,2,28,13
2021-04-22T23:59:59+02:00,0,9,4095,4415,7751,8913,8593,11102,11525,14841,16554,18727,21108,23594,17880,22165,5945,9940,2692,2640,4669,4632,5143,5804,6390,7585,7330,8049,8193,8822,11324,14065,5525,9175,140468,107929,10324,4075,56336,21,2,27,13
2021-04-21T23:59:59+02:00,0,9,4053,4372,7651,8792,8437,10941,11230,14560,15818,17969,20727,23147,17805,22060,5940,9927,2683,2629,4651,4611,5127,5783,6378,7567,7301,8027,8144,8760,11284,14025,5523,9173,137544,107643,10194,3992,55673,19,2,25,12
2021-04-20T23:59:59+02:00,0,9,4028,4346,7617,8740,8361,10861,11067,14386,15384,17494,20263,22630,17701,21908,5932,9915,2675,2620,4641,4598,5103,5763,6350,7543,7261,7987,8050,8628,11208,13938,5519,9169,135394,107070,9929,3953,55292,18,2,25,12
2021-04-19T23:59:59+02:00,0,9,3998,4295,7554,8635,8269,10722,10909,14203,15131,17199,19784,22065,17534,21692,5922,9903,2670,2619,4637,4594,5090,5748,6331,7526,7235,7942,7997,8574,11181,13892,5517,9165,133326,106737,9576,3951,54897,18,2,23,12
2021-04-18T23:59:59+02:00,0,6,3978,4267,7496,8583,8164,10596,10651,13960,14639,16661,19352,21553,17411,21507,5918,9897,2669,2619,4637,4594,5090,5748,6329,7523,7232,7941,7993,8571,11179,13888,5516,9162,130907,106713,9505,3949,54202,17,2,23,12
2021-04-17T23:59:59+02:00,0,6,3975,4259,7476,8577,8153,10578,10610,13914,14527,16574,19232,21431,17389,21479,5917,9895,2669,2619,4636,4592,5084,5743,6315,7518,7207,7918,7947,8525,11160,13865,5514,9162,130471,106702,9496,3743,54000,17,2,23,12
2021-04-16T23:59:59+02:00,0,6,3964,4215,7404,8453,8050,10423,10416,13653,13858,15811,18665,20790,17264,21304,5906,9877,2666,2616,4631,4585,5079,5730,6298,7507,7169,7883,7636,8134,11068,13725,5507,9145,127629,105901,9435,3450,52971,17,1,23,12
2021-04-15T23:59:59+02:00,0,5,3920,4162,7292,8321,7874,10190,10081,13264,13133,14953,17855,19928,17021,20982,5891,9858,2665,2608,4619,4568,5066,5697,6266,7471,7097,7810,7077,7473,10943,13565,5503,9135,123994,104234,9275,3303,51437,15,1,23,12
2021-04-14T23:59:59+02:00,0,4,3893,4131,7226,8215,7767,10039,9904,13065,12715,14507,17328,19316,16869,20773,5885,9843,2631,2589,4601,4536,5038,5650,6231,7438,7039,7750,6437,6708,10680,13269,5499,9127,122603,101897,9038,3302,49815,13,1,23,12
2021-04-13T23:59:59+02:00,0,4,3890,4125,7188,8198,7710,10004,9796,13012,12342,14214,16638,18463,16633,20468,5881,9837,2607,2562,4582,4510,5012,5615,6172,7369,6951,7646,6226,6455,10095,12596,5490,9106,121899,99677,8816,3293,47664,13,1,23,12
2021-04-12T23:59:59+02:00,0,4,3877,4107,7134,8152,7652,9935,9688,12911,12095,14000,16195,17946,16445,20254,5876,9834,2578,2551,4515,4468,4906,5545,6054,7292,6834,7546,5479,5633,9644,12058,5450,9064,121565,96309,8780,3284,45737,13,1,22,12
2021-04-11T23:59:59+02:00,0,4,3862,4099,7092,8100,7592,9892,9597,12834,11859,13792,15626,17258,16169,19914,5871,9824,2502,2471,4386,4347,4755,5413,5892,7140,6684,7441,5177,5272,9512,11898,5450,9060,120974,94143,8352,3234,44036,12,1,22,12
2021-04-10T23:59:59+02:00,0,4,3844,4079,7053,8053,7548,9835,9536,12775,11768,13708,15408,17065,16120,19845,5870,9817,1941,1907,3575,3627,3885,4650,4888,6224,5830,6652,4905,4967,9383,11746,5443,9051,120509,85417,8352,3234,43444,12,1,22,12
2021-04-09T23:59:59+02:00,0,4,3823,4059,7014,8023,7485,9778,9383,12646,11441,13427,14224,15532,15674,19313,5857,9805,1083,1083,2216,2434,2377,3282,3103,4583,4208,5185,4216,4232,9135,11390,5418,9021,118603,69713,8350,3231,40513,12,0,22,12
2021-04-08T23:59:59+02:00,0,4,3797,4043,6954,7970,7383,9685,9195,12530,11037,13076,13089,14268,15248,18770,5828,9758,583,595,1296,1727,1475,2356,2001,3495,2831,3796,2970,2831,8326,10404,5270,8798,117307,55506,8268,3228,37038,10,0,22,12
2021-04-07T23:59:59+02:00,0,4,3749,4017,6876,7914,7291,9615,9067,12401,10728,12768,12360,13502,15029,18506,5822,9736,354,377,946,1381,1068,1970,1491,3033,1884,2792,1787,1542,7418,9258,5115,8539,116345,45710,8116,3228,34903,7,0,21,12
2021-04-06T23:59:59+02:00,0,4,3733,4006,6855,7876,7236,9548,8975,12322,10517,12551,11975,13006,14808,18214,5811,9722,347,363,936,1371,1053,1949,1463,3005,1825,2733,1708,1473,7000,8700,4962,8300,115077,43945,8017,3227,34046,6,0,19,12
2021-04-05T23:59:59+02:00,0,4,3727,4005,6844,7863,7223,9537,8956,12294,10453,12492,11864,12858,14710,18122,5809,9719,345,357,926,1367,1047,1941,1453,2984,1803,2699,1655,1420,6770,8395,4838,8114,114738,42872,7996,3226,33727,6,0,19,12
2021-04-04T23:59:59+02:00,0,4,3727,4005,6842,7857,7222,9536,8953,12294,10443,12487,11861,12854,14707,18121,5809,9719,345,356,924,1367,1046,1939,1452,2983,1801,2696,1652,1415,6763,8381,4833,8111,114733,42823,7995,3225,33694,6,0,19,12
2021-04-03T23:59:59+02:00,0,4,3727,4005,6842,7856,7221,9536,8953,12294,10442,12487,11861,12853,14705,18119,5809,9719,345,355,922,1363,1044,1938,1451,2978,1799,2696,1647,1403,6720,8299,4798,8076,114729,42593,7995,3225,33690,6,0,19,12
2021-04-02T23:59:59+02:00,0,4,3725,4003,6840,7853,7215,9530,8940,12287,10426,12471,11734,12738,14662,18059,5805,9710,343,353,920,1357,1038,1927,1436,2953,1758,2658,1553,1317,5955,7402,4358,7507,114601,39914,7990,2905,33392,6,0,19,12
2021-04-01T23:59:59+02:00,0,3,3686,3991,6806,7832,7173,9500,8888,12248,10354,12400,11385,12327,14274,17528,5791,9682,338,350,904,1342,1026,1906,1404,2908,1698,2593,1430,1224,5016,6295,3802,6677,114160,35997,6574,2900,33115,6,0,19,12
2021-03-31T23:59:59+02:00,0,3,3680,3986,6791,7811,7156,9480,8854,12215,10265,12328,11049,11920,13922,17029,5785,9658,335,346,896,1333,1015,1891,1384,2880,1649,2556,1364,1171,4428,5613,3443,6203,113574,33664,5564,2827,32775,6,0,19,12
2021-03-30T23:59:59+02:00,0,3,3662,3962,6755,7774,7098,9414,8765,12112,10103,12173,10790,11643,13701,16763,5777,9644,331,339,891,1322,1008,1885,1361,2873,1620,2530,1337,1145,4309,5491,3382,6109,112759,33289,5314,2628,32049,6,0,17,12
2021-03-29T23:59:59+02:00,0,3,3652,3940,6729,7752,7058,9361,8670,12016,9920,11965,10352,11174,13329,16294,5761,9611,326,335,887,1311,1002,1877,1352,2863,1606,2521,1315,1131,4175,5348,3284,5977,111084,32673,5006,2622,31480,5,0,17,12
2021-03-28T23:59:59+02:00,0,3,3611,3884,6613,7594,6941,9218,8544,11823,9767,11774,10144,10914,13154,16112,5757,9602,326,335,887,1309,1000,1876,1351,2863,1605,2519,1306,1128,4142,5306,3258,5951,110714,32628,4741,2520,29983,4,0,17,12
2021-03-27T23:59:59+01:00,0,3,3610,3873,6601,7530,6911,9106,8494,11654,9715,11620,10031,10790,13059,16024,5756,9602,326,334,887,1309,1000,1873,1351,2861,1601,2518,1304,1126,4116,5271,3245,5936,110705,32525,4741,2519,28916,4,0,17,12
2021-03-26T23:59:59+01:00,0,3,3604,3866,6573,7493,6883,9031,8447,11541,9624,11492,9982,10726,13011,15968,5748,9581,321,332,886,1306,996,1861,1348,2840,1581,2504,1279,1110,3933,5043,3136,5782,110645,31766,4518,2478,28393,4,0,17,12
2021-03-25T23:59:59+01:00,0,3,3581,3835,6481,7367,6791,8865,8258,11310,9314,11175,9601,10342,12706,15652,5743,9570,321,331,884,1298,993,1851,1335,2827,1558,2485,1254,1090,3695,4794,2883,5444,110268,30552,4307,2478,26002,3,0,17,12
2021-03-24T23:59:59+01:00,0,3,3524,3785,6391,7183,6668,8639,8093,11073,9087,10850,9187,9852,12287,15193,5732,9559,321,330,883,1294,988,1849,1328,2823,1542,2469,1245,1080,3629,4720,2699,5221,109752,29933,4169,2478,23168,0,0,17,12
2021-03-23T23:59:59+01:00,0,3,3506,3752,6343,7129,6591,8579,7975,10945,8839,10617,8766,9385,11836,14672,5722,9544,321,330,882,1284,983,1840,1323,2814,1538,2462,1221,1055,3537,4643,2504,4898,108937,29147,4078,2478,21172,0,0,17,12
2021-03-22T23:59:59+01:00,0,3,3498,3732,6301,7101,6557,8531,7909,10870,8691,10481,8484,9034,11534,14348,5687,9505,319,325,876,1274,975,1833,1316,2803,1528,2452,1209,1045,3508,4607,2485,4865,108269,28933,4076,2477,19904,0,0,17,12
2021-03-21T23:59:59+01:00,0,3,3496,3730,6297,7091,6540,8515,7892,10851,8635,10423,8364,8917,11465,14246,5684,9502,317,324,868,1271,968,1826,1307,2801,1523,2448,1205,1042,3499,4592,2470,4855,108184,28829,4075,2477,19375,0,0,17,12
2021-03-20T23:59:59+01:00,0,3,3488,3692,6289,7019,6524,8378,7867,10667,8591,10288,8287,8831,11427,14207,5684,9502,317,324,868,1271,968,1825,1306,2801,1523,2446,1205,1042,3499,4591,2470,4854,108151,28824,3864,2476,18712,0,0,17,12
2021-03-19T23:59:59+01:00,0,3,3475,3662,6261,6933,6500,8285,7821,10550,8478,10128,7744,8224,11240,13964,5675,9483,314,323,863,1264,951,1816,1284,2770,1473,2402,1123,974,2831,3798,2053,4275,106530,26028,3562,2476,18317,0,0,17,12
2021-03-18T23:59:59+01:00,0,3,3464,3644,6220,6893,6466,8222,7757,10463,8362,9999,6786,7123,10961,13663,5663,9458,313,323,859,1259,945,1806,1269,2762,1449,2383,1084,954,2625,3558,1897,4053,103504,25053,3401,2476,18225,0,0,17,12
2021-03-17T23:59:59+01:00,0,3,3427,3605,6150,6810,6411,8117,7666,10332,8231,9842,6101,6275,10675,13350,5646,9431,312,323,851,1253,940,1794,1255,2740,1430,2356,1047,929,2499,3427,1815,3935,100704,24420,3400,2476,17951,0,0,17,12
2021-03-16T23:59:59+01:00,0,3,3409,3575,6111,6757,6366,8043,7612,10266,8140,9740,5925,6099,9967,12546,5605,9367,305,312,836,1237,927,1785,1249,2720,1418,2348,1033,910,2284,3181,1678,3738,98441,23477,3389,2474,17684,0,0,17,12
2021-03-15T23:59:59+01:00,0,3,3372,3543,6012,6677,6236,7950,7468,10146,8012,9614,5170,5263,9517,11996,5561,9297,304,311,832,1233,925,1778,1247,2707,1409,2339,1020,898,2140,3007,1587,3643,94911,22897,3380,2473,17529,0,0,17,12
2021-03-14T23:59:59+01:00,0,3,3248,3400,5733,6332,5965,7590,7154,9731,7725,9296,4838,4872,9358,11798,5557,9283,304,310,832,1233,924,1778,1245,2706,1407,2336,1018,895,2137,3004,1584,3642,92518,22875,3325,2470,16023,0,0,17,12
2021-03-13T23:59:59+01:00,0,3,2592,2744,4799,5465,4953,6664,5962,8616,6712,8348,4524,4489,8972,11274,5465,9175,304,310,831,1231,924,1773,1243,2704,1406,2336,1018,894,2113,2968,1553,3606,81848,22734,3325,2470,15567,0,0,17,12
2021-03-12T23:59:59+01:00,0,2,1769,1928,3465,4314,3445,5333,4216,6980,5073,6838,3853,3782,7715,9727,4950,8485,300,307,829,1227,918,1767,1236,2684,1381,2319,973,867,1757,2503,1278,3247,63001,21113,3322,2470,15535,0,0,17,12
2021-03-11T23:59:59+01:00,0,2,1270,1452,2560,3574,2545,4398,3122,5890,3714,5453,2680,2509,6025,7643,4189,7327,295,298,813,1218,905,1744,1218,2655,1356,2273,937,847,1599,2269,1151,3058,45783,20156,3320,2470,15233,0,0,17,12
2021-03-10T23:59:59+01:00,0,2,1049,1235,2193,3215,2170,4008,2671,5449,2804,4487,1543,1304,4664,5920,3622,6556,285,288,795,1198,883,1708,1184,2582,1317,2207,911,828,1417,2079,1054,2882,34722,19247,3320,2361,14834,0,0,16,12
2021-03-09T23:59:59+01:00,0,2,1033,1206,2129,3075,2106,3893,2587,5316,2719,4362,1509,1273,4586,5845,3579,6498,281,281,781,1177,866,1682,1158,2541,1299,2179,897,816,1340,1953,984,2766,34306,18674,3317,2317,14079,0,0,16,12
2021-03-08T23:59:59+01:00,0,2,1012,1176,2072,2975,2067,3812,2527,5204,2664,4289,1471,1252,4437,5683,3476,6353,281,277,776,1169,864,1673,1150,2533,1291,2163,872,795,1170,1727,859,2597,33604,17874,3317,2313,13535,0,0,16,12
2021-03-07T23:59:59+01:00,0,2,1007,1157,2032,2929,2025,3771,2488,5139,2623,4252,1466,1249,4430,5675,3473,6353,281,277,776,1169,864,1673,1150,2533,1290,2163,869,795,1161,1717,851,2586,33570,17874,3311,2271,13174,0,0,16,12
2021-03-06T23:59:59+01:00,0,2,1007,1154,2021,2915,2013,3752,2472,5112,2606,4231,1453,1239,4396,5629,3459,6341,281,277,776,1169,864,1672,1150,2533,1290,2163,869,795,1161,1717,851,2585,33426,17873,3310,2270,13050,0,0,16,12
2021-03-05T23:59:59+01:00,0,2,1003,1150,2006,2895,1984,3729,2429,5060,2554,4193,1417,1212,4128,5303,3307,6120,280,274,769,1162,858,1664,1147,2524,1287,2153,855,791,1153,1708,850,2583,32684,17778,2977,2270,12815,0,0,16,12
2021-03-04T23:59:59+01:00,0,2,909,1002,1917,2770,1918,3592,2353,4906,2464,4033,1386,1190,3886,5041,3041,5769,280,272,767,1157,855,1655,1146,2510,1283,2144,823,776,1140,1698,843,2570,31427,17662,2973,2247,11763,0,0,16,12
2021-03-03T23:59:59+01:00,0,2,862,895,1850,2674,1847,3488,2284,4791,2390,3949,1373,1177,3776,4934,2817,5494,279,270,766,1146,852,1637,1140,2468,1273,2118,806,772,1132,1679,835,2563,30748,17635,2854,2091,10985,0,0,16,12
2021-03-02T23:59:59+01:00,0,2,818,818,1754,2551,1763,3364,2194,4667,2330,3871,1338,1155,3645,4799,2610,5142,279,269,765,1140,848,1634,1135,2463,1269,2108,804,770,1118,1658,824,2544,30012,17528,2664,2090,10129,0,0,16,12
2021-03-01T23:59:59+01:00,0,2,795,782,1654,2410,1692,3218,2094,4495,2250,3750,1320,1143,3594,4734,2566,5082,279,267,761,1136,845,1622,1131,2451,1264,2098,797,767,1113,1646,816,2537,29759,17430,2580,2090,9226,0,0,16,12
2021-02-28T23:59:59+01:00,0,2,789,759,1636,2344,1664,3146,2071,4396,2235,3683,1314,1137,3584,4719,2551,5071,278,266,761,1135,845,1617,1131,2449,1264,2093,793,765,1105,1633,812,2527,29650,17407,2578,2057,8857,0,0,16,12
2021-02-27T23:59:59+01:00,0,2,774,742,1615,2284,1647,3035,2052,4270,2214,3588,1311,1134,3584,4718,2551,5070,278,266,761,1135,845,1616,1131,2449,1264,2092,793,765,1095,1627,795,2513,29647,17405,2577,2010,8351,0,0,16,12
2021-02-26T23:59:59+01:00,0,2,645,663,1511,2171,1596,2877,1989,4033,2113,3352,1220,1064,2930,3920,2117,4477,278,265,760,1133,844,1615,1131,2447,1262,2089,792,761,1077,1614,785,2497,26828,17332,2577,2008,7259,0,0,16,12
2021-02-25T23:59:59+01:00,0,2,497,586,1393,2067,1529,2749,1929,3905,2013,3239,1170,1029,2701,3650,1951,4234,261,250,736,1111,802,1546,1083,2347,1189,1997,736,740,1044,1576,773,2469,25759,17241,2547,1409,6322,0,0,16,12
2021-02-24T23:59:59+01:00,0,2,468,556,1323,1957,1459,2606,1859,3755,1937,3089,1133,1000,2562,3515,1871,4113,232,237,711,1065,775,1484,1053,2286,1134,1946,709,717,997,1546,760,2439,25115,17052,2535,1029,5539,0,0,16,12
2021-02-23T23:59:59+01:00,0,2,413,516,1240,1819,1384,2460,1783,3544,1868,2967,1108,966,2355,3285,1743,3921,227,231,696,1041,763,1445,1031,2239,1108,1905,700,706,988,1532,757,2435,24180,16961,2525,833,4653,0,0,16,12
2021-02-22T23:59:59+01:00,0,2,400,482,1139,1710,1281,2363,1675,3437,1787,2896,1086,952,2212,3111,1652,3822,217,222,673,989,732,1382,1005,2145,1066,1823,656,673,918,1453,718,2376,23590,16771,2521,267,3880,0,0,16,12
2021-02-21T23:59:59+01:00,0,2,381,465,1038,1677,1131,2339,1520,3415,1682,2878,1078,950,2211,3110,1652,3822,190,216,642,981,721,1374,991,2140,1060,1821,653,670,915,1448,710,2368,23561,16637,2521,253,3253,0,0,16,12
2021-02-20T23:59:59+01:00,0,2,381,463,1037,1677,1130,2339,1519,3413,1682,2876,1078,949,2210,3110,1651,3821,189,214,639,981,718,1373,985,2137,1058,1821,653,670,915,1448,710,2368,23555,16616,2520,253,3247,0,0,16,12
2021-02-19T23:59:59+01:00,0,2,376,454,1025,1673,1120,2329,1507,3394,1649,2861,1029,920,1833,2602,1346,3428,167,204,613,977,700,1365,968,2135,1052,1819,650,669,914,1448,709,2365,21789,16492,2520,253,3223,0,0,16,12
2021-02-18T23:59:59+01:00,0,2,356,433,986,1590,1083,2243,1453,3278,1608,2770,1000,896,1656,2357,1213,3218,147,193,574,966,680,1352,934,2118,1027,1799,639,650,893,1420,695,2344,20792,16168,2520,253,2814,0,0,16,12
2021-02-17T23:59:59+01:00,0,2,333,381,902,1447,974,2045,1320,3024,1497,2550,962,867,1465,2145,1112,3037,141,186,562,935,655,1300,902,2039,981,1722,604,618,886,1393,689,2324,19710,15674,2520,253,1817,0,0,16,12
2021-02-16T23:59:59+01:00,0,2,327,342,859,1309,923,1861,1259,2803,1431,2391,951,850,1402,2051,1047,2938,135,173,548,893,640,1246,874,1975,951,1681,594,608,863,1359,675,2259,19343,15346,2519,118,868,0,0,16,12
2021-02-15T23:59:59+01:00,0,2,312,301,830,1278,906,1805,1219,2720,1393,2335,922,817,1224,1821,917,2761,127,165,527,867,623,1184,848,1902,928,1604,573,571,845,1322,666,2214,18430,14878,2518,78,601,0,0,14,12
2021-02-14T23:59:59+01:00,0,2,312,301,829,1278,905,1805,1218,2720,1393,2335,922,817,1224,1821,917,2760,126,165,526,859,619,1179,842,1896,924,1601,572,570,843,1321,664,2210,18428,14830,2518,77,599,0,0,14,12
2021-02-13T23:59:59+01:00,0,2,312,301,829,1278,905,1802,1218,2718,1393,2333,922,817,1224,1820,915,2760,126,165,526,859,619,1179,840,1893,922,1597,569,570,828,1300,652,2193,18421,14827,2515,1,599,0,0,14,12
2021-02-12T23:59:59+01:00,0,2,308,300,820,1273,901,1772,1212,2691,1365,2303,920,815,1223,1817,915,2760,126,165,524,857,618,1172,834,1881,916,1584,566,568,814,1289,646,2180,18413,14729,2515,1,455,0,0,14,12
2021-02-11T23:59:59+01:00,0,2,289,291,805,1238,895,1737,1196,2626,1343,2248,886,801,1212,1806,914,2750,124,151,506,818,596,1107,800,1781,894,1525,553,554,787,1255,631,2148,18301,14220,2514,0,210,0,0,14,12
2021-02-10T23:59:59+01:00,0,2,286,284,786,1201,882,1709,1184,2581,1328,2206,881,799,1197,1790,909,2733,120,141,439,732,550,1014,722,1655,836,1439,538,537,770,1232,618,2119,18278,13464,2409,0,58,0,0,13,0
2021-02-09T23:59:59+01:00,0,2,286,281,781,1186,870,1691,1169,2561,1314,2182,866,793,1183,1771,898,2714,104,122,382,643,497,884,642,1451,747,1247,486,458,651,1064,540,1858,18170,11778,2362,0,3,0,0,13,0
2021-02-08T23:59:59+01:00,0,2,285,280,779,1181,867,1684,1167,2557,1307,2174,860,790,1167,1748,880,2688,93,99,337,548,445,784,552,1240,639,1081,409,383,562,868,435,1529,18043,10006,2359,0,1,0,0,13,0
2021-02-07T23:59:59+01:00,0,2,284,279,778,1180,866,1684,1167,2556,1307,2171,854,788,1164,1745,879,2686,91,98,335,543,443,780,550,1231,635,1075,403,377,542,846,429,1514,18018,9894,2359,0,0,0,0,13,0
2021-02-06T23:59:59+01:00,0,2,284,278,777,1179,866,1683,1167,2556,1307,2170,853,788,1162,1739,877,2684,91,97,335,539,442,779,549,1227,633,1074,400,372,493,777,398,1468,18002,9676,2357,0,0,0,0,13,0
2021-02-05T23:59:59+01:00,0,2,284,277,777,1178,865,1682,1166,2555,1306,2165,846,782,1139,1728,870,2668,85,94,327,533,426,760,524,1192,604,1031,377,344,469,749,378,1421,17920,9315,2357,0,0,0,0,13,0
2021-02-04T23:59:59+01:00,0,2,281,269,774,1156,854,1659,1153,2527,1290,2142,823,768,1110,1699,862,2649,71,75,258,411,331,591,406,964,493,829,306,281,361,604,311,1198,17671,7490,2334,0,0,0,0,13,0
2021-02-03T23:59:59+01:00,0,2,280,264,771,1133,851,1631,1146,2476,1277,2110,803,754,1094,1677,850,2633,57,54,171,283,257,441,286,714,366,592,209,199,256,445,222,897,17567,5449,2172,0,0,0,0,13,0
2021-02-02T23:59:59+01:00,0,2,279,258,767,1124,845,1610,1138,2450,1265,2092,796,747,1086,1665,847,2624,37,34,93,141,148,254,173,445,236,374,135,129,174,270,156,577,17411,3376,2171,0,0,0,0,13,0
2021-02-01T23:59:59+01:00,0,2,277,255,762,1105,837,1590,1132,2419,1261,2057,786,733,1080,1654,842,2607,13,11,16,29,26,64,46,88,73,102,49,45,62,79,46,194,17215,943,2171,0,0,0,0,13,0
2021-01-31T23:59:59+01:00,0,2,271,253,746,1103,829,1579,1122,2408,1250,2049,780,727,1070,1636,835,2593,12,11,15,27,24,61,40,83,66,94,46,45,57,72,43,181,17178,877,2062,0,0,0,0,13,0
2021-01-30T23:59:59+01:00,0,2,271,253,746,1102,829,1579,1122,2408,1250,2049,779,727,1060,1629,818,2579,12,9,15,27,24,61,40,83,65,92,45,44,56,72,43,180,17175,868,2015,0,0,0,0,13,0
2021-01-29T23:59:59+01:00,0,2,270,253,746,1101,829,1579,1122,2408,1250,2048,778,726,1059,1627,818,2577,10,4,13,25,24,60,38,82,64,92,44,43,56,72,43,180,17167,850,2013,0,0,0,0,13,0
2021-01-28T23:59:59+01:00,0,2,266,248,735,1076,795,1523,1085,2347,1174,1990,737,712,1030,1606,802,2557,5,0,4,7,9,24,19,37,20,45,21,22,25,49,17,108,16988,412,1684,0,0,0,0,13,0
2021-01-27T23:59:59+01:00,0,2,260,241,712,1044,749,1469,1026,2266,1101,1910,702,685,1015,1583,799,2549,4,0,4,4,6,20,15,23,13,32,6,9,11,12,5,30,16539,194,1561,0,0,0,0,13,0
2021-01-26T23:59:59+01:00,0,2,236,232,697,1020,741,1421,1006,2192,1074,1845,690,671,991,1567,789,2530,4,0,2,4,5,10,13,12,6,11,3,5,7,8,2,17,16488,109,1203,0,0,0,0,13,0
2021-01-25T23:59:59+01:00,0,2,205,217,644,948,689,1299,963,2047,1016,1710,643,615,913,1470,742,2454,4,0,2,4,5,10,13,12,6,11,3,5,7,8,2,17,16261,109,303,0,0,0,0,13,0
2021-01-24T23:59:59+01:00,0,2,188,211,618,936,670,1285,945,2030,1001,1700,635,609,903,1450,733,2441,3,0,2,4,5,10,12,12,5,11,3,5,7,8,2,17,16086,106,258,0,0,0,0,13,0
2021-01-23T23:59:59+01:00,0,2,188,211,618,936,670,1285,945,2030,1001,1700,635,609,903,1450,733,2441,3,0,2,4,5,10,10,12,5,11,3,5,7,8,2,17,16086,104,258,0,0,0,0,13,0
2021-01-22T23:59:59+01:00,0,2,141,193,560,926,652,1270,911,2020,989,1689,630,608,902,1450,733,2441,3,0,1,4,5,10,10,12,5,11,3,5,7,8,2,17,15846,103,258,0,0,0,0,13,0
2021-01-21T23:59:59+01:00,0,2,137,185,545,905,632,1229,878,1966,968,1642,618,587,890,1419,726,2422,3,0,0,4,4,10,9,12,5,11,3,5,7,8,2,16,15480,99,258,0,0,0,0,13,0
2021-01-20T23:59:59+01:00,0,2,131,168,498,841,609,1151,815,1856,931,1571,597,569,873,1396,714,2392,3,0,0,4,4,10,9,12,5,11,3,5,7,8,2,16,14845,99,256,0,0,0,0,13,0
2021-01-19T23:59:59+01:00,0,2,121,150,426,754,546,1023,731,1668,831,1414,550,520,772,1237,633,2135,3,0,0,4,4,8,9,12,5,11,3,5,7,8,2,16,13311,97,189,0,0,0,0,13,0
2021-01-18T23:59:59+01:00,0,2,103,117,358,604,456,854,600,1407,705,1205,480,454,685,1074,555,1851,1,0,0,1,0,0,0,0,0,1,0,0,0,1,0,0,11417,4,80,0,0,0,0,13,0
2021-01-17T23:59:59+01:00,0,2,99,115,354,598,455,849,598,1388,698,1195,474,444,659,1044,536,1806,1,0,0,1,0,0,0,0,0,1,0,0,0,1,0,0,11222,4,79,0,0,0,0,13,0
2021-01-16T23:59:59+01:00,0,2,99,112,352,589,452,844,587,1375,687,1183,459,431,562,919,474,1708,0,0,0,1,0,0,0,0,0,0,0,0,0,0,0,0,10819,1,3,0,0,0,0,13,0
2021-01-15T23:59:59+01:00,0,2,97,110,347,587,446,839,581,1368,670,1167,443,413,554,907,464,1684,0,0,0,0,0,0,0,0,0,0,0,0,0,0,0,0,10665,0,1,0,0,0,0,13,0
2021-01-14T23:59:59+01:00,0,0,80,88,293,486,370,674,463,1115,554,987,362,333,437,746,381,1437,0,0,0,0,0,0,0,0,0,0,0,0,0,0,0,0,8793,0,0,0,0,0,0,13,0
2021-01-13T23:59:59+01:00,0,0,66,65,208,369,294,504,350,834,425,709,253,234,321,559,292,1102,0,0,0,0,0,0,0,0,0,0,0,0,0,0,0,0,6573,0,0,0,0,0,0,12,0
2021-01-12T23:59:59+01:00,0,0,44,44,128,218,181,313,210,530,283,442,160,150,208,367,201,740,0,0,0,0,0,0,0,0,0,0,0,0,0,0,0,0,4219,0,0,0,0,0,0,0,0
2021-01-11T23:59:59+01:00,0,0,14,13,44,60,41,93,59,119,95,129,64,58,89,111,57,249,0,0,0,0,0,0,0,0,0,0,0,0,0,0,0,0,1295,0,0,0,0,0,0,0,0
2021-01-10T23:59:59+01:00,0,0,13,13,31,48,34,75,50,110,82,119,57,54,82,101,54,234,0,0,0,0,0,0,0,0,0,0,0,0,0,0,0,0,1157,0,0,0,0,0,0,0,0
2021-01-09T23:59:59+01:00,0,0,13,12,28,47,34,75,49,109,80,116,56,53,81,100,52,233,0,0,0,0,0,0,0,0,0,0,0,0,0,0,0,0,1138,0,0,0,0,0,0,0,0
2021-01-08T23:59:59+01:00,0,0,9,4,28,41,32,72,46,107,79,115,53,49,75,95,48,233,0,0,0,0,0,0,0,0,0,0,0,0,0,0,0,0,1086,0,0,0,0,0,0,0,0
2021-01-07T23:59:59+01:00,0,0,6,1,10,20,15,38,27,77,34,77,32,27,51,81,33,180,0,0,0,0,0,0,0,0,0,0,0,0,0,0,0,0,709,0,0,0,0,0,0,0,0
2021-01-06T23:59:59+01:00,0,0,6,0,5,9,10,30,24,43,20,48,26,24,37,56,23,129,0,0,0,0,0,0,0,0,0,0,0,0,0,0,0,0,490,0,0,0,0,0,0,0,0
2021-01-05T23:59:59+01:00,0,0,5,0,5,8,10,30,24,43,20,48,26,24,37,55,23,129,0,0,0,0,0,0,0,0,0,0,0,0,0,0,0,0,487,0,0,0,0,0,0,0,0
2021-01-04T23:59:59+01:00,0,0,4,0,2,3,4,11,13,12,5,12,3,5,7,9,2,18,0,0,0,0,0,0,0,0,0,0,0,0,0,0,0,0,110,0,0,0,0,0,0,0,0
2021-01-03T23:59:59+01:00,0,0,3,0,2,3,4,10,12,12,5,12,3,5,7,9,2,17,0,0,0,0,0,0,0,0,0,0,0,0,0,0,0,0,106,0,0,0,0,0,0,0,0
2021-01-02T23:59:59+01:00,0,0,3,0,2,3,4,10,10,12,5,12,3,5,7,9,2,17,0,0,0,0,0,0,0,0,0,0,0,0,0,0,0,0,104,0,0,0,0,0,0,0,0
2021-01-01T23:59:59+01:00,0,0,3,0,1,3,4,10,10,12,5,12,3,5,7,8,2,17,0,0,0,0,0,0,0,0,0,0,0,0,0,0,0,0,102,0,0,0,0,0,0,0,0
2020-12-31T23:59:59+01:00,0,0,3,0,0,3,4,10,9,12,5,12,3,5,7,8,2,17,0,0,0,0,0,0,0,0,0,0,0,0,0,0,0,0,100,0,0,0,0,0,0,0,0
2020-12-30T23:59:59+01:00,0,0,3,0,0,3,4,10,9,12,5,12,3,5,7,8,2,17,0,0,0,0,0,0,0,0,0,0,0,0,0,0,0,0,100,0,0,0,0,0,0,0,0
2020-12-29T23:59:59+01:00,0,0,3,0,0,3,4,8,9,12,5,12,3,5,7,8,2,17,0,0,0,0,0,0,0,0,0,0,0,0,0,0,0,0,98,0,0,0,0,0,0,0,0
2020-12-28T23:59:59+01:00,0,0,3,0,0,3,4,8,9,12,5,12,3,5,7,8,2,17,0,0,0,0,0,0,0,0,0,0,0,0,0,0,0,0,98,0,0,0,0,0,0,0,0
2020-12-27T23:59:59+01:00,0,0,1,0,0,0,0,0,0,0,0,1,0,0,2,4,0,8,0,0,0,0,0,0,0,0,0,0,0,0,0,0,0,0,16,0,0,0,0,0,0,0,0
