Datum,<24_1_m,<24_1_w,25-34_1_m,25-34_1_w,35-44_1_m,35-44_1_w,45-54_1_m,45-54_1_w,55-64_1_m,55-64_1_w,65-74_1_m,65-74_1_w,75-84_1_m,75-84_1_w,>84_1_m,>84_1_w,<24_2_m,<24_2_w,25-34_2_m,25-34_2_w,35-44_2_m,35-44_2_w,45-54_2_m,45-54_2_w,55-64_2_m,55-64_2_w,65-74_2_m,65-74_2_w,75-84_2_m,75-84_2_w,>84_2_m,>84_2_w,bp_1,bp_2,mo_1,mo_2,az_1,az_2,ja
2021-05-11T23:59:59+02:00,5921,6243,10417,11198,11754,14373,18655,21509,26891,28493,23878,27001,17042,21584,4789,8270,3369,3333,5194,5104,5683,6544,7261,8607,8116,8707,9099,9959,11591,14668,4408,7595,173687,109012,15493,5237,66937,3088,1901
2021-05-10T23:59:59+02:00,5817,6184,10289,11095,11604,14228,18383,21221,26519,28153,23790,26919,17009,21546,4786,8267,3308,3296,5156,5060,5653,6495,7224,8535,8051,8646,8996,9838,11515,14568,4406,7588,171759,108541,15431,5227,66721,2668,1899
2021-05-09T23:59:59+02:00,5770,6166,10251,11059,11561,14188,18151,21047,26331,27976,23766,26886,16998,21532,4786,8266,3235,3264,5022,5022,5493,6456,7081,8508,7944,8617,8988,9826,11499,14553,4406,7588,171371,108469,15244,5221,66229,1922,1890
2021-05-08T23:59:59+02:00,5768,6164,10250,11057,11561,14188,18148,21046,26329,27974,23766,26886,16998,21532,4786,8266,3235,3263,5021,5022,5493,6456,7081,8508,7942,8617,8987,9825,11499,14553,4406,7588,171356,108466,15244,5221,66229,1919,1890
2021-05-07T23:59:59+02:00,5730,6137,10172,10997,11435,14069,17687,20725,25768,27464,23733,26849,16987,21501,4780,8242,3224,3255,5013,5016,5484,6444,7069,8496,7937,8611,8982,9815,11491,14532,4399,7567,170542,108452,15242,5220,64719,1890,1773
2021-05-06T23:59:59+02:00,5457,5965,9698,10654,10900,13588,16537,19660,23909,25730,23384,26497,16909,21421,4775,8236,3200,3227,4983,4969,5455,6375,7006,8403,7831,8499,8892,9715,11471,14493,4396,7565,166749,107968,12901,5166,61908,1584,1762
2021-05-05T23:59:59+02:00,5392,5919,9555,10549,10711,13366,16025,19145,23253,24992,23176,26226,16856,21346,4768,8223,3181,3193,4945,4900,5401,6272,6922,8265,7710,8315,8799,9589,11416,14432,4395,7557,163133,107089,12853,5165,61757,1279,1759
2021-05-04T23:59:59+02:00,5297,5818,9388,10355,10516,13123,15644,18735,22738,24463,22988,25993,16800,21290,4760,8214,3172,3151,4918,4832,5366,6155,6877,8133,7634,8175,8704,9485,11355,14388,4393,7555,160985,106631,11794,5158,61603,764,1740
2021-05-03T23:59:59+02:00,5210,5732,9200,10221,10349,12941,15342,18484,22348,24057,22870,25871,16776,21250,4760,8209,3089,3073,4830,4760,5300,6063,6776,8029,7448,8011,8637,9408,11318,14349,4390,7551,159513,106419,11793,5155,61510,654,804
2021-05-02T23:59:59+02:00,5193,5716,9117,10160,10218,12819,14976,18148,22099,23811,22824,25827,16763,21225,4759,8208,3079,3066,4762,4722,5206,5971,6632,7898,7352,7927,8592,9372,11299,14317,4388,7546,158637,106310,11790,5153,61407,637,29
2021-05-01T23:59:59+02:00,5193,5714,9114,10159,10217,12819,14973,18145,22097,23811,22823,25826,16763,21225,4759,8208,3079,3066,4762,4722,5206,5971,6632,7898,7352,7927,8592,9372,11299,14317,4388,7546,158620,106310,11790,5153,61407,637,29
2021-04-30T23:59:59+02:00,5113,5607,8856,9937,9966,12579,14448,17684,21287,23058,22756,25744,16747,21201,4757,8205,3076,3064,4754,4712,5198,5939,6621,7863,7322,7899,8591,9370,11299,14315,4386,7545,155073,106289,11790,5151,61080,512,2
2021-04-29T23:59:59+02:00,4937,5434,8342,9513,9289,11992,13363,16689,19513,21438,22146,25078,16649,21036,4752,8190,3051,3034,4716,4646,5155,5858,6561,7761,7247,7788,8481,9254,11240,14253,4380,7539,146044,105822,11776,4880,60539,260,2
2021-04-28T23:59:59+02:00,4898,5411,8265,9435,9213,11905,13244,16551,19305,21248,22069,24990,16627,21001,4750,8187,3046,3015,4689,4594,5127,5810,6532,7685,7197,7715,8467,9230,11228,14234,4379,7534,145667,105634,11688,4810,59742,36,2
2021-04-27T23:59:59+02:00,4844,5347,8128,9304,9107,11755,13079,16372,18865,20737,21867,24770,16578,20941,4747,8180,3043,3009,4688,4592,5120,5801,6518,7668,7165,7681,8398,9136,11168,14176,4376,7532,144953,105385,10626,4655,59040,29,2
2021-04-26T23:59:59+02:00,4792,5309,8020,9217,8970,11646,12875,16190,18471,20373,21749,24637,16557,20923,4747,8180,3043,3007,4684,4588,5116,5796,6505,7650,7138,7655,8348,9087,11124,14108,4373,7520,144193,105312,10491,4404,57971,25,1
2021-04-25T23:59:59+02:00,4777,5288,7973,9169,8903,11571,12713,16039,18122,20029,21571,24426,16523,20880,4743,8175,3043,3007,4683,4588,5113,5793,6502,7647,7134,7650,8293,9023,11103,14086,4373,7518,142831,105292,10481,4239,57589,24,1
2021-04-24T23:59:59+02:00,4770,5280,7958,9164,8889,11562,12660,16006,18067,19991,21558,24417,16521,20875,4743,8175,3042,3007,4683,4588,5113,5793,6502,7647,7134,7650,8293,9023,11103,14086,4373,7518,142736,105292,10481,4239,57418,23,1
2021-04-23T23:59:59+02:00,4750,5242,7900,9096,8799,11461,12270,15642,17674,19604,21373,24226,16464,20808,4742,8168,3040,3005,4679,4586,5104,5785,6490,7636,7109,7617,8274,8999,11097,14079,4371,7515,141496,105282,10136,4081,56586,22,1
2021-04-22T23:59:59+02:00,4690,5161,7774,8902,8591,11194,11932,15199,16719,18556,20873,23632,16365,20663,4734,8156,3030,2997,4674,4568,5079,5760,6447,7599,7047,7574,8142,8843,10975,13943,4368,7509,137811,104679,10018,3859,55311,16,1
2021-04-21T23:59:59+02:00,4644,5110,7669,8777,8430,11044,11613,14905,15953,17733,20578,23302,16318,20574,4729,8147,3018,2984,4659,4553,5060,5739,6437,7584,7024,7554,8090,8781,10944,13908,4366,7508,134977,104408,9889,3785,54659,15,1
2021-04-20T23:59:59+02:00,4619,5083,7632,8722,8348,10962,11443,14726,15477,17216,20171,22827,16240,20457,4722,8136,3012,2975,4652,4541,5034,5720,6412,7564,6982,7515,7983,8638,10889,13838,4362,7505,132874,103856,9627,3750,54279,15,1
2021-04-19T23:59:59+02:00,4586,5018,7572,8624,8248,10817,11283,14542,15196,16903,19713,22272,16102,20280,4711,8128,3009,2974,4647,4537,5023,5708,6396,7548,6957,7471,7923,8575,10871,13805,4360,7502,130828,103542,9273,3748,53893,15,1
2021-04-18T23:59:59+02:00,4565,4988,7510,8567,8135,10682,10987,14285,14722,16344,19310,21800,16005,20123,4709,8124,3009,2974,4647,4537,5023,5708,6395,7546,6955,7470,7921,8571,10868,13802,4360,7499,128452,103523,9204,3746,53199,15,1
2021-04-17T23:59:59+02:00,4560,4980,7492,8560,8125,10663,10943,14236,14610,16245,19194,21690,15987,20100,4708,8123,3009,2974,4645,4535,5018,5704,6379,7538,6932,7447,7873,8525,10852,13782,4359,7499,128019,103516,9197,3539,52999,15,1
2021-04-16T23:59:59+02:00,4545,4926,7417,8440,8030,10503,10707,13955,13928,15463,18690,21106,15891,19970,4702,8116,3006,2971,4639,4530,5015,5692,6360,7529,6882,7395,7578,8153,10773,13663,4352,7486,125204,102755,9148,3253,52036,15,1
2021-04-15T23:59:59+02:00,4495,4861,7301,8306,7858,10256,10362,13528,13137,14571,17941,20309,15711,19704,4688,8102,3005,2963,4629,4513,5002,5663,6328,7493,6798,7310,7028,7523,10703,13572,4348,7477,121608,101220,8993,3121,50528,13,1
2021-04-14T23:59:59+02:00,4467,4821,7236,8198,7753,10111,10173,13318,12700,14094,17440,19719,15592,19548,4684,8089,2968,2942,4612,4478,4976,5622,6293,7457,6743,7251,6305,6649,10569,13433,4344,7470,120247,98981,8762,3121,48933,9,1
2021-04-13T23:59:59+02:00,4463,4815,7192,8181,7699,10077,10059,13260,12275,13755,16768,18873,15421,19328,4680,8083,2944,2911,4594,4454,4947,5586,6235,7387,6650,7152,6091,6384,10120,12884,4337,7456,119581,97008,8544,3114,46803,9,1
2021-04-12T23:59:59+02:00,4447,4798,7143,8130,7644,10004,9942,13159,11998,13495,16338,18368,15278,19167,4675,8081,2913,2896,4519,4411,4846,5517,6126,7315,6509,7033,5307,5523,9742,12419,4310,7419,119259,93689,8510,3106,44897,9,1
2021-04-11T23:59:59+02:00,4430,4789,7099,8079,7589,9958,9844,13073,11741,13261,15750,17659,15073,18907,4671,8073,2828,2804,4382,4287,4706,5393,5952,7148,6368,6932,4989,5155,9644,12291,4310,7415,118686,91534,8088,3061,43221,8,1
2021-04-10T23:59:59+02:00,4408,4764,7061,8032,7541,9906,9779,13014,11655,13162,15530,17471,15037,18854,4670,8068,2185,2168,3555,3588,3843,4604,4911,6212,5599,6220,4734,4863,9541,12159,4304,7407,118227,82823,8088,3061,42636,8,1
2021-04-09T23:59:59+02:00,4385,4743,7021,8004,7472,9844,9615,12878,11248,12785,14371,15946,14691,18443,4660,8060,1216,1244,2187,2368,2317,3226,3061,4536,4153,4871,4084,4162,9330,11867,4285,7383,116362,67222,8086,3059,39717,8,1
2021-04-08T23:59:59+02:00,4357,4724,6960,7952,7375,9744,9412,12751,10789,12378,13247,14694,14374,18015,4643,8034,634,697,1270,1647,1399,2277,1945,3431,2771,3460,2890,2824,8599,10972,4184,7217,115152,53152,8007,3056,36289,8,1
2021-04-07T23:59:59+02:00,4308,4692,6879,7900,7286,9679,9279,12607,10470,12067,12542,13949,14213,17804,4638,8017,387,451,907,1305,1000,1897,1434,2967,1762,2366,1760,1566,7772,9917,4075,7030,114216,43533,7860,3056,34253,6,1
2021-04-06T23:59:59+02:00,4293,4677,6856,7864,7233,9612,9182,12529,10246,11830,12157,13448,14045,17578,4628,8006,379,435,901,1297,985,1874,1408,2937,1701,2309,1681,1492,7334,9338,3975,6860,113001,41845,7763,3055,33419,5,1
2021-04-05T23:59:59+02:00,4287,4676,6846,7854,7222,9601,9159,12501,10188,11776,12046,13309,13970,17513,4626,8005,377,430,889,1293,980,1865,1396,2917,1679,2272,1627,1438,7084,9008,3895,6728,112732,40818,7742,3054,33104,5,1
2021-04-04T23:59:59+02:00,4287,4676,6843,7847,7221,9600,9158,12501,10177,11771,12043,13306,13968,17513,4626,8005,377,429,889,1293,979,1863,1395,2916,1678,2268,1624,1434,7076,8994,3891,6726,112727,40772,7742,3054,33072,5,1
2021-04-03T23:59:59+02:00,4287,4676,6843,7846,7221,9600,9158,12501,10177,11771,12043,13305,13966,17511,4626,8005,377,428,886,1289,978,1862,1394,2911,1676,2266,1617,1421,7031,8909,3861,6699,112723,40545,7742,3054,33070,5,1
2021-04-02T23:59:59+02:00,4285,4674,6842,7843,7214,9593,9149,12494,10156,11750,11915,13186,13929,17465,4622,7999,375,425,884,1282,971,1851,1378,2884,1633,2225,1507,1326,6210,7929,3508,6235,112604,37881,7738,2736,32773,5,1
2021-04-01T23:59:59+02:00,4243,4661,6803,7824,7177,9563,9098,12454,10083,11669,11525,12709,13621,17057,4618,7989,370,420,867,1265,961,1834,1344,2833,1567,2161,1387,1231,5186,6706,3066,5553,112218,34014,6365,2731,32510,5,1
2021-03-31T23:59:59+02:00,4235,4655,6789,7806,7161,9544,9060,12418,9989,11596,11162,12242,13348,16655,4612,7973,367,417,857,1257,954,1819,1322,2808,1517,2122,1310,1167,4578,5970,2775,5187,111654,31762,5410,2659,32180,5,1
2021-03-30T23:59:59+02:00,4212,4627,6753,7769,7108,9479,8962,12304,9824,11443,10886,11931,13161,16439,4605,7961,362,411,852,1246,943,1813,1301,2800,1490,2100,1284,1141,4448,5839,2728,5104,110834,31392,5166,2464,31463,5,1
2021-03-29T23:59:59+02:00,4202,4604,6725,7744,7066,9423,8863,12204,9614,11228,10423,11409,12860,16054,4591,7935,357,407,848,1237,937,1806,1290,2789,1474,2091,1261,1125,4305,5671,2644,5004,109175,30781,4859,2459,30910,5,1
2021-03-28T23:59:59+02:00,4149,4537,6613,7589,6952,9282,8736,12008,9462,11043,10204,11128,12708,15907,4588,7927,357,407,848,1237,935,1805,1289,2789,1473,2089,1254,1123,4271,5627,2622,4984,108808,30747,4597,2358,29427,4,1
2021-03-27T23:59:59+01:00,4147,4519,6602,7527,6922,9156,8685,11835,9410,10906,10077,10998,12634,15834,4588,7927,357,407,848,1237,935,1803,1288,2787,1470,2088,1251,1120,4244,5592,2611,4971,108801,30647,4597,2357,28368,4,1
2021-03-26T23:59:59+01:00,4142,4509,6571,7490,6891,9077,8635,11717,9321,10785,10026,10940,12600,15784,4581,7911,354,405,846,1234,931,1790,1282,2767,1452,2080,1223,1101,4057,5356,2517,4838,108746,29910,4377,2318,27856,4,1
2021-03-25T23:59:59+01:00,4116,4467,6479,7361,6790,8910,8434,11483,9014,10469,9634,10530,12341,15526,4577,7903,354,403,844,1227,928,1779,1268,2749,1428,2064,1194,1083,3808,5087,2328,4571,108340,28792,4169,2318,25524,4,1
2021-03-24T23:59:59+01:00,4050,4396,6396,7189,6668,8679,8264,11239,8777,10155,9189,10005,11995,15141,4568,7896,354,402,843,1225,923,1777,1262,2740,1411,2051,1187,1073,3734,5010,2162,4359,107833,28192,4037,2317,22736,3,1
2021-03-23T23:59:59+01:00,4031,4359,6348,7137,6586,8609,8146,11110,8517,9919,8740,9476,11607,14717,4560,7884,354,401,841,1214,918,1771,1257,2731,1410,2039,1161,1055,3645,4925,2008,4116,107033,27525,3944,2317,20768,3,1
2021-03-22T23:59:59+01:00,4017,4339,6312,7104,6552,8565,8075,11032,8364,9760,8429,9110,11349,14437,4534,7849,351,395,836,1202,910,1766,1248,2723,1402,2028,1148,1046,3613,4886,1994,4089,106367,27318,3942,2316,19519,3,0
2021-03-21T23:59:59+01:00,4017,4335,6307,7096,6537,8552,8053,11012,8299,9699,8318,8980,11284,14355,4532,7846,349,394,827,1198,901,1761,1242,2721,1398,2023,1144,1044,3604,4870,1980,4081,106289,27218,3941,2316,18992,3,0
2021-03-20T23:59:59+01:00,4009,4288,6297,7023,6523,8409,8026,10819,8254,9588,8237,8893,11253,14320,4532,7846,349,394,827,1198,901,1761,1241,2721,1398,2021,1144,1044,3604,4868,1980,4081,106258,27214,3728,2315,18331,3,0
2021-03-19T23:59:59+01:00,3996,4253,6270,6940,6497,8315,7976,10705,8119,9404,7703,8300,11100,14118,4524,7833,346,393,821,1190,885,1750,1216,2691,1345,1974,1056,968,2882,3999,1639,3609,104671,24446,3429,2315,17953,3,0
2021-03-18T23:59:59+01:00,3984,4233,6227,6899,6465,8249,7906,10620,7975,9243,6725,7185,10903,13905,4513,7815,345,393,817,1186,878,1744,1199,2681,1320,1955,1014,951,2658,3722,1509,3431,101712,23485,3271,2315,17864,3,0
2021-03-17T23:59:59+01:00,3941,4191,6159,6812,6404,8143,7810,10489,7850,9085,5940,6209,10753,13755,4499,7794,344,393,812,1181,875,1733,1187,2663,1296,1933,988,927,2548,3608,1465,3351,98968,22986,3270,2315,17596,3,0
2021-03-16T23:59:59+01:00,3922,4155,6121,6758,6357,8077,7752,10417,7762,8993,5757,6001,10161,13081,4465,7742,336,383,800,1166,863,1724,1181,2647,1283,1925,975,906,2320,3341,1354,3189,96928,22077,3260,2313,17333,3,0
2021-03-15T23:59:59+01:00,3884,4123,6017,6679,6231,7977,7612,10301,7608,8852,4972,5124,9787,12596,4429,7686,335,382,797,1162,862,1716,1179,2635,1275,1916,959,892,2166,3155,1282,3114,93438,21512,3253,2313,17187,2,0
2021-03-14T23:59:59+01:00,3735,3938,5738,6347,5970,7633,7287,9854,7339,8565,4628,4729,9661,12433,4426,7675,335,382,797,1162,861,1716,1177,2634,1273,1913,958,890,2163,3151,1279,3114,91060,21493,3200,2310,15698,2,0
2021-03-13T23:59:59+01:00,2990,3197,4787,5492,4964,6692,6050,8717,6432,7720,4333,4371,9293,11929,4361,7593,335,382,796,1160,861,1711,1176,2632,1272,1913,958,889,2131,3111,1257,3084,80386,21356,3200,2310,15335,2,0
2021-03-12T23:59:59+01:00,2049,2279,3430,4313,3452,5349,4236,7028,4964,6336,3671,3686,8002,10314,3967,7056,331,378,793,1157,857,1705,1169,2614,1246,1895,911,863,1733,2595,1044,2788,61627,19767,3198,2310,15307,2,0
2021-03-11T23:59:59+01:00,1468,1737,2524,3558,2537,4402,3125,5910,3590,4926,2561,2466,6221,8095,3375,6113,326,370,777,1148,844,1681,1150,2584,1222,1854,873,839,1558,2340,942,2627,44400,18823,3197,2310,15011,2,0
2021-03-10T23:59:59+01:00,1219,1492,2152,3186,2153,4011,2660,5484,2611,3853,1470,1282,4862,6353,2934,5509,316,362,762,1132,824,1640,1118,2526,1190,1801,848,820,1369,2121,859,2485,33417,17930,3197,2241,14617,2,0
2021-03-09T23:59:59+01:00,1198,1449,2088,3050,2091,3900,2577,5343,2532,3744,1438,1255,4784,6274,2900,5460,309,354,751,1114,803,1612,1094,2488,1174,1777,833,805,1276,1990,806,2384,33013,17371,3194,2197,13876,2,0
2021-03-08T23:59:59+01:00,1170,1413,2036,2952,2046,3814,2517,5229,2479,3686,1399,1233,4630,6089,2813,5349,309,349,747,1108,800,1603,1087,2480,1163,1758,814,780,1090,1746,704,2247,32325,16590,3194,2194,13336,1,0
2021-03-07T23:59:59+01:00,1163,1393,1995,2908,2005,3772,2478,5160,2442,3659,1393,1230,4624,6081,2810,5349,309,349,747,1108,800,1603,1087,2480,1162,1758,810,780,1082,1735,696,2237,32295,16590,3189,2153,12978,0,0
2021-03-06T23:59:59+01:00,1161,1389,1987,2893,1992,3753,2463,5130,2423,3641,1380,1217,4591,6041,2799,5338,309,349,747,1108,800,1603,1087,2480,1162,1758,810,780,1082,1735,696,2236,32153,16590,3189,2152,12856,0,0
2021-03-05T23:59:59+01:00,1155,1385,1969,2872,1963,3725,2422,5076,2375,3613,1339,1186,4310,5692,2670,5147,307,346,740,1103,797,1596,1084,2472,1159,1750,799,777,1075,1726,695,2234,31415,16508,2859,2152,12625,0,0
2021-03-04T23:59:59+01:00,1054,1220,1886,2756,1897,3595,2348,4916,2290,3484,1308,1164,4049,5402,2466,4866,307,344,738,1099,795,1590,1083,2464,1154,1746,784,771,1066,1715,688,2223,30234,16438,2855,2129,11612,0,0
2021-03-03T23:59:59+01:00,999,1103,1830,2664,1831,3502,2283,4807,2225,3412,1298,1149,3926,5289,2260,4604,306,339,737,1092,792,1568,1077,2422,1140,1726,771,767,1057,1693,681,2215,29566,16406,2740,1977,10876,0,0
2021-03-02T23:59:59+01:00,947,1017,1738,2541,1741,3382,2197,4683,2163,3341,1270,1130,3784,5138,2098,4327,306,337,736,1086,789,1566,1074,2417,1135,1717,769,764,1042,1670,672,2199,28923,16303,2551,1976,10023,0,0
2021-03-01T23:59:59+01:00,913,953,1643,2408,1669,3240,2094,4516,2094,3235,1251,1120,3729,5068,2060,4274,305,337,734,1084,789,1561,1069,2413,1132,1716,764,762,1034,1658,667,2194,28675,16243,2466,1976,9126,0,0
2021-02-28T23:59:59+01:00,904,924,1625,2344,1641,3161,2074,4425,2081,3169,1246,1116,3719,5053,2047,4265,305,337,734,1083,789,1560,1069,2413,1131,1715,762,761,1025,1643,664,2186,28570,16234,2465,1943,8759,0,0
2021-02-27T23:59:59+01:00,886,902,1604,2279,1626,3049,2051,4289,2062,3093,1243,1114,3719,5051,2046,4264,305,337,734,1083,789,1559,1069,2413,1131,1714,762,761,1025,1643,664,2186,28563,16232,2464,1943,8251,0,0
2021-02-26T23:59:59+01:00,739,814,1514,2160,1573,2894,1988,4033,1958,2878,1150,1040,3007,4174,1690,3779,305,337,732,1082,789,1558,1069,2409,1129,1713,759,756,1005,1626,657,2174,25766,16158,2464,1942,7161,0,0
2021-02-25T23:59:59+01:00,567,726,1412,2053,1506,2769,1921,3902,1864,2769,1099,1014,2756,3859,1553,3584,287,319,707,1058,750,1489,1023,2309,1061,1633,710,739,974,1584,646,2152,24697,16070,2435,1371,6222,0,0
2021-02-24T23:59:59+01:00,530,687,1339,1943,1445,2620,1844,3755,1793,2637,1069,986,2622,3724,1510,3496,257,299,681,1017,728,1426,991,2248,1012,1590,683,717,936,1551,634,2127,24137,15891,2424,1006,5439,0,0
2021-02-23T23:59:59+01:00,470,637,1256,1801,1378,2466,1762,3551,1732,2526,1045,956,2400,3464,1406,3342,251,290,667,993,716,1390,968,2204,990,1550,674,707,925,1537,633,2123,23221,15807,2414,811,4557,0,0
2021-02-22T23:59:59+01:00,455,598,1152,1691,1273,2374,1662,3440,1650,2465,1026,941,2246,3277,1333,3265,240,275,639,941,688,1323,943,2111,947,1474,637,679,855,1456,602,2074,22645,15622,2410,262,3793,0,0
2021-02-21T23:59:59+01:00,431,579,1043,1661,1122,2350,1510,3418,1557,2449,1022,939,2245,3276,1333,3265,209,268,612,934,677,1314,929,2106,944,1472,634,677,850,1452,596,2067,22616,15492,2410,249,3174,0,0
2021-02-20T23:59:59+01:00,431,578,1042,1661,1121,2350,1509,3417,1557,2447,1022,938,2244,3276,1332,3264,208,266,608,934,674,1313,922,2103,943,1472,634,677,850,1452,596,2067,22610,15470,2409,249,3170,0,0
2021-02-19T23:59:59+01:00,424,568,1033,1659,1110,2340,1497,3400,1526,2429,970,909,1820,2712,1089,2939,185,256,582,930,657,1304,908,2101,937,1471,631,676,848,1452,595,2065,20869,15349,2409,249,3147,0,0
2021-02-18T23:59:59+01:00,403,544,988,1574,1075,2254,1447,3278,1488,2352,939,884,1620,2441,986,2761,164,244,544,919,632,1293,874,2082,918,1452,620,659,827,1420,587,2054,19884,15040,2409,249,2741,0,0
2021-02-17T23:59:59+01:00,372,478,903,1434,963,2031,1312,3035,1382,2147,906,860,1421,2197,898,2616,157,237,528,884,611,1238,836,2008,872,1379,587,629,821,1398,583,2035,18809,14554,2409,249,1737,0,0
2021-02-16T23:59:59+01:00,364,429,861,1294,913,1845,1249,2829,1323,2008,898,846,1346,2090,845,2531,148,221,516,841,592,1186,814,1945,841,1342,577,616,801,1367,570,1976,18435,14240,2408,113,828,0,0
2021-02-15T23:59:59+01:00,345,385,836,1263,893,1785,1205,2745,1289,1953,873,816,1148,1837,737,2380,139,211,494,811,573,1124,791,1870,817,1267,557,581,783,1328,562,1940,17522,13775,2408,73,560,0,0
2021-02-14T23:59:59+01:00,344,385,835,1263,892,1785,1203,2745,1289,1953,873,816,1148,1837,737,2380,139,210,493,805,568,1119,787,1866,814,1264,555,581,782,1327,562,1937,17521,13736,2408,73,556,0,0
2021-02-13T23:59:59+01:00,344,385,835,1262,892,1782,1203,2743,1289,1951,873,816,1148,1837,737,2380,139,210,493,805,568,1119,786,1862,812,1262,552,581,768,1306,550,1921,17513,13734,2408,0,556,0,0
2021-02-12T23:59:59+01:00,340,384,831,1254,888,1755,1197,2711,1262,1929,873,815,1147,1834,737,2380,139,209,491,802,566,1111,779,1852,808,1248,549,579,754,1294,544,1910,17507,13635,2408,0,422,0,0
2021-02-11T23:59:59+01:00,319,376,820,1226,883,1721,1181,2656,1243,1880,841,801,1137,1823,736,2370,135,190,476,759,543,1046,745,1746,783,1201,539,565,729,1255,531,1884,17394,13127,2407,0,212,0,0
2021-02-10T23:59:59+01:00,316,366,803,1196,872,1696,1172,2615,1233,1852,837,800,1121,1803,731,2354,131,177,423,700,511,968,684,1650,756,1158,523,550,720,1233,521,1865,17371,12570,2339,0,57,0,0
2021-02-09T23:59:59+01:00,316,363,797,1183,863,1680,1157,2597,1219,1830,825,796,1106,1786,723,2339,115,157,377,625,476,843,614,1485,679,1008,465,463,606,1070,455,1647,17284,11085,2294,0,2,0,0
2021-02-08T23:59:59+01:00,315,362,795,1178,863,1675,1155,2592,1212,1822,820,794,1085,1759,711,2321,101,133,344,543,432,749,532,1275,577,879,393,384,530,873,361,1352,17167,9458,2291,0,1,0,0
2021-02-07T23:59:59+01:00,314,361,794,1177,862,1675,1155,2590,1212,1820,814,792,1083,1755,710,2320,99,132,342,538,430,745,529,1266,573,876,390,381,508,849,357,1338,17143,9353,2291,0,0,0,0
2021-02-06T23:59:59+01:00,314,360,794,1177,862,1674,1155,2590,1212,1819,813,789,1080,1751,710,2318,99,131,342,535,429,743,528,1263,571,876,387,377,457,776,329,1301,17128,9144,2290,0,0,0,0
2021-02-05T23:59:59+01:00,314,360,793,1175,862,1674,1155,2588,1211,1817,808,785,1057,1738,705,2305,91,127,335,528,414,725,504,1227,541,843,366,351,436,750,315,1266,17057,8819,2290,0,0,0,0
2021-02-04T23:59:59+01:00,311,352,789,1155,852,1652,1138,2560,1197,1797,785,769,1030,1708,699,2292,73,96,259,405,316,570,396,992,435,673,293,285,332,593,255,1060,16819,7033,2267,0,0,0,0
2021-02-03T23:59:59+01:00,310,342,786,1138,850,1620,1131,2509,1180,1774,771,756,1011,1684,692,2280,57,64,172,281,241,423,279,710,316,477,196,202,233,436,181,790,16726,5058,2108,0,0,0,0
2021-02-02T23:59:59+01:00,309,337,782,1130,847,1600,1120,2488,1174,1758,768,751,1001,1672,691,2271,36,40,98,152,148,247,181,468,207,304,129,125,154,261,131,520,16592,3201,2107,0,0,0,0
2021-02-01T23:59:59+01:00,308,332,773,1115,842,1579,1117,2460,1171,1730,759,739,996,1664,686,2257,13,12,16,28,28,62,47,95,58,86,45,43,53,75,41,171,16421,873,2107,0,0,0,0
2021-01-31T23:59:59+01:00,301,330,758,1113,834,1568,1105,2448,1161,1722,754,733,986,1645,679,2246,12,12,14,26,26,59,40,89,54,79,41,43,49,67,38,160,16386,809,1997,0,0,0,0
2021-01-30T23:59:59+01:00,301,330,758,1113,833,1568,1105,2448,1161,1722,753,733,986,1644,679,2246,12,10,14,26,26,59,39,89,53,77,41,42,48,67,38,159,16383,800,1997,0,0,0,0
2021-01-29T23:59:59+01:00,301,330,758,1113,833,1568,1105,2448,1161,1722,752,731,985,1643,679,2244,11,6,13,26,26,57,38,88,52,77,40,41,48,67,38,159,16377,787,1996,0,0,0,0
2021-01-28T23:59:59+01:00,297,323,742,1088,798,1511,1066,2385,1090,1672,711,720,956,1617,669,2228,4,0,3,9,11,20,17,42,19,39,20,21,23,46,16,98,16201,388,1672,0,0,0,0
2021-01-27T23:59:59+01:00,291,316,713,1050,752,1452,1006,2309,1021,1596,679,692,945,1599,667,2221,3,0,3,6,8,16,12,27,13,28,5,7,10,9,5,25,15758,177,1551,0,0,0,0
2021-01-26T23:59:59+01:00,265,302,698,1026,742,1404,985,2230,997,1536,666,681,924,1581,657,2204,3,0,1,6,6,7,11,11,5,12,3,3,6,6,2,16,15708,98,1190,0,0,0,0
2021-01-25T23:59:59+01:00,231,282,644,944,691,1286,944,2079,937,1415,622,628,845,1478,620,2142,3,0,1,6,6,7,11,11,5,12,3,3,6,6,2,16,15484,98,304,0,0,0,0
2021-01-24T23:59:59+01:00,212,271,619,937,674,1271,924,2063,925,1405,614,622,836,1458,611,2130,3,0,1,6,5,7,11,11,4,12,3,3,6,6,2,16,15312,96,260,0,0,0,0
2021-01-23T23:59:59+01:00,212,271,619,937,674,1271,924,2063,925,1405,614,622,836,1458,611,2130,3,0,1,6,5,7,10,11,4,12,3,3,6,6,2,16,15312,95,260,0,0,0,0
2021-01-22T23:59:59+01:00,160,252,566,928,653,1257,894,2051,914,1397,609,621,836,1458,611,2130,3,0,0,6,5,7,10,11,4,12,3,3,6,6,2,16,15077,94,260,0,0,0,0
2021-01-21T23:59:59+01:00,154,241,551,904,631,1217,856,1993,895,1355,602,600,822,1426,606,2115,3,0,0,6,4,7,10,11,4,12,3,3,6,6,2,15,14708,92,260,0,0,0,0
2021-01-20T23:59:59+01:00,145,220,507,836,607,1138,790,1880,862,1292,581,583,805,1404,598,2088,3,0,0,6,4,7,10,11,4,12,3,3,6,6,2,15,14078,92,258,0,0,0,0
2021-01-19T23:59:59+01:00,130,194,434,758,548,1005,712,1703,767,1157,528,519,705,1230,528,1854,3,0,0,6,4,7,10,11,4,12,3,3,6,6,2,15,12581,92,191,0,0,0,0
2021-01-18T23:59:59+01:00,111,157,369,607,458,838,586,1433,650,993,462,453,628,1057,463,1603,1,0,0,0,0,0,0,0,0,0,0,0,0,1,0,0,10787,2,81,0,0,0,0
2021-01-17T23:59:59+01:00,107,155,365,602,457,831,583,1415,642,985,459,446,599,1026,449,1560,1,0,0,0,0,0,0,0,0,0,0,0,0,1,0,0,10600,2,81,0,0,0,0
2021-01-16T23:59:59+01:00,107,152,363,594,454,823,573,1401,630,977,445,432,500,888,389,1476,0,0,0,0,0,0,0,0,0,0,0,0,0,0,0,0,10202,0,2,0,0,0,0
2021-01-15T23:59:59+01:00,105,150,359,592,448,818,567,1392,611,963,431,416,490,873,382,1455,0,0,0,0,0,0,0,0,0,0,0,0,0,0,0,0,10052,0,0,0,0,0,0
2021-01-14T23:59:59+01:00,81,117,297,485,370,660,455,1138,505,807,355,335,391,716,315,1247,0,0,0,0,0,0,0,0,0,0,0,0,0,0,0,0,8274,0,0,0,0,0,0
2021-01-13T23:59:59+01:00,64,85,210,359,291,492,347,821,376,575,242,235,284,533,235,948,0,0,0,0,0,0,0,0,0,0,0,0,0,0,0,0,6097,0,0,0,0,0,0
2021-01-12T23:59:59+01:00,42,56,131,222,181,306,219,547,244,365,152,146,181,354,164,653,0,0,0,0,0,0,0,0,0,0,0,0,0,0,0,0,3963,0,0,0,0,0,0
2021-01-11T23:59:59+01:00,14,17,45,58,43,88,66,130,73,109,63,56,79,109,48,213,0,0,0,0,0,0,0,0,0,0,0,0,0,0,0,0,1211,0,0,0,0,0,0
2021-01-10T23:59:59+01:00,14,16,33,47,35,71,54,122,66,99,54,52,74,97,45,202,0,0,0,0,0,0,0,0,0,0,0,0,0,0,0,0,1081,0,0,0,0,0,0
2021-01-09T23:59:59+01:00,14,15,30,46,35,71,51,121,65,96,54,51,73,96,43,201,0,0,0,0,0,0,0,0,0,0,0,0,0,0,0,0,1062,0,0,0,0,0,0
2021-01-08T23:59:59+01:00,10,9,30,42,33,67,49,120,64,95,51,46,67,92,40,201,0,0,0,0,0,0,0,0,0,0,0,0,0,0,0,0,1016,0,0,0,0,0,0
2021-01-07T23:59:59+01:00,5,2,10,23,18,34,26,89,32,63,31,27,46,76,27,158,0,0,0,0,0,0,0,0,0,0,0,0,0,0,0,0,667,0,0,0,0,0,0
2021-01-06T23:59:59+01:00,5,0,4,11,13,27,22,50,19,39,25,24,32,51,20,114,0,0,0,0,0,0,0,0,0,0,0,0,0,0,0,0,456,0,0,0,0,0,0
2021-01-05T23:59:59+01:00,5,0,4,11,13,27,22,50,19,39,25,24,32,50,20,114,0,0,0,0,0,0,0,0,0,0,0,0,0,0,0,0,455,0,0,0,0,0,0
2021-01-04T23:59:59+01:00,4,0,1,6,4,7,12,11,4,12,3,3,6,7,2,17,0,0,0,0,0,0,0,0,0,0,0,0,0,0,0,0,99,0,0,0,0,0,0
2021-01-03T23:59:59+01:00,3,0,1,6,4,7,11,11,4,12,3,3,6,7,2,16,0,0,0,0,0,0,0,0,0,0,0,0,0,0,0,0,96,0,0,0,0,0,0
2021-01-02T23:59:59+01:00,3,0,1,6,4,7,10,11,4,12,3,3,6,7,2,16,0,0,0,0,0,0,0,0,0,0,0,0,0,0,0,0,95,0,0,0,0,0,0
2021-01-01T23:59:59+01:00,3,0,0,6,4,7,10,11,4,12,3,3,6,6,2,16,0,0,0,0,0,0,0,0,0,0,0,0,0,0,0,0,93,0,0,0,0,0,0
2020-12-31T23:59:59+01:00,3,0,0,6,4,7,10,11,4,12,3,3,6,6,2,16,0,0,0,0,0,0,0,0,0,0,0,0,0,0,0,0,93,0,0,0,0,0,0
2020-12-30T23:59:59+01:00,3,0,0,6,4,7,10,11,4,12,3,3,6,6,2,16,0,0,0,0,0,0,0,0,0,0,0,0,0,0,0,0,93,0,0,0,0,0,0
2020-12-29T23:59:59+01:00,3,0,0,6,4,7,10,11,4,12,3,3,6,6,2,16,0,0,0,0,0,0,0,0,0,0,0,0,0,0,0,0,93,0,0,0,0,0,0
2020-12-28T23:59:59+01:00,3,0,0,6,4,7,10,11,4,12,3,3,6,6,2,16,0,0,0,0,0,0,0,0,0,0,0,0,0,0,0,0,93,0,0,0,0,0,0
2020-12-27T23:59:59+01:00,1,0,0,0,0,0,0,0,0,0,0,0,1,3,0,7,0,0,0,0,0,0,0,0,0,0,0,0,0,0,0,0,12,0,0,0,0,0,0
