Datum,<24_1_m,<24_1_w,25-34_1_m,25-34_1_w,35-44_1_m,35-44_1_w,45-54_1_m,45-54_1_w,55-64_1_m,55-64_1_w,65-74_1_m,65-74_1_w,75-84_1_m,75-84_1_w,>84_1_m,>84_1_w,<24_2_m,<24_2_w,25-34_2_m,25-34_2_w,35-44_2_m,35-44_2_w,45-54_2_m,45-54_2_w,55-64_2_m,55-64_2_w,65-74_2_m,65-74_2_w,75-84_2_m,75-84_2_w,>84_2_m,>84_2_w,bp_1,bp_2,mo_1,mo_2,az_1,az_2,ja
2021-06-09T23:59:59+02:00,9609,9825,17627,17529,22672,23986,33725,34889,36777,37825,25498,28764,17660,22425,4888,8472,4864,5055,8042,8417,8908,10750,11745,14394,15232,17089,15165,17400,13894,17806,4537,7842,229153,143562,40480,10196,76373,21217,6165
2021-06-08T23:59:59+02:00,9287,9493,17217,17148,22330,23666,33521,34722,36636,37728,25469,28724,17653,22405,4886,8469,4774,4998,7892,8284,8710,10552,11514,14167,14891,16771,14868,17031,13713,17627,4534,7833,226645,142377,40460,10190,76369,19712,5880
2021-06-07T23:59:59+02:00,9098,9265,16828,16832,21952,23333,33311,34516,36538,37625,25445,28681,17638,22382,4881,8468,4700,4928,7735,8162,8565,10417,11331,13999,14606,16447,14666,16786,13582,17480,4532,7829,225113,141318,39765,10113,76360,18779,5555
2021-06-06T23:59:59+02:00,8982,9142,16692,16692,21772,23134,33093,34310,36431,37532,25418,28665,17628,22366,4881,8464,4673,4882,7685,8053,8516,10287,11221,13845,14412,16241,14495,16608,13501,17375,4528,7824,223959,140849,39467,10103,76343,17761,5433
2021-06-05T23:59:59+02:00,8954,9125,16668,16665,21764,23131,33084,34304,36429,37531,25417,28665,17627,22365,4881,8464,4661,4833,7672,7989,8502,10149,11205,13667,14394,16156,14459,16555,13494,17365,4528,7824,223846,140769,39467,10103,76342,17162,5419
2021-06-04T23:59:59+02:00,8835,9020,16385,16425,21309,22706,32864,34115,36320,37423,25385,28629,17617,22353,4879,8463,4652,4823,7646,7963,8475,10120,11132,13589,14291,16023,14386,16471,13462,17329,4528,7822,222285,140444,38700,9775,76324,17074,5419
2021-06-03T23:59:59+02:00,8552,8765,15485,15607,19625,21276,32036,33279,35876,37009,25266,28509,17582,22307,4873,8448,4587,4783,7566,7886,8349,10015,10953,13394,13717,15428,14161,16215,13395,17241,4526,7812,215764,138268,37136,9677,76315,16803,5280
2021-06-02T23:59:59+02:00,8392,8587,15098,15191,19173,20865,31607,32852,35711,36815,25208,28455,17564,22283,4871,8447,4554,4746,7498,7797,8265,9927,10800,13261,13245,14940,14085,16105,13378,17211,4523,7809,212819,136499,36708,9584,76315,16784,5277
2021-06-01T23:59:59+02:00,8070,8307,14723,14897,18839,20545,31294,32538,35516,36611,25158,28386,17542,22258,4869,8436,4432,4647,7259,7620,8031,9734,10538,12971,12818,14488,13700,15691,13284,17091,4518,7801,210125,134411,36670,9331,76294,15981,4900
2021-05-31T23:59:59+02:00,7898,8101,14510,14666,18120,19945,30970,32215,35224,36358,25083,28299,17519,22207,4860,8425,4333,4521,7064,7375,7803,9445,10188,12592,12371,13968,13187,15088,13126,16901,4509,7794,208739,131287,34629,9014,76278,15210,4754
2021-05-30T23:59:59+02:00,7871,8083,14465,14634,18046,19886,30917,32177,35201,36338,25069,28286,17518,22202,4859,8423,4276,4429,6927,7175,7647,9218,9971,12274,12138,13652,13075,14935,13075,16836,4508,7788,208450,130574,34618,8914,76227,13756,4680
2021-05-29T23:59:59+02:00,7868,8082,14458,14628,18040,19882,30912,32174,35199,36336,25067,28282,17518,22202,4859,8423,4266,4412,6895,7142,7611,9166,9938,12218,12064,13561,13031,14870,13051,16817,4507,7783,208421,130432,34618,8914,76212,13307,4679
2021-05-28T23:59:59+02:00,7859,8068,14441,14609,18024,19862,30902,32163,35190,36320,25066,28277,17516,22200,4859,8423,4250,4380,6872,7103,7580,9112,9875,12099,11805,13300,12867,14679,13025,16794,4505,7780,208272,129147,34617,8913,76212,13288,4678
2021-05-27T23:59:59+02:00,7757,7964,14147,14394,17562,19518,30267,31655,35046,36203,25025,28243,17503,22190,4858,8417,4101,4194,6586,6853,7217,8807,9364,11512,11092,12392,12369,14165,12926,16647,4500,7772,207240,125677,33184,8587,76177,12085,4148
2021-05-26T23:59:59+02:00,7671,7835,13940,14182,17306,19215,29730,31149,34889,36056,24993,28200,17490,22170,4857,8412,3995,4027,6357,6560,6928,8378,9006,11027,10445,11594,11844,13595,12821,16472,4497,7754,205661,122144,32447,8406,76165,10928,3822
2021-05-25T23:59:59+02:00,7583,7728,13737,13968,17014,18978,29045,30535,34807,35965,24974,28180,17479,22155,4852,8411,3929,3924,6222,6390,6774,8184,8786,10735,10082,11215,11530,13134,12729,16345,4495,7746,204963,120330,31015,8270,75682,9869,3751
2021-05-24T23:59:59+02:00,7494,7620,13573,13763,16779,18700,28645,30111,34491,35594,24931,28120,17460,22136,4852,8409,3914,3893,6165,6309,6730,8100,8727,10645,9962,11066,11406,12962,12689,16270,4490,7736,204464,119729,28826,8237,75674,9384,3714
2021-05-23T23:59:59+02:00,7491,7619,13568,13754,16776,18690,28624,30100,34458,35553,24930,28113,17460,22132,4852,8409,3910,3889,6157,6299,6722,8093,8698,10612,9920,11001,11323,12862,12673,16248,4490,7736,204336,119724,28812,7824,75673,9377,3708
2021-05-22T23:59:59+02:00,7482,7614,13556,13739,16767,18685,28622,30099,34455,35547,24930,28113,17460,22132,4852,8409,3908,3888,6155,6297,6721,8088,8694,10611,9914,10998,11313,12848,12667,16244,4490,7736,204271,119683,28812,7824,75671,9357,3708
2021-05-21T23:59:59+02:00,7408,7540,13407,13634,16588,18534,28342,29922,34065,35294,24911,28085,17452,22124,4851,8407,3897,3876,6122,6276,6695,8056,8656,10563,9829,10915,10820,12150,12560,16123,4487,7732,203599,117973,28687,7821,74640,9325,3638
2021-05-20T23:59:59+02:00,7061,7299,12806,13228,15314,17577,26293,28254,33431,34799,24812,27942,17410,22055,4845,8395,3829,3813,6036,6161,6585,7903,8488,10407,9581,10584,10511,11726,12473,15983,4481,7721,198910,116040,26959,7752,72141,8979,3511
2021-05-19T23:59:59+02:00,6820,7019,12283,12764,14555,16870,25396,27435,32865,34271,24727,27857,17377,22010,4841,8386,3736,3723,5875,5996,6391,7657,8207,10117,9276,10202,10215,11340,12417,15858,4479,7714,193299,114153,26921,7557,72127,8364,3129
2021-05-18T23:59:59+02:00,6613,6880,11876,12436,13902,16356,24231,26460,32293,33741,24626,27746,17337,21967,4836,8378,3684,3688,5762,5888,6227,7493,8004,9904,9082,9970,10041,11074,12303,15687,4469,7707,188404,113053,26419,7488,72085,7672,2770
2021-05-17T23:59:59+02:00,6553,6829,11701,12325,13616,16122,23407,25793,32019,33487,24565,27696,17314,21939,4829,8372,3574,3591,5580,5718,6067,7296,7798,9677,8873,9746,9962,10968,12256,15629,4466,7705,186658,112365,25732,7481,71693,6576,2484
2021-05-16T23:59:59+02:00,6522,6806,11638,12271,13524,16033,22724,25191,31492,33027,24530,27660,17307,21924,4828,8372,3568,3563,5566,5657,6041,7232,7771,9586,8842,9663,9951,10955,12253,15627,4466,7705,185901,112258,24199,7475,71275,6239,2474
2021-05-15T23:59:59+02:00,6509,6797,11606,12260,13493,16023,22654,25121,30965,32653,24523,27658,17306,21921,4827,8371,3552,3546,5550,5613,6027,7157,7730,9462,8616,9426,9915,10913,12225,15590,4466,7704,185852,112257,24187,7341,70633,5879,2015
2021-05-14T23:59:59+02:00,6468,6766,11540,12222,13420,15950,22216,24792,30575,32345,24498,27617,17294,21907,4827,8369,3516,3502,5514,5518,6008,7023,7688,9242,8560,9260,9832,10787,12155,15489,4466,7703,185142,112094,23871,7015,69779,5140,2014
2021-05-13T23:59:59+02:00,6287,6583,11150,11919,12667,15357,19908,22933,29225,31027,24320,27435,17235,21848,4826,8366,3502,3466,5492,5475,5990,6966,7659,9174,8520,9203,9593,10516,11998,15244,4462,7695,181271,111748,20117,6234,67699,4974,1999
2021-05-12T23:59:59+02:00,6253,6554,11076,11857,12562,15261,19780,22806,28829,30627,24268,27384,17222,21822,4825,8361,3502,3462,5485,5469,5981,6951,7632,9154,8482,9151,9382,10254,11821,14990,4459,7689,180307,111475,19485,5422,67696,4968,1999
2021-05-11T23:59:59+02:00,6094,6439,10839,11602,12189,14880,19137,22135,27948,29718,24126,27238,17176,21755,4820,8346,3455,3410,5398,5312,5879,6766,7493,8913,8320,8939,9200,10050,11702,14827,4450,7675,176330,110456,18607,5316,67568,4080,1937
2021-05-10T23:59:59+02:00,5951,6343,10627,11400,11934,14629,18806,21776,27550,29346,24032,27149,17139,21713,4816,8343,3374,3345,5286,5202,5764,6657,7371,8776,8197,8839,9092,9917,11624,14715,4448,7668,174357,109931,17924,5305,67344,3110,1929
2021-05-09T23:59:59+02:00,5871,6280,10528,11293,11825,14509,18436,21456,27203,29013,23957,27069,17111,21687,4814,8340,3298,3312,5140,5160,5588,6617,7213,8745,8079,8807,9084,9905,11608,14700,4448,7668,173967,109856,16657,5296,66853,2305,1915
2021-05-08T23:59:59+02:00,5869,6278,10527,11291,11825,14509,18433,21454,27201,29011,23957,27069,17111,21687,4814,8340,3298,3311,5139,5160,5588,6617,7213,8745,8077,8807,9083,9904,11608,14700,4448,7668,173952,109853,16657,5296,66852,2302,1915
2021-05-07T23:59:59+02:00,5831,6251,10449,11230,11699,14388,17971,21132,26638,28498,23923,27032,17098,21652,4807,8313,3284,3303,5130,5154,5579,6605,7200,8731,8071,8799,9077,9894,11598,14675,4440,7644,173134,109839,16655,5295,65339,2266,1784
2021-05-06T23:59:59+02:00,5539,6057,9953,10872,11147,13883,16792,20049,24304,26212,23553,26660,17010,21566,4802,8303,3232,3258,5071,5075,5535,6516,7116,8608,7949,8663,8980,9790,11578,14634,4437,7642,168164,109322,14262,5241,62503,1748,1773
2021-05-05T23:59:59+02:00,5444,5959,9636,10645,10821,13540,16173,19401,23497,25283,23332,26375,16952,21480,4794,8289,3211,3218,5022,4983,5476,6389,7025,8441,7825,8462,8881,9652,11515,14566,4436,7634,164525,108401,12971,5235,62355,1330,1770
2021-05-04T23:59:59+02:00,5341,5854,9466,10443,10612,13290,15773,18977,22968,24737,23140,26135,16895,21422,4786,8280,3201,3175,4994,4913,5440,6268,6975,8301,7741,8311,8784,9548,11454,14522,4434,7632,162305,107942,11863,5227,62202,775,1749
2021-05-03T23:59:59+02:00,5252,5767,9278,10308,10439,13102,15466,18723,22577,24329,23020,26012,16871,21383,4786,8275,3116,3097,4906,4841,5373,6176,6874,8197,7555,8146,8716,9470,11417,14482,4431,7628,160807,107727,11862,5224,62110,665,809
2021-05-02T23:59:59+02:00,5235,5751,9195,10247,10307,12980,15100,18386,22327,24082,22974,25968,16858,21358,4785,8274,3106,3090,4838,4802,5279,6084,6730,8066,7459,8062,8670,9434,11397,14450,4429,7623,159927,107615,11859,5222,62007,648,34
2021-05-01T23:59:59+02:00,5235,5749,9192,10246,10306,12980,15097,18383,22325,24082,22973,25967,16858,21358,4785,8274,3106,3090,4838,4802,5279,6084,6730,8066,7459,8062,8670,9434,11397,14450,4429,7623,159910,107615,11859,5222,62007,648,34
2021-04-30T23:59:59+02:00,5153,5642,8933,10024,10054,12740,14569,17920,21511,23327,22906,25885,16842,21334,4783,8271,3102,3088,4829,4792,5270,6052,6717,8030,7428,8034,8669,9432,11397,14448,4427,7622,156355,107594,11859,5220,61679,522,1
2021-04-29T23:59:59+02:00,4976,5468,8417,9598,9370,12146,13474,16920,19730,21703,22296,25218,16743,21167,4778,8256,3074,3058,4790,4725,5226,5970,6656,7928,7352,7921,8558,9316,11338,14385,4421,7616,147284,107117,11845,4949,61130,267,1
2021-04-28T23:59:59+02:00,4937,5445,8341,9521,9293,12058,13355,16781,19522,21513,22219,25130,16721,21132,4776,8253,3069,3039,4763,4673,5198,5922,6626,7852,7302,7847,8544,9292,11325,14365,4420,7611,146907,106927,11757,4878,60332,42,1
2021-04-27T23:59:59+02:00,4882,5381,8204,9389,9186,11907,13191,16602,19078,21000,22016,24909,16672,21072,4773,8246,3066,3033,4761,4671,5191,5912,6612,7835,7269,7811,8473,9198,11263,14302,4416,7608,146190,106677,10690,4709,59627,34,1
2021-04-26T23:59:59+02:00,4830,5343,8095,9300,9048,11798,12987,16419,18683,20635,21897,24776,16651,21054,4773,8246,3066,3031,4756,4666,5185,5904,6596,7815,7241,7780,8422,9148,11218,14232,4413,7596,145428,106583,10555,4457,58552,29,0
2021-04-25T23:59:59+02:00,4815,5327,8056,9267,8982,11733,12833,16282,18339,20289,21721,24565,16618,21011,4769,8241,3066,3031,4755,4666,5181,5900,6593,7812,7237,7775,8367,9084,11196,14210,4413,7595,144060,106561,10545,4292,58243,28,0
2021-04-24T23:59:59+02:00,4808,5319,8040,9262,8968,11724,12780,16249,18284,20251,21708,24556,16616,21006,4769,8241,3065,3031,4755,4666,5181,5900,6593,7812,7237,7775,8367,9084,11196,14210,4413,7595,143965,106561,10545,4292,58071,27,0
2021-04-23T23:59:59+02:00,4787,5281,7982,9193,8876,11622,12387,15882,17889,19865,21520,24363,16559,20937,4768,8234,3063,3029,4751,4663,5172,5892,6581,7801,7212,7742,8348,9060,11190,14203,4411,7592,142712,106550,10198,4134,57235,26,0
2021-04-22T23:59:59+02:00,4727,5200,7856,8995,8669,11352,12048,15434,16927,18812,21018,23766,16459,20791,4760,8222,3053,3021,4746,4644,5147,5867,6537,7763,7148,7699,8214,8903,11068,14067,4408,7586,139000,105946,10079,3905,55957,20,0
2021-04-21T23:59:59+02:00,4679,5148,7750,8870,8505,11195,11724,15128,16149,17974,20723,23433,16411,20702,4755,8212,3041,3008,4731,4629,5128,5846,6527,7748,7124,7679,8162,8840,11037,14032,4406,7585,136108,105674,9950,3830,55300,19,0
2021-04-20T23:59:59+02:00,4654,5119,7713,8815,8420,11111,11553,14948,15665,17451,20311,22952,16333,20583,4748,8200,3034,2998,4724,4616,5100,5826,6501,7728,7082,7640,8055,8697,10982,13962,4402,7582,133968,105115,9687,3795,54921,19,0
2021-04-19T23:59:59+02:00,4621,5054,7653,8716,8320,10966,11393,14762,15381,17135,19852,22393,16196,20406,4737,8192,3029,2997,4719,4609,5087,5812,6484,7712,7057,7594,7995,8634,10964,13929,4400,7579,131912,104789,9331,3793,54534,19,0
2021-04-18T23:59:59+02:00,4600,5024,7591,8659,8205,10829,11095,14502,14898,16571,19446,21920,16098,20249,4735,8188,3029,2997,4719,4609,5087,5812,6483,7709,7054,7592,7993,8630,10961,13926,4400,7576,129508,104767,9262,3791,53840,19,0
2021-04-17T23:59:59+02:00,4595,5016,7572,8652,8195,10810,11051,14453,14785,16471,19330,21810,16080,20226,4734,8187,3029,2997,4717,4607,5082,5808,6467,7701,7031,7569,7945,8584,10945,13906,4399,7576,129072,104760,9255,3584,53640,19,0
2021-04-16T23:59:59+02:00,4579,4961,7496,8527,8098,10647,10815,14171,14089,15680,18817,21214,15979,20095,4728,8179,3026,2994,4711,4602,5079,5796,6447,7691,6980,7516,7649,8209,10866,13787,4392,7563,126234,103993,9206,3296,52635,19,0
2021-04-15T23:59:59+02:00,4528,4896,7377,8392,7924,10395,10468,13740,13291,14777,18062,20409,15795,19828,4714,8166,3025,2986,4701,4585,5066,5765,6415,7655,6896,7429,7093,7571,10796,13695,4388,7553,122590,102439,9051,3163,51121,17,0
2021-04-14T23:59:59+02:00,4498,4856,7311,8282,7819,10250,10279,13529,12851,14296,17558,19817,15676,19671,4710,8153,2987,2965,4684,4550,5040,5724,6379,7619,6841,7369,6365,6690,10660,13555,4384,7546,121217,100182,8817,3163,49522,13,0
2021-04-13T23:59:59+02:00,4494,4848,7267,8265,7765,10216,10164,13471,12425,13952,16882,18969,15505,19447,4706,8147,2963,2935,4666,4526,5010,5686,6321,7549,6746,7268,6149,6422,10200,12992,4377,7532,120540,98173,8599,3156,47384,13,0
2021-04-12T23:59:59+02:00,4477,4830,7216,8214,7710,10143,10046,13367,12146,13689,16451,18462,15362,19286,4701,8144,2932,2920,4591,4483,4909,5615,6210,7477,6602,7147,5363,5560,9820,12526,4350,7495,120208,94839,8564,3148,45472,13,0
2021-04-11T23:59:59+02:00,4460,4821,7172,8162,7655,10097,9947,13279,11887,13453,15856,17750,15156,19025,4697,8136,2847,2828,4453,4359,4769,5490,6035,7309,6461,7046,5043,5191,9722,12397,4350,7491,119633,92678,8137,3101,43783,12,0
2021-04-10T23:59:59+02:00,4438,4796,7134,8115,7607,10045,9882,13220,11799,13353,15636,17562,15120,18972,4696,8131,2204,2192,3624,3658,3905,4699,4991,6369,5689,6333,4786,4897,9619,12265,4344,7483,119172,83945,8137,3101,43197,12,0
2021-04-09T23:59:59+02:00,4415,4775,7094,8086,7538,9983,9718,13083,11391,12976,14474,16035,14773,18561,4687,8124,1233,1267,2254,2435,2378,3319,3138,4690,4240,4982,4135,4193,9407,11971,4325,7459,117303,68315,8135,3099,40275,12,0
2021-04-08T23:59:59+02:00,4386,4756,7031,8033,7441,9879,9511,12953,10928,12561,13348,14780,14455,18131,4670,8098,649,720,1333,1713,1460,2370,2022,3579,2852,3569,2938,2851,8672,11072,4223,7291,116079,54206,8056,3096,36826,12,0
2021-04-07T23:59:59+02:00,4334,4724,6949,7979,7350,9814,9371,12802,10591,12225,12628,14025,14293,17919,4665,8080,396,471,962,1365,1047,1984,1503,3110,1830,2460,1795,1585,7843,10008,4112,7104,115120,44470,7905,3096,34724,9,0
2021-04-06T23:59:59+02:00,4319,4709,6925,7942,7294,9740,9269,12720,10358,11982,12235,13512,14121,17689,4655,8069,388,455,955,1357,1031,1961,1477,3080,1769,2403,1716,1510,7404,9426,4011,6934,113848,42774,7807,3095,33884,8,0
2021-04-05T23:59:59+02:00,4313,4707,6914,7931,7283,9729,9246,12691,10294,11916,12114,13363,14040,17611,4653,8068,386,450,943,1353,1026,1952,1465,3060,1747,2366,1661,1456,7153,9093,3930,6801,113518,41740,7786,3094,33569,8,0
2021-04-04T23:59:59+02:00,4313,4707,6911,7924,7282,9728,9245,12691,10283,11911,12111,13360,14038,17611,4653,8068,386,449,943,1353,1025,1950,1464,3058,1746,2362,1658,1452,7145,9079,3926,6799,113513,41694,7786,3093,33537,8,0
2021-04-03T23:59:59+02:00,4313,4707,6911,7923,7282,9728,9245,12691,10283,11911,12111,13359,14036,17609,4653,8068,386,448,940,1349,1024,1949,1463,3053,1744,2360,1651,1439,7099,8994,3896,6772,113509,41466,7786,3093,33535,8,0
2021-04-02T23:59:59+02:00,4310,4705,6910,7920,7274,9721,9236,12684,10262,11890,11983,13241,14000,17562,4649,8061,384,445,938,1342,1017,1938,1447,3026,1701,2319,1540,1344,6276,8012,3543,6306,113388,38796,7782,2774,33238,8,0
2021-04-01T23:59:59+02:00,4268,4691,6871,7901,7237,9691,9185,12643,10189,11809,11592,12761,13691,17151,4645,8051,379,440,920,1325,1007,1921,1411,2974,1635,2254,1420,1248,5252,6785,3101,5621,112999,34916,6402,2769,32975,8,0
2021-03-31T23:59:59+02:00,4260,4685,6857,7883,7221,9672,9147,12607,10093,11736,11225,12294,13416,16748,4639,8035,376,437,910,1317,1000,1906,1388,2947,1585,2215,1341,1183,4639,6045,2809,5252,112430,32646,5444,2696,32644,8,0
2021-03-30T23:59:59+02:00,4237,4657,6819,7845,7168,9607,9049,12493,9928,11581,10949,11982,13229,16530,4632,8023,371,431,905,1306,989,1900,1367,2939,1558,2191,1315,1157,4509,5914,2762,5169,111609,32274,5197,2501,31923,8,0
2021-03-29T23:59:59+02:00,4227,4634,6791,7820,7124,9551,8950,12392,9716,11361,10485,11460,12927,16145,4618,7996,366,426,901,1297,983,1892,1356,2928,1540,2182,1292,1141,4366,5744,2677,5067,109943,31656,4889,2495,31365,7,0
2021-03-28T23:59:59+02:00,4174,4567,6679,7664,7010,9411,8822,12194,9562,11176,10264,11177,12775,15998,4615,7988,366,426,901,1297,981,1891,1355,2928,1539,2180,1285,1139,4332,5700,2655,5047,109571,31622,4625,2394,29880,6,0
2021-03-27T23:59:59+01:00,4172,4549,6668,7602,6980,9285,8771,12021,9510,11039,10137,11047,12701,15925,4615,7988,366,426,901,1297,981,1889,1354,2926,1536,2179,1282,1136,4305,5665,2644,5033,109564,31521,4625,2393,28821,6,0
2021-03-26T23:59:59+01:00,4167,4539,6637,7565,6949,9206,8721,11903,9420,10918,10086,10989,12667,15874,4608,7972,362,424,899,1294,977,1876,1348,2903,1518,2171,1254,1117,4117,5427,2550,4900,109508,30778,4405,2353,28308,6,0
2021-03-25T23:59:59+01:00,4141,4497,6545,7434,6848,9036,8521,11668,9113,10600,9689,10579,12409,15616,4604,7964,362,422,897,1287,973,1865,1334,2884,1493,2155,1225,1099,3866,5157,2360,4632,109135,29653,4196,2353,25933,5,0
2021-03-24T23:59:59+01:00,4075,4423,6460,7256,6725,8804,8348,11420,8872,10284,9241,10051,12062,15230,4595,7957,362,421,896,1285,967,1863,1328,2875,1476,2142,1218,1089,3791,5080,2193,4420,108628,29051,4063,2352,23112,3,0
2021-03-23T23:59:59+01:00,4056,4387,6412,7203,6641,8734,8229,11287,8608,10046,8789,9519,11671,14802,4587,7945,362,420,894,1274,962,1856,1323,2865,1473,2130,1192,1071,3696,4990,2036,4172,107824,28361,3970,2352,21122,3,0
2021-03-22T23:59:59+01:00,4042,4367,6376,7170,6607,8689,8156,11208,8452,9886,8476,9149,11408,14522,4561,7910,359,414,889,1262,954,1850,1314,2857,1465,2119,1180,1062,3664,4950,2022,4145,107156,28152,3968,2351,19855,3,0
2021-03-21T23:59:59+01:00,4040,4363,6371,7159,6591,8674,8133,11188,8387,9825,8365,9018,11343,14440,4559,7907,357,413,880,1258,945,1845,1307,2855,1461,2114,1176,1060,3655,4934,2008,4137,107070,28051,3967,2351,19326,3,0
2021-03-20T23:59:59+01:00,4032,4316,6361,7086,6577,8531,8106,10995,8342,9713,8284,8931,11312,14405,4559,7907,357,413,880,1258,945,1845,1306,2855,1461,2112,1176,1060,3655,4932,2008,4137,107039,28047,3754,2350,18664,3,0
2021-03-19T23:59:59+01:00,4019,4281,6334,7003,6551,8437,8056,10881,8206,9527,7748,8336,11159,14201,4551,7894,354,412,874,1250,929,1834,1281,2825,1407,2065,1088,984,2931,4062,1667,3664,105446,25274,3454,2350,18284,3,0
2021-03-18T23:59:59+01:00,4007,4261,6291,6962,6519,8370,7986,10795,8061,9366,6770,7219,10961,13987,4540,7876,353,412,870,1246,922,1826,1264,2815,1382,2044,1046,966,2707,3784,1536,3486,102480,24306,3296,2350,18195,3,0
2021-03-17T23:59:59+01:00,3964,4219,6223,6876,6460,8266,7890,10666,7935,9207,5983,6241,10810,13833,4524,7855,352,412,862,1240,919,1813,1250,2796,1357,2021,1017,942,2572,3647,1476,3394,99730,23717,3295,2350,17927,3,0
2021-03-16T23:59:59+01:00,3944,4183,6185,6822,6412,8199,7831,10594,7847,9114,5798,6033,10210,13145,4490,7803,344,402,849,1224,907,1804,1244,2779,1343,2013,1003,920,2343,3378,1363,3230,97661,22795,3285,2348,17664,3,0
2021-03-15T23:59:59+01:00,3906,4150,6080,6743,6286,8100,7689,10476,7691,8972,5012,5155,9835,12661,4454,7747,343,401,846,1220,906,1796,1241,2767,1335,2004,987,906,2188,3192,1290,3154,94162,22227,3278,2347,17517,2,0
2021-03-14T23:59:59+01:00,3757,3965,5801,6410,6024,7756,7362,10029,7421,8684,4667,4759,9709,12497,4451,7736,343,401,846,1220,905,1796,1239,2766,1333,2001,986,904,2185,3188,1287,3154,91782,22208,3225,2344,16021,2,0
2021-03-13T23:59:59+01:00,3011,3223,4842,5550,5013,6805,6121,8876,6507,7824,4366,4394,9336,11989,4386,7654,343,401,845,1218,904,1791,1238,2764,1332,2001,986,903,2153,3147,1265,3124,81100,22069,3225,2344,15572,2,0
2021-03-12T23:59:59+01:00,2069,2305,3483,4370,3499,5460,4305,7185,5034,6437,3703,3707,8044,10373,3992,7117,339,397,841,1214,900,1785,1231,2745,1305,1983,939,877,1752,2630,1049,2828,62316,20469,3223,2344,15544,2,0
2021-03-11T23:59:59+01:00,1486,1763,2573,3614,2583,4513,3194,6064,3658,5025,2590,2485,6262,8150,3399,6170,334,389,825,1205,887,1761,1212,2715,1281,1942,901,853,1577,2374,947,2667,45060,19524,3221,2344,15248,2,0
2021-03-10T23:59:59+01:00,1237,1517,2200,3242,2199,4121,2727,5635,2677,3951,1496,1299,4903,6405,2958,5565,324,380,810,1187,867,1720,1180,2655,1248,1886,876,834,1387,2154,863,2525,34061,18625,3221,2269,14850,2,0
2021-03-09T23:59:59+01:00,1215,1473,2133,3105,2134,4007,2642,5493,2596,3839,1464,1272,4825,6326,2924,5516,317,371,799,1167,846,1689,1156,2617,1232,1861,861,819,1294,2023,810,2423,33654,18058,3218,2225,14092,2,0
2021-03-08T23:59:59+01:00,1187,1437,2080,3006,2089,3921,2582,5379,2543,3780,1424,1250,4671,6140,2836,5404,317,366,795,1161,843,1680,1149,2609,1221,1842,842,794,1104,1778,708,2284,32962,17270,3218,2222,13549,1,0
2021-03-07T23:59:59+01:00,1180,1417,2039,2962,2048,3878,2543,5310,2506,3753,1418,1247,4665,6132,2833,5404,317,366,795,1161,843,1680,1149,2609,1220,1842,838,794,1096,1767,700,2274,32932,17270,3213,2181,13190,0,0
2021-03-06T23:59:59+01:00,1178,1413,2031,2947,2035,3859,2528,5280,2487,3735,1404,1233,4632,6092,2822,5393,317,366,795,1161,843,1680,1149,2609,1220,1842,838,794,1096,1767,700,2273,32790,17270,3213,2180,13066,0,0
2021-03-05T23:59:59+01:00,1172,1409,2013,2927,2005,3831,2485,5226,2436,3706,1363,1202,4351,5742,2693,5202,315,363,787,1155,839,1673,1146,2601,1217,1834,825,790,1089,1758,699,2271,32051,17182,2883,2180,12829,0,0
2021-03-04T23:59:59+01:00,1069,1242,1927,2808,1937,3692,2409,5059,2348,3570,1332,1180,4090,5451,2488,4920,315,361,785,1150,837,1667,1145,2592,1212,1830,805,783,1079,1746,692,2260,30867,17102,2879,2157,11776,0,0
2021-03-03T23:59:59+01:00,1013,1125,1866,2712,1870,3591,2339,4945,2277,3495,1322,1165,3966,5338,2282,4658,314,356,784,1143,834,1645,1139,2550,1198,1810,792,779,1070,1724,685,2252,30198,17070,2764,2005,11002,0,0
2021-03-02T23:59:59+01:00,960,1037,1774,2588,1780,3470,2253,4821,2213,3424,1294,1146,3824,5187,2119,4380,314,354,783,1137,831,1643,1135,2545,1193,1800,790,776,1055,1701,676,2236,29553,16965,2575,2004,10142,0,0
2021-03-01T23:59:59+01:00,926,973,1678,2453,1708,3326,2151,4651,2144,3316,1275,1136,3769,5116,2081,4327,313,353,780,1134,830,1629,1130,2533,1188,1793,785,773,1047,1689,671,2231,29301,16875,2491,2004,9238,0,0
2021-02-28T23:59:59+01:00,917,944,1660,2389,1679,3247,2131,4559,2130,3250,1270,1132,3759,5101,2067,4318,313,353,780,1133,830,1628,1130,2533,1187,1792,783,771,1038,1674,668,2223,29195,16865,2489,1971,8869,0,0
2021-02-27T23:59:59+01:00,899,922,1639,2324,1664,3135,2108,4423,2111,3174,1268,1130,3759,5099,2066,4317,313,353,780,1133,830,1627,1130,2533,1187,1791,783,771,1038,1674,668,2223,29190,16863,2488,1971,8360,0,0
2021-02-26T23:59:59+01:00,751,833,1548,2205,1611,2980,2044,4166,2007,2959,1175,1056,3046,4222,1710,3831,313,353,778,1132,830,1626,1130,2529,1185,1790,780,766,1018,1657,661,2211,26391,16789,2488,1970,7265,0,0
2021-02-25T23:59:59+01:00,578,745,1447,2098,1544,2855,1977,4034,1913,2849,1124,1029,2795,3907,1572,3636,295,335,749,1107,788,1556,1082,2424,1115,1709,730,749,987,1614,650,2189,25319,16698,2460,1381,6324,0,0
2021-02-24T23:59:59+01:00,541,705,1373,1986,1481,2701,1898,3883,1840,2716,1090,998,2639,3757,1514,3536,264,315,723,1066,766,1493,1049,2363,1065,1664,700,725,947,1581,638,2164,24671,16511,2449,1012,5538,0,0
2021-02-23T23:59:59+01:00,481,655,1290,1842,1413,2547,1815,3677,1778,2605,1066,968,2416,3497,1410,3382,258,306,709,1042,754,1457,1025,2318,1043,1624,691,715,936,1567,637,2160,23751,16426,2439,816,4652,0,0
2021-02-22T23:59:59+01:00,466,616,1186,1731,1307,2455,1715,3566,1696,2543,1047,953,2262,3310,1337,3304,247,291,681,990,726,1390,998,2225,1000,1549,654,687,865,1486,606,2109,23174,16240,2435,264,3885,0,0
2021-02-21T23:59:59+01:00,442,597,1077,1701,1156,2431,1562,3544,1603,2527,1043,951,2261,3309,1337,3304,216,284,654,983,715,1381,984,2220,997,1547,651,685,860,1482,600,2102,23145,16110,2435,251,3265,0,0
2021-02-20T23:59:59+01:00,442,596,1076,1701,1155,2431,1561,3543,1603,2525,1043,950,2260,3309,1336,3303,215,282,651,983,712,1380,977,2217,996,1547,651,685,860,1482,600,2102,23139,16089,2434,251,3261,0,0
2021-02-19T23:59:59+01:00,435,586,1067,1698,1144,2421,1549,3526,1572,2507,991,921,1833,2744,1093,2978,192,272,625,979,695,1371,963,2215,990,1546,648,684,858,1482,599,2100,21393,15968,2434,251,3238,0,0
2021-02-18T23:59:59+01:00,414,562,1022,1613,1108,2335,1499,3403,1534,2429,960,896,1633,2473,990,2800,171,260,585,968,670,1360,929,2197,969,1527,637,667,836,1450,590,2084,20406,15649,2434,251,2831,0,0
2021-02-17T23:59:59+01:00,383,496,937,1473,995,2113,1364,3160,1428,2224,927,872,1433,2228,902,2655,164,253,569,933,649,1305,891,2122,923,1453,604,637,830,1427,586,2065,19329,15160,2434,251,1827,0,0
2021-02-16T23:59:59+01:00,375,447,893,1332,942,1918,1296,2940,1367,2076,919,858,1358,2121,849,2568,155,237,557,890,630,1251,867,2058,892,1416,594,624,810,1396,573,2006,18955,14842,2433,114,871,0,0
2021-02-15T23:59:59+01:00,356,403,868,1301,922,1858,1251,2856,1333,2021,894,828,1158,1867,741,2417,146,227,535,860,611,1189,844,1983,868,1341,574,589,792,1357,565,1969,18039,14376,2432,74,603,0,0
2021-02-14T23:59:59+01:00,355,403,867,1301,921,1858,1248,2856,1333,2021,894,828,1158,1867,741,2417,146,226,534,854,606,1184,840,1979,865,1338,572,589,791,1356,565,1966,18037,14337,2432,74,599,0,0
2021-02-13T23:59:59+01:00,355,403,867,1300,921,1855,1248,2854,1333,2019,894,828,1158,1867,741,2417,146,226,534,854,606,1184,838,1975,863,1336,569,589,777,1335,553,1950,18029,14335,2432,0,599,0,0
2021-02-12T23:59:59+01:00,348,402,861,1292,917,1828,1241,2819,1306,1997,894,827,1157,1864,741,2417,146,225,532,851,604,1176,831,1965,859,1322,566,587,763,1323,547,1939,18021,14236,2432,0,458,0,0
2021-02-11T23:59:59+01:00,327,392,847,1257,911,1787,1223,2754,1285,1948,862,813,1147,1853,740,2407,142,206,516,808,581,1111,796,1859,834,1275,556,573,738,1284,534,1913,17909,13726,2431,0,213,0,0
2021-02-10T23:59:59+01:00,324,380,830,1225,900,1758,1214,2711,1275,1918,858,812,1131,1833,735,2391,136,191,454,733,546,1022,728,1743,795,1217,540,558,729,1262,524,1894,17880,13072,2357,0,58,0,0
2021-02-09T23:59:59+01:00,324,376,824,1211,890,1741,1199,2693,1261,1895,844,807,1116,1816,727,2375,117,167,399,646,501,881,648,1552,714,1050,479,468,615,1092,458,1667,17784,11454,2312,0,3,0,0
2021-02-08T23:59:59+01:00,323,375,822,1206,890,1736,1197,2688,1254,1887,839,804,1095,1789,714,2357,103,142,357,560,449,781,557,1328,609,916,403,386,538,893,364,1373,17666,9759,2309,0,1,0,0
2021-02-07T23:59:59+01:00,322,374,820,1205,889,1736,1197,2686,1254,1885,833,802,1093,1785,713,2356,101,141,355,555,447,777,554,1318,605,913,399,383,516,869,360,1359,17641,9652,2309,0,0,0,0
2021-02-06T23:59:59+01:00,322,373,820,1205,889,1735,1197,2686,1254,1884,832,799,1090,1781,713,2354,101,140,355,552,446,775,553,1315,602,912,396,379,465,794,332,1321,17626,9438,2308,0,0,0,0
2021-02-05T23:59:59+01:00,322,373,819,1203,889,1735,1196,2684,1253,1882,824,793,1066,1768,708,2341,93,136,348,545,430,756,529,1278,572,878,374,353,444,768,318,1286,17548,9108,2308,0,0,0,0
2021-02-04T23:59:59+01:00,319,365,814,1181,879,1712,1180,2656,1239,1861,801,777,1039,1738,702,2328,75,105,271,420,332,596,418,1040,464,705,299,287,338,609,258,1080,17306,7297,2285,0,0,0,0
2021-02-03T23:59:59+01:00,318,355,811,1164,877,1680,1173,2605,1221,1838,787,764,1020,1714,695,2315,59,73,183,293,256,447,299,757,342,508,200,204,239,449,183,807,17211,5299,2126,0,0,0,0
2021-02-02T23:59:59+01:00,316,350,807,1155,873,1657,1160,2581,1212,1822,783,758,1010,1702,694,2306,38,43,100,150,151,250,186,485,214,317,131,125,159,268,131,530,17061,3278,2125,0,0,0,0
2021-02-01T23:59:59+01:00,315,345,798,1140,868,1635,1155,2553,1209,1794,774,745,1005,1693,689,2293,13,13,16,27,28,64,48,95,62,89,46,43,56,80,41,177,16886,898,2125,0,0,0,0
2021-01-31T23:59:59+01:00,308,343,783,1138,860,1624,1143,2541,1199,1786,769,739,995,1674,682,2282,12,13,14,26,26,61,41,89,58,82,42,43,52,72,38,166,16851,835,2015,0,0,0,0
2021-01-30T23:59:59+01:00,308,343,783,1138,859,1624,1143,2541,1199,1786,768,739,995,1673,682,2282,12,11,14,26,26,61,40,89,57,80,42,42,51,72,38,165,16848,826,2015,0,0,0,0
2021-01-29T23:59:59+01:00,308,343,783,1138,859,1624,1143,2541,1199,1785,767,737,994,1672,682,2280,11,6,13,26,26,59,38,88,56,80,41,41,51,72,38,165,16841,811,2014,0,0,0,0
2021-01-28T23:59:59+01:00,304,336,767,1113,824,1567,1104,2477,1127,1735,726,726,965,1645,672,2264,4,0,3,9,11,21,17,42,19,39,20,21,23,47,16,99,16664,391,1688,0,0,0,0
2021-01-27T23:59:59+01:00,298,329,738,1075,778,1508,1043,2399,1058,1659,694,698,954,1627,670,2257,3,0,3,6,8,17,12,27,13,28,5,7,10,10,5,26,16219,180,1566,0,0,0,0
2021-01-26T23:59:59+01:00,272,315,723,1051,768,1460,1021,2320,1034,1599,681,687,933,1609,660,2240,3,0,1,6,6,7,11,11,5,12,3,3,6,7,2,16,16168,99,1205,0,0,0,0
2021-01-25T23:59:59+01:00,238,295,666,969,714,1341,979,2167,974,1476,637,634,854,1505,623,2178,3,0,1,6,6,7,11,11,5,12,3,3,6,7,2,16,15944,99,306,0,0,0,0
2021-01-24T23:59:59+01:00,219,284,641,962,697,1326,959,2151,962,1466,629,628,845,1485,614,2166,3,0,1,6,5,7,11,11,4,12,3,3,6,7,2,16,15772,97,262,0,0,0,0
2021-01-23T23:59:59+01:00,219,284,641,962,697,1326,959,2151,962,1466,629,628,845,1485,614,2166,3,0,1,6,5,7,10,11,4,12,3,3,6,7,2,16,15772,96,262,0,0,0,0
2021-01-22T23:59:59+01:00,167,265,587,953,676,1312,929,2139,951,1458,624,627,845,1485,614,2166,3,0,0,6,5,7,10,11,4,12,3,3,6,7,2,16,15536,95,262,0,0,0,0
2021-01-21T23:59:59+01:00,161,254,572,929,654,1272,891,2081,932,1416,617,606,831,1452,609,2151,3,0,0,6,4,7,10,11,4,12,3,3,6,7,2,15,15166,93,262,0,0,0,0
2021-01-20T23:59:59+01:00,152,233,528,861,630,1193,825,1968,899,1353,596,589,814,1429,601,2124,3,0,0,6,4,7,10,11,4,12,3,3,6,7,2,15,14535,93,260,0,0,0,0
2021-01-19T23:59:59+01:00,135,205,449,774,564,1045,739,1771,800,1209,542,525,714,1254,531,1890,3,0,0,6,4,7,10,11,4,12,3,3,6,7,2,15,12955,93,192,0,0,0,0
2021-01-18T23:59:59+01:00,113,166,379,620,470,870,607,1487,678,1035,476,459,637,1081,466,1639,1,0,0,0,0,0,0,0,0,0,0,0,0,1,0,0,11101,2,82,0,0,0,0
2021-01-17T23:59:59+01:00,109,164,375,615,469,863,604,1469,669,1027,473,452,608,1050,452,1595,1,0,0,0,0,0,0,0,0,0,0,0,0,1,0,0,10912,2,82,0,0,0,0
2021-01-16T23:59:59+01:00,109,161,373,607,466,855,593,1455,656,1019,458,438,509,912,392,1510,0,0,0,0,0,0,0,0,0,0,0,0,0,0,0,0,10511,0,2,0,0,0,0
2021-01-15T23:59:59+01:00,107,159,369,605,460,849,587,1446,637,1004,444,422,499,897,385,1489,0,0,0,0,0,0,0,0,0,0,0,0,0,0,0,0,10359,0,0,0,0,0,0
2021-01-14T23:59:59+01:00,83,125,307,498,380,686,472,1185,527,843,360,340,396,735,317,1271,0,0,0,0,0,0,0,0,0,0,0,0,0,0,0,0,8525,0,0,0,0,0,0
2021-01-13T23:59:59+01:00,66,93,220,372,301,517,363,865,397,610,246,239,289,549,237,972,0,0,0,0,0,0,0,0,0,0,0,0,0,0,0,0,6336,0,0,0,0,0,0
2021-01-12T23:59:59+01:00,44,59,132,222,183,310,225,561,252,378,154,146,185,359,164,662,0,0,0,0,0,0,0,0,0,0,0,0,0,0,0,0,4036,0,0,0,0,0,0
2021-01-11T23:59:59+01:00,14,18,45,58,43,91,69,130,77,112,64,56,82,114,48,220,0,0,0,0,0,0,0,0,0,0,0,0,0,0,0,0,1241,0,0,0,0,0,0
2021-01-10T23:59:59+01:00,14,17,33,47,35,73,56,122,70,102,55,52,77,102,45,209,0,0,0,0,0,0,0,0,0,0,0,0,0,0,0,0,1109,0,0,0,0,0,0
2021-01-09T23:59:59+01:00,14,16,30,46,35,73,53,121,69,99,55,51,76,101,43,208,0,0,0,0,0,0,0,0,0,0,0,0,0,0,0,0,1090,0,0,0,0,0,0
2021-01-08T23:59:59+01:00,10,9,30,42,33,69,50,120,68,98,52,46,70,97,40,208,0,0,0,0,0,0,0,0,0,0,0,0,0,0,0,0,1042,0,0,0,0,0,0
2021-01-07T23:59:59+01:00,5,2,10,23,18,35,27,89,32,63,32,27,47,81,27,163,0,0,0,0,0,0,0,0,0,0,0,0,0,0,0,0,681,0,0,0,0,0,0
2021-01-06T23:59:59+01:00,5,0,4,11,13,28,23,50,19,39,26,24,33,56,20,119,0,0,0,0,0,0,0,0,0,0,0,0,0,0,0,0,470,0,0,0,0,0,0
2021-01-05T23:59:59+01:00,5,0,4,11,13,28,23,50,19,39,26,24,33,55,20,119,0,0,0,0,0,0,0,0,0,0,0,0,0,0,0,0,469,0,0,0,0,0,0
2021-01-04T23:59:59+01:00,4,0,1,6,4,7,13,11,4,12,3,3,6,8,2,17,0,0,0,0,0,0,0,0,0,0,0,0,0,0,0,0,101,0,0,0,0,0,0
2021-01-03T23:59:59+01:00,3,0,1,6,4,7,12,11,4,12,3,3,6,8,2,16,0,0,0,0,0,0,0,0,0,0,0,0,0,0,0,0,98,0,0,0,0,0,0
2021-01-02T23:59:59+01:00,3,0,1,6,4,7,11,11,4,12,3,3,6,8,2,16,0,0,0,0,0,0,0,0,0,0,0,0,0,0,0,0,97,0,0,0,0,0,0
2021-01-01T23:59:59+01:00,3,0,0,6,4,7,11,11,4,12,3,3,6,7,2,16,0,0,0,0,0,0,0,0,0,0,0,0,0,0,0,0,95,0,0,0,0,0,0
2020-12-31T23:59:59+01:00,3,0,0,6,4,7,10,11,4,12,3,3,6,7,2,16,0,0,0,0,0,0,0,0,0,0,0,0,0,0,0,0,94,0,0,0,0,0,0
2020-12-30T23:59:59+01:00,3,0,0,6,4,7,10,11,4,12,3,3,6,7,2,16,0,0,0,0,0,0,0,0,0,0,0,0,0,0,0,0,94,0,0,0,0,0,0
2020-12-29T23:59:59+01:00,3,0,0,6,4,7,10,11,4,12,3,3,6,7,2,16,0,0,0,0,0,0,0,0,0,0,0,0,0,0,0,0,94,0,0,0,0,0,0
2020-12-28T23:59:59+01:00,3,0,0,6,4,7,10,11,4,12,3,3,6,7,2,16,0,0,0,0,0,0,0,0,0,0,0,0,0,0,0,0,94,0,0,0,0,0,0
2020-12-27T23:59:59+01:00,1,0,0,0,0,0,0,0,0,0,0,0,1,3,0,7,0,0,0,0,0,0,0,0,0,0,0,0,0,0,0,0,12,0,0,0,0,0,0
