Datum,<15_1_m,<15_1_w,15-24_1_m,15-24_1_w,25-34_1_m,25-34_1_w,35-44_1_m,35-44_1_w,45-54_1_m,45-54_1_w,55-64_1_m,55-64_1_w,65-74_1_m,65-74_1_w,75-84_1_m,75-84_1_w,>84_1_m,>84_1_w,<15_2_m,<15_2_w,15-24_2_m,15-24_2_w,25-34_2_m,25-34_2_w,35-44_2_m,35-44_2_w,45-54_2_m,45-54_2_w,55-64_2_m,55-64_2_w,65-74_2_m,65-74_2_w,75-84_2_m,75-84_2_w,>84_2_m,>84_2_w,bp_1,bp_2,mo_1,mo_2,az_1,az_2,ja,unb_1,unb_2
2021-11-01T23:59:59+01:00,4293,3984,26703,25468,35992,33144,35494,35259,40692,40883,43931,43856,28505,31746,20290,25435,6362,10727,3597,3259,23991,23013,33188,30325,33224,32897,38449,38447,41809,41844,27535,30618,19622,24510,6096,10184,347691,325562,45913,44187,77580,71299,21523,62,37
2021-10-31T23:59:59+01:00,4293,3984,26701,25468,35990,33144,35494,35259,40691,40883,43930,43856,28504,31746,20290,25435,6362,10727,3597,3259,23991,23013,33188,30325,33224,32897,38448,38447,41808,41844,27535,30618,19622,24510,6096,10184,347686,325561,45912,44187,77580,71299,21522,62,37
2021-10-30T23:59:59+02:00,4290,3982,26690,25463,35976,33137,35488,35255,40682,40879,43922,43856,28503,31746,20290,25434,6362,10726,3597,3259,23987,23011,33185,30325,33224,32894,38447,38446,41807,41844,27535,30618,19622,24510,6096,10184,347610,325546,45912,44187,77580,71299,21522,62,37
2021-10-29T23:59:59+02:00,4266,3965,26572,25394,35834,33038,35392,35196,40599,40826,43885,43838,28500,31738,20289,25432,6362,10726,3586,3252,23940,22978,33136,30278,33188,32865,38414,38415,41783,41829,27530,30610,19618,24504,6095,10184,346876,325218,45856,44169,77580,71298,21483,62,37
2021-10-28T23:59:59+02:00,4233,3923,26403,25270,35640,32904,35247,35098,40506,40752,43826,43798,28488,31727,20281,25425,6361,10724,3558,3217,23853,22892,33055,30189,33127,32816,38366,38367,41736,41801,27519,30597,19611,24495,6091,10177,345810,324625,45781,44129,77580,71298,21378,62,37
2021-10-27T23:59:59+02:00,4207,3900,26362,25237,35596,32858,35206,35049,40470,40725,43802,43780,28485,31720,20279,25420,6356,10722,3543,3198,23804,22852,33008,30152,33103,32789,38354,38342,41725,41781,27511,30581,19603,24488,6090,10175,345390,324266,45771,44123,77580,71297,21376,62,37
2021-10-26T23:59:59+02:00,4165,3872,26226,25123,35458,32756,35117,34974,40401,40677,43761,43758,28474,31709,20274,25414,6354,10720,3515,3186,23739,22772,32934,30083,33057,32739,38301,38306,41686,41758,27503,30571,19598,24479,6089,10173,344554,323767,45743,44091,77580,71295,21299,62,37
2021-10-25T23:59:59+02:00,4156,3864,26211,25105,35426,32733,35089,34960,40387,40670,43757,43754,28473,31708,20273,25414,6354,10720,3510,3179,23734,22767,32916,30064,33054,32733,38294,38303,41685,41755,27502,30570,19598,24476,6089,10173,344401,323705,45734,44084,77580,71294,21282,62,37
2021-10-24T23:59:59+02:00,4145,3859,26188,25076,35393,32705,35060,34937,40374,40653,43744,43745,28472,31704,20272,25412,6354,10720,3501,3171,23720,22750,32906,30055,33042,32725,38284,38295,41677,41747,27496,30567,19598,24471,6089,10172,344169,323569,45726,44084,77579,71294,21282,62,37
2021-10-23T23:59:59+02:00,4145,3859,26186,25072,35388,32704,35056,34934,40371,40651,43742,43745,28472,31704,20272,25412,6354,10720,3501,3171,23720,22748,32905,30055,33040,32725,38283,38294,41677,41747,27496,30567,19598,24471,6089,10172,344143,323562,45726,44084,77579,71294,21282,62,37
2021-10-22T23:59:59+02:00,4124,3828,26090,25003,35281,32607,34964,34874,40295,40609,43701,43718,28466,31700,20269,25405,6354,10719,3464,3143,23662,22686,32843,30000,32988,32687,38246,38263,41644,41722,27490,30560,19594,24468,6088,10171,343437,323085,45692,44061,77579,71294,21242,62,37
2021-10-21T23:59:59+02:00,4058,3782,25985,24910,35156,32493,34864,34804,40224,40553,43639,43682,28455,31687,20264,25400,6354,10718,3278,2993,23517,22536,32747,29908,32916,32620,38186,38208,41593,41682,27472,30542,19580,24452,6085,10165,342543,321936,45666,44029,77578,71294,21184,62,37
2021-10-20T23:59:59+02:00,4049,3767,25954,24881,35105,32447,34831,34772,40202,40532,43620,43668,28450,31682,20262,25396,6349,10715,3245,2965,23477,22496,32706,29875,32888,32592,38160,38178,41572,41660,27457,30530,19570,24441,6082,10163,342213,321539,45662,44015,77578,71294,21172,62,37
2021-10-19T23:59:59+02:00,4031,3740,25884,24836,35052,32401,34792,34734,40168,40505,43600,43654,28445,31675,20255,25389,6344,10712,3142,2852,23358,22388,32627,29808,32848,32549,38133,38133,41540,41636,27442,30513,19561,24434,6075,10158,341800,320750,45639,43974,77578,71293,21143,62,37
2021-10-18T23:59:59+02:00,4022,3722,25842,24810,35023,32364,34774,34719,40152,40491,43590,43640,28438,31668,20245,25382,6343,10712,3113,2834,23312,22350,32594,29765,32824,32514,38107,38113,41520,41613,27435,30506,19554,24425,6072,10154,341540,320389,45632,43956,77578,71293,21130,62,37
2021-10-17T23:59:59+02:00,4015,3710,25826,24804,35010,32354,34765,34714,40150,40488,43585,43635,28435,31664,20245,25377,6342,10710,3026,2755,23273,22323,32583,29752,32818,32504,38103,38106,41519,41605,27435,30503,19553,24423,6070,10154,341433,320090,45632,43956,77578,71293,21129,62,37
2021-10-16T23:59:59+02:00,4015,3710,25826,24804,35010,32354,34764,34714,40149,40487,43585,43635,28434,31663,20245,25376,6342,10709,3025,2753,23272,22323,32583,29752,32818,32503,38102,38105,41519,41604,27434,30503,19553,24422,6069,10152,341427,320078,45632,43956,77578,71293,21128,62,37
2021-10-15T23:59:59+02:00,4005,3700,25788,24774,34979,32328,34740,34691,40130,40475,43573,43628,28430,31660,20242,25373,6340,10705,2995,2729,23212,22252,32527,29702,32787,32456,38073,38078,41499,41587,27426,30496,19550,24418,6069,10148,341192,319627,45616,43928,77577,71293,21119,62,37
2021-10-14T23:59:59+02:00,3985,3672,25715,24715,34920,32267,34697,34656,40099,40442,43543,43613,28422,31651,20236,25369,6337,10700,2951,2671,23129,22166,32463,29608,32736,32399,38015,38035,41460,41550,27409,30482,19542,24409,6066,10147,340730,318945,45595,43883,77577,71293,21080,62,37
2021-10-13T23:59:59+02:00,3971,3649,25684,24694,34894,32237,34678,34641,40084,40419,43524,43593,28414,31645,20231,25360,6331,10693,2930,2650,23096,22127,32437,29569,32725,32364,37997,38014,41443,41539,27402,30468,19535,24402,6066,10142,340442,318628,45593,43875,77577,71293,21073,62,37
2021-10-12T23:59:59+02:00,3954,3629,25634,24642,34834,32176,34646,34611,40055,40392,43504,43580,28401,31630,20227,25351,6325,10686,2903,2616,23008,22031,32337,29479,32682,32316,37940,37977,41418,41502,27378,30455,19528,24392,6063,10132,340017,317941,45576,43838,77577,71291,21050,62,37
2021-10-11T23:59:59+02:00,3947,3617,25609,24617,34819,32152,34617,34593,40044,40380,43493,43567,28391,31621,20220,25346,6321,10682,2882,2605,22978,21999,32294,29444,32657,32285,37923,37960,41397,41485,27372,30449,19522,24385,6061,10128,339800,317628,45562,43830,77577,71291,21040,62,37
2021-10-10T23:59:59+02:00,3944,3615,25605,24610,34811,32142,34611,34579,40037,40375,43485,43560,28390,31616,20215,25342,6321,10678,2874,2599,22966,21981,32282,29427,32652,32278,37912,37949,41391,41480,27366,30445,19521,24384,6061,10128,339702,317501,45560,43827,77577,71291,21040,62,37
2021-10-09T23:59:59+02:00,3943,3612,25604,24607,34810,32138,34609,34578,40034,40371,43483,43560,28388,31615,20214,25339,6320,10678,2874,2598,22966,21981,32282,29427,32650,32277,37911,37949,41390,41479,27366,30445,19520,24384,6061,10127,339669,317492,45560,43827,77577,71291,21040,62,37
2021-10-08T23:59:59+02:00,3908,3588,25535,24550,34751,32083,34576,34547,40001,40343,43449,43534,28378,31605,20202,25324,6312,10674,2847,2563,22868,21915,32233,29372,32613,32229,37883,37906,41365,41455,27354,30427,19514,24376,6057,10126,339163,316943,45542,43812,77577,71290,21021,62,37
2021-10-07T23:59:59+02:00,3884,3544,25460,24469,34681,32011,34528,34508,39963,40301,43418,43507,28368,31593,20186,25314,6305,10664,2789,2501,22742,21772,32162,29286,32561,32152,37837,37858,41322,41414,27334,30409,19498,24362,6050,10114,338573,316069,45515,43786,77577,71289,20982,62,37
2021-10-06T23:59:59+02:00,3870,3525,25423,24425,34641,31972,34502,34477,39944,40284,43399,43489,28361,31584,20173,25296,6301,10652,2774,2484,22709,21730,32131,29249,32539,32121,37821,37834,41303,41399,27324,30399,19488,24350,6048,10110,338197,315729,45512,43783,77577,71289,20975,62,37
2021-10-05T23:59:59+02:00,3848,3506,25366,24365,34569,31897,34463,34438,39924,40249,43361,43465,28351,31572,20152,25276,6296,10622,2737,2442,22633,21614,32038,29157,32484,32058,37779,37792,41273,41370,27308,30389,19478,24340,6038,10100,337681,315032,45490,43757,77575,71287,20917,62,37
2021-10-04T23:59:59+02:00,3825,3484,25319,24322,34525,31864,34428,34406,39899,40230,43341,43445,28343,31563,20144,25259,6287,10609,2722,2432,22588,21568,32009,29108,32454,32034,37759,37774,41247,41354,27297,30373,19469,24331,6034,10090,337283,314681,45479,43742,77575,71284,20899,62,37
2021-10-03T23:59:59+02:00,3816,3482,25304,24316,34516,31859,34422,34400,39895,40221,43336,43441,28339,31561,20141,25250,6286,10602,2717,2426,22574,21557,32001,29098,32440,32025,37752,37768,41239,41350,27295,30368,19465,24325,6029,10084,337181,314556,45478,43740,77575,71284,20896,62,37
2021-10-02T23:59:59+02:00,3816,3482,25304,24315,34515,31859,34422,34400,39894,40221,43336,43441,28339,31561,20141,25250,6286,10602,2716,2426,22574,21557,32001,29098,32440,32025,37752,37768,41239,41350,27295,30368,19465,24325,6029,10084,337178,314555,45478,43740,77575,71284,20896,62,37
2021-10-01T23:59:59+02:00,3797,3464,25256,24248,34451,31789,34360,34360,39859,40197,43306,43423,28336,31555,20139,25248,6284,10599,2673,2384,22474,21468,31949,29027,32390,31983,37714,37720,41214,41333,27288,30363,19461,24320,6028,10082,336741,313993,45453,43713,77574,71282,20846,62,37
2021-09-30T23:59:59+02:00,3765,3422,25156,24133,34349,31711,34289,34301,39792,40139,43255,43382,28322,31536,20128,25240,6281,10588,2611,2332,22354,21350,31867,28923,32330,31912,37664,37672,41174,41307,27259,30351,19458,24307,6026,10077,335983,313199,45412,43688,77569,71282,20768,62,37
2021-09-29T23:59:59+02:00,3747,3402,25128,24089,34320,31683,34263,34275,39772,40117,43234,43364,28313,31528,20123,25234,6275,10581,2604,2318,22326,21319,31844,28903,32310,31888,37647,37655,41158,41295,27253,30339,19453,24298,6025,10073,335659,312950,45408,43684,77569,71282,20755,62,37
2021-09-28T23:59:59+02:00,3720,3371,25041,24018,34239,31616,34215,34226,39728,40078,43199,43334,28297,31509,20115,25222,6271,10572,2583,2292,22233,21245,31777,28830,32263,31841,37613,37612,41133,41270,27232,30324,19451,24289,6022,10071,335108,312446,45374,43654,77569,71281,20663,62,37
2021-09-27T23:59:59+02:00,3697,3347,25000,23992,34202,31576,34192,34196,39708,40044,43179,43313,28289,31499,20107,25217,6267,10564,2564,2278,22197,21213,31745,28790,32237,31820,37591,37594,41113,41257,27223,30319,19448,24285,6021,10067,334772,312179,45365,43638,77568,71281,20627,62,37
2021-09-26T23:59:59+02:00,3544,3243,24942,23957,34192,31568,34185,34193,39702,40037,43173,43307,28288,31497,20105,25216,6266,10563,2553,2271,22181,21194,31741,28783,32233,31816,37583,37587,41108,41251,27220,30315,19445,24283,6020,10066,334366,312074,45365,43637,77568,71280,20622,62,37
2021-09-25T23:59:59+02:00,3543,3243,24941,23957,34192,31568,34185,34193,39700,40036,43172,43307,28288,31496,20105,25216,6266,10563,2553,2270,22179,21191,31741,28783,32231,31815,37580,37585,41108,41251,27220,30314,19445,24283,6020,10066,334360,312059,45365,43637,77567,71280,20622,62,37
2021-09-24T23:59:59+02:00,3519,3211,24860,23881,34079,31488,34117,34130,39643,39989,43138,43281,28273,31485,20102,25210,6265,10561,2517,2239,22093,21102,31647,28719,32184,31778,37524,37547,41088,41229,27207,30303,19442,24280,6019,10066,333834,311602,45332,43624,77566,71279,20443,62,36
2021-09-23T23:59:59+02:00,3349,3060,24722,23731,33989,31398,34041,34071,39585,39936,43080,43237,28256,31471,20094,25198,6262,10559,2467,2195,21979,20999,31579,28641,32134,31722,37488,37513,41053,41195,27193,30283,19435,24264,6018,10063,332793,310983,45304,43606,77566,71277,20319,62,36
2021-09-22T23:59:59+02:00,3326,3035,24686,23679,33957,31365,34018,34033,39558,39920,43057,43213,28247,31462,20090,25187,6262,10554,2452,2183,21951,20969,31542,28603,32116,31694,37466,37498,41030,41184,27183,30277,19432,24260,6018,10062,332448,310721,45295,43602,77564,71276,20285,62,36
2021-09-21T23:59:59+02:00,3200,2902,24489,23523,33813,31265,33953,33950,39489,39872,43035,43171,28228,31442,20081,25181,6254,10547,2388,2152,21814,20831,31432,28498,32039,31617,37412,37449,40998,41150,27172,30265,19424,24245,6015,10057,331390,309945,45256,43574,77564,71275,20128,62,36
2021-09-20T23:59:59+02:00,3176,2880,24443,23476,33766,31225,33923,33917,39458,39841,43011,43146,28223,31432,20077,25175,6254,10543,2381,2140,21777,20790,31388,28451,32017,31581,37383,37431,40984,41141,27161,30258,19415,24239,6013,10050,331024,309644,45240,43567,77564,71273,20081,62,35
2021-09-19T23:59:59+02:00,3172,2878,24433,23470,33758,31217,33916,33910,39453,39826,43002,43145,28222,31431,20077,25173,6254,10543,2377,2136,21770,20785,31384,28443,32014,31580,37376,37423,40976,41140,27161,30258,19414,24238,6013,10050,330947,309591,45240,43566,77563,71273,20073,62,35
2021-09-18T23:59:59+02:00,3172,2878,24433,23470,33758,31217,33916,33910,39453,39826,43002,43145,28222,31431,20077,25173,6254,10543,2377,2136,21770,20785,31384,28441,32012,31580,37376,37423,40976,41140,27161,30258,19414,24237,6013,10050,330947,309586,45240,43566,77563,71273,20073,62,35
2021-09-17T23:59:59+02:00,3145,2840,24328,23355,33653,31116,33840,33842,39383,39772,42967,43118,28208,31423,20075,25166,6252,10541,2330,2093,21690,20708,31314,28379,31948,31533,37336,37390,40956,41126,27153,30243,19412,24230,6013,10049,330295,309137,45198,43546,77562,71273,19912,61,35
2021-09-16T23:59:59+02:00,3095,2792,24215,23223,33557,31007,33772,33737,39337,39712,42914,43069,28182,31402,20059,25155,6249,10533,2290,2051,21584,20611,31231,28306,31882,31467,37313,37335,40923,41087,27142,30223,19405,24222,6011,10048,329475,308535,45159,43537,77562,71267,19757,61,35
2021-09-15T23:59:59+02:00,3072,2779,24174,23175,33526,30963,33757,33706,39307,39684,42896,43051,28172,31391,20053,25149,6248,10531,2277,2036,21547,20568,31199,28258,31855,31444,37281,37301,40900,41061,27128,30214,19398,24214,6011,10044,329144,308174,45146,43536,77561,71265,19726,61,35
2021-09-14T23:59:59+02:00,3032,2747,24067,23033,33382,30822,33673,33622,39250,39633,42845,43001,28154,31375,20044,25141,6244,10526,2258,2011,21462,20486,31108,28168,31791,31382,37232,37259,40856,41035,27118,30194,19389,24206,6009,10041,328333,307650,45111,43529,77560,71261,19530,61,35
2021-09-13T23:59:59+02:00,3014,2728,24016,22980,33336,30762,33641,33572,39225,39602,42814,42977,28148,31362,20039,25139,6242,10522,2243,1995,21410,20439,31063,28117,31762,31350,37209,37239,40842,41013,27112,30188,19385,24202,6008,10040,327951,307350,45095,43516,77560,71260,19456,61,35
2021-09-12T23:59:59+02:00,3010,2721,24012,22972,33330,30758,33632,33566,39220,39599,42811,42975,28146,31360,20038,25138,6242,10521,2240,1992,21394,20430,31054,28099,31743,31342,37203,37232,40836,41007,27107,30187,19383,24199,6008,10038,327884,307228,45095,43516,77559,71259,19456,61,35
2021-09-11T23:59:59+02:00,3008,2720,24010,22970,33328,30757,33630,33565,39220,39597,42810,42975,28143,31358,20038,25138,6242,10521,2239,1990,21390,20429,31053,28096,31743,31342,37203,37230,40835,41006,27105,30187,19383,24199,6008,10038,327864,307211,45095,43516,77559,71259,19455,61,35
2021-09-10T23:59:59+02:00,2966,2678,23877,22842,33199,30641,33528,33490,39146,39513,42762,42935,28127,31341,20033,25130,6241,10519,2202,1952,21273,20326,30941,28003,31654,31289,37140,37188,40789,40973,27097,30177,19377,24189,6006,10037,327123,306669,45075,43497,77559,71258,19154,61,35
2021-09-09T23:59:59+02:00,2916,2639,23700,22693,33087,30511,33428,33389,39074,39440,42721,42887,28099,31324,20024,25124,6239,10517,2148,1895,21152,20195,30848,27906,31578,31194,37077,37132,40741,40925,27073,30161,19368,24180,6002,10034,326227,305917,45051,43478,77557,71255,18924,57,35
2021-09-08T23:59:59+02:00,2895,2608,23660,22643,33057,30472,33412,33361,39054,39418,42706,42872,28093,31315,20021,25119,6238,10517,2137,1883,21119,20163,30817,27890,31563,31169,37059,37109,40730,40911,27066,30155,19363,24175,6001,10033,325911,305687,45045,43474,77557,71254,18895,57,33
2021-09-07T23:59:59+02:00,2842,2553,23510,22498,32937,30364,33337,33275,38998,39354,42661,42838,28075,31298,20017,25114,6237,10514,2082,1842,20983,20029,30699,27804,31488,31103,37011,37057,40692,40882,27049,30130,19357,24164,6000,10031,325158,305035,45020,43452,77556,71249,18634,57,33
2021-09-06T23:59:59+02:00,2819,2538,23479,22454,32906,30331,33316,33255,38977,39341,42645,42823,28072,31294,20015,25112,6236,10511,2058,1824,20941,19986,30668,27777,31468,31078,36992,37038,40678,40870,27041,30122,19355,24155,5997,10029,324893,304734,45004,43444,77555,71248,18618,57,33
2021-09-05T23:59:59+02:00,2808,2535,23472,22448,32904,30326,33314,33250,38974,39338,42641,42817,28070,31290,20013,25111,6235,10510,2054,1821,20929,19979,30658,27771,31465,31074,36989,37036,40673,40867,27036,30120,19353,24151,5996,10029,324828,304660,45003,43444,77555,71248,18616,57,33
2021-09-04T23:59:59+02:00,2808,2535,23469,22447,32903,30326,33314,33249,38974,39337,42640,42816,28070,31290,20013,25111,6235,10510,2052,1818,20927,19979,30658,27771,31464,31073,36989,37036,40672,40867,27036,30120,19353,24151,5996,10029,324822,304653,45003,43444,77555,71248,18613,57,33
2021-09-03T23:59:59+02:00,2785,2501,23392,22370,32831,30255,33273,33206,38930,39308,42610,42803,28062,31277,20012,25109,6233,10509,2036,1801,20878,19921,30610,27732,31430,31038,36961,37011,40643,40855,27028,30112,19351,24149,5995,10029,324323,304310,44975,43436,77553,71240,18561,57,33
2021-09-02T23:59:59+02:00,2754,2469,23286,22273,32770,30164,33214,33151,38892,39275,42571,42770,28042,31265,20008,25095,6231,10506,2013,1782,20803,19860,30550,27669,31392,31007,36922,36974,40610,40826,27018,30100,19348,24138,5995,10029,323717,303882,44945,43418,77552,71235,18468,57,33
2021-09-01T23:59:59+02:00,2732,2455,23262,22236,32741,30132,33192,33125,38865,39254,42558,42754,28034,31258,20003,25093,6231,10506,1995,1767,20762,19817,30519,27641,31365,30983,36903,36958,40592,40810,27008,30091,19347,24132,5995,10029,323462,303606,44934,43411,77551,71234,18430,57,33
2021-08-31T23:59:59+02:00,2687,2412,23139,22131,32660,30032,33138,33067,38820,39212,42532,42729,28023,31252,19997,25089,6230,10502,1971,1747,20674,19723,30448,27581,31316,30940,36863,36926,40563,40785,26999,30079,19341,24127,5995,10027,322884,303189,44904,43396,77550,71227,18260,57,33
2021-08-30T23:59:59+02:00,2665,2388,23086,22088,32620,29990,33114,33030,38791,39192,42513,42711,28018,31245,19990,25080,6229,10498,1924,1707,20548,19622,30351,27486,31255,30889,36830,36898,40542,40751,26983,30064,19340,24118,5995,10025,322544,302475,44889,43387,77550,71222,18211,57,33
2021-08-29T23:59:59+02:00,2634,2358,22999,22025,32557,29933,33071,32999,38745,39156,42483,42690,28009,31238,19987,25075,6229,10497,1898,1682,20445,19554,30282,27436,31220,30855,36789,36869,40517,40733,26970,30053,19339,24113,5995,10025,322091,302047,44873,43364,77548,71212,18119,57,33
2021-08-28T23:59:59+02:00,2628,2356,22999,22025,32553,29933,33070,32999,38742,39155,42482,42690,28008,31238,19987,25075,6229,10497,1898,1680,20444,19553,30277,27435,31220,30852,36786,36867,40517,40733,26970,30053,19339,24113,5995,10025,322078,302036,44873,43363,77548,71212,18113,57,33
2021-08-27T23:59:59+02:00,2628,2356,22994,22021,32547,29933,33069,32996,38740,39153,42478,42690,28007,31238,19987,25075,6228,10497,1897,1679,20438,19551,30268,27434,31219,30850,36783,36866,40515,40733,26970,30053,19339,24112,5995,10025,322061,302021,44873,43363,77548,71209,18101,57,33
2021-08-26T23:59:59+02:00,2545,2272,22804,21815,32413,29791,32951,32889,38652,39064,42413,42621,27982,31205,19974,25057,6227,10491,1811,1598,20166,19281,30125,27267,31077,30724,36674,36771,40430,40659,26928,30012,19320,24088,5989,10023,320840,300506,44853,43339,77547,71193,17872,57,33
2021-08-25T23:59:59+02:00,2539,2264,22784,21790,32402,29770,32937,32874,38640,39050,42402,42615,27977,31202,19967,25051,6224,10489,1800,1589,20118,19237,30089,27237,31056,30688,36648,36739,40412,40643,26915,29999,19317,24080,5988,10022,320653,300143,44853,43339,77547,71192,17870,57,33
2021-08-24T23:59:59+02:00,2521,2253,22745,21748,32376,29725,32918,32841,38630,39030,42383,42601,27971,31191,19962,25043,6223,10488,1790,1580,20080,19195,30056,27196,31035,30653,36634,36718,40392,40625,26909,29989,19313,24077,5988,10018,320365,299854,44843,43334,77547,71187,17840,57,33
2021-08-23T23:59:59+02:00,2502,2221,22674,21675,32305,29668,32882,32810,38591,38999,42353,42588,27955,31182,19959,25032,6223,10486,1746,1536,19954,19073,29938,27116,30970,30606,36585,36675,40350,40596,26897,29975,19307,24067,5988,10012,319922,299118,44832,43309,77545,71179,17752,57,33
2021-08-22T23:59:59+02:00,2493,2212,22638,21643,32286,29650,32866,32802,38574,38983,42348,42579,27951,31177,19954,25032,6223,10485,1736,1523,19915,19035,29902,27083,30939,30570,36564,36659,40331,40574,26889,29971,19304,24064,5988,10010,319752,298828,44826,43306,77544,71170,17720,57,33
2021-08-21T23:59:59+02:00,2474,2199,22583,21593,32246,29613,32842,32778,38560,38960,42331,42569,27944,31169,19952,25029,6223,10484,1706,1499,19813,18936,29830,27025,30905,30526,36529,36617,40307,40553,26878,29962,19299,24060,5986,10010,319506,298319,44813,43291,77542,71164,17634,57,33
2021-08-20T23:59:59+02:00,2436,2157,22494,21486,32169,29530,32779,32730,38510,38920,42289,42541,27937,31155,19948,25014,6222,10480,1659,1462,19639,18809,29704,26922,30830,30466,36466,36571,40261,40515,26863,29943,19290,24051,5985,10006,318919,297503,44790,43265,77539,71146,17495,57,33
2021-08-19T23:59:59+02:00,2346,2089,22332,21349,32031,29406,32689,32646,38409,38842,42219,42487,27911,31122,19941,25002,6217,10471,1603,1412,19380,18602,29492,26772,30710,30356,36347,36476,40159,40430,26835,29913,19279,24035,5981,10001,317982,296230,44770,43235,77539,71121,17164,57,33
2021-08-18T23:59:59+02:00,2336,2080,22306,21327,32009,29385,32667,32623,38381,38824,42206,42471,27896,31112,19935,24997,6217,10469,1580,1394,19325,18542,29452,26738,30684,30325,36319,36455,40135,40399,26818,29902,19275,24023,5976,9997,317721,295795,44770,43235,77539,71119,17157,57,33
2021-08-17T23:59:59+02:00,2319,2064,22281,21299,31993,29355,32641,32598,38368,38812,42182,42452,27890,31099,19929,24992,6217,10469,1567,1383,19282,18491,29421,26699,30639,30298,36291,36420,40107,40375,26796,29887,19268,24006,5972,9993,317474,295392,44770,43232,77539,71115,17123,57,33
2021-08-16T23:59:59+02:00,2280,2047,22215,21256,31952,29311,32617,32577,38344,38791,42150,42435,27881,31092,19927,24982,6217,10468,1543,1358,19073,18346,29275,26585,30562,30209,36243,36368,40070,40333,26776,29871,19261,23987,5966,9991,317125,294389,44770,43226,77537,71113,17056,57,33
2021-08-15T23:59:59+02:00,2253,2024,22161,21199,31904,29271,32593,32544,38316,38772,42129,42421,27874,31087,19921,24975,6216,10468,1521,1342,18954,18229,29116,26457,30482,30126,36175,36317,40015,40276,26757,29847,19251,23978,5963,9990,316790,293462,44761,43209,77536,71105,16987,57,33
2021-08-14T23:59:59+02:00,2247,2021,22135,21183,31892,29255,32589,32538,38308,38767,42123,42418,27873,31086,19920,24974,6216,10467,1491,1314,18840,18135,29053,26393,30442,30078,36150,36286,39994,40261,26749,29841,19248,23977,5962,9987,316701,292915,44758,43189,77536,71101,16963,57,33
2021-08-13T23:59:59+02:00,2230,2010,22089,21145,31855,29231,32552,32510,38293,38753,42113,42408,27871,31081,19917,24971,6215,10467,1416,1249,18584,17873,28873,26233,30326,29986,36098,36217,39949,40225,26733,29829,19243,23968,5959,9983,316465,291542,44753,43173,77534,71091,16905,57,33
2021-08-12T23:59:59+02:00,2194,1972,22000,21049,31784,29154,32495,32460,38246,38710,42076,42374,27855,31062,19910,24961,6213,10467,1323,1189,18277,17558,28621,26004,30182,29857,36004,36124,39873,40157,26697,29782,19223,23945,5957,9980,315888,289789,44742,43120,77531,71044,16767,57,33
2021-08-11T23:59:59+02:00,2192,1967,21980,21033,31766,29133,32480,32444,38238,38701,42065,42358,27846,31059,19907,24957,6212,10463,1315,1176,18222,17502,28585,25959,30134,29818,35983,36086,39837,40124,26685,29755,19216,23935,5957,9978,315708,289310,44742,43117,77531,71041,16766,57,33
2021-08-10T23:59:59+02:00,2183,1946,21952,20996,31728,29111,32464,32424,38211,38674,42047,42349,27840,31051,19906,24954,6211,10459,1281,1143,17701,17047,28409,25800,30040,29728,35814,35963,39787,40081,26661,29732,19209,23919,5953,9977,315459,287604,44737,43088,77529,70791,16729,55,33
2021-08-09T23:59:59+02:00,2159,1932,21901,20945,31671,29064,32430,32394,38186,38654,42033,42325,27829,31042,19905,24945,6210,10457,1238,1104,17228,16585,28277,25693,29985,29674,35767,35918,39753,40046,26652,29718,19204,23913,5953,9975,315083,286117,44731,43068,77529,70778,16687,55,33
2021-08-08T23:59:59+02:00,2143,1914,21847,20901,31626,29027,32395,32368,38162,38646,42011,42304,27822,31038,19899,24941,6210,10454,1173,1042,16883,16244,28166,25610,29928,29601,35719,35880,39731,40020,26640,29705,19195,23904,5951,9970,314765,284879,44730,43047,77528,70770,16633,55,33
2021-08-07T23:59:59+02:00,2099,1871,21711,20819,31543,28959,32321,32307,38105,38596,41978,42275,27813,31011,19894,24932,6208,10452,1027,917,16371,15791,27861,25320,29699,29414,35539,35723,39591,39908,26584,29641,19176,23875,5948,9966,314134,282223,44697,42925,77522,70681,16489,55,33
2021-08-06T23:59:59+02:00,2089,1861,21660,20780,31502,28927,32289,32288,38079,38576,41966,42259,27809,31002,19890,24932,6208,10452,908,809,15344,14811,26707,24423,29409,29183,35290,35523,39276,39668,26542,29595,19166,23865,5947,9963,313905,277218,44693,42903,77522,69878,16397,55,33
2021-08-05T23:59:59+02:00,2050,1832,21552,20693,31443,28849,32228,32229,38020,38525,41921,42221,27792,30983,19882,24919,6206,10449,809,703,14451,14065,25683,23640,28694,28667,34758,35087,38958,39422,26475,29515,19134,23831,5944,9953,313343,272318,44670,42852,77521,68378,16208,55,33
2021-08-04T23:59:59+02:00,2030,1813,21480,20642,31398,28778,32194,32187,37983,38503,41886,42192,27779,30967,19877,24906,6204,10445,731,657,14080,13723,25274,23333,28481,28440,34615,34961,38860,39328,26436,29470,19112,23808,5939,9948,312890,269867,44663,42822,77521,68336,16138,55,33
2021-08-03T23:59:59+02:00,2021,1797,21453,20616,31382,28764,32181,32177,37973,38489,41870,42179,27770,30961,19872,24899,6203,10443,711,643,13996,13631,25195,23256,28413,28383,34567,34914,38808,39289,26410,29443,19100,23796,5936,9942,312686,269137,44659,42819,77519,68310,16134,55,33
2021-08-02T23:59:59+02:00,2011,1776,21408,20577,31336,28742,32154,32146,37947,38474,41857,42164,27761,30949,19872,24891,6202,10439,680,613,13793,13421,24488,22707,28129,28160,34418,34802,38730,39226,26383,29411,19092,23792,5936,9940,312396,266718,44656,42805,77519,68082,16083,55,33
2021-08-01T23:59:59+02:00,1991,1759,21355,20530,31287,28702,32127,32127,37928,38455,41836,42147,27755,30942,19869,24883,6202,10439,642,585,13622,13259,24188,22452,27890,27942,34327,34694,38662,39155,26367,29392,19086,23786,5936,9938,312092,265016,44650,42793,77518,68059,16022,55,33
2021-07-31T23:59:59+02:00,1966,1729,21275,20453,31216,28663,32071,32087,37893,38426,41812,42126,27751,30934,19864,24879,6202,10439,370,355,12677,12233,23669,22010,27544,27585,34016,34398,38227,38811,26296,29307,19060,23741,5931,9932,311671,259977,44638,42757,77516,67487,15908,55,33
2021-07-30T23:59:59+02:00,1941,1709,21251,20431,31184,28643,32056,32066,37887,38419,41804,42118,27746,30931,19863,24879,6201,10439,362,348,12590,12160,23341,21719,27264,27373,33797,34234,38065,38676,26272,29289,19059,23733,5931,9930,311481,258550,44637,42749,77516,66930,15881,55,33
2021-07-29T23:59:59+02:00,1872,1640,21019,20193,31042,28494,31953,31954,37794,38329,41709,42057,27718,30906,19850,24860,6194,10430,296,288,11961,11626,22209,20877,26221,26533,32813,33540,37681,38384,26189,29188,19030,23686,5925,9921,310265,252926,44608,42659,77508,65170,15580,55,33
2021-07-28T23:59:59+02:00,1852,1625,20979,20140,31023,28464,31937,31933,37772,38310,41686,42036,27707,30894,19845,24850,6194,10428,252,237,11681,11323,21797,20494,25789,26107,32648,33384,37569,38292,26152,29137,19011,23663,5924,9916,309944,250000,44608,42659,77496,65109,15575,54,33
2021-07-27T23:59:59+02:00,1842,1619,20939,20097,30999,28431,31903,31917,37751,38276,41662,42023,27700,30887,19844,24845,6194,10425,213,214,11435,11107,21594,20305,25646,25987,32535,33277,37480,38209,26121,29099,19001,23651,5921,9912,309706,248520,44608,42625,77495,65037,15493,54,32
2021-07-26T23:59:59+02:00,1816,1583,20812,19966,30891,28330,31844,31852,37695,38208,41620,41992,27674,30869,19833,24831,6188,10422,178,187,11142,10782,21086,19862,25396,25778,32373,33126,37349,38121,26085,29065,18988,23628,5920,9904,308939,246224,44576,42511,77488,64832,15371,54,32
2021-07-25T23:59:59+02:00,1809,1575,20789,19954,30880,28320,31832,31837,37687,38202,41610,41982,27670,30866,19832,24829,6188,10421,167,174,11037,10675,20934,19755,25162,25583,32133,32916,37203,37986,26066,29051,18982,23620,5919,9901,308821,244957,44567,42496,77479,64415,15364,54,32
2021-07-24T23:59:59+02:00,1789,1560,20707,19879,30836,28280,31797,31801,37658,38173,41588,41970,27663,30860,19829,24827,6188,10421,161,169,10974,10620,20859,19693,25090,25522,32080,32885,37173,37965,26060,29046,18980,23618,5919,9901,308469,244588,44556,42473,77475,64348,15274,54,32
2021-07-23T23:59:59+02:00,1734,1525,20514,19733,30675,28166,31710,31727,37591,38121,41549,41927,27652,30843,19824,24821,6187,10416,149,158,10715,10416,20501,19393,24282,24876,31596,32553,36605,37508,26017,29004,18964,23600,5918,9899,307637,241721,44547,42425,77458,62956,15020,54,32
2021-07-22T23:59:59+02:00,1670,1468,20203,19459,30434,27984,31580,31613,37461,38014,41452,41844,27625,30819,19813,24797,6183,10415,112,131,10252,10037,19756,18879,23327,24205,30886,31965,35570,36746,25905,28905,18930,23567,5916,9895,306157,238108,44511,41759,77453,60425,14660,54,32
2021-07-21T23:59:59+02:00,1655,1460,20165,19407,30404,27953,31556,31590,37441,37989,41431,41820,27616,30811,19808,24791,6178,10411,94,110,9942,9703,19293,18426,22451,23438,30551,31632,35335,36548,25822,28808,18899,23514,5908,9885,305828,235358,44502,40066,77451,60252,14652,54,31
2021-07-20T23:59:59+02:00,1648,1454,20132,19380,30374,27929,31531,31570,37425,37971,41419,41807,27601,30796,19808,24784,6178,10408,83,99,9674,9425,18960,18158,22178,23154,30374,31475,35170,36404,25776,28760,18883,23478,5907,9881,305571,232959,44500,40058,77450,60150,14641,54,31
2021-07-19T23:59:59+02:00,1637,1446,20018,19294,30290,27857,31472,31515,37406,37952,41404,41789,27596,30785,19802,24777,6177,10405,78,93,9477,9229,18648,17884,21716,22733,30120,31244,35051,36301,25742,28721,18865,23462,5907,9878,304994,231331,44494,39119,77448,60035,14633,54,31
2021-07-18T23:59:59+02:00,1626,1440,19949,19227,30161,27758,31407,31449,37344,37900,41360,41737,27575,30754,19793,24762,6173,10402,72,85,9368,9114,18479,17733,21525,22544,29950,31045,34936,36200,25710,28698,18854,23444,5907,9872,304200,230072,44494,38816,77446,59993,14624,54,31
2021-07-17T23:59:59+02:00,1625,1436,19942,19225,30161,27757,31407,31445,37339,37898,41356,41735,27574,30753,19792,24762,6173,10402,72,81,9348,9099,18448,17711,21506,22531,29940,31038,34918,36196,25707,28696,18854,23443,5907,9872,304169,229921,44494,38813,77446,59982,14620,54,31
2021-07-16T23:59:59+02:00,1572,1391,19667,18979,30040,27662,31325,31375,37283,37835,41315,41703,27555,30736,19785,24752,6171,10396,71,79,9230,8984,18068,17407,21203,22258,29550,30681,34782,36089,25683,28672,18847,23430,5905,9870,303180,228644,44471,38090,77445,59652,14393,54,30
2021-07-15T23:59:59+02:00,1514,1348,19407,18732,29865,27515,31215,31276,37199,37752,41245,41636,27512,30706,19769,24739,6167,10393,62,67,8867,8682,17159,16581,19652,21029,28629,29759,34159,35509,25515,28490,18791,23380,5899,9858,301903,222529,44430,36631,77437,58731,14167,54,30
2021-07-14T23:59:59+02:00,1500,1335,19377,18695,29839,27489,31190,31244,37187,37738,41226,41629,27504,30699,19760,24732,6166,10390,54,62,8578,8385,16609,15979,19159,20509,28065,29259,33768,35133,25402,28361,18751,23313,5894,9847,301619,218359,44429,36274,77435,58301,14164,54,30
2021-07-13T23:59:59+02:00,1489,1324,19339,18671,29822,27464,31166,31228,37172,37711,41202,41601,27495,30685,19758,24727,6165,10384,36,56,8270,8123,16213,15631,18882,20230,27803,29009,33497,34875,25303,28240,18718,23272,5892,9842,301333,215660,44428,36239,77434,57808,14155,54,30
2021-07-12T23:59:59+02:00,1473,1314,19290,18653,29786,27435,31149,31207,37160,37694,41186,41588,27491,30681,19756,24721,6164,10384,35,51,8009,7911,15933,15354,18182,19680,27487,28687,33084,34513,25135,28043,18659,23198,5886,9837,301072,214375,44427,34305,77434,56828,14146,54,30
2021-07-11T23:59:59+02:00,1463,1306,19258,18622,29758,27403,31132,31176,37152,37673,41172,41576,27482,30672,19754,24721,6163,10383,33,50,7965,7864,15867,15284,18092,19626,27402,28624,32970,34450,25080,27998,18639,23176,5886,9834,300819,213796,44424,34294,77432,56582,14138,54,30
2021-07-10T23:59:59+02:00,1334,1190,18751,18201,29308,27102,30848,30942,36902,37513,40968,41426,27408,30612,19728,24689,6160,10380,32,50,7835,7794,15579,15146,17874,19475,27158,28482,32803,34334,25014,27952,18623,23163,5885,9834,298602,213375,44286,34171,77404,56340,13117,54,30
2021-07-09T23:59:59+02:00,1323,1184,18723,18170,29286,27085,30835,30929,36891,37501,40957,41417,27404,30608,19726,24685,6160,10379,29,48,7793,7748,15509,15079,17809,19381,26937,28252,32553,34121,24950,27889,18601,23137,5885,9831,298454,213090,44267,34168,77403,55178,13086,54,30
2021-07-08T23:59:59+02:00,1245,1102,18454,17954,29135,26933,30696,30808,36788,37398,40858,41339,27370,30574,19707,24665,6155,10373,24,44,7623,7610,15210,14831,17377,19021,26245,27648,32278,33854,24781,27732,18542,23075,5882,9823,297180,211949,44210,32746,77395,54159,12716,54,30
2021-07-07T23:59:59+02:00,1146,1010,18143,17631,28934,26747,30565,30683,36676,37277,40751,41252,27336,30525,19693,24649,6152,10370,21,36,7426,7399,14770,14465,16911,18577,25491,27036,31869,33472,24513,27406,18448,22982,5873,9814,295604,209030,44159,31911,77384,53198,12340,54,30
2021-07-06T23:59:59+02:00,1123,993,18066,17562,28888,26697,30515,30636,36640,37242,40716,41221,27319,30499,19682,24635,6150,10367,14,30,7209,7168,14425,14103,16560,18227,24739,26389,31568,33208,24322,27191,18400,22911,5866,9807,295025,206964,44155,30504,77381,52302,12337,54,30
2021-07-05T23:59:59+02:00,1081,965,17990,17498,28845,26639,30475,30601,36615,37197,40688,41195,27313,30485,19676,24629,6150,10362,4,17,6980,6982,14121,13832,16209,17864,24181,25878,30996,32641,24042,26893,18292,22771,5858,9797,294534,205470,44153,28402,77377,51169,12287,54,30
2021-07-04T23:59:59+02:00,1059,949,17918,17447,28807,26617,30452,30572,36605,37188,40673,41183,27307,30474,19671,24626,6150,10361,4,17,6955,6963,14069,13781,16132,17804,24097,25821,30841,32549,23949,26804,18260,22730,5856,9793,294215,205075,44153,28392,77366,50656,12272,54,30
2021-07-03T23:59:59+02:00,645,579,16178,15726,27642,25700,29656,29851,35962,36574,40170,40752,27149,30307,19605,24538,6141,10344,4,17,6567,6721,13557,13483,15734,17500,23733,25542,30535,32353,23853,26708,18227,22690,5852,9789,286693,204779,44114,28315,77282,50364,9377,54,30
2021-07-02T23:59:59+02:00,606,540,16048,15580,27484,25552,29576,29792,35931,36547,40151,40739,27143,30298,19602,24535,6141,10344,4,17,6520,6647,13483,13386,15647,17368,23589,25359,30381,32188,23661,26497,18138,22612,5850,9786,285790,204096,44114,28156,77281,49480,9371,54,30
2021-07-01T23:59:59+02:00,548,492,15870,15426,27271,25397,29497,29713,35877,36496,40086,40693,27122,30279,19591,24522,6139,10340,4,16,6377,6516,13136,13112,15116,16929,22318,24369,29620,31503,23380,26209,18019,22477,5843,9770,284600,200555,44110,26479,77268,48324,9328,54,28
2021-06-30T23:59:59+02:00,518,472,15765,15318,27159,25311,29429,29640,35820,36444,40044,40658,27106,30248,19580,24505,6135,10340,3,14,6181,6334,12704,12725,14546,16381,21693,23770,29026,30972,22961,25742,17888,22294,5836,9758,283771,196290,44107,26454,77261,46756,9300,54,28
2021-06-29T23:59:59+02:00,462,422,15009,14649,26892,25087,29332,29541,35740,36363,39975,40610,27087,30223,19572,24492,6135,10338,3,12,6068,6208,12445,12464,14151,15985,20902,23145,28440,30418,22513,25218,17735,22119,5828,9748,281266,193140,44104,25943,77252,45037,9254,54,28
2021-06-28T23:59:59+02:00,426,391,14381,14005,26734,24982,29260,29475,35680,36297,39932,40576,27069,30203,19564,24481,6135,10334,2,12,6001,6111,12266,12324,13964,15809,20277,22595,28040,30043,22177,24861,17606,21956,5823,9743,279324,191457,44101,25279,77247,43646,9200,54,28
2021-06-27T23:59:59+02:00,349,324,14037,13633,26671,24924,29222,29439,35658,36275,39913,40562,27058,30196,19561,24477,6134,10333,2,12,5963,6068,12150,12207,13818,15680,19723,22117,27430,29541,21900,24522,17485,21832,5819,9742,278214,190617,44097,23752,77236,42448,9166,54,28
2021-06-26T23:59:59+02:00,348,323,14026,13621,26656,24913,29216,29432,35651,36274,39910,40561,27057,30195,19561,24477,6134,10333,2,12,5958,6065,12140,12205,13812,15677,19710,22105,27385,29506,21753,24392,17445,21776,5818,9740,278140,190593,44094,23748,77236,41967,9165,54,28
2021-06-25T23:59:59+02:00,224,210,12766,12403,25189,23762,28917,29199,35545,36189,39842,40499,27033,30168,19550,24465,6132,10331,2,12,5915,6018,12041,12123,13668,15556,19399,21866,26999,29147,21431,23998,17267,21579,5815,9731,271906,189365,44090,23463,77216,40552,9159,54,28
2021-06-24T23:59:59+02:00,159,156,11791,11571,24074,22882,28554,28845,35395,36022,39725,40393,26994,30119,19539,24441,6130,10327,2,11,5697,5787,11585,11708,13087,14964,17859,20466,25346,27550,20657,23138,16948,21172,5805,9721,266659,184372,44068,19840,77212,38138,9125,54,28
2021-06-23T23:59:59+02:00,123,130,11426,11250,23577,22509,28305,28602,35218,35894,39635,40304,26963,30092,19530,24403,6128,10315,2,11,5623,5676,11373,11493,12787,14614,17465,20056,24596,26780,19861,22388,16755,20918,5797,9705,264038,182019,44060,19220,77207,35587,9046,54,28
2021-06-22T23:59:59+02:00,102,117,11244,11040,23416,22369,28224,28529,35142,35832,39588,40258,26948,30067,19522,24394,6128,10314,1,9,5513,5555,11105,11233,12420,14244,16862,19455,23862,26012,19481,21963,16592,20739,5790,9689,262890,178980,44057,18347,77205,34141,9029,54,28
2021-06-21T23:59:59+02:00,90,105,10993,10857,22583,21705,27971,28300,35074,35769,39525,40215,26931,30048,19516,24384,6128,10313,1,8,5395,5455,10887,11018,12112,13921,16472,19109,23412,25544,19189,21648,16487,20619,5784,9687,260303,177517,44046,17332,77198,32964,8907,54,28
2021-06-20T23:59:59+02:00,84,104,10928,10766,22334,21490,27712,28099,34994,35692,39480,40171,26919,30032,19514,24379,6126,10310,1,7,5354,5402,10800,10916,12017,13818,16275,18924,23142,25303,19088,21541,16434,20561,5778,9683,259013,177204,44045,16268,77192,32714,8830,54,28
2021-06-19T23:59:59+02:00,83,100,10905,10743,22302,21467,27694,28086,34982,35688,39471,40167,26918,30031,19514,24377,6126,10310,1,7,5323,5370,10718,10825,11925,13698,16127,18773,22834,24941,19000,21454,16422,20548,5777,9683,258863,177098,44025,14769,77192,32701,8830,54,28
2021-06-18T23:59:59+02:00,80,98,10857,10694,21985,21141,27432,27868,34928,35651,39439,40144,26909,30022,19513,24374,6126,10308,1,7,5308,5361,10689,10794,11885,13649,16065,18710,22750,24845,18834,21272,16377,20482,5776,9678,257473,176702,44021,14768,77191,32155,8830,54,28
2021-06-17T23:59:59+02:00,71,90,10277,10264,20706,20183,26570,27133,34557,35326,39179,39953,26845,29940,19492,24337,6119,10303,1,7,5112,5221,10313,10541,11440,13247,15383,18099,21380,23523,18375,20781,16213,20309,5772,9664,251687,171391,44001,14193,77178,31344,8425,54,28
2021-06-16T23:59:59+02:00,63,78,9940,9956,20021,19549,25937,26532,34306,35123,39018,39803,26799,29887,19468,24312,6118,10299,1,7,4968,5077,9924,10207,10980,12795,14679,17409,20528,22584,17971,20334,16042,20095,5762,9652,247847,167603,43985,12923,77164,30303,8159,54,27
2021-06-15T23:59:59+02:00,48,72,9699,9712,19722,19303,25712,26334,34174,35016,38922,39722,26767,29851,19461,24297,6113,10295,1,7,4864,4962,9684,9991,10745,12535,14254,16981,19926,22005,17647,19942,15820,19863,5753,9640,246072,165507,43975,11833,77157,29292,7962,54,26
2021-06-14T23:59:59+02:00,44,67,9567,9586,19422,19044,25534,26191,34054,34936,38858,39682,26749,29831,19455,24286,6113,10292,1,7,4783,4899,9495,9853,10570,12399,13991,16763,19610,21710,17481,19784,15718,19729,5752,9636,244868,164043,43973,11831,77153,28618,7663,54,26
2021-06-13T23:59:59+02:00,43,63,9407,9458,19132,18860,25178,25938,33855,34768,38750,39615,26733,29819,19445,24278,6113,10288,0,7,4700,4830,9284,9680,10401,12223,13665,16416,19261,21379,17352,19635,15671,19664,5750,9634,243221,163177,43973,11830,77148,27172,7347,54,26
2021-06-12T23:59:59+02:00,43,63,9398,9440,19120,18847,25178,25933,33855,34765,38747,39614,26733,29819,19445,24278,6113,10288,0,7,4697,4816,9272,9618,10368,12121,13616,16262,19206,21243,17243,19509,15554,19562,5748,9632,243173,163147,43973,11828,77143,26137,7336,54,26
2021-06-11T23:59:59+02:00,38,59,9239,9259,18887,18637,24375,25260,33677,34609,38612,39501,26700,29785,19434,24254,6113,10283,0,7,4619,4706,9051,9359,10108,11823,13094,15710,18229,20343,17057,19311,15514,19518,5745,9629,240253,159116,43971,11827,77138,25548,7306,54,26
2021-06-10T23:59:59+02:00,36,55,8845,8929,18239,18140,23526,24588,33358,34328,38409,39336,26641,29731,19410,24226,6110,10276,0,7,4444,4529,8477,8864,9298,11101,11943,14603,16225,18420,16167,18343,15228,19151,5736,9607,236631,149404,43317,11794,77112,23848,7071,52,26
2021-06-09T23:59:59+02:00,19,37,8392,8428,17404,17415,22374,23544,32872,33859,38122,39115,26532,29626,19362,24167,6100,10263,0,7,4306,4412,8186,8601,9053,10847,11608,14234,15741,17871,15791,17911,14986,18866,5729,9597,232627,147565,41422,11753,77071,21928,6474,37,26
2021-06-08T23:59:59+02:00,11,25,8072,8109,16934,17003,21952,23178,32626,33664,37959,38985,26488,29585,19352,24145,6097,10258,0,7,4187,4330,7932,8350,8747,10502,11247,13887,15098,17166,15328,17387,14724,18587,5724,9579,229897,145853,41391,10635,77061,20211,6057,37,26
2021-06-07T23:59:59+02:00,8,21,7875,7879,16576,16680,21413,22720,32344,33394,37841,38867,26458,29537,19332,24116,6092,10257,0,7,4111,4250,7751,8207,8588,10356,11076,13714,14783,16838,15128,17130,14550,18394,5720,9574,228274,144766,40419,10542,77041,19204,5639,37,26
2021-06-06T23:59:59+02:00,6,18,7768,7770,16442,16533,21217,22513,32115,33169,37705,38761,26431,29512,19320,24099,6092,10251,0,7,4083,4214,7703,8087,8534,10224,10968,13567,14586,16617,14942,16950,14461,18273,5713,9568,227038,144276,40119,10529,77023,18161,5505,37,26
2021-06-05T23:59:59+02:00,6,18,7746,7756,16416,16509,21209,22510,32104,33162,37703,38760,26430,29512,19319,24098,6092,10251,0,7,4073,4174,7688,8022,8520,10092,10954,13395,14567,16512,14907,16895,14452,18263,5713,9567,226932,144194,40119,10529,77022,17561,5491,37,26
2021-06-04T23:59:59+02:00,6,16,7635,7654,16137,16270,20935,22260,31681,32787,37588,38638,26397,29473,19308,24085,6090,10249,0,7,4066,4164,7660,7999,8493,10061,10887,13322,14462,16379,14825,16802,14415,18219,5713,9565,225333,143855,39345,10199,77003,17468,5491,37,26
2021-06-03T23:59:59+02:00,4,16,7380,7425,15259,15479,19303,20869,30768,31860,37083,38176,26265,29337,19263,24033,6084,10231,0,7,4006,4125,7572,7928,8370,9964,10714,13139,13890,15806,14560,16485,14329,18111,5710,9552,218701,141626,37765,10079,76991,17196,5341,37,26
2021-06-02T23:59:59+02:00,4,16,7246,7281,14881,15054,18872,20464,30301,31404,36855,37912,26201,29273,19243,24004,6081,10229,0,7,3977,4096,7510,7842,8282,9869,10574,13008,13441,15373,14435,16302,14299,18073,5707,9547,215623,139831,37334,9985,76990,17163,5337,37,26
2021-06-01T23:59:59+02:00,4,13,6972,7037,14483,14744,18528,20147,29975,31092,36631,37679,26145,29194,19219,23975,6079,10218,0,7,3876,4012,7269,7666,8048,9676,10310,12732,13033,14948,14000,15847,14183,17918,5700,9539,212878,137691,37290,9731,76969,16355,4961,37,26
2021-05-31T23:59:59+02:00,4,13,6810,6851,14261,14510,17827,19546,29633,30749,36337,37415,26052,29096,19192,23922,6069,10206,0,7,3799,3902,7059,7419,7824,9393,9966,12348,12594,14427,13471,15232,13982,17687,5692,9524,211438,134503,35251,9410,76954,15574,4813,37,26
2021-05-30T23:59:59+02:00,4,13,6787,6835,14216,14469,17749,19487,29583,30710,36305,37389,26040,29084,19189,23915,6068,10204,0,7,3755,3830,6901,7204,7677,9157,9759,12026,12338,14072,13350,15061,13916,17604,5689,9517,211139,133765,35238,9308,76896,14027,4737,37,26
2021-05-29T23:59:59+02:00,4,13,6785,6834,14207,14463,17744,19481,29578,30706,36302,37388,26038,29081,19189,23914,6068,10204,0,7,3745,3818,6871,7171,7643,9106,9723,11979,12264,13973,13308,14992,13886,17579,5688,9512,211107,133623,35238,9307,76881,13573,4736,37,26
2021-05-28T23:59:59+02:00,4,13,6775,6821,14190,14451,17728,19459,29564,30693,36291,37368,26035,29076,19187,23910,6068,10204,0,6,3731,3795,6850,7131,7608,9051,9670,11874,12021,13703,13117,14801,13856,17538,5685,9509,210951,132326,35237,9306,76878,13554,4734,37,26
2021-05-27T23:59:59+02:00,4,13,6684,6740,13921,14232,17238,19113,28883,30149,36130,37235,25985,29040,19172,23894,6067,10198,0,6,3607,3633,6562,6878,7232,8742,9172,11316,11311,12806,12563,14230,13726,17344,5677,9497,209859,128799,33792,8977,76836,12326,4174,37,26
2021-05-26T23:59:59+02:00,4,13,6614,6633,13711,14030,16985,18803,28339,29636,35954,37060,25944,28990,19155,23864,6066,10191,0,6,3516,3491,6339,6589,6943,8314,8830,10838,10657,12004,11998,13614,13579,17128,5672,9475,208247,125175,33042,8793,76821,11155,3846,36,24
2021-05-25T23:59:59+02:00,4,13,6533,6538,13504,13810,16721,18590,27615,28988,35861,36963,25920,28959,19143,23848,6061,10190,0,6,3467,3398,6195,6419,6796,8123,8604,10547,10309,11638,11654,13136,13474,16965,5669,9467,207528,123328,31586,8655,76338,10086,3774,35,24
2021-05-24T23:59:59+02:00,4,13,6463,6442,13326,13610,16498,18310,27199,28557,35515,36562,25863,28891,19124,23824,6060,10188,0,6,3454,3377,6136,6338,6751,8039,8544,10452,10236,11540,11479,12903,13426,16873,5661,9446,206996,122699,29352,8607,76331,9596,3735,35,24
2021-05-23T23:59:59+02:00,4,13,6461,6441,13321,13601,16495,18300,27180,28547,35485,36528,25860,28884,19124,23818,6060,10188,0,3,3449,3373,6130,6328,6741,8032,8516,10421,10196,11481,11396,12801,13406,16840,5661,9445,206881,122685,29335,8192,76330,9589,3729,35,24
2021-05-22T23:59:59+02:00,4,13,6454,6437,13313,13589,16489,18295,27176,28545,35482,36522,25860,28884,19124,23818,6060,10188,0,3,3447,3373,6126,6325,6739,8028,8512,10419,10191,11478,11385,12787,13401,16836,5660,9445,206826,122645,29335,8192,76328,9565,3729,35,24
2021-05-21T23:59:59+02:00,4,13,6392,6378,13160,13483,16314,18146,26906,28367,35051,36256,25834,28846,19116,23812,6059,10184,0,3,3438,3363,6093,6304,6709,7994,8472,10370,10137,11429,10865,12074,13260,16676,5657,9440,206137,120883,29210,8189,75282,9531,3657,35,24
2021-05-20T23:59:59+02:00,3,12,6097,6176,12548,13068,15122,17224,24993,26868,34095,35488,25729,28702,19061,23730,6053,10169,0,3,3379,3317,5996,6188,6593,7837,8323,10205,9897,11121,10526,11618,13147,16492,5647,9426,201367,118871,27466,8106,72743,9186,3528,34,24
2021-05-19T23:59:59+02:00,3,12,5890,5934,12034,12608,14416,16518,24045,26050,33468,34885,25614,28610,19026,23670,6045,10157,0,3,3302,3242,5835,6019,6403,7592,8048,9924,9593,10740,10213,11202,13068,16347,5645,9418,195657,116951,27425,7910,72727,8567,3142,34,24
2021-05-18T23:59:59+02:00,3,11,5720,5823,11636,12290,13794,16016,22889,25102,32801,34278,25498,28474,18978,23618,6040,10147,0,3,3260,3211,5719,5907,6236,7432,7842,9709,9394,10500,10038,10951,12921,16122,5635,9409,190708,115785,26914,7841,72683,7860,2779,34,24
2021-05-17T23:59:59+02:00,3,10,5667,5779,11472,12184,13521,15794,22071,24464,32491,33962,25419,28414,18956,23588,6031,10138,0,3,3143,3137,5527,5723,6062,7216,7633,9481,9169,10255,9945,10826,12863,16058,5632,9404,188937,115022,26211,7833,72288,6704,2494,34,24
2021-05-16T23:59:59+02:00,3,10,5639,5759,11410,12126,13436,15714,21456,23913,31878,33433,25379,28370,18946,23573,6030,10138,0,3,3138,3115,5513,5654,6034,7156,7605,9382,9138,10171,9929,10806,12860,16055,5632,9404,188169,114910,24665,7827,71863,6353,2482,34,23
2021-05-15T23:59:59+02:00,3,10,5630,5750,11377,12117,13407,15705,21380,23842,31338,33059,25368,28365,18945,23570,6029,10137,0,3,3125,3100,5494,5612,6020,7081,7565,9267,8900,9917,9896,10775,12826,16004,5632,9403,188118,114905,24652,7689,71216,5991,2012,34,23
2021-05-14T23:59:59+02:00,3,10,5591,5724,11315,12077,13334,15641,20969,23531,30906,32712,25333,28319,18933,23554,6029,10135,0,3,3093,3060,5457,5523,5999,6945,7524,9065,8839,9722,9823,10665,12740,15875,5632,9400,187395,114734,24331,7354,70345,5243,2011,34,23
2021-05-13T23:59:59+02:00,3,10,5436,5568,10933,11781,12620,15053,18780,21784,29360,31243,25106,28076,18865,23482,6027,10132,0,3,3082,3025,5434,5484,5983,6888,7498,8995,8795,9662,9605,10421,12537,15569,5627,9389,183435,114375,20537,6527,68257,5076,1996,34,23
2021-05-12T23:59:59+02:00,2,10,5406,5541,10863,11723,12519,14965,18657,21660,28997,30878,25013,27981,18848,23453,6026,10127,0,3,3081,3021,5428,5478,5973,6875,7473,8980,8756,9608,9416,10188,12304,15245,5624,9382,182486,114091,19900,5656,68254,5071,1995,34,22
2021-05-11T23:59:59+02:00,2,10,5269,5436,10613,11470,12152,14597,18047,21020,28065,29906,24821,27791,18788,23377,6021,10113,0,3,3038,2980,5338,5323,5873,6689,7343,8737,8592,9386,9234,9990,12152,15056,5615,9363,178399,113035,19006,5548,68123,4171,1936,34,22
2021-05-10T23:59:59+02:00,2,9,5144,5361,10398,11279,11892,14341,17721,20686,27643,29497,24713,27683,18749,23330,6013,10109,0,3,2967,2926,5221,5207,5758,6585,7219,8596,8463,9279,9130,9866,12062,14927,5612,9354,176391,112503,18322,5536,67895,3186,1928,34,22
2021-05-09T23:59:59+02:00,2,9,5070,5315,10300,11163,11792,14222,17380,20400,27252,29119,24626,27596,18720,23294,6010,10106,0,3,2899,2894,5075,5165,5581,6542,7052,8567,8333,9243,9118,9856,12044,14907,5612,9354,175995,112427,17040,5526,67395,2358,1912,34,22
2021-05-08T23:59:59+02:00,2,9,5069,5314,10297,11159,11792,14222,17376,20398,27249,29117,24626,27596,18720,23294,6010,10106,0,3,2899,2893,5073,5165,5581,6542,7052,8567,8330,9243,9117,9855,12044,14907,5612,9354,175979,112424,17040,5526,67392,2354,1911,34,22
2021-05-07T23:59:59+02:00,2,9,5036,5288,10229,11107,11661,14098,16975,20125,26613,28560,24577,27545,18703,23262,6004,10076,0,3,2888,2886,5058,5157,5570,6526,7040,8556,8322,9232,9111,9847,12033,14887,5605,9326,175144,112409,17037,5520,65870,2311,1785,34,22
2021-05-06T23:59:59+02:00,1,9,4766,5127,9775,10764,11096,13580,15885,19101,24203,26266,24077,27015,18597,23160,5999,10062,0,3,2845,2840,4991,5081,5529,6434,6958,8438,8193,9080,9010,9733,12009,14836,5602,9323,170107,111868,14586,5463,62984,1778,1774,32,22
2021-05-05T23:59:59+02:00,1,9,4685,5046,9480,10535,10755,13254,15305,18500,23356,25299,23817,26688,18529,23055,5989,10044,0,2,2826,2803,4942,4996,5470,6314,6876,8274,8068,8864,8902,9601,11931,14749,5601,9314,166441,110922,13268,5457,62833,1359,1773,32,22
2021-05-04T23:59:59+02:00,1,9,4601,4954,9306,10335,10543,13012,14916,18104,22808,24733,23606,26416,18457,22974,5981,10030,0,2,2818,2769,4914,4920,5437,6193,6823,8134,7972,8709,8798,9488,11856,14690,5599,9311,164187,110420,12143,5446,62669,790,1755,32,22
2021-05-03T23:59:59+02:00,1,9,4530,4879,9116,10201,10369,12836,14635,17858,22397,24319,23467,26266,18430,22926,5981,10024,0,2,2744,2698,4830,4849,5363,6107,6728,8028,7790,8544,8712,9401,11817,14641,5596,9306,162680,110197,12142,5443,62576,680,814,32,22
2021-05-02T23:59:59+02:00,1,9,4517,4865,9040,10144,10246,12726,14309,17551,22095,24033,23417,26207,18411,22901,5980,10023,0,2,2738,2691,4771,4816,5275,6024,6592,7898,7671,8443,8666,9359,11793,14607,5594,9301,161794,110077,12139,5441,62472,663,38,32,22
2021-05-01T23:59:59+02:00,1,9,4517,4862,9038,10143,10245,12726,14305,17547,22093,24033,23416,26206,18411,22901,5980,10023,0,2,2738,2691,4771,4816,5275,6024,6591,7898,7671,8443,8666,9359,11793,14607,5594,9301,161775,110077,12139,5440,62472,663,38,32,22
2021-04-30T23:59:59+02:00,0,9,4445,4776,8799,9928,9984,12485,13823,17121,21251,23259,23291,26069,18395,22870,5977,10020,0,2,2734,2689,4760,4808,5266,5990,6580,7867,7638,8404,8662,9356,11792,14604,5592,9300,158184,110049,12138,5438,62144,531,4,32,22
2021-04-29T23:59:59+02:00,0,9,4298,4631,8320,9516,9282,11882,12820,16217,19399,21572,22583,25305,18256,22659,5971,10003,0,2,2712,2670,4718,4737,5223,5916,6517,7761,7556,8288,8552,9241,11726,14529,5585,9291,148972,109553,12123,5174,61593,271,4,31,22
2021-04-28T23:59:59+02:00,0,9,4266,4612,8249,9443,9206,11795,12700,16096,19182,21359,22494,25214,18229,22618,5969,9998,0,2,2709,2658,4693,4677,5195,5872,6487,7687,7508,8206,8535,9216,11709,14507,5583,9285,148587,109359,12035,5101,60783,45,3,31,21
2021-04-27T23:59:59+02:00,0,9,4228,4565,8112,9308,9091,11645,12553,15928,18731,20863,22263,24956,18164,22540,5966,9989,0,2,2706,2654,4691,4673,5185,5864,6474,7668,7473,8168,8474,9137,11627,14425,5579,9281,147858,109097,10959,4928,60060,37,3,31,16
2021-04-26T23:59:59+02:00,0,9,4187,4538,8005,9212,8944,11539,12380,15754,18319,20498,22129,24809,18128,22508,5965,9987,0,2,2706,2652,4687,4669,5180,5856,6461,7648,7440,8140,8426,9089,11571,14346,5575,9264,147081,108992,10824,4670,58973,32,2,31,16
2021-04-25T23:59:59+02:00,0,9,4173,4523,7968,9181,8881,11476,12245,15625,17976,20164,21929,24572,18088,22453,5961,9982,0,2,2706,2652,4686,4667,5177,5852,6456,7645,7438,8136,8370,9030,11548,14318,5575,9262,145699,108969,10813,4502,58661,31,2,31,16
2021-04-24T23:59:59+02:00,0,9,4166,4515,7952,9176,8866,11466,12197,15594,17918,20126,21914,24559,18086,22448,5961,9982,0,2,2705,2652,4686,4667,5177,5852,6456,7645,7438,8136,8370,9029,11548,14318,5575,9262,145602,108969,10812,4502,58488,30,2,31,15
2021-04-23T23:59:59+02:00,0,9,4146,4485,7895,9113,8781,11364,11859,15268,17483,19727,21699,24326,18021,22371,5959,9974,0,2,2702,2650,4683,4664,5171,5844,6442,7636,7415,8105,8349,9002,11539,14309,5573,9259,144334,108957,10465,4342,57648,29,2,31,15
2021-04-22T23:59:59+02:00,0,9,4097,4421,7764,8924,8597,11106,11532,14850,16567,18742,21127,23615,17886,22191,5949,9956,0,2,2694,2644,4677,4642,5149,5817,6400,7602,7346,8060,8220,8844,11397,14158,5568,9250,140606,108339,10335,4093,56360,21,2,30,15
2021-04-21T23:59:59+02:00,0,9,4055,4378,7664,8803,8441,10945,11236,14569,15830,17983,20746,23168,17811,22086,5944,9943,0,2,2685,2633,4659,4621,5133,5796,6388,7584,7317,8037,8171,8782,11357,14118,5566,9248,137679,108053,10205,4009,55697,19,2,28,14
2021-04-20T23:59:59+02:00,0,9,4030,4352,7630,8750,8365,10865,11073,14395,15396,17508,20282,22650,17707,21935,5936,9931,0,2,2676,2624,4649,4608,5109,5776,6360,7560,7277,7997,8077,8650,11281,14031,5562,9244,135530,107480,9940,3969,55314,18,2,28,14
2021-04-19T23:59:59+02:00,0,9,4000,4301,7567,8645,8273,10726,10915,14212,15143,17213,19803,22085,17540,21718,5926,9919,0,2,2671,2623,4645,4604,5095,5761,6341,7543,7250,7952,8024,8597,11254,13985,5560,9240,133461,107147,9587,3966,54919,18,2,26,14
2021-04-18T23:59:59+02:00,0,6,3980,4273,7508,8593,8168,10600,10656,13969,14651,16675,19371,21573,17417,21533,5922,9913,0,2,2670,2623,4645,4604,5095,5761,6340,7540,7247,7951,8020,8594,11252,13981,5559,9237,131041,107124,9516,3964,54223,17,2,26,14
2021-04-17T23:59:59+02:00,0,6,3977,4265,7488,8586,8157,10582,10615,13923,14539,16587,19251,21451,17395,21505,5921,9911,0,2,2670,2623,4644,4602,5088,5756,6326,7535,7222,7928,7974,8548,11233,13958,5557,9237,130604,107112,9506,3758,54021,17,2,26,14
2021-04-16T23:59:59+02:00,0,6,3966,4221,7415,8462,8054,10427,10422,13661,13870,15824,18684,20809,17270,21330,5910,9893,0,2,2667,2620,4639,4595,5083,5743,6308,7524,7184,7893,7663,8157,11139,13817,5550,9220,127760,106308,9445,3464,52992,17,1,26,14
2021-04-15T23:59:59+02:00,0,5,3922,4168,7301,8330,7878,10192,10087,13271,13144,14965,17873,19948,17029,21008,5895,9873,0,2,2666,2612,4627,4578,5069,5710,6275,7488,7112,7820,7104,7492,11010,13656,5546,9210,124120,104633,9285,3314,51457,15,1,26,14
2021-04-14T23:59:59+02:00,0,4,3895,4136,7235,8224,7771,10041,9910,13072,12726,14519,17346,19335,16877,20799,5889,9859,0,2,2632,2593,4609,4546,5041,5663,6240,7455,7054,7760,6457,6724,10745,13358,5542,9202,122729,102282,9048,3313,49834,13,1,26,14
2021-04-13T23:59:59+02:00,0,4,3891,4130,7197,8207,7714,10006,9802,13019,12353,14226,16656,18482,16641,20495,5885,9853,0,2,2607,2565,4590,4520,5013,5628,6182,7385,6966,7656,6245,6471,10156,12674,5533,9181,122025,100043,8826,3303,47683,13,1,26,14
2021-04-12T23:59:59+02:00,0,4,3878,4112,7142,8161,7656,9936,9694,12918,12106,14011,16217,17966,16453,20281,5880,9850,0,2,2578,2554,4523,4478,4907,5558,6064,7308,6848,7556,5498,5649,9704,12135,5493,9139,121689,96672,8790,3294,45760,13,1,25,14
2021-04-11T23:59:59+02:00,0,4,3863,4104,7100,8109,7596,9893,9602,12841,11869,13802,15648,17277,16177,19940,5875,9840,0,2,2502,2474,4394,4357,4756,5425,5902,7156,6698,7451,5196,5288,9572,11973,5493,9135,121095,94504,8360,3243,44059,12,1,25,14
2021-04-10T23:59:59+02:00,0,4,3845,4084,7061,8062,7553,9836,9541,12782,11778,13717,15430,17084,16128,19871,5874,9833,0,2,1941,1910,3582,3635,3886,4661,4899,6240,5843,6663,4924,4983,9443,11821,5486,9126,120630,85775,8360,3243,43467,12,1,25,14
2021-04-09T23:59:59+02:00,0,4,3824,4064,7024,8032,7492,9780,9390,12653,11451,13436,14245,15550,15683,19339,5861,9821,0,2,1083,1085,2221,2440,2378,3292,3113,4596,4217,5197,4233,4247,9192,11463,5461,9096,118730,70050,8358,3240,40536,12,0,25,14
2021-04-08T23:59:59+02:00,0,4,3798,4048,6962,7979,7388,9686,9202,12536,11047,13084,13109,14285,15265,18809,5839,9785,0,2,583,596,1298,1733,1476,2366,2011,3508,2841,3806,2986,2845,8370,10460,5304,8859,117466,55782,8275,3237,37060,11,0,25,14
2021-04-07T23:59:59+02:00,0,4,3750,4022,6884,7923,7296,9615,9074,12407,10737,12777,12379,13516,15046,18545,5833,9763,0,2,354,379,948,1387,1070,1980,1501,3046,1893,2801,1802,1556,7461,9313,5148,8600,116502,45982,8122,3237,34923,8,0,24,14
2021-04-06T23:59:59+02:00,0,4,3734,4010,6863,7885,7240,9548,8981,12328,10525,12560,11994,13020,14826,18251,5822,9750,0,2,347,365,938,1376,1055,1959,1473,3018,1834,2742,1723,1487,7043,8754,4995,8361,115231,44215,8023,3236,34065,7,0,22,14
2021-04-05T23:59:59+02:00,0,4,3728,4009,6852,7872,7227,9537,8962,12300,10461,12501,11883,12872,14727,18158,5820,9747,0,2,345,359,928,1372,1049,1951,1463,2997,1812,2708,1670,1434,6813,8446,4870,8175,114891,43138,8001,3235,33746,7,0,22,14
2021-04-04T23:59:59+02:00,0,4,3728,4009,6850,7866,7226,9536,8959,12300,10451,12496,11879,12868,14724,18157,5820,9747,0,2,345,358,926,1372,1048,1949,1462,2996,1810,2705,1667,1429,6806,8432,4865,8172,114885,43089,8000,3234,33713,7,0,22,14
2021-04-03T23:59:59+02:00,0,4,3728,4009,6850,7865,7225,9536,8959,12300,10450,12496,11879,12867,14722,18155,5820,9747,0,2,345,357,924,1368,1046,1948,1461,2991,1808,2705,1661,1417,6763,8350,4830,8136,114881,42858,8000,3234,33709,6,0,22,14
2021-04-02T23:59:59+02:00,0,4,3726,4007,6848,7862,7219,9530,8946,12293,10434,12480,11752,12752,14679,18096,5817,9738,0,2,343,355,922,1362,1040,1937,1446,2966,1767,2667,1566,1331,5997,7452,4389,7566,114755,40176,7995,2912,33411,6,0,22,14
2021-04-01T23:59:59+02:00,0,3,3687,3995,6814,7841,7177,9500,8894,12254,10362,12409,11404,12344,14298,17577,5811,9718,0,2,338,352,906,1347,1028,1916,1414,2921,1707,2602,1442,1234,5048,6330,3821,6724,114353,36205,6579,2907,33134,6,0,22,14
2021-03-31T23:59:59+02:00,0,3,3681,3990,6799,7821,7160,9481,8859,12221,10272,12337,11068,11936,13946,17079,5805,9696,0,2,335,348,898,1337,1017,1900,1394,2893,1657,2565,1376,1181,4455,5641,3458,6246,113769,33849,5569,2834,32794,6,0,22,14
2021-03-30T23:59:59+02:00,0,3,3663,3966,6763,7784,7102,9415,8770,12118,10110,12182,10809,11659,13725,16814,5798,9682,0,2,331,341,893,1326,1009,1894,1371,2886,1628,2539,1349,1155,4336,5519,3396,6151,112956,33471,5319,2635,32068,6,0,20,14
2021-03-29T23:59:59+02:00,0,3,3653,3944,6737,7762,7062,9362,8674,12023,9927,11973,10370,11190,13353,16345,5782,9649,0,2,326,337,889,1315,1003,1886,1362,2875,1614,2530,1327,1141,4200,5375,3298,6018,111281,32850,5011,2629,31497,5,0,20,14
2021-03-28T23:59:59+02:00,0,3,3612,3888,6621,7603,6945,9218,8548,11830,9773,11782,10162,10928,13177,16163,5778,9640,0,2,326,337,889,1313,1001,1885,1361,2875,1613,2528,1318,1138,4167,5332,3272,5992,110910,32805,4744,2526,29998,4,0,19,14
2021-03-27T23:59:59+01:00,0,3,3611,3877,6609,7539,6915,9105,8498,11660,9721,11628,10049,10804,13082,16074,5777,9640,0,2,326,336,889,1313,1001,1882,1361,2873,1609,2527,1316,1136,4141,5297,3259,5977,110901,32702,4744,2525,28928,4,0,19,14
2021-03-26T23:59:59+01:00,0,3,3605,3870,6581,7502,6887,9030,8450,11547,9630,11500,10000,10740,13034,16018,5769,9619,0,2,321,334,888,1310,997,1870,1358,2852,1589,2513,1291,1120,3954,5068,3150,5823,110841,31938,4520,2484,28405,4,0,19,14
2021-03-25T23:59:59+01:00,0,3,3582,3839,6489,7376,6795,8864,8261,11316,9320,11183,9619,10355,12728,15702,5764,9608,0,2,321,333,886,1302,994,1860,1345,2839,1566,2494,1266,1100,3715,4818,2897,5483,110463,30720,4308,2484,26014,3,0,19,14
2021-03-24T23:59:59+01:00,0,3,3525,3789,6399,7192,6672,8638,8096,11079,9093,10858,9204,9865,12310,15243,5753,9597,0,2,321,332,885,1298,989,1858,1338,2835,1550,2478,1257,1090,3648,4744,2712,5257,109948,30096,4170,2484,23179,0,0,19,14
2021-03-23T23:59:59+01:00,0,3,3506,3756,6351,7138,6595,8578,7978,10951,8845,10625,8783,9398,11859,14721,5743,9583,0,2,321,332,884,1288,984,1849,1333,2826,1546,2471,1232,1065,3556,4667,2515,4934,109132,29307,4078,2484,21184,0,0,19,14
2021-03-22T23:59:59+01:00,0,3,3498,3736,6309,7110,6560,8530,7912,10876,8697,10489,8502,9047,11557,14397,5708,9544,0,2,319,327,878,1278,976,1842,1326,2815,1536,2461,1220,1055,3527,4631,2496,4901,108465,29093,4076,2483,19915,0,0,19,14
2021-03-21T23:59:59+01:00,0,3,3496,3734,6305,7100,6542,8514,7895,10857,8641,10431,8382,8930,11488,14295,5705,9541,0,2,317,326,870,1275,969,1835,1317,2813,1531,2457,1216,1052,3518,4616,2481,4891,108380,28989,4074,2483,19386,0,0,19,14
2021-03-20T23:59:59+01:00,0,3,3488,3696,6297,7028,6525,8377,7870,10673,8597,10296,8304,8844,11450,14256,5705,9541,0,2,317,326,870,1275,969,1834,1316,2813,1531,2455,1216,1052,3518,4615,2481,4890,108346,28984,3863,2482,18722,0,0,19,14
2021-03-19T23:59:59+01:00,0,3,3475,3666,6269,6942,6501,8284,7824,10556,8484,10136,7761,8237,11263,14013,5696,9523,0,2,314,325,865,1268,952,1825,1294,2782,1481,2411,1134,984,2847,3820,2062,4308,106726,26178,3561,2482,18327,0,0,19,14
2021-03-18T23:59:59+01:00,0,3,3464,3648,6228,6902,6467,8222,7760,10470,8368,10008,6800,7135,10983,13712,5684,9498,0,2,313,325,861,1263,946,1815,1279,2774,1457,2391,1095,964,2640,3579,1905,4085,103698,25198,3400,2482,18235,0,0,19,14
2021-03-17T23:59:59+01:00,0,3,3427,3609,6158,6819,6412,8117,7669,10339,8237,9850,6114,6285,10699,13401,5667,9471,0,2,312,325,853,1257,941,1803,1265,2752,1438,2364,1058,939,2511,3446,1823,3967,100898,24562,3399,2482,17961,0,0,19,12
2021-03-16T23:59:59+01:00,0,3,3409,3579,6119,6766,6367,8043,7615,10273,8146,9748,5937,6109,9989,12587,5626,9407,0,2,305,314,839,1240,929,1794,1259,2732,1426,2356,1043,919,2296,3197,1686,3770,98624,23615,3387,2480,17693,0,0,19,12
2021-03-15T23:59:59+01:00,0,3,3372,3547,6020,6686,6237,7950,7471,10153,8018,9622,5184,5275,9542,12037,5582,9337,0,2,304,313,835,1236,927,1787,1257,2719,1417,2347,1030,907,2151,3023,1595,3675,95101,23034,3378,2479,17538,0,0,19,12
2021-03-14T23:59:59+01:00,0,3,3248,3404,5741,6341,5966,7592,7157,9737,7731,9304,4852,4884,9381,11838,5578,9322,0,2,304,312,835,1236,926,1787,1255,2718,1415,2344,1028,904,2148,3020,1592,3674,92704,23012,3323,2476,16033,0,0,19,12
2021-03-13T23:59:59+01:00,0,3,2592,2749,4807,5472,4956,6668,5968,8624,6718,8357,4537,4501,8995,11314,5486,9214,0,2,304,311,834,1234,926,1781,1253,2716,1414,2344,1028,903,2124,2983,1561,3638,82042,22868,3323,2476,15577,0,0,19,12
2021-03-12T23:59:59+01:00,0,2,1769,1932,3471,4319,3448,5337,4222,6985,5081,6848,3864,3795,7739,9765,4971,8524,0,2,300,308,832,1230,920,1775,1246,2696,1389,2327,983,876,1767,2517,1286,3276,63188,21242,3320,2476,15545,0,0,19,12
2021-03-11T23:59:59+01:00,0,2,1270,1455,2565,3579,2548,4402,3129,5895,3723,5462,2689,2519,6032,7658,4196,7344,0,2,295,299,816,1221,907,1752,1228,2667,1364,2280,946,856,1608,2282,1159,3086,45888,20280,3318,2476,15243,0,0,19,12
2021-03-10T23:59:59+01:00,0,2,1049,1239,2198,3219,2174,4010,2678,5454,2811,4495,1552,1314,4669,5935,3629,6576,0,2,285,289,798,1201,885,1716,1194,2593,1325,2214,919,837,1426,2091,1062,2910,34826,19368,3318,2367,14842,0,0,18,12
2021-03-09T23:59:59+01:00,0,2,1033,1210,2134,3079,2110,3895,2594,5321,2726,4369,1518,1283,4592,5862,3587,6517,0,2,281,282,784,1180,868,1690,1168,2552,1307,2186,905,825,1349,1965,990,2794,34413,18793,3315,2323,14086,0,0,18,12
2021-03-08T23:59:59+01:00,0,2,1012,1180,2077,2979,2071,3814,2534,5209,2671,4296,1480,1262,4445,5700,3484,6374,0,2,281,278,779,1172,866,1681,1160,2544,1299,2170,880,804,1178,1739,864,2623,33715,17989,3315,2319,13542,0,0,18,12
2021-03-07T23:59:59+01:00,0,2,1007,1161,2037,2933,2029,3773,2495,5144,2630,4259,1475,1259,4438,5692,3481,6374,0,2,281,278,779,1172,866,1681,1160,2544,1298,2170,877,804,1169,1729,855,2612,33681,17988,3309,2277,13181,0,0,18,12
2021-03-06T23:59:59+01:00,0,2,1007,1158,2026,2919,2017,3754,2479,5117,2613,4238,1462,1249,4404,5646,3467,6362,0,2,281,278,779,1172,866,1680,1160,2544,1298,2170,877,804,1169,1729,855,2611,33537,17987,3308,2276,13057,0,0,18,12
2021-03-05T23:59:59+01:00,0,2,1003,1154,2010,2899,1987,3731,2436,5065,2561,4200,1426,1222,4134,5320,3315,6142,0,2,280,275,772,1165,860,1672,1157,2535,1294,2160,863,800,1161,1720,854,2609,32794,17891,2974,2276,12821,0,0,18,12
2021-03-04T23:59:59+01:00,0,2,909,1006,1921,2774,1921,3594,2360,4911,2471,4040,1395,1200,3891,5058,3049,5789,0,2,280,273,770,1160,857,1663,1156,2520,1290,2151,831,784,1148,1710,847,2596,31534,17773,2970,2253,11769,0,0,18,12
2021-03-03T23:59:59+01:00,0,2,862,898,1854,2678,1850,3490,2291,4796,2397,3956,1382,1186,3781,4951,2825,5514,0,2,279,271,769,1149,854,1645,1150,2478,1280,2125,814,780,1140,1690,839,2588,30854,17744,2851,2097,10990,0,0,18,12
2021-03-02T23:59:59+01:00,0,2,818,821,1758,2555,1766,3366,2201,4672,2337,3878,1347,1164,3651,4816,2616,5163,0,2,279,270,768,1143,850,1642,1145,2473,1276,2115,812,778,1125,1669,828,2569,30118,17636,2661,2096,10134,0,0,18,12
2021-03-01T23:59:59+01:00,0,2,795,785,1658,2413,1695,3220,2101,4500,2257,3757,1329,1152,3600,4751,2572,5103,0,2,279,268,764,1139,847,1630,1141,2461,1271,2105,805,775,1120,1657,820,2562,29865,17538,2577,2096,9230,0,0,18,12
2021-02-28T23:59:59+01:00,0,2,789,762,1640,2347,1667,3148,2078,4401,2242,3690,1323,1146,3590,4736,2557,5092,0,2,278,267,764,1138,847,1625,1140,2459,1271,2100,801,773,1112,1644,816,2552,29756,17515,2575,2062,8861,0,0,18,12
2021-02-27T23:59:59+01:00,0,2,774,745,1619,2287,1650,3037,2059,4275,2221,3596,1320,1143,3590,4734,2556,5091,0,2,278,267,764,1138,847,1625,1140,2459,1271,2099,801,773,1102,1638,799,2538,29751,17514,2574,2015,8356,0,0,18,12
2021-02-26T23:59:59+01:00,0,2,645,666,1515,2174,1599,2879,1996,4039,2120,3360,1228,1073,2935,3937,2121,4498,0,2,278,266,763,1136,846,1624,1140,2457,1269,2096,800,769,1084,1625,789,2521,26930,17440,2574,2013,7265,0,0,18,12
2021-02-25T23:59:59+01:00,0,2,497,589,1398,2070,1532,2751,1937,3912,2020,3247,1177,1038,2702,3664,1954,4254,0,2,261,251,739,1114,804,1555,1090,2357,1195,2004,744,748,1051,1587,777,2493,25851,17348,2546,1412,6329,0,0,18,12
2021-02-24T23:59:59+01:00,0,2,468,559,1328,1960,1462,2608,1867,3762,1944,3097,1140,1009,2562,3528,1874,4132,0,2,232,238,714,1068,777,1493,1060,2294,1140,1953,717,725,1004,1557,764,2462,25205,17157,2534,1031,5545,0,0,18,12
2021-02-23T23:59:59+01:00,0,2,413,519,1245,1820,1387,2463,1791,3551,1876,2975,1114,974,2355,3297,1746,3940,0,2,227,233,699,1044,765,1454,1038,2247,1114,1912,708,714,995,1543,761,2458,24266,17067,2525,835,4659,0,0,18,12
2021-02-22T23:59:59+01:00,0,2,400,485,1144,1711,1284,2366,1682,3444,1795,2904,1092,960,2211,3123,1655,3841,0,2,217,224,676,992,734,1391,1012,2153,1072,1830,664,681,925,1464,722,2399,23675,16877,2521,269,3885,0,0,18,12
2021-02-21T23:59:59+01:00,0,2,381,468,1042,1679,1134,2342,1527,3422,1690,2886,1084,958,2210,3122,1655,3841,0,2,190,218,645,984,723,1383,998,2148,1066,1828,661,678,922,1458,714,2391,23645,16743,2521,254,3259,0,0,18,12
2021-02-20T23:59:59+01:00,0,2,381,466,1041,1679,1133,2342,1526,3420,1690,2884,1084,957,2209,3122,1654,3840,0,2,189,216,642,984,720,1382,992,2145,1064,1828,661,678,922,1458,714,2390,23639,16721,2520,254,3253,0,0,18,12
2021-02-19T23:59:59+01:00,0,2,376,457,1029,1675,1123,2332,1514,3401,1657,2869,1033,928,1835,2615,1351,3447,0,2,167,206,616,980,702,1374,975,2143,1058,1826,658,677,921,1458,713,2387,21877,16597,2520,254,3229,0,0,18,12
2021-02-18T23:59:59+01:00,0,2,356,436,990,1592,1085,2246,1460,3285,1616,2777,1004,904,1658,2369,1217,3236,0,2,147,195,577,969,682,1361,941,2126,1032,1806,647,658,900,1430,699,2366,20876,16272,2520,254,2819,0,0,18,12
2021-02-17T23:59:59+01:00,0,2,333,384,906,1449,976,2049,1327,3031,1505,2557,966,874,1466,2155,1116,3055,0,2,141,188,565,938,657,1308,909,2047,986,1729,612,626,893,1403,693,2346,19794,15777,2520,254,1821,0,0,16,12
2021-02-16T23:59:59+01:00,0,2,327,345,863,1311,925,1866,1266,2810,1438,2397,955,857,1405,2058,1049,2955,0,2,135,175,551,896,642,1254,881,1983,956,1687,602,616,869,1369,679,2281,19423,15447,2519,119,871,0,0,16,12
2021-02-15T23:59:59+01:00,0,2,312,303,834,1280,908,1810,1226,2726,1400,2341,926,824,1226,1828,920,2777,0,2,127,167,530,870,625,1192,855,1910,933,1610,581,579,851,1332,670,2236,18507,14979,2518,79,604,0,0,14,12
2021-02-14T23:59:59+01:00,0,2,312,303,833,1280,907,1810,1225,2726,1400,2341,926,824,1226,1828,920,2776,0,2,126,167,529,862,621,1187,849,1904,929,1607,580,578,848,1331,668,2232,18505,14930,2518,78,602,0,0,14,12
2021-02-13T23:59:59+01:00,0,2,312,303,833,1280,907,1807,1225,2724,1400,2339,926,824,1226,1827,918,2776,0,2,126,167,529,862,621,1187,846,1901,927,1603,577,578,833,1310,656,2215,18498,14927,2515,1,602,0,0,14,12
2021-02-12T23:59:59+01:00,0,2,308,302,824,1275,903,1777,1219,2697,1372,2309,924,822,1225,1824,918,2776,0,2,126,167,527,860,620,1180,840,1889,921,1590,574,576,819,1299,650,2202,18490,14829,2515,1,458,0,0,14,12
2021-02-11T23:59:59+01:00,0,2,289,293,809,1240,897,1742,1202,2632,1349,2254,890,808,1214,1813,917,2766,0,2,124,153,509,821,598,1115,806,1789,899,1531,561,562,792,1265,635,2169,18378,14319,2514,0,211,0,0,14,12
2021-02-10T23:59:59+01:00,0,2,286,286,790,1203,884,1713,1190,2587,1334,2212,885,806,1199,1796,912,2748,0,2,120,143,442,735,552,1022,728,1663,841,1445,546,545,775,1242,622,2139,18353,13562,2409,0,58,0,0,13,0
2021-02-09T23:59:59+01:00,0,2,286,283,784,1188,872,1696,1175,2567,1320,2188,870,800,1185,1777,900,2728,0,2,104,124,385,646,499,888,647,1456,752,1252,492,465,655,1073,543,1871,18243,11854,2362,0,3,0,0,13,0
2021-02-08T23:59:59+01:00,0,2,285,282,782,1183,869,1689,1173,2563,1313,2180,864,797,1169,1754,882,2703,0,2,93,100,339,551,447,786,557,1245,644,1086,415,389,566,874,438,1539,18117,10071,2359,0,1,0,0,13,0
2021-02-07T23:59:59+01:00,0,2,284,281,781,1182,868,1689,1173,2562,1313,2177,858,795,1168,1751,880,2701,0,2,91,99,337,546,445,782,555,1235,640,1080,409,383,545,851,432,1524,18093,9956,2359,0,0,0,0,13,0
2021-02-06T23:59:59+01:00,0,2,284,280,780,1181,868,1688,1173,2562,1313,2176,857,795,1166,1745,878,2699,0,2,91,98,337,542,444,781,554,1231,638,1079,406,378,496,782,401,1478,18077,9738,2357,0,0,0,0,13,0
2021-02-05T23:59:59+01:00,0,2,284,279,780,1180,867,1687,1172,2561,1312,2171,850,789,1142,1734,871,2683,0,1,85,95,329,536,428,762,529,1196,609,1036,383,350,472,754,381,1431,17994,9377,2357,0,0,0,0,13,0
2021-02-04T23:59:59+01:00,0,2,281,271,777,1159,856,1664,1158,2533,1298,2148,827,775,1113,1703,864,2664,0,0,71,76,260,413,333,593,411,967,497,833,311,287,364,609,314,1208,17746,7547,2334,0,0,0,0,13,0
2021-02-03T23:59:59+01:00,0,2,280,266,774,1136,854,1637,1151,2481,1286,2116,807,761,1097,1681,852,2650,0,0,57,55,173,285,258,442,291,717,369,595,214,205,259,449,225,905,17644,5499,2174,0,0,0,0,13,0
2021-02-02T23:59:59+01:00,0,2,279,260,770,1127,848,1616,1143,2455,1274,2099,800,754,1089,1670,850,2642,0,0,37,34,95,143,149,255,178,448,239,376,140,135,177,273,158,582,17492,3419,2173,0,0,0,0,13,0
2021-02-01T23:59:59+01:00,0,2,277,257,765,1108,840,1596,1138,2426,1270,2064,790,741,1083,1659,845,2626,0,0,13,11,17,30,27,65,49,89,76,104,54,48,65,82,47,198,17301,975,2173,0,0,0,0,13,0
2021-01-31T23:59:59+01:00,0,2,271,255,749,1106,832,1585,1127,2415,1259,2056,784,735,1073,1641,838,2612,0,0,12,11,16,28,25,62,43,84,68,96,51,48,60,75,44,185,17264,908,2063,0,0,0,0,13,0
2021-01-30T23:59:59+01:00,0,2,271,255,749,1105,831,1585,1127,2415,1259,2056,783,735,1063,1634,821,2597,0,0,12,9,15,28,25,62,43,84,67,94,50,47,59,75,44,184,17259,898,2016,0,0,0,0,13,0
2021-01-29T23:59:59+01:00,0,2,270,255,749,1104,831,1585,1127,2415,1259,2055,782,734,1062,1632,821,2595,0,0,10,4,13,26,25,60,41,83,66,94,49,46,59,75,44,184,17251,879,2014,0,0,0,0,13,0
2021-01-28T23:59:59+01:00,0,2,266,250,738,1079,797,1529,1090,2354,1183,1996,741,720,1034,1612,805,2575,0,0,5,0,4,8,10,24,20,37,21,45,21,22,25,49,17,108,17071,416,1687,0,0,0,0,13,0
2021-01-27T23:59:59+01:00,0,2,260,243,715,1047,751,1474,1031,2273,1110,1915,706,693,1019,1589,802,2567,0,0,4,0,4,5,7,20,15,23,14,32,6,9,11,12,5,30,16621,197,1563,0,0,0,0,13,0
2021-01-26T23:59:59+01:00,0,2,236,234,700,1023,743,1426,1011,2199,1083,1850,694,679,995,1573,792,2548,0,0,4,0,2,5,6,10,13,12,7,11,3,5,7,8,2,17,16571,112,1204,0,0,0,0,13,0
2021-01-25T23:59:59+01:00,0,2,205,219,647,951,691,1304,968,2053,1025,1715,647,623,917,1476,745,2472,0,0,4,0,2,5,6,10,13,12,7,11,3,5,7,8,2,17,16343,112,304,0,0,0,0,13,0
2021-01-24T23:59:59+01:00,0,2,188,213,621,939,673,1290,950,2036,1009,1705,640,617,906,1456,736,2459,0,0,3,0,2,5,6,10,12,12,6,11,3,5,7,8,2,17,16168,109,259,0,0,0,0,13,0
2021-01-23T23:59:59+01:00,0,2,188,213,621,939,673,1290,950,2036,1009,1705,640,617,906,1456,736,2459,0,0,3,0,2,4,6,10,10,12,6,11,3,5,7,8,2,17,16168,106,259,0,0,0,0,13,0
2021-01-22T23:59:59+01:00,0,2,141,195,563,929,655,1275,916,2026,997,1694,635,616,905,1456,736,2459,0,0,3,0,1,4,6,10,10,12,6,11,3,5,7,8,2,17,15928,105,259,0,0,0,0,13,0
2021-01-21T23:59:59+01:00,0,2,137,187,548,908,635,1234,883,1972,976,1647,623,595,893,1425,729,2440,0,0,3,0,0,4,5,10,9,12,6,11,3,5,7,8,2,16,15562,101,259,0,0,0,0,13,0
2021-01-20T23:59:59+01:00,0,2,131,170,501,843,612,1156,820,1862,939,1576,603,577,876,1402,719,2410,0,0,3,0,0,4,5,10,9,12,6,11,3,5,7,8,2,16,14929,101,257,0,0,0,0,13,0
2021-01-19T23:59:59+01:00,0,2,121,152,429,756,549,1027,736,1673,839,1418,556,527,778,1247,638,2154,0,0,3,0,0,4,5,8,9,12,6,11,3,5,7,8,2,16,13399,99,190,0,0,0,0,13,0
2021-01-18T23:59:59+01:00,0,2,103,118,360,606,459,857,605,1412,713,1209,486,461,690,1084,560,1869,0,0,1,0,0,1,1,0,0,0,0,1,0,0,0,1,0,0,11500,5,81,0,0,0,0,13,0
2021-01-17T23:59:59+01:00,0,2,99,116,356,601,458,851,603,1393,706,1199,480,451,663,1053,540,1822,0,0,1,0,0,1,0,0,0,0,0,1,0,0,0,1,0,0,11300,4,80,0,0,0,0,13,0
2021-01-16T23:59:59+01:00,0,2,99,113,354,592,455,846,591,1380,695,1187,465,437,566,928,478,1723,0,0,0,0,0,1,0,0,0,0,0,0,0,0,0,0,0,0,10895,1,3,0,0,0,0,13,0
2021-01-15T23:59:59+01:00,0,2,97,111,349,590,449,841,585,1373,678,1171,449,419,558,916,468,1699,0,0,0,0,0,0,0,0,0,0,0,0,0,0,0,0,0,0,10741,0,1,0,0,0,0,13,0
2021-01-14T23:59:59+01:00,0,0,80,89,295,488,370,676,467,1120,559,991,368,337,439,750,384,1443,0,0,0,0,0,0,0,0,0,0,0,0,0,0,0,0,0,0,8843,0,0,0,0,0,0,13,0
2021-01-13T23:59:59+01:00,0,0,66,66,210,371,294,506,354,839,429,711,259,238,323,563,295,1107,0,0,0,0,0,0,0,0,0,0,0,0,0,0,0,0,0,0,6619,0,0,0,0,0,0,12,0
2021-01-12T23:59:59+01:00,0,0,44,44,130,220,182,314,214,534,286,444,166,154,211,370,203,743,0,0,0,0,0,0,0,0,0,0,0,0,0,0,0,0,0,0,4259,0,0,0,0,0,0,0,0
2021-01-11T23:59:59+01:00,0,0,14,13,45,61,42,94,62,121,98,131,69,61,92,114,58,253,0,0,0,0,0,0,0,0,0,0,0,0,0,0,0,0,0,0,1328,0,0,0,0,0,0,0,0
2021-01-10T23:59:59+01:00,0,0,13,13,32,49,35,76,53,112,84,121,62,57,85,104,55,238,0,0,0,0,0,0,0,0,0,0,0,0,0,0,0,0,0,0,1189,0,0,0,0,0,0,0,0
2021-01-09T23:59:59+01:00,0,0,13,12,28,48,35,75,52,111,82,118,61,56,84,103,53,237,0,0,0,0,0,0,0,0,0,0,0,0,0,0,0,0,0,0,1168,0,0,0,0,0,0,0,0
2021-01-08T23:59:59+01:00,0,0,9,4,28,42,33,72,49,108,81,117,58,52,78,98,49,237,0,0,0,0,0,0,0,0,0,0,0,0,0,0,0,0,0,0,1115,0,0,0,0,0,0,0,0
2021-01-07T23:59:59+01:00,0,0,6,1,10,21,16,38,28,77,35,77,32,27,51,82,33,180,0,0,0,0,0,0,0,0,0,0,0,0,0,0,0,0,0,0,714,0,0,0,0,0,0,0,0
2021-01-06T23:59:59+01:00,0,0,6,0,5,10,11,30,25,43,21,48,26,24,37,56,23,129,0,0,0,0,0,0,0,0,0,0,0,0,0,0,0,0,0,0,494,0,0,0,0,0,0,0,0
2021-01-05T23:59:59+01:00,0,0,5,0,5,9,11,30,25,43,21,48,26,24,37,55,23,129,0,0,0,0,0,0,0,0,0,0,0,0,0,0,0,0,0,0,491,0,0,0,0,0,0,0,0
2021-01-04T23:59:59+01:00,0,0,4,0,2,4,5,11,14,12,6,12,3,5,7,9,2,18,0,0,0,0,0,0,0,0,0,0,0,0,0,0,0,0,0,0,114,0,0,0,0,0,0,0,0
2021-01-03T23:59:59+01:00,0,0,3,0,2,4,5,10,13,12,6,12,3,5,7,9,2,17,0,0,0,0,0,0,0,0,0,0,0,0,0,0,0,0,0,0,110,0,0,0,0,0,0,0,0
2021-01-02T23:59:59+01:00,0,0,3,0,2,4,5,10,11,12,6,12,3,5,7,9,2,17,0,0,0,0,0,0,0,0,0,0,0,0,0,0,0,0,0,0,108,0,0,0,0,0,0,0,0
2021-01-01T23:59:59+01:00,0,0,3,0,1,4,5,10,11,12,6,12,3,5,7,8,2,17,0,0,0,0,0,0,0,0,0,0,0,0,0,0,0,0,0,0,106,0,0,0,0,0,0,0,0
2020-12-31T23:59:59+01:00,0,0,3,0,0,4,5,10,9,12,6,12,3,5,7,8,2,17,0,0,0,0,0,0,0,0,0,0,0,0,0,0,0,0,0,0,103,0,0,0,0,0,0,0,0
2020-12-30T23:59:59+01:00,0,0,3,0,0,4,5,10,9,12,6,12,3,5,7,8,2,17,0,0,0,0,0,0,0,0,0,0,0,0,0,0,0,0,0,0,103,0,0,0,0,0,0,0,0
2020-12-29T23:59:59+01:00,0,0,3,0,0,3,5,8,9,12,6,12,3,5,7,8,2,17,0,0,0,0,0,0,0,0,0,0,0,0,0,0,0,0,0,0,100,0,0,0,0,0,0,0,0
2020-12-28T23:59:59+01:00,0,0,3,0,0,3,5,8,9,12,5,12,3,5,7,8,2,17,0,0,0,0,0,0,0,0,0,0,0,0,0,0,0,0,0,0,99,0,0,0,0,0,0,0,0
2020-12-27T23:59:59+01:00,0,0,1,0,0,0,0,0,0,0,0,1,0,0,2,4,0,8,0,0,0,0,0,0,0,0,0,0,0,0,0,0,0,0,0,0,16,0,0,0,0,0,0,0,0
