Datum,<15_m,<15_w,15-24_1_m,15-24_1_w,25-34_1_m,25-34_1_w,35-44_1_m,35-44_1_w,45-54_1_m,45-54_1_w,55-64_1_m,55-64_1_w,65-74_1_m,65-74_1_w,75-84_1_m,75-84_1_w,>84_1_m,>84_1_w,<24_2_m,<24_2_w,25-34_2_m,25-34_2_w,35-44_2_m,35-44_2_w,45-54_2_m,45-54_2_w,55-64_2_m,55-64_2_w,65-74_2_m,65-74_2_w,75-84_2_m,75-84_2_w,>84_2_m,>84_2_w,bp_1,bp_2,mo_1,mo_2,az_1,az_2,ja,unb_1,unb_2
2021-09-05T23:59:59+02:00,2798,2519,23419,22404,32845,30280,33268,33209,38909,39282,42532,42726,27942,31173,19831,24909,6031,10191,20868,19915,30585,27702,31381,30989,36864,36914,40508,40696,26879,29951,19103,23844,5787,9691,323159,302604,44924,43283,77555,71048,18572,58,27
2021-09-04T23:59:59+02:00,2798,2519,23417,22404,32844,30280,33267,33208,38909,39281,42531,42725,27942,31173,19831,24909,6031,10191,20867,19915,30585,27701,31379,30988,36864,36914,40507,40696,26879,29951,19103,23844,5787,9691,323154,302596,44924,43283,77555,71048,18569,58,27
2021-09-03T23:59:59+02:00,2775,2484,23343,22330,32776,30212,33228,33166,38865,39253,42501,42713,27934,31160,19830,24907,6029,10190,20818,19860,30538,27661,31348,30953,36836,36889,40480,40685,26872,29943,19101,23842,5786,9691,322675,302263,44896,43275,77551,71040,18516,58,27
2021-09-02T23:59:59+02:00,2745,2452,23237,22235,32720,30125,33174,33112,38828,39220,42463,42681,27915,31149,19826,24893,6027,10187,20743,19803,30485,27601,31313,30926,36798,36852,40451,40656,26862,29931,19098,23831,5786,9691,322090,301857,44865,43259,77549,71035,18427,58,27
2021-09-01T23:59:59+02:00,2724,2438,23215,22199,32692,30094,33154,33084,38803,39200,42450,42666,27906,31141,19821,24891,6027,10187,20702,19762,30457,27575,31294,30904,36779,36836,40434,40640,26853,29922,19097,23825,5786,9691,321842,301598,44854,43255,77548,71035,18390,58,27
2021-08-31T23:59:59+02:00,2679,2395,23097,22094,32613,29995,33100,33025,38757,39159,42424,42641,27895,31135,19815,24887,6026,10184,20615,19669,30385,27518,31247,30861,36740,36804,40406,40616,26844,29912,19091,23820,5786,9689,321270,301188,44823,43240,77547,71029,18223,58,27
2021-08-30T23:59:59+02:00,2657,2371,23045,22051,32573,29955,33077,32988,38728,39141,42405,42623,27890,31129,19808,24879,6025,10180,20491,19571,30292,27426,31190,30811,36707,36776,40386,40582,26829,29900,19090,23811,5786,9687,320939,300498,44808,43232,77547,71025,18173,58,27
2021-08-29T23:59:59+02:00,2626,2341,22963,21988,32514,29900,33033,32959,38682,39105,42375,42602,27881,31122,19805,24874,6025,10179,20387,19504,30227,27378,31154,30778,36666,36746,40361,40563,26816,29889,19089,23806,5786,9687,320493,300070,44793,43210,77545,71015,18085,58,27
2021-08-28T23:59:59+02:00,2620,2339,22963,21988,32512,29900,33031,32959,38679,39104,42374,42602,27880,31122,19805,24874,6025,10179,20386,19503,30224,27377,31154,30775,36663,36744,40361,40563,26816,29889,19089,23806,5786,9687,320480,300058,44792,43210,77545,71015,18081,58,27
2021-08-27T23:59:59+02:00,2620,2339,22958,21984,32508,29900,33030,32957,38677,39102,42370,42602,27879,31122,19805,24874,6024,10179,20381,19501,30212,27375,31153,30773,36661,36743,40359,40563,26816,29889,19089,23805,5786,9687,320466,300041,44792,43210,77545,71012,18069,58,27
2021-08-26T23:59:59+02:00,2538,2255,22776,21780,32382,29762,32916,32855,38591,39014,42306,42534,27854,31089,19792,24856,6023,10173,20110,19236,30071,27211,31017,30651,36553,36649,40279,40490,26774,29850,19070,23782,5780,9686,319272,298549,44772,43187,77544,70996,17850,58,27
2021-08-25T23:59:59+02:00,2532,2247,22756,21755,32372,29743,32903,32840,38580,39000,42296,42529,27849,31087,19785,24850,6020,10171,20063,19194,30032,27181,30996,30615,36527,36617,40261,40474,26761,29837,19067,23774,5779,9685,319093,298188,44772,43186,77544,70995,17848,58,27
2021-08-24T23:59:59+02:00,2514,2236,22718,21713,32346,29702,32884,32807,38572,38981,42278,42515,27843,31076,19780,24842,6019,10170,20025,19152,30000,27141,30975,30579,36513,36596,40241,40457,26756,29827,19063,23771,5779,9681,318813,297902,44762,43180,77544,70990,17819,58,27
2021-08-23T23:59:59+02:00,2494,2204,22648,21643,32282,29646,32849,32777,38533,38951,42248,42503,27827,31067,19777,24832,6019,10168,19904,19031,29885,27064,30911,30531,36464,36554,40200,40428,26744,29814,19057,23762,5779,9675,318384,297181,44751,43155,77542,70985,17733,58,27
2021-08-22T23:59:59+02:00,2485,2195,22614,21611,32263,29628,32832,32769,38517,38935,42243,42495,27823,31062,19772,24832,6019,10167,19865,18994,29850,27031,30880,30496,36444,36538,40182,40406,26736,29810,19054,23759,5779,9673,318219,296897,44744,43152,77541,70976,17700,58,27
2021-08-21T23:59:59+02:00,2466,2183,22560,21562,32224,29591,32808,32745,38503,38913,42226,42485,27816,31054,19770,24829,6019,10166,19763,18897,29780,26975,30846,30454,36410,36496,40157,40385,26725,29801,19049,23755,5777,9673,317978,296396,44731,43137,77539,70970,17614,58,27
2021-08-20T23:59:59+02:00,2430,2143,22472,21459,32150,29511,32746,32698,38456,38874,42185,42457,27809,31041,19766,24815,6018,10162,19593,18772,29654,26872,30771,30396,36351,36452,40111,40348,26710,29783,19040,23747,5776,9669,317412,295591,44708,43115,77536,70952,17478,58,27
2021-08-19T23:59:59+02:00,2343,2077,22315,21330,32021,29393,32657,32615,38356,38799,42117,42404,27784,31009,19759,24803,6013,10154,19335,18567,29452,26723,30655,30289,36232,36357,40011,40263,26683,29753,19029,23731,5772,9664,316512,294331,44688,43086,77536,70928,17156,57,27
2021-08-18T23:59:59+02:00,2334,2069,22290,21308,32000,29373,32636,32593,38328,38781,42104,42389,27770,30999,19753,24798,6013,10152,19281,18508,29413,26689,30630,30258,36206,36336,39987,40232,26666,29742,19025,23719,5767,9660,316260,293902,44688,43086,77536,70926,17149,57,27
2021-08-17T23:59:59+02:00,2317,2053,22263,21281,31983,29347,32611,32569,38316,38769,42082,42371,27765,30987,19748,24793,6013,10152,19238,18455,29380,26648,30588,30231,36181,36304,39962,40211,26649,29730,19022,23705,5765,9656,316027,293529,44688,43083,77536,70922,17112,57,27
2021-08-16T23:59:59+02:00,2284,2036,22197,21240,31944,29302,32587,32547,38292,38749,42051,42354,27756,30980,19746,24783,6013,10151,19033,18316,29240,26537,30510,30144,36134,36251,39924,40170,26630,29715,19014,23687,5759,9654,315686,292548,44688,43077,77534,70921,17047,57,27
2021-08-15T23:59:59+02:00,2257,2014,22143,21183,31900,29264,32564,32515,38264,38730,42034,42341,27749,30975,19741,24776,6012,10151,18918,18200,29085,26408,30429,30061,36066,36200,39867,40115,26613,29691,19005,23678,5756,9653,315363,291629,44680,43061,77534,70913,16979,57,27
2021-08-14T23:59:59+02:00,2251,2011,22117,21167,31888,29247,32560,32509,38256,38725,42028,42338,27748,30974,19740,24775,6012,10150,18805,18107,29024,26343,30394,30014,36042,36169,39846,40102,26605,29685,19002,23677,5755,9650,315273,291092,44677,43043,77534,70909,16955,57,27
2021-08-13T23:59:59+02:00,2234,2000,22072,21131,31851,29223,32525,32482,38240,38711,42018,42329,27746,30970,19737,24772,6011,10150,18550,17849,28845,26188,30279,29921,35989,36099,39801,40067,26589,29673,18997,23668,5752,9646,315046,289730,44672,43029,77532,70900,16895,57,27
2021-08-12T23:59:59+02:00,2197,1963,21986,21040,31780,29149,32472,32432,38193,38669,41982,42296,27729,30951,19730,24762,6010,10150,18245,17536,28590,25965,30134,29794,35894,36007,39726,40001,26555,29628,18977,23646,5750,9643,314485,287992,44661,42976,77529,70854,16759,57,27
2021-08-11T23:59:59+02:00,2195,1958,21967,21023,31763,29127,32457,32416,38185,38660,41971,42280,27721,30948,19726,24757,6009,10146,18189,17479,28553,25919,30085,29757,35873,35970,39691,39969,26544,29602,18970,23636,5750,9641,314305,287515,44661,42974,77529,70851,16757,57,27
2021-08-10T23:59:59+02:00,2187,1937,21940,20987,31732,29107,32443,32397,38161,38634,41953,42274,27716,30940,19725,24754,6008,10142,17668,17028,28381,25762,29990,29670,35704,35847,39642,39929,26523,29579,18965,23622,5746,9640,314073,285818,44658,42955,77527,70601,16722,57,27
2021-08-09T23:59:59+02:00,2163,1923,21888,20937,31675,29063,32410,32368,38136,38613,41940,42250,27705,30931,19724,24745,6007,10140,17197,16571,28248,25657,29935,29617,35659,35801,39610,39894,26514,29565,18960,23616,5746,9638,313703,284342,44653,42936,77526,70589,16679,57,27
2021-08-08T23:59:59+02:00,2148,1906,21836,20897,31634,29030,32381,32346,38114,38606,41920,42230,27698,30927,19720,24741,6007,10137,16854,16229,28137,25575,29879,29546,35613,35763,39589,39868,26503,29552,18951,23607,5744,9633,313416,283111,44652,42915,77526,70582,16627,57,27
2021-08-07T23:59:59+02:00,2103,1863,21704,20814,31552,28963,32307,32285,38058,38555,41887,42202,27690,30901,19715,24732,6005,10135,16347,15775,27836,25294,29651,29363,35435,35608,39450,39758,26449,29491,18932,23578,5741,9629,312791,280488,44620,42793,77520,70493,16483,57,27
2021-08-06T23:59:59+02:00,2093,1853,21655,20778,31511,28931,32274,32266,38032,38535,41878,42186,27684,30892,19711,24732,6005,10135,15321,14798,26690,24401,29358,29131,35186,35410,39136,39518,26405,29446,18922,23568,5740,9626,312567,275497,44617,42772,77520,69692,16390,57,26
2021-08-05T23:59:59+02:00,2054,1824,21548,20692,31453,28855,32219,32210,37976,38485,41833,42149,27667,30873,19702,24719,6003,10132,14432,14052,25671,23624,28645,28618,34659,34978,38821,39272,26338,29367,18890,23534,5737,9616,312023,270629,44594,42719,77519,68195,16201,57,26
2021-08-04T23:59:59+02:00,2034,1805,21476,20639,31408,28784,32188,32168,37943,38462,41799,42123,27655,30858,19697,24706,6001,10129,14063,13713,25268,23319,28432,28397,34520,34853,38727,39179,26300,29323,18869,23511,5733,9611,311577,268206,44588,42691,77519,68153,16134,57,26
2021-08-03T23:59:59+02:00,2025,1789,21450,20613,31391,28770,32175,32159,37934,38449,41784,42111,27648,30852,19693,24699,6000,10127,13979,13624,25189,23243,28365,28341,34474,34807,38681,39146,26285,29301,18860,23503,5731,9605,311379,267519,44585,42690,77518,68127,16130,57,26
2021-08-02T23:59:59+02:00,2015,1768,21405,20577,31348,28749,32148,32128,37908,38434,41771,42096,27639,30840,19693,24692,5999,10123,13775,13415,24482,22694,28086,28120,34324,34695,38601,39084,26258,29269,18852,23499,5731,9603,311097,265103,44582,42676,77518,67902,16079,57,26
2021-08-01T23:59:59+02:00,1997,1752,21354,20530,31297,28712,32123,32109,37889,38415,41749,42079,27633,30833,19690,24683,5999,10122,13606,13256,24180,22439,27845,27902,34232,34586,38532,39012,26242,29250,18846,23493,5731,9601,310803,263402,44576,42664,77517,67879,16013,57,26
2021-07-31T23:59:59+02:00,1972,1722,21271,20453,31232,28676,32068,32071,37853,38387,41726,42058,27629,30825,19685,24679,5999,10122,12664,12230,23660,21996,27500,27548,33923,34289,38100,38669,26172,29165,18820,23449,5726,9595,310390,258371,44565,42629,77515,67307,15901,57,26
2021-07-30T23:59:59+02:00,1947,1703,21250,20431,31200,28657,32053,32053,37847,38380,41718,42050,27624,30822,19684,24679,5998,10122,12577,12154,23329,21708,27217,27336,33706,34126,37939,38536,26148,29148,18818,23441,5726,9593,310208,256941,44564,42621,77515,66753,15874,57,26
2021-07-29T23:59:59+02:00,1878,1634,21017,20197,31061,28511,31952,31944,37755,38291,41627,41990,27596,30798,19671,24660,5991,10114,11950,11622,22199,20868,26179,26498,32727,33435,37555,38247,26066,29047,18789,23394,5720,9584,309010,251333,44537,42534,77507,64997,15576,57,26
2021-07-28T23:59:59+02:00,1858,1619,20977,20148,31041,28482,31937,31923,37735,38272,41605,41969,27585,30786,19666,24650,5991,10112,11672,11321,21788,20486,25744,26068,32563,33283,37444,38156,26029,28996,18771,23371,5719,9579,308699,248413,44536,42534,77495,64937,15570,56,26
2021-07-27T23:59:59+02:00,1848,1613,20936,20106,31017,28449,31904,31908,37714,38239,41581,41955,27578,30779,19665,24645,5991,10109,11423,11107,21590,20297,25604,25947,32454,33180,37361,38074,26004,28959,18763,23362,5716,9575,308463,246938,44536,42530,77494,64862,15488,56,26
2021-07-26T23:59:59+02:00,1822,1579,20810,19985,30912,28350,31846,31846,37660,38171,41538,41924,27554,30761,19654,24631,5985,10106,11129,10782,21084,19855,25358,25740,32292,33030,37229,37987,25969,28924,18750,23339,5715,9567,307714,244646,44505,42417,77489,64657,15370,56,26
2021-07-25T23:59:59+02:00,1815,1570,20788,19974,30902,28341,31835,31831,37654,38165,41528,41915,27550,30759,19653,24629,5985,10105,11024,10676,20933,19747,25124,25547,32054,32823,37086,37854,25951,28910,18744,23332,5714,9564,307603,243387,44495,42402,77481,64246,15364,56,26
2021-07-24T23:59:59+02:00,1795,1555,20708,19900,30860,28303,31800,31795,37628,38137,41505,41903,27543,30754,19650,24627,5985,10105,10961,10621,20856,19685,25052,25486,32001,32792,37057,37834,25945,28906,18742,23330,5714,9564,307261,243017,44484,42379,77477,64180,15275,56,26
2021-07-23T23:59:59+02:00,1740,1520,20517,19758,30696,28190,31712,31724,37561,38085,41465,41860,27532,30738,19645,24621,5984,10100,10705,10418,20493,19378,24246,24840,31517,32462,36491,37377,25902,28864,18726,23313,5713,9562,306435,240146,44475,42333,77460,62789,15022,56,25
2021-07-22T23:59:59+02:00,1676,1463,20206,19488,30457,28009,31581,31611,37431,37979,41367,41778,27506,30714,19634,24597,5980,10099,10245,10043,19749,18868,23289,24172,30808,31875,35458,36617,25791,28767,18693,23281,5711,9558,304962,236545,44440,41667,77456,60270,14662,56,25
2021-07-21T23:59:59+02:00,1661,1455,20168,19439,30429,27980,31558,31588,37411,37954,41346,41754,27497,30706,19629,24591,5975,10095,9934,9708,19288,18417,22418,23407,30473,31541,35225,36419,25708,28670,18662,23229,5703,9548,304637,233800,44434,39980,77454,60098,14655,56,22
2021-07-20T23:59:59+02:00,1655,1450,20134,19412,30402,27957,31534,31569,37394,37937,41334,41742,27482,30691,19629,24584,5975,10092,9666,9429,18957,18148,22149,23122,30298,31387,35061,36274,25662,28625,18646,23195,5702,9544,304389,231413,44432,39971,77453,59998,14643,56,22
2021-07-19T23:59:59+02:00,1644,1442,20022,19324,30320,27885,31476,31516,37375,37918,41319,41724,27477,30680,19623,24577,5974,10089,9466,9232,18642,17872,21685,22704,30044,31155,34941,36173,25628,28587,18628,23179,5702,9541,303816,229781,44426,39028,77452,59884,14635,56,22
2021-07-18T23:59:59+02:00,1633,1437,19955,19258,30194,27785,31411,31451,37313,37866,41277,41672,27456,30649,19614,24562,5970,10086,9357,9117,18475,17720,21495,22514,29876,30957,34828,36072,25598,28564,18617,23162,5702,9535,303031,228527,44426,38728,77450,59843,14626,56,22
2021-07-17T23:59:59+02:00,1632,1433,19948,19256,30194,27782,31411,31447,37308,37864,41273,41670,27455,30648,19613,24562,5970,10086,9336,9102,18442,17698,21476,22501,29866,30950,34809,36068,25595,28562,18617,23161,5702,9535,302998,228372,44426,38725,77450,59832,14622,56,22
2021-07-16T23:59:59+02:00,1579,1388,19673,19008,30069,27686,31327,31374,37251,37801,41232,41638,27436,30631,19606,24552,5968,10080,9219,8987,18067,17395,21171,22227,29477,30593,34674,35962,25572,28539,18610,23148,5700,9533,301998,227106,44404,38004,77448,59499,14393,56,21
2021-07-15T23:59:59+02:00,1521,1345,19412,18759,29887,27540,31219,31275,37168,37719,41165,41570,27393,30601,19590,24538,5964,10077,8856,8683,17151,16564,19624,21001,28560,29670,34054,35383,25406,28359,18555,23099,5694,9521,300722,221003,44362,36548,77440,58574,14163,56,21
2021-07-14T23:59:59+02:00,1507,1332,19383,18723,29864,27514,31195,31244,37157,37706,41145,41563,27385,30594,19581,24531,5963,10074,8569,8385,16598,15964,19131,20483,27995,29172,33663,35008,25294,28230,18516,23033,5689,9510,300447,216836,44360,36191,77437,58147,14161,56,21
2021-07-13T23:59:59+02:00,1495,1322,19347,18698,29847,27490,31173,31229,37142,37679,41121,41535,27376,30580,19579,24526,5962,10068,8265,8124,16200,15609,18857,20205,27732,28923,33392,34752,25196,28110,18483,22992,5687,9505,300165,214139,44359,36156,77436,57655,14153,56,21
2021-07-12T23:59:59+02:00,1479,1312,19301,18681,29813,27461,31156,31208,37130,37662,41104,41520,27373,30576,19577,24520,5961,10068,8005,7907,15920,15332,18155,19657,27419,28603,32977,34390,25028,27915,18424,22917,5681,9500,299908,212857,44358,34217,77436,56677,14144,56,21
2021-07-11T23:59:59+02:00,1469,1304,19269,18651,29783,27430,31140,31178,37122,37640,41090,41508,27364,30567,19575,24520,5960,10067,7961,7860,15855,15261,18067,19603,27335,28541,32865,34328,24974,27870,18404,22895,5681,9497,299656,212283,44355,34206,77434,56434,14136,56,21
2021-07-10T23:59:59+02:00,1340,1187,18764,18233,29340,27137,30856,30947,36878,37481,40890,41358,27291,30507,19549,24488,5957,10064,7831,7790,15572,15127,17847,19453,27095,28401,32700,34211,24908,27824,18388,22882,5680,9497,297459,211862,44221,34086,77405,56193,13126,56,21
2021-07-09T23:59:59+02:00,1329,1181,18736,18203,29320,27120,30844,30934,36868,37469,40879,41350,27287,30503,19547,24484,5957,10063,7789,7743,15502,15061,17784,19360,26875,28171,32451,33998,24844,27761,18366,22856,5680,9494,297317,211583,44202,34083,77404,55030,13095,56,21
2021-07-08T23:59:59+02:00,1251,1100,18470,17989,29172,26970,30707,30817,36766,37367,40781,41273,27253,30468,19528,24466,5952,10059,7622,7609,15205,14814,17354,19000,26182,27569,32181,33732,24676,27604,18308,22794,5677,9488,296052,210451,44148,32661,77396,54013,12737,56,21
2021-07-07T23:59:59+02:00,1152,1008,18160,17664,28972,26787,30579,30694,36653,37247,40675,41187,27219,30420,19514,24449,5949,10056,7425,7398,14764,14446,16888,18558,25428,26960,31773,33352,24410,27280,18213,22700,5668,9479,294481,207533,44097,31825,77385,53054,12366,56,21
2021-07-06T23:59:59+02:00,1129,992,18083,17598,28927,26737,30528,30647,36617,37212,40639,41154,27202,30395,19503,24436,5947,10053,7209,7166,14421,14090,16537,18209,24678,26312,31474,33088,24220,27066,18165,22629,5661,9472,293902,205477,44094,30419,77384,52161,12363,56,21
2021-07-05T23:59:59+02:00,1086,964,18010,17534,28884,26681,30489,30613,36593,37167,40611,41128,27196,30381,19497,24430,5947,10048,6980,6976,14118,13819,16185,17843,24126,25804,30905,32522,23940,26767,18057,22489,5653,9462,293418,203983,44092,28322,77380,51028,12313,56,21
2021-07-04T23:59:59+02:00,1064,948,17939,17485,28845,26660,30468,30584,36583,37157,40596,41116,27190,30370,19492,24427,5947,10047,6954,6959,14064,13773,16110,17785,24042,25748,30752,32431,23848,26678,18025,22448,5651,9458,293102,203592,44091,28313,77369,50521,12300,56,21
2021-07-03T23:59:59+02:00,648,576,16211,15765,27673,25735,29669,29866,35942,36547,40098,40686,27033,30202,19424,24340,5938,10030,6568,6719,13549,13470,15708,17482,23681,25471,30447,32236,23752,26583,17991,22409,5647,9454,285590,203301,44052,28236,77286,50231,9399,56,21
2021-07-02T23:59:59+02:00,609,538,16079,15619,27512,25589,29589,29806,35911,36520,40079,40673,27027,30193,19421,24337,5938,10030,6520,6648,13475,13369,15620,17351,23538,25288,30293,32071,23559,26371,17902,22331,5645,9451,284684,202618,44052,28077,77285,49344,9393,56,21
2021-07-01T23:59:59+02:00,551,490,15901,15465,27295,25435,29512,29728,35856,36469,40013,40628,27007,30176,19410,24325,5936,10026,6380,6519,13135,13098,15092,16909,22273,24301,29532,31389,23281,26084,17784,22197,5638,9435,283496,199089,44047,26405,77273,48201,9351,56,21
2021-06-30T23:59:59+02:00,521,470,15797,15358,27184,25349,29445,29657,35800,36418,39970,40592,26992,30145,19399,24308,5932,10026,6186,6341,12704,12714,14524,16361,21650,23705,28940,30861,22862,25620,17654,22013,5631,9423,282672,194842,44044,26381,77267,46638,9324,56,21
2021-06-29T23:59:59+02:00,464,420,15034,14690,26922,25125,29351,29558,35721,36337,39902,40545,26973,30122,19391,24295,5932,10024,6074,6214,12444,12451,14129,15965,20859,23085,28356,30309,22415,25096,17502,21839,5623,9413,280168,191691,44043,25872,77259,44925,9280,56,21
2021-06-28T23:59:59+02:00,428,389,14405,14051,26765,25021,29276,29492,35663,36272,39858,40511,26955,30102,19383,24284,5932,10020,6007,6119,12265,12312,13941,15788,20239,22536,27956,29938,22079,24739,17373,21676,5618,9409,278231,190008,44039,25216,77255,43538,9226,56,21
2021-06-27T23:59:59+02:00,351,322,14059,13673,26701,24962,29236,29456,35641,36250,39841,40498,26944,30095,19380,24280,5931,10019,5970,6076,12151,12197,13796,15659,19688,22059,27348,29439,21802,24403,17253,21553,5614,9408,277109,189173,44037,23695,77244,42348,9193,56,21
2021-06-26T23:59:59+02:00,350,322,14048,13662,26685,24951,29230,29450,35635,36249,39838,40497,26943,30094,19380,24280,5931,10019,5965,6073,12140,12194,13790,15655,19675,22048,27303,29404,21657,24273,17213,21497,5613,9406,277037,189147,44035,23691,77244,41869,9192,56,21
2021-06-25T23:59:59+02:00,226,209,12784,12443,25221,23805,28929,29216,35529,36167,39772,40435,26919,30067,19370,24269,5928,10017,5922,6026,12044,12114,13648,15533,19365,21810,26919,29045,21334,23880,17039,21300,5610,9397,270804,187923,44031,23408,77226,40459,9189,56,21
2021-06-24T23:59:59+02:00,161,155,11811,11613,24108,22924,28563,28866,35382,36001,39660,40331,26884,30017,19359,24245,5926,10013,5705,5795,11585,11698,13069,14942,17830,20412,25273,27450,20564,23023,16723,20894,5600,9387,265571,182943,44014,19786,77222,38057,9156,56,21
2021-06-23T23:59:59+02:00,125,129,11449,11289,23608,22552,28315,28624,35204,35874,39570,40243,26854,29990,19351,24208,5924,10002,5631,5682,11372,11483,12770,14591,17440,20002,24525,26684,19769,22273,16531,20642,5592,9371,262953,180594,44008,19171,77217,35508,9077,56,21
2021-06-22T23:59:59+02:00,104,116,11266,11077,23449,22410,28235,28552,35128,35812,39524,40198,26839,29966,19343,24200,5924,10001,5522,5561,11105,11222,12403,14221,16838,19406,23793,25918,19389,21849,16368,20463,5585,9355,261808,177565,44005,18304,77215,34058,9060,56,21
2021-06-21T23:59:59+02:00,91,104,11014,10892,22615,21738,27982,28326,35062,35750,39460,40157,26823,29948,19337,24191,5924,10000,5403,5457,10890,11002,12096,13899,16447,19060,23347,25451,19099,21535,16264,20344,5579,9353,259213,176108,43999,17287,77210,32883,8936,56,21
2021-06-20T23:59:59+02:00,85,103,10950,10801,22365,21522,27724,28125,34982,35672,39415,40113,26814,29934,19335,24187,5922,9997,5362,5402,10803,10901,12000,13796,16250,18876,23076,25210,18998,21429,16211,20286,5573,9349,257928,175798,43997,16220,77207,32633,8858,56,21
2021-06-19T23:59:59+02:00,84,99,10926,10777,22332,21498,27706,28112,34970,35668,39405,40109,26813,29933,19335,24185,5922,9997,5331,5370,10722,10811,11908,13675,16102,18724,22769,24849,18912,21342,16199,20273,5572,9349,257774,175694,43976,14723,77207,32620,8858,56,21
2021-06-18T23:59:59+02:00,81,97,10878,10726,22013,21176,27442,27896,34917,35631,39374,40087,26805,29924,19334,24182,5922,9995,5316,5361,10691,10781,11868,13627,16040,18661,22684,24753,18746,21161,16154,20207,5571,9344,256386,175297,43974,14722,77206,32075,8858,56,21
2021-06-17T23:59:59+02:00,72,89,10298,10294,20739,20217,26582,27165,34549,35307,39121,39899,26741,29842,19314,24146,5915,9990,5118,5222,10316,10527,11424,13225,15360,18049,21317,23439,18292,20674,15991,20036,5567,9329,250620,170001,43955,14149,77195,31269,8454,56,21
2021-06-16T23:59:59+02:00,64,77,9960,9981,20059,19586,25944,26562,34301,35107,38961,39751,26699,29789,19291,24123,5914,9986,4975,5077,9929,10193,10965,12773,14655,17358,20468,22506,17889,20228,15821,19823,5557,9317,246787,166220,43941,12878,77182,30234,8189,56,21
2021-06-15T23:59:59+02:00,49,71,9715,9740,19763,19336,25721,26365,34171,35001,38865,39671,26670,29753,19284,24108,5909,9982,4869,4966,9689,9975,10733,12514,14233,16931,19870,21931,17568,19838,15600,19594,5548,9306,245020,164144,43929,11788,77176,29228,7993,56,20
2021-06-14T23:59:59+02:00,45,66,9582,9615,19463,19075,25546,26222,34050,34922,38804,39632,26653,29733,19278,24097,5909,9979,4788,4903,9498,9836,10560,12378,13971,16715,19554,21638,17403,19681,15499,19461,5547,9302,243823,162689,43927,11786,77172,28554,7693,56,20
2021-06-13T23:59:59+02:00,43,62,9423,9485,19173,18889,25195,25968,33849,34755,38698,39565,26637,29721,19268,24090,5909,9976,4705,4837,9289,9669,10395,12207,13646,16377,19206,21307,17276,19533,15452,19396,5545,9300,242180,161840,43927,11786,77168,27126,7375,56,20
2021-06-12T23:59:59+02:00,43,62,9414,9471,19160,18876,25195,25963,33849,34752,38695,39564,26637,29721,19268,24090,5909,9976,4702,4823,9279,9608,10363,12105,13597,16222,19151,21171,17167,19408,15335,19294,5543,9298,242134,161812,43927,11784,77164,26093,7364,56,20
2021-06-11T23:59:59+02:00,38,58,9256,9289,18927,18663,24395,25288,33669,34598,38561,39451,26604,29688,19257,24067,5909,9971,4624,4708,9060,9353,10103,11811,13076,15674,18177,20280,16981,19211,15295,19250,5540,9295,239212,157801,43926,11783,77161,25507,7334,56,20
2021-06-10T23:59:59+02:00,36,54,8862,8955,18275,18171,23543,24610,33349,34318,38359,39286,26548,29634,19234,24039,5906,9964,4449,4531,8479,8859,9296,11090,11928,14573,16186,18368,16091,18251,15009,18883,5531,9273,235591,148129,43265,11750,77135,23809,7097,55,19
2021-06-09T23:59:59+02:00,19,36,8413,8450,17439,17444,22391,23566,32859,33851,38073,39068,26439,29530,19188,23983,5896,9951,4313,4414,8190,8593,9053,10836,11597,14206,15702,17821,15720,17821,14768,18598,5524,9263,231599,146305,41372,11708,77100,21897,6497,28,19
2021-06-08T23:59:59+02:00,11,24,8095,8133,16968,17027,21972,23201,32614,33658,37911,38938,26395,29490,19178,23960,5893,9946,4193,4332,7936,8338,8748,10491,11238,13859,15059,17118,15263,17298,14506,18320,5519,9245,228872,144601,41340,10582,77091,20185,6083,28,19
2021-06-07T23:59:59+02:00,8,20,7897,7901,16610,16703,21428,22746,32333,33387,37794,38821,26369,29442,19161,23934,5888,9945,4117,4252,7755,8197,8588,10348,11067,13686,14747,16792,15066,17043,14333,18129,5515,9240,227250,143522,40365,10489,77080,19187,5665,27,19
2021-06-06T23:59:59+02:00,6,17,7789,7792,16475,16556,21233,22538,32106,33163,37659,38715,26342,29417,19148,23918,5888,9939,4088,4217,7709,8079,8536,10220,10962,13540,14551,16575,14882,16864,14244,18009,5508,9234,226015,143040,40066,10479,77062,18156,5531,27,19
2021-06-05T23:59:59+02:00,6,17,7767,7778,16446,16529,21225,22535,32096,33157,37656,38714,26341,29417,19147,23917,5888,9939,4079,4178,7694,8014,8522,10087,10948,13369,14532,16470,14845,16809,14235,17999,5508,9233,225905,142959,40066,10479,77061,17556,5516,27,19
2021-06-04T23:59:59+02:00,6,15,7653,7675,16168,16291,20948,22288,31672,32783,37541,38593,26308,29378,19135,23904,5886,9937,4072,4169,7668,7991,8496,10056,10881,13296,14427,16340,14764,16716,14198,17955,5508,9231,224306,142625,39290,10150,77042,17465,5516,27,19
2021-06-03T23:59:59+02:00,4,15,7397,7447,15291,15506,19313,20896,30761,31853,37038,38134,26177,29245,19091,23853,5880,9919,4011,4131,7579,7920,8373,9958,10711,13115,13857,15770,14499,16400,14113,17847,5505,9218,217684,140403,37710,10034,77032,17191,5367,27,19
2021-06-02T23:59:59+02:00,4,15,7262,7303,14905,15077,18881,20494,30291,31398,36812,37870,26113,29181,19071,23824,5877,9917,3981,4101,7514,7833,8285,9865,10570,12984,13409,15338,14375,16217,14085,17809,5502,9213,214595,138607,37279,9940,77031,17159,5363,27,19
2021-06-01T23:59:59+02:00,4,12,6986,7058,14508,14765,18538,20176,29964,31087,36589,37636,26057,29102,19047,23795,5875,9906,3879,4015,7271,7656,8053,9672,10306,12710,13006,14915,13942,15765,13969,17656,5495,9205,211851,136483,37234,9686,77010,16351,4983,27,19
2021-05-31T23:59:59+02:00,4,12,6822,6868,14289,14532,17834,19574,29623,30746,36292,37373,25967,29005,19021,23741,5865,9893,3800,3903,7062,7409,7830,9386,9962,12327,12565,14396,13413,15152,13770,17427,5487,9190,210422,133300,35184,9361,76993,15571,4835,27,19
2021-05-30T23:59:59+02:00,4,12,6799,6853,14243,14494,17757,19515,29573,30708,36261,37350,25955,28993,19018,23735,5864,9891,3757,3829,6905,7195,7682,9151,9755,12008,12308,14043,13292,14982,13701,17345,5484,9183,210127,132565,35172,9260,76939,14023,4760,27,19
2021-05-29T23:59:59+02:00,4,12,6797,6852,14234,14488,17752,19509,29568,30704,36258,37349,25953,28990,19018,23734,5864,9891,3748,3816,6876,7162,7649,9100,9719,11961,12235,13945,13251,14914,13671,17321,5483,9178,210095,132426,35172,9259,76924,13573,4759,27,19
2021-05-28T23:59:59+02:00,4,12,6787,6840,14219,14471,17735,19488,29557,30691,36247,37331,25952,28986,19016,23730,5864,9891,3734,3793,6854,7122,7615,9046,9666,11857,11995,13675,13062,14723,13641,17280,5480,9175,209944,131135,35171,9258,76921,13554,4758,27,19
2021-05-27T23:59:59+02:00,4,12,6696,6759,13951,14254,17250,19141,28878,30148,36088,37200,25906,28952,19001,23716,5863,9885,3609,3633,6567,6870,7239,8738,9168,11298,11285,12780,12510,14154,13511,17088,5472,9163,208867,127618,33730,8927,76879,12326,4201,27,19
2021-05-26T23:59:59+02:00,4,12,6625,6651,13737,14051,16997,18834,28334,29636,35913,37025,25869,28907,18986,23692,5862,9880,3518,3489,6341,6581,6951,8311,8827,10820,10632,11981,11948,13538,13365,16872,5467,9141,207276,124001,32976,8744,76866,11154,3870,27,19
2021-05-25T23:59:59+02:00,4,12,6544,6556,13532,13830,16734,18623,27609,28989,35820,36928,25846,28878,18974,23677,5857,9879,3469,3398,6196,6412,6805,8121,8601,10529,10286,11615,11602,13062,13260,16711,5464,9133,206565,122160,31522,8605,76381,10088,3798,26,19
2021-05-24T23:59:59+02:00,4,12,6474,6459,13355,13630,16512,18340,27196,28561,35474,36529,25789,28810,18955,23653,5856,9877,3455,3376,6138,6330,6760,8037,8542,10434,10213,11518,11429,12829,13212,16619,5456,9113,206031,121534,29296,8559,76374,9596,3759,26,19
2021-05-23T23:59:59+02:00,4,12,6472,6458,13350,13621,16509,18330,27177,28551,35444,36495,25786,28804,18955,23647,5856,9877,3450,3372,6132,6320,6750,8030,8514,10403,10173,11461,11346,12728,13192,16588,5456,9112,205916,121522,29280,8147,76373,9589,3753,26,19
2021-05-22T23:59:59+02:00,4,12,6465,6454,13343,13610,16503,18326,27174,28550,35441,36489,25786,28804,18955,23647,5856,9877,3449,3372,6129,6317,6749,8026,8510,10401,10168,11458,11335,12714,13187,16584,5455,9112,205866,121482,29280,8147,76371,9568,3753,26,19
2021-05-21T23:59:59+02:00,4,12,6403,6394,13190,13504,16330,18175,26903,28372,35011,36221,25760,28766,18947,23641,5855,9873,3440,3362,6096,6296,6718,7992,8471,10352,10115,11408,10817,12001,13046,16424,5452,9107,205176,119722,29155,8144,75322,9533,3682,26,19
2021-05-20T23:59:59+02:00,3,11,6110,6193,12580,13087,15136,17253,24989,26875,34058,35451,25655,28621,18893,23560,5849,9858,3380,3317,6003,6179,6605,7836,8324,10191,9878,11100,10480,11544,12933,16242,5442,9094,200416,117725,27409,8063,72779,9191,3553,25,19
2021-05-19T23:59:59+02:00,3,11,5904,5952,12066,12628,14427,16548,24042,26061,33431,34854,25545,28531,18858,23504,5841,9846,3303,3244,5841,6009,6415,7595,8049,9910,9575,10720,10168,11129,12854,16097,5440,9086,194726,115816,27371,7867,72764,8570,3166,25,19
2021-05-18T23:59:59+02:00,3,10,5734,5843,11666,12305,13804,16049,22886,25112,32765,34248,25429,28396,18812,23454,5836,9837,3260,3212,5728,5898,6250,7436,7844,9692,9377,10480,9999,10879,12709,15876,5431,9077,189775,114666,26865,7799,72720,7863,2804,25,19
2021-05-17T23:59:59+02:00,3,9,5681,5798,11503,12198,13533,15827,22071,24477,32456,33934,25349,28337,18790,23424,5827,9828,3143,3136,5537,5714,6076,7220,7634,9464,9152,10237,9910,10755,12651,15813,5428,9072,188010,113910,26165,7793,72327,6705,2518,25,19
2021-05-16T23:59:59+02:00,3,9,5653,5778,11442,12141,13448,15747,21461,23928,31842,33404,25308,28294,18780,23409,5826,9828,3138,3113,5523,5644,6048,7160,7606,9363,9120,10153,9894,10736,12648,15810,5428,9072,187242,113798,24620,7786,71908,6351,2506,25,18
2021-05-15T23:59:59+02:00,3,9,5644,5768,11409,12132,13419,15737,21387,23857,31302,33028,25297,28289,18779,23406,5825,9827,3124,3098,5504,5602,6034,7084,7566,9248,8883,9899,9861,10705,12614,15759,5428,9071,187192,113793,24608,7648,71256,5987,2037,25,18
2021-05-14T23:59:59+02:00,3,9,5604,5743,11347,12094,13347,15672,20976,23545,30871,32682,25261,28243,18768,23389,5825,9825,3092,3058,5468,5513,6013,6948,7526,9046,8823,9704,9790,10595,12527,15632,5428,9068,186469,113624,24289,7316,70385,5240,2036,25,18
2021-05-13T23:59:59+02:00,3,9,5446,5585,10965,11798,12633,15083,18790,21796,29325,31214,25031,28000,18701,23318,5823,9822,3080,3023,5443,5474,5996,6890,7502,8975,8779,9644,9573,10351,12330,15329,5423,9058,182514,113267,20487,6497,68295,5070,2021,25,18
2021-05-12T23:59:59+02:00,2,9,5417,5558,10893,11740,12532,14995,18668,21672,28962,30850,24939,27905,18684,23289,5822,9817,3080,3019,5437,5468,5986,6876,7477,8960,8740,9590,9388,10121,12098,15006,5420,9051,181566,112985,19850,5632,68292,5064,2021,25,18
2021-05-11T23:59:59+02:00,2,9,5280,5454,10645,11492,12166,14623,18057,21036,28030,29880,24746,27716,18625,23214,5817,9802,3038,2978,5348,5313,5886,6692,7347,8718,8579,9368,9207,9926,11951,14818,5411,9033,177490,111947,18959,5523,68159,4167,1961,25,18
2021-05-10T23:59:59+02:00,2,8,5157,5376,10432,11297,11907,14368,17731,20701,27610,29473,24637,27609,18587,23167,5809,9798,2970,2925,5231,5196,5772,6589,7223,8577,8452,9261,9103,9802,11861,14690,5408,9025,175489,111418,18267,5511,67934,3187,1954,25,18
2021-05-09T23:59:59+02:00,2,8,5083,5328,10332,11183,11807,14249,17391,20418,27219,29096,24551,27523,18558,23131,5806,9795,2901,2894,5084,5152,5596,6546,7055,8548,8324,9225,9091,9792,11843,14670,5408,9025,175094,111342,16983,5501,67439,2357,1939,25,18
2021-05-08T23:59:59+02:00,2,8,5082,5327,10330,11179,11807,14249,17387,20416,27216,29093,24551,27523,18558,23131,5806,9795,2901,2893,5083,5152,5596,6546,7055,8548,8321,9225,9090,9791,11843,14670,5408,9025,175077,111339,16983,5501,67436,2353,1939,25,18
2021-05-07T23:59:59+02:00,2,8,5048,5301,10260,11126,11678,14125,16986,20141,26579,28535,24503,27472,18541,23097,5799,9766,2891,2886,5067,5143,5585,6530,7043,8537,8313,9214,9084,9783,11832,14648,5400,8998,174242,111324,16980,5495,65910,2310,1810,25,18
2021-05-06T23:59:59+02:00,1,8,4778,5140,9797,10781,11116,13608,15898,19119,24171,26244,24005,26947,18435,22994,5794,9752,2849,2841,5000,5068,5545,6437,6960,8418,8182,9063,8984,9672,11808,14597,5397,8995,169215,110781,14527,5439,63024,1782,1799,23,18
2021-05-05T23:59:59+02:00,1,8,4700,5063,9504,10551,10774,13282,15317,18514,23327,25279,23744,26623,18366,22888,5784,9734,2829,2805,4950,4983,5486,6316,6876,8253,8058,8848,8877,9541,11730,14512,5396,8987,165551,109841,13215,5434,62874,1360,1796,23,18
2021-05-04T23:59:59+02:00,1,8,4615,4972,9330,10344,10566,13040,14929,18115,22783,24715,23530,26350,18294,22809,5776,9721,2820,2771,4922,4907,5453,6196,6822,8112,7965,8693,8773,9430,11655,14453,5394,8984,163295,109342,12091,5423,62713,793,1776,23,18
2021-05-03T23:59:59+02:00,1,8,4542,4898,9137,10207,10389,12864,14646,17868,22374,24300,23391,26200,18267,22762,5776,9715,2743,2701,4834,4833,5377,6110,6725,8006,7784,8527,8687,9343,11616,14404,5391,8979,161790,109120,12090,5420,62621,683,821,23,18
2021-05-02T23:59:59+02:00,1,8,4529,4884,9060,10149,10263,12752,14319,17561,22071,24013,23341,26141,18248,22737,5775,9714,2737,2694,4774,4799,5286,6026,6587,7877,7667,8426,8641,9301,11592,14370,5389,8974,160903,109004,12087,5418,62517,666,36,23,18
2021-05-01T23:59:59+02:00,1,8,4529,4882,9058,10148,10262,12752,14315,17558,22069,24013,23340,26140,18248,22737,5775,9714,2737,2694,4774,4799,5286,6026,6586,7877,7667,8426,8641,9301,11592,14370,5389,8974,160886,109004,12087,5417,62517,666,36,23,18
2021-04-30T23:59:59+02:00,0,8,4455,4791,8816,9934,10000,12510,13833,17133,21228,23245,23214,26004,18232,22708,5772,9711,2733,2692,4763,4791,5277,5992,6574,7847,7633,8389,8637,9298,11591,14367,5387,8973,157295,108977,12086,5415,62188,534,2,23,18
2021-04-29T23:59:59+02:00,0,8,4306,4647,8332,9523,9297,11906,12831,16235,19385,21564,22508,25244,18094,22498,5766,9694,2710,2671,4721,4719,5233,5916,6511,7741,7554,8271,8526,9183,11525,14291,5381,8964,148105,108483,12072,5142,61637,274,2,22,18
2021-04-28T23:59:59+02:00,0,8,4273,4628,8261,9449,9221,11819,12712,16116,19168,21350,22420,25152,18066,22457,5764,9689,2707,2660,4695,4659,5205,5872,6480,7667,7506,8189,8509,9159,11509,14269,5380,8958,147724,108290,11982,5070,60824,48,1,22,17
2021-04-27T23:59:59+02:00,0,8,4233,4582,8123,9309,9108,11668,12567,15947,18719,20852,22191,24894,18001,22379,5761,9681,2704,2656,4693,4655,5195,5864,6467,7648,7473,8152,8451,9080,11428,14187,5376,8954,146998,108033,10899,4897,60103,40,1,22,14
2021-04-26T23:59:59+02:00,0,8,4191,4554,8017,9214,8961,11563,12393,15774,18307,20488,22057,24748,17966,22351,5761,9680,2704,2654,4689,4651,5190,5855,6453,7628,7439,8125,8403,9032,11372,14108,5372,8937,146230,107926,10764,4639,59017,35,0,22,14
2021-04-25T23:59:59+02:00,0,8,4177,4538,7981,9184,8897,11500,12258,15644,17962,20158,21857,24510,17926,22296,5757,9675,2704,2654,4688,4650,5188,5851,6448,7625,7437,8121,8347,8973,11348,14080,5372,8936,144846,107904,10753,4472,58707,34,0,22,14
2021-04-24T23:59:59+02:00,0,8,4171,4530,7966,9180,8882,11490,12210,15614,17904,20120,21841,24497,17924,22291,5757,9675,2703,2654,4688,4650,5188,5851,6448,7625,7437,8121,8347,8972,11348,14080,5372,8936,144750,107904,10753,4472,58535,33,0,22,13
2021-04-23T23:59:59+02:00,0,8,4151,4497,7909,9117,8799,11388,11870,15288,17471,19723,21627,24264,17861,22214,5755,9667,2700,2652,4685,4647,5181,5844,6434,7616,7414,8090,8326,8945,11340,14072,5370,8933,143488,107892,10405,4314,57694,32,0,22,13
2021-04-22T23:59:59+02:00,0,8,4102,4432,7777,8925,8614,11128,11543,14868,16557,18737,21052,23553,17726,22033,5746,9648,2691,2646,4679,4626,5158,5818,6391,7580,7341,8042,8193,8787,11198,13921,5365,8924,139750,107274,10275,4050,56404,25,0,20,13
2021-04-21T23:59:59+02:00,0,8,4060,4389,7674,8805,8458,10968,11248,14589,15821,17978,20673,23105,17654,21927,5741,9635,2683,2635,4661,4606,5142,5797,6379,7562,7313,8021,8143,8726,11161,13882,5363,8922,136830,106993,10145,3970,55741,23,0,17,12
2021-04-20T23:59:59+02:00,0,8,4035,4363,7639,8753,8382,10888,11085,14414,15386,17501,20209,22589,17555,21775,5733,9624,2675,2626,4651,4593,5117,5777,6351,7538,7273,7981,8049,8594,11086,13795,5359,8918,134682,106421,9881,3930,55359,22,0,17,12
2021-04-19T23:59:59+02:00,0,8,4004,4312,7577,8649,8290,10749,10927,14231,15133,17207,19730,22025,17389,21561,5722,9612,2670,2625,4645,4589,5104,5762,6332,7521,7247,7937,7996,8540,11060,13749,5356,8913,132617,106087,9527,3927,54965,22,0,17,12
2021-04-18T23:59:59+02:00,0,5,3984,4283,7517,8598,8184,10622,10668,13988,14641,16668,19300,21514,17267,21375,5718,9606,2669,2625,4645,4589,5104,5762,6330,7518,7244,7936,7992,8537,11058,13745,5355,8910,130196,106063,9456,3925,54269,21,0,17,12
2021-04-17T23:59:59+02:00,0,5,3981,4275,7497,8592,8174,10604,10626,13942,14531,16580,19179,21390,17245,21347,5717,9604,2669,2625,4644,4587,5098,5757,6316,7513,7219,7913,7946,8491,11039,13722,5354,8910,129759,106053,9447,3719,54066,21,0,17,12
2021-04-16T23:59:59+02:00,0,5,3970,4232,7424,8470,8071,10446,10432,13680,13862,15817,18611,20744,17120,21172,5706,9587,2666,2622,4639,4582,5093,5744,6298,7502,7181,7878,7637,8102,10948,13583,5346,8894,126912,105256,9387,3428,53033,21,0,17,12
2021-04-15T23:59:59+02:00,0,4,3926,4178,7311,8339,7900,10208,10097,13290,13132,14958,17803,19878,16878,20847,5693,9566,2665,2614,4627,4564,5080,5712,6267,7466,7110,7805,7076,7445,10824,13423,5342,8883,123258,103590,9228,3284,51505,19,0,17,12
2021-04-14T23:59:59+02:00,0,3,3899,4149,7245,8233,7794,10058,9922,13091,12714,14512,17277,19266,16727,20637,5688,9553,2632,2595,4609,4532,5051,5665,6232,7433,7053,7744,6442,6683,10562,13131,5338,8875,121871,101269,8994,3284,49886,14,0,17,12
2021-04-13T23:59:59+02:00,0,3,3896,4143,7207,8217,7737,10024,9814,13038,12340,14219,16588,18418,16491,20336,5684,9547,2608,2568,4589,4506,5026,5631,6173,7365,6964,7643,6229,6431,9978,12468,5330,8856,121176,99066,8776,3276,47733,14,0,17,11
2021-04-12T23:59:59+02:00,0,3,3882,4125,7154,8171,7680,9955,9706,12936,12093,14007,16145,17902,16303,20122,5679,9544,2579,2557,4522,4464,4919,5562,6058,7289,6846,7544,5484,5608,9530,11932,5290,8814,120843,95707,8740,3268,45807,14,0,17,11
2021-04-11T23:59:59+02:00,0,3,3867,4117,7112,8119,7621,9911,9613,12858,11855,13799,15580,17213,16027,19781,5674,9534,2503,2474,4393,4342,4764,5429,5895,7137,6694,7438,5181,5247,9399,11772,5290,8810,120254,93528,8312,3218,44101,13,0,17,11
2021-04-10T23:59:59+02:00,0,3,3849,4098,7073,8072,7577,9855,9553,12799,11764,13714,15363,17021,15978,19713,5673,9527,1944,1906,3574,3621,3889,4664,4889,6217,5839,6651,4907,4941,9271,11620,5284,8801,119791,84778,8312,3218,43512,13,0,17,11
2021-04-09T23:59:59+02:00,0,3,3829,4078,7035,8043,7513,9799,9400,12671,11437,13429,14179,15489,15535,19182,5661,9517,1084,1078,2216,2428,2381,3291,3103,4575,4219,5187,4222,4207,9024,11266,5260,8772,117892,69076,8310,3215,40581,13,0,17,11
2021-04-08T23:59:59+02:00,0,3,3803,4062,6974,7990,7410,9704,9213,12552,11033,13075,13046,14229,15126,18661,5642,9487,582,589,1298,1720,1474,2359,2003,3486,2835,3800,2976,2809,8221,10287,5118,8551,116646,54876,8229,3212,37118,11,0,17,11
2021-04-07T23:59:59+02:00,0,3,3756,4037,6896,7936,7317,9634,9085,12423,10724,12767,12318,13459,14909,18396,5636,9468,351,372,947,1375,1067,1973,1492,3023,1890,2792,1794,1521,7316,9146,4963,8292,115684,45085,8078,3212,34986,8,0,16,11
2021-04-06T23:59:59+02:00,0,3,3740,4025,6874,7898,7262,9567,8992,12343,10511,12549,11933,12964,14687,18100,5625,9454,344,358,937,1365,1052,1952,1465,2995,1831,2733,1715,1454,6904,8590,4812,8054,114405,43334,7979,3211,34129,7,0,14,11
2021-04-05T23:59:59+02:00,0,3,3735,4024,6863,7886,7249,9557,8973,12315,10447,12490,11823,12818,14589,18008,5623,9451,342,352,926,1361,1046,1944,1455,2975,1810,2699,1661,1401,6675,8285,4690,7870,114070,42266,7958,3210,33812,7,0,14,11
2021-04-04T23:59:59+02:00,0,3,3735,4024,6861,7880,7248,9556,8970,12315,10437,12485,11820,12814,14586,18007,5623,9451,342,351,924,1361,1045,1942,1454,2974,1808,2696,1658,1396,6668,8272,4685,7867,114065,42218,7957,3209,33779,7,0,14,11
2021-04-03T23:59:59+02:00,0,3,3735,4024,6861,7879,7247,9556,8970,12315,10436,12485,11820,12813,14584,18005,5623,9451,342,350,922,1357,1043,1941,1453,2969,1806,2696,1653,1384,6625,8191,4650,7832,114061,41989,7957,3209,33775,7,0,14,11
2021-04-02T23:59:59+02:00,0,3,3733,4022,6859,7876,7241,9550,8958,12308,10420,12469,11693,12699,14541,17948,5619,9443,340,348,920,1350,1037,1930,1438,2944,1766,2657,1558,1298,5862,7291,4217,7270,113938,39323,7952,2887,33478,7,0,14,11
2021-04-01T23:59:59+02:00,0,2,3693,4010,6825,7854,7199,9519,8906,12269,10349,12398,11351,12291,14165,17435,5615,9430,335,345,904,1335,1025,1909,1406,2898,1707,2591,1435,1205,4929,6186,3667,6448,113555,35427,6541,2882,33201,7,0,14,11
2021-03-31T23:59:59+02:00,0,2,3687,4006,6810,7835,7182,9501,8871,12237,10261,12326,11020,11885,13819,16942,5609,9409,332,342,896,1327,1015,1894,1386,2870,1657,2555,1370,1153,4349,5512,3315,5980,112982,33128,5540,2809,32866,7,0,14,11
2021-03-30T23:59:59+02:00,0,2,3669,3982,6774,7796,7125,9434,8782,12133,10098,12171,10762,11608,13596,16676,5603,9395,328,335,890,1316,1008,1888,1363,2863,1629,2529,1343,1127,4231,5390,3255,5888,112161,32755,5290,2612,32141,7,0,14,11
2021-03-29T23:59:59+02:00,0,2,3660,3960,6748,7774,7085,9381,8686,12038,9915,11964,10329,11140,13223,16207,5586,9362,323,331,886,1306,1002,1880,1355,2852,1613,2520,1318,1113,4098,5246,3158,5757,110485,32137,4982,2606,31579,6,0,14,11
2021-03-28T23:59:59+02:00,0,2,3618,3904,6633,7616,6968,9240,8559,11844,9763,11773,10118,10880,13047,16021,5581,9352,323,331,886,1306,1000,1879,1354,2852,1612,2518,1309,1110,4065,5204,3132,5731,110112,32094,4718,2504,30075,5,0,14,11
2021-03-27T23:59:59+01:00,0,2,3617,3893,6621,7551,6938,9126,8509,11673,9711,11619,10004,10757,12952,15933,5580,9352,323,330,886,1306,1000,1876,1354,2850,1608,2517,1307,1108,4039,5169,3119,5716,110103,31991,4718,2503,29003,5,0,14,11
2021-03-26T23:59:59+01:00,0,2,3611,3885,6593,7514,6909,9053,8461,11560,9620,11491,9955,10694,12906,15878,5572,9332,318,328,885,1303,996,1864,1351,2829,1587,2503,1282,1092,3858,4944,3013,5563,110047,31240,4496,2462,28479,5,0,14,11
2021-03-25T23:59:59+01:00,0,2,3588,3854,6502,7387,6817,8888,8270,11328,9311,11174,9576,10312,12603,15563,5567,9323,318,327,883,1295,993,1853,1338,2816,1563,2484,1256,1073,3625,4702,2762,5228,109674,30041,4289,2462,26088,4,0,14,11
2021-03-24T23:59:59+01:00,0,2,3533,3803,6413,7201,6697,8662,8103,11092,9085,10849,9161,9824,12185,15104,5556,9313,318,326,882,1292,988,1851,1330,2812,1547,2468,1247,1063,3558,4629,2581,5006,109163,29426,4153,2462,23253,1,0,14,11
2021-03-23T23:59:59+01:00,0,2,3515,3770,6364,7145,6621,8603,7985,10963,8836,10616,8740,9354,11734,14585,5547,9298,318,326,881,1282,983,1842,1325,2803,1543,2460,1223,1038,3466,4553,2388,4688,108348,28647,4060,2462,21256,1,0,14,11
2021-03-22T23:59:59+01:00,0,2,3507,3750,6321,7116,6587,8556,7919,10887,8687,10480,8459,9001,11431,14259,5511,9259,316,321,875,1272,975,1835,1318,2792,1533,2450,1211,1029,3437,4518,2369,4655,107677,28435,4057,2461,19984,1,0,14,11
2021-03-21T23:59:59+01:00,0,2,3505,3748,6317,7105,6570,8540,7900,10868,8631,10422,8339,8885,11360,14157,5509,9256,314,320,866,1269,968,1828,1309,2790,1529,2446,1207,1026,3428,4503,2355,4646,107592,28333,4056,2461,19452,1,0,14,11
2021-03-20T23:59:59+01:00,0,2,3497,3710,6309,7033,6555,8403,7875,10684,8587,10286,8261,8799,11322,14118,5509,9256,314,320,866,1269,968,1827,1308,2790,1529,2444,1207,1026,3428,4502,2355,4645,107559,28328,3844,2460,18789,1,0,14,11
2021-03-19T23:59:59+01:00,0,2,3484,3680,6283,6949,6531,8310,7829,10567,8473,10125,7722,8192,11138,13877,5499,9238,311,319,861,1262,951,1817,1285,2759,1479,2399,1123,958,2764,3713,1943,4076,105943,25550,3544,2460,18398,1,0,14,11
2021-03-18T23:59:59+01:00,0,2,3473,3662,6242,6908,6498,8248,7766,10480,8358,9996,6764,7096,10859,13576,5489,9213,310,319,858,1257,945,1808,1266,2751,1454,2380,1086,941,2557,3474,1787,3855,102923,24578,3386,2460,18307,1,0,14,11
2021-03-17T23:59:59+01:00,0,2,3436,3624,6171,6824,6445,8145,7675,10352,8228,9838,6081,6253,10573,13270,5472,9187,309,319,851,1251,940,1796,1252,2729,1435,2354,1049,917,2438,3349,1708,3745,100148,23972,3385,2460,18029,1,0,14,11
2021-03-16T23:59:59+01:00,0,2,3418,3595,6132,6771,6400,8072,7622,10287,8138,9737,5905,6077,9867,12475,5433,9124,302,309,837,1235,928,1787,1246,2709,1422,2346,1035,898,2224,3108,1575,3550,97903,23043,3375,2458,17763,1,0,14,11
2021-03-15T23:59:59+01:00,0,2,3381,3563,6035,6692,6270,7980,7480,10168,8009,9612,5153,5243,9424,11927,5390,9054,301,308,833,1231,926,1780,1244,2696,1413,2337,1022,886,2082,2935,1489,3456,94392,22472,3368,2457,17609,1,0,14,11
2021-03-14T23:59:59+01:00,0,2,3256,3416,5754,6346,5994,7619,7165,9753,7724,9291,4819,4852,9267,11730,5386,9044,301,307,833,1231,925,1780,1242,2695,1411,2334,1020,884,2079,2932,1486,3455,91996,22451,3313,2454,16095,1,0,14,11
2021-03-13T23:59:59+01:00,0,2,2601,2754,4813,5478,4976,6690,5970,8634,6709,8346,4505,4469,8884,11210,5296,8936,301,307,832,1229,925,1775,1239,2693,1410,2334,1020,883,2055,2896,1456,3420,81305,22311,3313,2454,15641,1,0,14,11
2021-03-12T23:59:59+01:00,0,2,1775,1933,3475,4328,3469,5355,4223,6995,5073,6838,3835,3764,7635,9662,4795,8257,297,304,830,1225,919,1768,1231,2673,1384,2317,974,858,1707,2433,1188,3069,62478,20713,3310,2454,15612,1,0,14,11
2021-03-11T23:59:59+01:00,0,2,1274,1456,2571,3587,2564,4415,3130,5905,3711,5452,2659,2487,5938,7551,4030,7082,292,295,814,1216,906,1745,1213,2644,1359,2271,937,838,1550,2204,1065,2881,45184,19767,3308,2454,15308,1,0,14,10
2021-03-10T23:59:59+01:00,0,2,1050,1238,2202,3226,2189,4024,2678,5464,2807,4485,1531,1287,4588,5833,3474,6313,282,285,796,1197,884,1709,1179,2571,1320,2205,912,818,1371,2014,969,2708,34164,18864,3308,2347,14906,1,0,13,10
2021-03-09T23:59:59+01:00,0,2,1034,1210,2136,3085,2124,3909,2593,5330,2723,4359,1497,1257,4513,5760,3435,6256,278,278,782,1176,867,1683,1154,2531,1302,2177,897,806,1293,1890,898,2598,33759,18298,3305,2303,14146,1,0,13,10
2021-03-08T23:59:59+01:00,0,2,1012,1179,2079,2986,2084,3827,2534,5217,2667,4287,1459,1237,4367,5602,3334,6115,278,274,777,1168,865,1674,1146,2523,1294,2161,872,785,1127,1665,775,2434,33070,17510,3305,2299,13600,1,0,13,10
2021-03-07T23:59:59+01:00,0,2,1007,1160,2039,2943,2042,3786,2494,5152,2626,4250,1454,1234,4360,5594,3332,6115,278,274,777,1168,865,1674,1146,2523,1293,2161,869,785,1118,1655,767,2423,33039,17510,3299,2258,13239,0,0,13,10
2021-03-06T23:59:59+01:00,0,2,1007,1156,2028,2929,2030,3767,2478,5125,2608,4229,1441,1224,4326,5549,3318,6103,278,274,777,1168,865,1673,1146,2523,1293,2161,869,785,1118,1655,767,2422,32894,17509,3298,2257,13115,0,0,13,10
2021-03-05T23:59:59+01:00,0,2,1003,1152,2013,2909,2000,3744,2435,5073,2555,4192,1405,1196,4060,5223,3168,5882,277,271,770,1161,859,1665,1143,2514,1290,2151,855,781,1110,1646,766,2420,32154,17414,2967,2257,12878,0,0,13,10
2021-03-04T23:59:59+01:00,0,2,909,1005,1925,2781,1932,3607,2359,4919,2465,4034,1375,1175,3820,4964,2904,5533,277,269,768,1156,856,1657,1142,2500,1286,2142,822,766,1098,1635,759,2408,30908,17299,2963,2234,11825,0,0,13,10
2021-03-03T23:59:59+01:00,0,2,863,897,1860,2685,1861,3502,2290,4803,2391,3950,1362,1162,3710,4859,2682,5261,276,267,767,1146,853,1639,1136,2458,1276,2116,805,762,1090,1617,752,2401,30234,17273,2846,2080,11047,0,0,13,10
2021-03-02T23:59:59+01:00,0,2,818,822,1763,2561,1776,3378,2200,4679,2331,3872,1327,1140,3580,4724,2479,4914,276,266,766,1140,849,1636,1131,2453,1272,2106,803,760,1076,1596,741,2382,29507,17166,2657,2079,10189,0,0,13,10
2021-03-01T23:59:59+01:00,0,2,795,783,1663,2417,1705,3234,2100,4507,2251,3751,1309,1128,3529,4661,2435,4852,276,264,762,1136,848,1624,1127,2441,1267,2096,797,758,1071,1585,734,2375,29254,17074,2573,2079,9282,0,0,13,10
2021-02-28T23:59:59+01:00,0,2,789,760,1644,2351,1677,3162,2077,4407,2237,3684,1303,1122,3519,4646,2421,4842,275,263,762,1135,848,1619,1127,2439,1267,2091,793,756,1063,1572,730,2365,29147,17051,2571,2046,8912,0,0,13,10
2021-02-27T23:59:59+01:00,0,2,774,743,1622,2291,1660,3050,2058,4281,2216,3588,1300,1119,3519,4644,2420,4841,275,263,762,1135,848,1618,1127,2439,1267,2090,793,756,1053,1566,713,2351,29142,17049,2570,1999,8403,0,0,13,10
2021-02-26T23:59:59+01:00,0,2,646,662,1517,2178,1608,2891,1995,4044,2115,3352,1210,1048,2868,3851,1994,4259,275,263,761,1133,847,1617,1127,2437,1265,2087,791,751,1035,1553,703,2335,26352,16975,2570,1997,7305,0,0,13,10
2021-02-25T23:59:59+01:00,0,2,496,582,1398,2076,1541,2763,1934,3916,2015,3240,1161,1016,2638,3581,1830,4016,258,248,736,1109,805,1547,1080,2339,1191,1994,734,730,1003,1516,692,2307,25287,16883,2543,1398,6362,0,0,13,10
2021-02-24T23:59:59+01:00,0,2,466,551,1329,1963,1468,2619,1864,3763,1938,3090,1122,986,2499,3444,1751,3897,229,235,709,1064,778,1484,1050,2279,1137,1943,707,707,956,1487,681,2277,24634,16696,2532,1019,5573,0,0,13,10
2021-02-23T23:59:59+01:00,0,2,410,511,1246,1823,1393,2472,1787,3552,1867,2968,1097,952,2296,3214,1626,3711,224,229,694,1041,766,1445,1028,2235,1112,1902,698,695,947,1473,678,2273,23711,16609,2522,823,4681,0,0,13,10
2021-02-22T23:59:59+01:00,0,2,397,478,1146,1712,1290,2375,1678,3446,1786,2897,1076,939,2154,3042,1541,3615,213,220,672,990,735,1382,1002,2141,1068,1820,655,663,878,1396,642,2217,23135,16420,2518,266,3908,0,0,13,10
2021-02-21T23:59:59+01:00,0,2,378,462,1044,1679,1137,2351,1522,3423,1682,2879,1068,937,2153,3041,1541,3615,186,214,641,982,724,1374,988,2136,1063,1818,652,660,875,1392,634,2210,23106,16289,2518,252,3277,0,0,13,10
2021-02-20T23:59:59+01:00,0,2,378,460,1043,1679,1136,2351,1520,3421,1682,2877,1068,936,2152,3041,1540,3614,185,212,638,982,721,1373,982,2133,1061,1818,652,660,875,1392,634,2210,23099,16268,2517,252,3271,0,0,13,10
2021-02-19T23:59:59+01:00,0,2,373,451,1031,1675,1126,2341,1507,3402,1649,2862,1018,908,1781,2534,1243,3232,164,202,612,978,703,1365,965,2131,1055,1816,649,659,873,1392,633,2209,21358,16146,2517,252,3247,0,0,13,10
2021-02-18T23:59:59+01:00,0,2,353,431,991,1593,1088,2254,1454,3284,1608,2772,988,885,1608,2291,1114,3028,144,191,573,967,683,1352,931,2114,1030,1796,638,640,852,1364,619,2188,20378,15822,2517,252,2836,0,0,13,10
2021-02-17T23:59:59+01:00,0,2,330,378,907,1450,981,2054,1319,3030,1496,2552,951,855,1419,2079,1013,2851,138,184,561,936,657,1301,898,2036,980,1720,603,608,845,1338,614,2169,19305,15328,2517,252,1832,0,0,13,10
2021-02-16T23:59:59+01:00,0,2,324,339,863,1312,929,1867,1258,2805,1430,2391,939,838,1356,1983,946,2755,132,171,547,893,642,1247,870,1972,950,1678,593,598,823,1307,601,2109,18935,15009,2516,116,873,0,0,13,10
2021-02-15T23:59:59+01:00,0,2,308,299,835,1281,912,1811,1218,2721,1392,2335,911,806,1179,1751,817,2579,123,163,525,866,624,1185,844,1899,927,1601,572,561,805,1270,592,2067,18024,14540,2515,76,605,0,0,13,10
2021-02-14T23:59:59+01:00,0,2,308,299,834,1281,911,1811,1216,2721,1392,2335,911,806,1179,1751,817,2579,123,163,524,859,620,1180,838,1893,923,1598,571,560,803,1269,591,2064,18023,14496,2515,75,602,0,0,13,10
2021-02-13T23:59:59+01:00,0,2,308,299,834,1281,911,1808,1216,2719,1392,2333,911,806,1179,1751,817,2579,123,163,524,859,620,1180,836,1890,921,1594,569,560,788,1249,579,2048,18016,14494,2515,1,602,0,0,13,10
2021-02-12T23:59:59+01:00,0,2,304,298,824,1276,907,1778,1210,2691,1364,2304,909,804,1178,1748,817,2579,123,163,522,856,619,1173,830,1878,915,1581,566,558,774,1238,573,2035,18007,14395,2515,1,458,0,0,13,10
2021-02-11T23:59:59+01:00,0,2,285,289,809,1241,901,1743,1194,2625,1342,2249,874,790,1167,1736,816,2569,121,149,504,815,597,1108,796,1778,892,1521,552,544,750,1203,559,2003,17893,13884,2514,0,212,0,0,13,10
2021-02-10T23:59:59+01:00,0,2,282,283,790,1203,888,1713,1182,2579,1327,2207,869,788,1152,1720,811,2552,117,140,437,728,551,1015,718,1651,833,1437,537,528,735,1183,549,1976,17869,13137,2409,0,58,0,0,12,0
2021-02-09T23:59:59+01:00,0,2,282,280,786,1189,876,1696,1167,2560,1313,2183,854,783,1138,1703,800,2536,100,121,382,641,498,886,639,1449,744,1248,485,450,616,1021,481,1738,17770,11501,2363,0,3,0,0,12,0
2021-02-08T23:59:59+01:00,0,2,282,279,784,1184,876,1689,1165,2556,1307,2175,848,780,1122,1681,783,2515,90,99,336,545,445,786,550,1241,636,1083,409,376,532,831,388,1428,17655,9777,2360,0,1,0,0,12,0
2021-02-07T23:59:59+01:00,0,2,281,278,782,1183,875,1689,1165,2555,1307,2172,842,778,1120,1678,782,2513,88,98,334,540,443,782,548,1232,632,1077,404,371,511,808,382,1414,17630,9666,2360,0,0,0,0,12,0
2021-02-06T23:59:59+01:00,0,2,281,277,781,1182,875,1688,1165,2555,1307,2171,841,777,1118,1672,781,2511,88,97,334,537,442,781,547,1228,630,1076,400,366,463,739,354,1369,17613,9453,2359,0,0,0,0,12,0
2021-02-05T23:59:59+01:00,0,2,281,277,781,1181,874,1686,1164,2554,1306,2168,834,771,1095,1662,774,2495,82,95,326,531,426,763,522,1193,601,1033,377,339,441,713,337,1324,17534,9104,2359,0,0,0,0,12,0
2021-02-04T23:59:59+01:00,0,2,278,269,778,1160,862,1664,1151,2526,1292,2145,812,758,1067,1632,767,2479,68,77,256,409,331,596,405,965,488,830,304,275,336,577,277,1114,17294,7308,2336,0,0,0,0,12,0
2021-02-03T23:59:59+01:00,0,2,277,264,774,1138,860,1638,1144,2476,1279,2115,793,744,1050,1609,758,2465,54,54,170,280,257,445,285,715,363,590,208,195,238,424,194,837,17198,5309,2176,0,0,0,0,12,0
2021-02-02T23:59:59+01:00,0,2,276,259,770,1130,853,1616,1136,2451,1267,2098,789,737,1041,1598,756,2457,35,35,92,139,148,256,173,448,235,370,134,125,161,255,136,538,17048,3280,2176,0,0,0,0,12,0
2021-02-01T23:59:59+01:00,0,2,274,256,765,1111,845,1596,1130,2422,1263,2065,780,724,1034,1588,752,2444,11,12,15,27,26,66,46,88,71,102,49,45,57,75,39,178,16864,907,2176,0,0,0,0,11,0
2021-01-31T23:59:59+01:00,0,2,268,254,749,1109,837,1585,1120,2411,1252,2056,774,718,1024,1571,745,2431,10,12,14,26,24,63,40,83,64,94,46,45,53,68,36,165,16829,843,2066,0,0,0,0,11,0
2021-01-30T23:59:59+01:00,0,2,268,254,749,1108,836,1585,1120,2411,1252,2056,773,718,1014,1564,728,2417,10,10,14,26,24,63,40,83,63,92,45,44,52,68,36,164,16825,834,2019,0,0,0,0,11,0
2021-01-29T23:59:59+01:00,0,2,268,254,749,1107,836,1585,1120,2411,1252,2055,772,717,1013,1562,728,2415,9,5,12,24,24,62,38,81,62,92,44,43,52,68,36,164,16818,816,2017,0,0,0,0,11,0
2021-01-28T23:59:59+01:00,0,2,264,249,737,1082,801,1530,1083,2350,1175,1997,731,703,984,1542,712,2393,4,0,3,6,9,26,19,36,20,45,21,22,23,45,15,97,16638,391,1686,0,0,0,0,11,0
2021-01-27T23:59:59+01:00,0,2,258,242,714,1050,753,1475,1025,2269,1102,1916,696,676,970,1521,709,2386,3,0,3,4,6,22,15,22,13,32,6,9,10,10,4,27,16190,186,1563,0,0,0,0,11,0
2021-01-26T23:59:59+01:00,0,2,234,233,697,1026,745,1425,1005,2195,1075,1851,684,662,947,1505,699,2367,3,0,1,4,5,12,13,12,6,11,3,5,6,7,1,16,16139,105,1202,0,0,0,0,11,0
2021-01-25T23:59:59+01:00,0,2,202,218,644,953,693,1302,962,2049,1017,1715,636,607,869,1410,656,2294,3,0,1,4,5,12,13,12,6,11,3,5,6,7,1,16,15911,105,307,0,0,0,0,11,0
2021-01-24T23:59:59+01:00,0,2,185,212,618,941,674,1288,944,2033,1002,1705,629,601,859,1390,647,2281,3,0,1,4,5,11,12,12,5,11,3,5,6,7,1,16,15738,102,262,0,0,0,0,11,0
2021-01-23T23:59:59+01:00,0,2,185,212,618,941,674,1288,944,2033,1002,1705,629,601,859,1390,647,2281,3,0,1,4,5,11,10,12,5,11,3,5,6,7,1,16,15738,100,262,0,0,0,0,11,0
2021-01-22T23:59:59+01:00,0,2,138,194,560,931,656,1273,910,2023,990,1694,624,600,858,1390,647,2281,3,0,0,4,5,11,10,12,5,11,3,5,6,7,1,16,15498,99,262,0,0,0,0,11,0
2021-01-21T23:59:59+01:00,0,2,133,186,545,908,635,1232,877,1969,968,1646,613,579,846,1359,640,2262,3,0,0,4,4,11,9,12,5,11,3,5,6,7,1,15,15127,96,262,0,0,0,0,11,0
2021-01-20T23:59:59+01:00,0,2,128,170,498,842,612,1156,814,1859,931,1575,592,562,829,1336,630,2234,3,0,0,4,4,11,9,12,5,11,3,5,6,7,1,15,14499,96,260,0,0,0,0,11,0
2021-01-19T23:59:59+01:00,0,2,117,152,427,756,550,1029,730,1671,831,1417,548,512,732,1184,558,1988,3,0,0,4,4,9,9,12,5,11,3,5,6,7,1,15,13000,94,193,0,0,0,0,11,0
2021-01-18T23:59:59+01:00,0,2,99,120,358,603,459,857,600,1410,705,1211,480,446,648,1026,491,1719,1,0,0,1,0,1,0,0,0,0,0,0,0,1,0,0,11140,4,83,0,0,0,0,11,0
2021-01-17T23:59:59+01:00,0,2,95,118,354,597,458,852,598,1391,697,1201,475,436,621,997,475,1678,1,0,0,1,0,1,0,0,0,0,0,0,0,1,0,0,10952,4,82,0,0,0,0,11,0
2021-01-16T23:59:59+01:00,0,2,95,115,352,589,455,847,587,1378,686,1189,460,422,526,871,414,1581,0,0,0,1,0,1,0,0,0,0,0,0,0,0,0,0,10555,2,3,0,0,0,0,11,0
2021-01-15T23:59:59+01:00,0,2,94,113,347,587,449,843,581,1371,669,1173,444,404,518,859,406,1558,0,0,0,0,0,0,0,0,0,0,0,0,0,0,0,0,10406,0,1,0,0,0,0,11,0
2021-01-14T23:59:59+01:00,0,0,77,91,290,485,371,679,464,1117,549,991,365,324,406,702,333,1323,0,0,0,0,0,0,0,0,0,0,0,0,0,0,0,0,8556,0,0,0,0,0,0,11,0
2021-01-13T23:59:59+01:00,0,0,63,68,206,367,295,506,350,835,423,710,255,228,298,527,251,1017,0,0,0,0,0,0,0,0,0,0,0,0,0,0,0,0,6389,0,0,0,0,0,0,10,0
2021-01-12T23:59:59+01:00,0,0,41,45,125,216,181,313,209,532,282,441,160,145,192,344,172,683,0,0,0,0,0,0,0,0,0,0,0,0,0,0,0,0,4081,0,0,0,0,0,0,0,0
2021-01-11T23:59:59+01:00,0,0,11,14,42,58,42,93,60,119,93,129,65,58,83,103,49,223,0,0,0,0,0,0,0,0,0,0,0,0,0,0,0,0,1242,0,0,0,0,0,0,0,0
2021-01-10T23:59:59+01:00,0,0,11,14,29,47,35,75,51,110,80,119,57,54,77,93,46,209,0,0,0,0,0,0,0,0,0,0,0,0,0,0,0,0,1107,0,0,0,0,0,0,0,0
2021-01-09T23:59:59+01:00,0,0,11,13,26,46,35,75,50,109,78,116,56,53,76,92,45,208,0,0,0,0,0,0,0,0,0,0,0,0,0,0,0,0,1089,0,0,0,0,0,0,0,0
2021-01-08T23:59:59+01:00,0,0,7,6,26,41,33,72,47,107,77,115,53,49,71,87,41,208,0,0,0,0,0,0,0,0,0,0,0,0,0,0,0,0,1040,0,0,0,0,0,0,0,0
2021-01-07T23:59:59+01:00,0,0,5,1,9,20,15,38,28,77,33,77,32,27,47,74,28,162,0,0,0,0,0,0,0,0,0,0,0,0,0,0,0,0,673,0,0,0,0,0,0,0,0
2021-01-06T23:59:59+01:00,0,0,5,0,4,8,10,30,25,43,19,47,26,24,34,51,19,120,0,0,0,0,0,0,0,0,0,0,0,0,0,0,0,0,465,0,0,0,0,0,0,0,0
2021-01-05T23:59:59+01:00,0,0,5,0,4,8,10,30,25,43,19,47,26,24,34,50,19,120,0,0,0,0,0,0,0,0,0,0,0,0,0,0,0,0,464,0,0,0,0,0,0,0,0
2021-01-04T23:59:59+01:00,0,0,4,0,1,3,4,11,13,12,5,11,3,5,6,8,1,17,0,0,0,0,0,0,0,0,0,0,0,0,0,0,0,0,104,0,0,0,0,0,0,0,0
2021-01-03T23:59:59+01:00,0,0,3,0,1,3,4,10,12,12,5,11,3,5,6,8,1,16,0,0,0,0,0,0,0,0,0,0,0,0,0,0,0,0,100,0,0,0,0,0,0,0,0
2021-01-02T23:59:59+01:00,0,0,3,0,1,3,4,10,10,12,5,11,3,5,6,8,1,16,0,0,0,0,0,0,0,0,0,0,0,0,0,0,0,0,98,0,0,0,0,0,0,0,0
2021-01-01T23:59:59+01:00,0,0,3,0,0,3,4,10,10,12,5,11,3,5,6,7,1,16,0,0,0,0,0,0,0,0,0,0,0,0,0,0,0,0,96,0,0,0,0,0,0,0,0
2020-12-31T23:59:59+01:00,0,0,3,0,0,3,4,10,9,12,5,11,3,5,6,7,1,16,0,0,0,0,0,0,0,0,0,0,0,0,0,0,0,0,95,0,0,0,0,0,0,0,0
2020-12-30T23:59:59+01:00,0,0,3,0,0,3,4,10,9,12,5,11,3,5,6,7,1,16,0,0,0,0,0,0,0,0,0,0,0,0,0,0,0,0,95,0,0,0,0,0,0,0,0
2020-12-29T23:59:59+01:00,0,0,3,0,0,3,4,8,9,12,5,11,3,5,6,7,1,16,0,0,0,0,0,0,0,0,0,0,0,0,0,0,0,0,93,0,0,0,0,0,0,0,0
2020-12-28T23:59:59+01:00,0,0,3,0,0,3,4,8,9,12,5,11,3,5,6,7,1,16,0,0,0,0,0,0,0,0,0,0,0,0,0,0,0,0,93,0,0,0,0,0,0,0,0
2020-12-27T23:59:59+01:00,0,0,1,0,0,0,0,0,0,0,0,0,0,0,1,3,0,7,0,0,0,0,0,0,0,0,0,0,0,0,0,0,0,0,12,0,0,0,0,0,0,0,0
