Datum,<15_m,<15_w,15-24_1_m,15-24_1_w,25-34_1_m,25-34_1_w,35-44_1_m,35-44_1_w,45-54_1_m,45-54_1_w,55-64_1_m,55-64_1_w,65-74_1_m,65-74_1_w,75-84_1_m,75-84_1_w,>84_1_m,>84_1_w,<24_2_m,<24_2_w,25-34_2_m,25-34_2_w,35-44_2_m,35-44_2_w,45-54_2_m,45-54_2_w,55-64_2_m,55-64_2_w,65-74_2_m,65-74_2_w,75-84_2_m,75-84_2_w,>84_2_m,>84_2_w,bp_1,bp_2,mo_1,mo_2,az_1,az_2,ja,unb_1,unb_2
2021-08-02T23:59:59+02:00,1985,1735,21268,20446,31200,28622,32040,32041,37798,38339,41672,41991,27582,30773,19631,24637,5972,10099,13396,13052,23938,22241,27637,27738,34027,34369,38103,38676,26120,29101,18736,23365,5695,9564,310012,261457,44410,42343,77383,67132,15956,70,25
2021-08-01T23:59:59+02:00,1980,1730,21255,20438,31180,28611,32030,32033,37797,38332,41667,41988,27580,30772,19631,24631,5972,10098,13341,13005,23897,22204,27605,27697,34000,34335,38084,38658,26115,29092,18733,23363,5695,9564,309911,261072,44408,42343,77383,67125,15953,70,25
2021-07-31T23:59:59+02:00,1955,1704,21182,20369,31123,28578,31979,31998,37765,38305,41645,41968,27576,30764,19626,24627,5972,10098,12562,12158,23512,21856,27336,27406,33766,34122,37921,38498,26061,29026,18715,23334,5693,9560,309545,257047,44397,42313,77381,67005,15841,70,25
2021-07-30T23:59:59+02:00,1930,1685,21161,20347,31093,28559,31964,31982,37759,38299,41637,41960,27571,30761,19625,24627,5971,10098,12475,12083,23184,21569,27053,27195,33552,33964,37760,38367,26038,29009,18713,23326,5693,9558,309367,255627,44396,42305,77381,66458,15815,70,25
2021-07-29T23:59:59+02:00,1861,1616,20931,20116,30954,28415,31863,31874,37668,38211,41548,41900,27543,30737,19612,24609,5965,10090,11854,11559,22066,20738,26022,26361,32579,33276,37382,38079,25956,28908,18684,23279,5688,9551,308181,250080,44370,42221,77374,64707,15518,70,25
2021-07-28T23:59:59+02:00,1842,1601,20891,20067,30936,28388,31848,31853,37648,38191,41527,41880,27532,30725,19607,24599,5965,10088,11580,11266,21663,20362,25593,25933,32419,33129,37272,37991,25920,28859,18668,23258,5687,9546,307876,247219,44369,42219,77362,64647,15512,69,25
2021-07-27T23:59:59+02:00,1834,1596,20855,20031,30913,28357,31816,31840,37627,38159,41503,41866,27525,30718,19606,24594,5965,10085,11334,11058,21466,20175,25455,25815,32313,33029,37191,37910,25896,28822,18660,23249,5684,9542,307659,245773,44369,42214,77361,64575,15432,69,25
2021-07-26T23:59:59+02:00,1808,1562,20732,19918,30811,28260,31762,31778,37576,38093,41460,41836,27501,30700,19596,24581,5959,10082,11049,10736,20969,19741,25212,25613,32154,32880,37062,37825,25862,28787,18647,23227,5683,9534,306930,243516,44340,42107,77356,64371,15320,69,25
2021-07-25T23:59:59+02:00,1801,1553,20710,19907,30803,28251,31752,31764,37570,38087,41450,41827,27497,30698,19595,24579,5959,10081,10945,10630,20819,19633,24978,25420,31916,32675,36920,37693,25845,28773,18641,23220,5682,9531,306822,242264,44330,42091,77349,63962,15314,69,25
2021-07-24T23:59:59+02:00,1781,1538,20630,19834,30761,28213,31717,31728,37544,38059,41427,41815,27490,30693,19592,24577,5959,10081,10883,10577,20743,19571,24907,25359,31863,32644,36891,37673,25839,28769,18639,23218,5682,9531,306481,241899,44319,42068,77345,63896,15225,69,25
2021-07-23T23:59:59+02:00,1726,1503,20441,19693,30599,28102,31629,31659,37477,38008,41388,41773,27479,30677,19587,24571,5958,10076,10628,10374,20380,19269,24110,24717,31385,32316,36331,37217,25796,28727,18623,23201,5681,9529,305666,239055,44310,42024,77328,62509,14973,69,24
2021-07-22T23:59:59+02:00,1663,1447,20132,19426,30361,27924,31498,31546,37349,37904,41290,41691,27453,30654,19576,24548,5954,10075,10178,10000,19641,18761,23164,24050,30682,31730,35302,36459,25685,28631,18590,23169,5679,9525,304205,235471,44277,41362,77324,60011,14616,69,24
2021-07-21T23:59:59+02:00,1648,1439,20096,19379,30334,27895,31476,31523,37329,37879,41269,41669,27444,30646,19571,24542,5949,10071,9868,9665,19183,18311,22298,23289,30348,31397,35073,36264,25602,28534,18560,23117,5671,9515,303888,232741,44271,39684,77322,59839,14609,69,21
2021-07-20T23:59:59+02:00,1642,1434,20064,19352,30307,27874,31452,31505,37313,37864,41259,41658,27429,30632,19571,24535,5949,10068,9602,9387,18853,18042,22030,23004,30173,31243,34909,36119,25556,28489,18545,23083,5670,9511,303652,230359,44269,39675,77321,59740,14597,69,21
2021-07-19T23:59:59+02:00,1631,1426,19951,19264,30227,27802,31394,31452,37294,37845,41244,41640,27424,30621,19565,24528,5948,10065,9403,9191,18540,17768,21569,22587,29920,31012,34789,36018,25522,28451,18527,23067,5670,9508,303080,228733,44263,38738,77320,59626,14589,69,21
2021-07-18T23:59:59+02:00,1620,1421,19884,19200,30102,27703,31331,31389,37232,37794,41203,41589,27404,30591,19556,24513,5944,10062,9294,9077,18376,17620,21380,22397,29753,30814,34676,35918,25492,28428,18516,23050,5670,9502,302308,227489,44263,38439,77318,59585,14580,69,21
2021-07-17T23:59:59+02:00,1619,1417,19877,19198,30102,27701,31331,31385,37227,37792,41199,41587,27403,30590,19555,24513,5944,10062,9273,9062,18344,17599,21362,22384,29743,30807,34657,35914,25489,28426,18516,23049,5670,9502,302276,227337,44263,38436,77318,59574,14576,69,21
2021-07-16T23:59:59+02:00,1566,1372,19604,18950,29977,27605,31248,31314,37172,37730,41159,41555,27384,30573,19548,24503,5942,10056,9160,8949,17975,17304,21060,22117,29359,30454,34526,35811,25466,28403,18509,23036,5668,9500,301285,226097,44241,37735,77316,59243,14347,69,19
2021-07-15T23:59:59+02:00,1508,1329,19343,18705,29798,27458,31141,31215,37091,37649,41093,41488,27342,30544,19532,24489,5938,10053,8800,8647,17069,16480,19529,20901,28447,29537,33910,35235,25300,28225,18456,22987,5662,9488,300024,220042,44199,36297,77308,58323,14116,69,19
2021-07-14T23:59:59+02:00,1495,1317,19314,18669,29775,27432,31118,31184,37080,37636,41074,41482,27334,30537,19523,24482,5937,10050,8514,8350,16517,15881,19037,20387,27885,29039,33518,34860,25188,28098,18417,22921,5657,9477,299754,215888,44197,35939,77305,57897,14114,69,19
2021-07-13T23:59:59+02:00,1483,1308,19277,18644,29758,27408,31097,31169,37065,37609,41051,41454,27325,30523,19521,24477,5936,10044,8212,8090,16120,15526,18763,20109,27622,28791,33248,34604,25090,27978,18384,22880,5655,9472,299474,213198,44196,35904,77304,57405,14106,69,19
2021-07-12T23:59:59+02:00,1468,1299,19236,18627,29725,27380,31080,31148,37053,37592,41034,41439,27322,30519,19519,24471,5935,10044,7952,7874,15841,15251,18065,19564,27309,28472,32837,34243,24923,27786,18325,22805,5649,9467,299226,211921,44195,33978,77304,56430,14097,69,19
2021-07-11T23:59:59+02:00,1460,1291,19206,18598,29695,27351,31065,31120,37045,37571,41020,41427,27313,30510,19517,24471,5934,10043,7909,7827,15776,15180,17977,19510,27225,28410,32725,34181,24870,27741,18305,22783,5649,9464,298984,211348,44193,33967,77302,56188,14089,69,19
2021-07-10T23:59:59+02:00,1331,1176,18706,18181,29254,27060,30783,30891,36801,37412,40821,41277,27241,30450,19491,24439,5931,10040,7780,7758,15495,15046,17762,19364,26985,28271,32561,34064,24805,27695,18289,22770,5648,9464,296799,210933,44060,33851,77273,55948,13084,69,19
2021-07-09T23:59:59+02:00,1321,1170,18679,18151,29234,27043,30771,30878,36791,37400,40810,41269,27237,30446,19489,24435,5931,10039,7738,7711,15426,14980,17700,19271,26766,28041,32312,33851,24742,27632,18267,22744,5648,9461,296659,210657,44041,33848,77272,54786,13053,69,19
2021-07-08T23:59:59+02:00,1245,1090,18413,17941,29089,26894,30637,30762,36689,37298,40712,41192,27204,30411,19470,24417,5926,10035,7572,7578,15130,14734,17272,18913,26077,27444,32042,33586,24575,27475,18209,22682,5645,9455,295406,209533,43988,32433,77264,53770,12698,69,19
2021-07-07T23:59:59+02:00,1148,998,18103,17620,28893,26712,30510,30641,36577,37178,40606,41108,27171,30363,19456,24400,5923,10032,7377,7367,14691,14368,16808,18471,25325,26838,31635,33207,24312,27151,18115,22588,5636,9446,293848,206625,43940,31599,77253,52816,12329,69,19
2021-07-06T23:59:59+02:00,1125,982,18026,17557,28849,26663,30460,30595,36541,37143,40572,41076,27154,30338,19445,24387,5921,10029,7161,7135,14348,14012,16460,18122,24580,26192,31337,32943,24122,26937,18067,22517,5629,9439,293279,204574,43937,30196,77252,51927,12326,69,19
2021-07-05T23:59:59+02:00,1082,954,17953,17494,28806,26607,30422,30561,36517,37099,40544,41051,27149,30324,19439,24381,5921,10024,6932,6945,14045,13743,16108,17757,24034,25686,30773,32378,23844,26638,17959,22378,5621,9429,292800,203081,43935,28115,77248,50797,12276,69,19
2021-07-04T23:59:59+02:00,1060,939,17884,17445,28768,26586,30401,30532,36507,37089,40529,41039,27143,30313,19434,24378,5921,10023,6906,6928,13992,13697,16034,17699,23950,25631,30620,32287,23752,26549,17927,22337,5619,9425,292487,202692,43934,28106,77237,50290,12264,69,19
2021-07-03T23:59:59+02:00,645,567,16157,15727,27598,25664,29607,29817,35867,36478,40032,40610,26986,30147,19367,24292,5912,10006,6522,6687,13478,13394,15634,17398,23589,25354,30316,32094,23656,26456,17894,22300,5615,9421,284989,202402,43895,28030,77154,50003,9372,69,19
2021-07-02T23:59:59+02:00,606,529,16027,15582,27437,25518,29528,29757,35837,36451,40013,40597,26980,30137,19364,24289,5912,10006,6474,6616,13404,13293,15546,17268,23446,25171,30163,31929,23463,26246,17805,22222,5613,9418,284088,201720,43895,27872,77152,49118,9366,69,19
2021-07-01T23:59:59+02:00,548,484,15850,15428,27219,25364,29451,29680,35782,36400,39948,40553,26960,30120,19353,24277,5910,10002,6335,6487,13065,13022,15021,16833,22185,24188,29403,31251,23185,25959,17687,22088,5606,9403,282906,198199,43890,26211,77140,47982,9324,69,19
2021-06-30T23:59:59+02:00,518,464,15746,15323,27110,25281,29385,29611,35727,36350,39905,40517,26945,30089,19343,24260,5906,10002,6143,6310,12635,12641,14454,16287,21563,23596,28813,30723,22766,25495,17557,21904,5599,9391,282095,193967,43887,26187,77134,46421,9297,69,19
2021-06-29T23:59:59+02:00,461,414,14986,14656,26849,25061,29291,29512,35648,36269,39837,40470,26925,30066,19336,24247,5906,10000,6031,6186,12379,12378,14060,15891,20776,22977,28231,30174,22319,24972,17405,21729,5591,9381,279600,190829,43886,25680,77126,44711,9253,69,19
2021-06-28T23:59:59+02:00,425,383,14359,14019,26693,24957,29217,29446,35592,36204,39793,40437,26907,30046,19328,24236,5906,9996,5965,6091,12200,12239,13872,15715,20158,22431,27832,29804,21983,24615,17277,21566,5586,9377,277672,189149,43882,25029,77122,43326,9199,69,19
2021-06-27T23:59:59+02:00,348,316,14014,13644,26629,24899,29177,29411,35570,36182,39776,40424,26896,30039,19326,24233,5905,9995,5929,6049,12086,12125,13729,15587,19608,21958,27226,29307,21706,24280,17157,21443,5582,9376,276558,188318,43880,23514,77111,42142,9166,69,19
2021-06-26T23:59:59+02:00,348,316,14003,13633,26613,24888,29171,29405,35565,36181,39773,40423,26895,30038,19326,24233,5905,9995,5924,6046,12074,12122,13723,15583,19595,21947,27181,29272,21561,24151,17117,21387,5581,9374,276488,188292,43878,23510,77111,41663,9165,69,19
2021-06-25T23:59:59+02:00,225,203,12746,12416,25154,23747,28872,29171,35459,36099,39708,40361,26871,30011,19317,24222,5903,9993,5881,5999,11978,12043,13581,15461,19286,21709,26797,28913,21238,23759,16944,21190,5578,9365,270277,187070,43874,23227,77096,40255,9162,69,19
2021-06-24T23:59:59+02:00,161,149,11778,11589,24044,22870,28509,28824,35312,35935,39596,40258,26836,29961,19306,24198,5901,9989,5665,5769,11520,11628,13005,14871,17759,20319,25160,27323,20471,22908,16629,20784,5568,9355,265069,182107,43857,19622,77092,37866,9130,68,19
2021-06-23T23:59:59+02:00,125,124,11418,11267,23547,22501,28264,28582,35135,35809,39507,40171,26806,29935,19298,24161,5899,9978,5592,5656,11309,11413,12707,14520,17369,19911,24413,26559,19682,22160,16437,20532,5560,9339,262470,179759,43851,19010,77087,35330,9051,68,19
2021-06-22T23:59:59+02:00,104,111,11236,11055,23391,22358,28185,28510,35059,35747,39461,40127,26791,29911,19290,24153,5899,9977,5483,5536,11044,11158,12340,14150,16767,19317,23686,25794,19303,21737,16274,20354,5553,9323,261329,176736,43848,18153,77085,33883,9035,68,19
2021-06-21T23:59:59+02:00,91,99,10985,10871,22562,21687,27935,28286,34994,35686,39397,40086,26775,29893,19284,24144,5899,9976,5364,5432,10829,10938,12034,13830,16376,18972,23241,25328,19013,21425,16170,20235,5547,9321,258749,175280,43842,17141,77080,32710,8911,68,19
2021-06-20T23:59:59+02:00,85,98,10921,10781,22316,21472,27678,28089,34914,35608,39352,40042,26766,29879,19282,24140,5897,9973,5323,5378,10744,10839,11939,13730,16182,18789,22971,25090,18912,21319,16117,20177,5541,9317,257472,174977,43840,16083,77079,32460,8834,68,19
2021-06-19T23:59:59+02:00,84,94,10897,10757,22283,21448,27660,28076,34902,35604,39342,40038,26765,29878,19282,24138,5897,9973,5292,5346,10663,10749,11847,13609,16034,18637,22664,24731,18826,21232,16105,20164,5540,9317,257318,174873,43819,14588,77079,32447,8834,68,19
2021-06-18T23:59:59+02:00,81,92,10850,10706,21966,21126,27396,27861,34849,35567,39311,40016,26757,29869,19281,24135,5897,9971,5277,5337,10633,10719,11807,13561,15973,18575,22579,24635,18660,21051,16060,20098,5539,9312,255933,174479,43818,14587,77078,31902,8834,68,19
2021-06-17T23:59:59+02:00,72,84,10272,10279,20695,20171,26537,27130,34481,35242,39058,39828,26693,29788,19261,24099,5890,9967,5079,5198,10257,10466,11366,13162,15293,17966,21218,23330,18207,20566,15897,19927,5535,9297,250181,169207,43800,14015,77067,31097,8431,68,19
2021-06-16T23:59:59+02:00,64,72,9939,9967,20016,19542,25899,26529,34234,35043,38900,39680,26651,29735,19238,24076,5889,9963,4936,5052,9871,10131,10908,12713,14594,17277,20371,22404,17805,20122,15730,19716,5525,9285,246360,165451,43788,12740,77054,30068,8167,68,19
2021-06-15T23:59:59+02:00,49,67,9694,9726,19720,19294,25676,26331,34106,34938,38804,39600,26622,29699,19231,24061,5884,9959,4831,4942,9632,9914,10679,12455,14174,16851,19775,21830,17489,19737,15512,19489,5516,9274,244597,163392,43776,11655,77048,29068,7972,68,18
2021-06-14T23:59:59+02:00,45,63,9561,9601,19421,19034,25501,26188,33986,34859,38743,39561,26605,29679,19225,24050,5884,9956,4750,4880,9444,9776,10506,12319,13913,16637,19459,21537,17325,19582,15411,19357,5515,9270,243404,161942,43774,11653,77044,28400,7673,67,18
2021-06-13T23:59:59+02:00,43,59,9401,9471,19132,18849,25150,25934,33785,34692,38638,39494,26590,29667,19215,24043,5884,9953,4669,4814,9235,9611,10342,12149,13590,16301,19111,21208,17200,19434,15364,19292,5513,9268,241762,161097,43774,11653,77041,26981,7356,67,18
2021-06-12T23:59:59+02:00,43,59,9392,9457,19119,18836,25150,25929,33785,34689,38635,39493,26590,29667,19215,24043,5884,9953,4666,4800,9225,9551,10310,12047,13541,16147,19056,21072,17091,19309,15248,19190,5511,9266,241716,161070,43774,11651,77037,25950,7345,67,18
2021-06-11T23:59:59+02:00,38,55,9235,9275,18886,18625,24351,25257,33608,34536,38502,39381,26557,29634,19205,24020,5884,9948,4589,4685,9008,9296,10051,11754,13023,15600,18086,20182,16905,19113,15208,19146,5508,9263,238808,157072,43773,11650,77034,25366,7315,67,18
2021-06-10T23:59:59+02:00,36,51,8841,8941,18235,18136,23503,24579,33289,34256,38301,39217,26500,29579,19182,23992,5881,9941,4414,4508,8431,8805,9250,11036,11878,14504,16109,18279,16019,18156,14923,18781,5499,9241,235192,147448,43114,11617,77008,23674,7080,66,18
2021-06-09T23:59:59+02:00,19,33,8392,8437,17401,17410,22351,23537,32800,33790,38016,39000,26391,29475,19136,23935,5871,9928,4278,4395,8144,8541,9007,10783,11548,14138,15626,17734,15649,17727,14682,18497,5492,9231,231214,145630,41226,11575,76972,21771,6482,28,18
2021-06-08T23:59:59+02:00,11,21,8074,8122,16930,16993,21933,23172,32555,33597,37854,38870,26347,29435,19126,23912,5868,9923,4158,4313,7890,8288,8703,10438,11195,13791,14986,17036,15196,17206,14421,18220,5487,9213,228490,143938,41194,10460,76963,20061,6068,28,18
2021-06-07T23:59:59+02:00,8,17,7878,7890,16572,16669,21389,22718,32275,33327,37737,38754,26321,29387,19109,23886,5863,9922,4082,4233,7709,8147,8543,10296,11025,13619,14677,16712,15000,16953,14248,18029,5483,9208,226871,142863,40222,10368,76952,19069,5650,27,18
2021-06-06T23:59:59+02:00,6,14,7771,7781,16438,16524,21195,22512,32049,33103,37603,38648,26293,29362,19096,23870,5863,9916,4053,4198,7663,8029,8492,10168,10921,13474,14482,16497,14818,16775,14159,17909,5476,9202,225643,142386,39923,10358,76934,18041,5517,27,18
2021-06-05T23:59:59+02:00,6,14,7749,7767,16409,16497,21188,22509,32039,33097,37601,38647,26292,29362,19095,23869,5863,9916,4044,4159,7648,7964,8478,10035,10907,13303,14464,16392,14781,16720,14150,17899,5476,9201,225534,142305,39923,10358,76933,17441,5503,27,18
2021-06-04T23:59:59+02:00,6,12,7635,7665,16130,16261,20912,22263,31618,32724,37488,38526,26259,29323,19083,23856,5861,9914,4037,4150,7622,7941,8452,10005,10840,13230,14359,16262,14700,16627,14114,17855,5476,9199,223943,141973,39149,10029,76914,17350,5503,27,18
2021-06-03T23:59:59+02:00,4,12,7380,7438,15254,15479,19278,20872,30707,31796,36985,38067,26128,29190,19039,23805,5855,9896,3978,4112,7534,7870,8330,9907,10672,13049,13792,15693,14440,16317,14030,17750,5473,9186,217328,139767,37572,9922,76904,17076,5354,27,18
2021-06-02T23:59:59+02:00,4,12,7245,7294,14869,15051,18846,20471,30238,31342,36759,37803,26064,29126,19019,23776,5852,9894,3948,4082,7470,7784,8242,9816,10532,12918,13347,15263,14317,16134,14003,17713,5470,9181,214243,137982,37141,9829,76903,17044,5351,27,18
2021-06-01T23:59:59+02:00,4,9,6969,7049,14473,14739,18504,20153,29911,31031,36536,37569,26008,29047,18995,23747,5850,9883,3846,3996,7228,7608,8011,9623,10269,12644,12945,14841,13886,15685,13887,17561,5463,9173,211501,135870,37096,9575,76882,16236,4971,27,18
2021-05-31T23:59:59+02:00,4,9,6806,6859,14254,14506,17801,19551,29570,30693,36239,37306,25918,28950,18969,23693,5840,9870,3767,3885,7020,7362,7788,9338,9928,12263,12506,14324,13358,15072,13688,17332,5455,9158,210075,132699,35048,9252,76865,15456,4823,27,18
2021-05-30T23:59:59+02:00,4,9,6783,6844,14208,14468,17724,19492,29520,30655,36208,37283,25906,28938,18966,23687,5839,9868,3724,3811,6872,7156,7640,9108,9724,11953,12250,13979,13237,14903,13620,17250,5452,9151,209780,131982,35036,9151,76811,13935,4748,27,18
2021-05-29T23:59:59+02:00,4,9,6781,6843,14199,14462,17719,19486,29515,30651,36205,37282,25904,28935,18966,23686,5839,9868,3715,3798,6843,7123,7607,9057,9688,11907,12177,13881,13196,14835,13590,17226,5451,9146,209748,131843,35036,9150,76796,13486,4747,27,18
2021-05-28T23:59:59+02:00,4,9,6771,6831,14184,14445,17702,19465,29504,30638,36194,37264,25903,28931,18964,23682,5839,9868,3701,3775,6821,7083,7573,9003,9635,11803,11937,13612,13008,14644,13560,17186,5448,9143,209597,130555,35035,9149,76793,13467,4746,27,18
2021-05-27T23:59:59+02:00,4,9,6680,6750,13916,14228,17217,19118,28826,30096,36035,37133,25857,28897,18949,23668,5838,9862,3576,3615,6534,6832,7197,8697,9137,11245,11229,12717,12458,14076,13430,16994,5441,9131,208521,127046,33595,8820,76751,12239,4189,27,18
2021-05-26T23:59:59+02:00,4,9,6609,6642,13703,14026,16964,18811,28284,29585,35860,36958,25820,28852,18934,23644,5837,9857,3486,3472,6309,6543,6910,8271,8798,10768,10580,11920,11897,13461,13284,16779,5436,9109,206934,123444,32842,8638,76738,11068,3858,27,18
2021-05-25T23:59:59+02:00,4,9,6528,6547,13498,13805,16701,18601,27560,28939,35767,36861,25797,28824,18922,23628,5832,9856,3437,3381,6164,6375,6764,8081,8573,10477,10235,11555,11550,12986,13179,16617,5433,9101,206224,121606,31390,8499,76253,10002,3786,26,18
2021-05-24T23:59:59+02:00,4,9,6458,6450,13321,13605,16479,18318,27150,28514,35421,36463,25740,28756,18903,23605,5831,9854,3423,3359,6106,6293,6719,7998,8514,10382,10162,11458,11377,12754,13132,16526,5425,9081,205693,120983,29169,8454,76246,9510,3747,26,18
2021-05-23T23:59:59+02:00,4,9,6456,6449,13316,13596,16476,18308,27131,28504,35391,36429,25737,28750,18903,23599,5831,9854,3420,3355,6100,6283,6709,7991,8486,10352,10122,11402,11294,12653,13112,16495,5425,9080,205578,120978,29153,8042,76245,9503,3741,26,18
2021-05-22T23:59:59+02:00,4,9,6449,6445,13309,13585,16470,18304,27128,28503,35388,36423,25737,28750,18903,23599,5831,9854,3419,3355,6097,6280,6708,7987,8482,10350,10117,11399,11283,12639,13107,16491,5424,9080,205528,120938,29153,8042,76243,9482,3741,26,18
2021-05-21T23:59:59+02:00,4,9,6389,6385,13157,13479,16297,18153,26859,28327,34960,36156,25712,28714,18895,23593,5830,9850,3410,3345,6064,6259,6678,7953,8443,10301,10064,11349,10769,11927,12968,16332,5421,9075,204840,119186,29028,8039,75205,9448,3670,26,18
2021-05-20T23:59:59+02:00,3,8,6097,6184,12548,13062,15104,17230,24948,26833,34009,35388,25607,28569,18841,23512,5824,9835,3350,3300,5971,6142,6566,7799,8296,10142,9828,11044,10434,11479,12857,16151,5411,9062,200080,117207,27287,7963,72669,9106,3541,25,18
2021-05-19T23:59:59+02:00,3,8,5891,5943,12034,12604,14396,16526,24001,26020,33385,34791,25498,28479,18806,23456,5817,9823,3273,3227,5809,5972,6376,7559,8021,9862,9526,10665,10122,11065,12778,16006,5409,9054,194399,115301,27249,7768,72654,8486,3154,25,18
2021-05-18T23:59:59+02:00,3,7,5721,5834,11633,12282,13773,16027,22845,25071,32720,34185,25382,28344,18760,23406,5812,9814,3230,3199,5699,5866,6215,7401,7816,9652,9333,10428,9955,10817,12634,15786,5400,9045,189448,114174,26744,7700,72610,7795,2792,25,18
2021-05-17T23:59:59+02:00,3,6,5668,5789,11470,12175,13502,15805,22032,24437,32412,33871,25303,28285,18738,23376,5803,9805,3136,3129,5522,5687,6049,7195,7609,9434,9115,10191,9867,10694,12576,15723,5397,9040,187685,113465,26046,7694,72218,6684,2506,25,18
2021-05-16T23:59:59+02:00,3,6,5641,5769,11409,12120,13417,15725,21423,23890,31798,33342,25262,28242,18728,23361,5802,9805,3132,3107,5508,5618,6022,7136,7581,9332,9083,10107,9851,10675,12573,15720,5397,9040,186919,113355,24503,7687,71800,6330,2496,25,17
2021-05-15T23:59:59+02:00,3,6,5632,5760,11376,12111,13388,15715,21350,23819,31263,32968,25251,28237,18727,23358,5801,9804,3118,3092,5489,5576,6008,7061,7541,9217,8849,9853,9818,10644,12539,15669,5397,9039,186870,113350,24491,7549,71154,5968,2029,25,17
2021-05-14T23:59:59+02:00,3,6,5592,5735,11313,12073,13316,15650,20939,23508,30833,32623,25215,28191,18716,23341,5801,9802,3086,3052,5453,5487,5987,6927,7501,9015,8789,9659,9747,10534,12453,15544,5397,9035,186147,113182,24172,7219,70285,5223,2028,25,17
2021-05-13T23:59:59+02:00,3,6,5435,5578,10934,11778,12602,15062,18757,21762,29289,31160,24985,27947,18649,23269,5799,9799,3075,3019,5429,5448,5970,6870,7477,8945,8745,9600,9533,10292,12256,15246,5392,9026,182203,112831,20377,6410,68196,5055,2013,25,17
2021-05-12T23:59:59+02:00,2,6,5406,5551,10862,11720,12501,14974,18635,21638,28926,30796,24894,27852,18632,23240,5798,9794,3075,3015,5423,5442,5960,6856,7453,8930,8706,9546,9349,10063,12026,14926,5389,9019,181255,112551,19741,5551,68193,5049,2013,25,17
2021-05-11T23:59:59+02:00,2,6,5270,5447,10616,11475,12136,14601,18028,21003,27996,29829,24701,27664,18574,23166,5793,9779,3033,2974,5334,5287,5860,6673,7323,8690,8546,9324,9170,9870,11880,14739,5380,9001,177193,111522,18854,5442,68061,4153,1953,25,17
2021-05-10T23:59:59+02:00,2,5,5146,5369,10403,11280,11878,14347,17703,20671,27576,29422,24592,27557,18536,23119,5785,9775,2964,2921,5217,5170,5747,6570,7199,8549,8419,9217,9066,9746,11790,14611,5377,8993,175193,110993,18166,5430,67837,3174,1945,25,17
2021-05-09T23:59:59+02:00,2,5,5073,5321,10304,11167,11779,14229,17363,20390,27186,29049,24506,27471,18507,23083,5782,9772,2896,2890,5071,5127,5572,6527,7031,8520,8291,9182,9054,9736,11772,14591,5377,8993,174799,110917,16891,5420,67344,2349,1930,25,17
2021-05-08T23:59:59+02:00,2,5,5072,5320,10302,11163,11779,14229,17359,20388,27183,29046,24506,27471,18507,23083,5782,9772,2896,2889,5070,5127,5572,6527,7031,8520,8289,9182,9053,9735,11772,14591,5377,8993,174782,110914,16891,5420,67341,2346,1930,25,17
2021-05-07T23:59:59+02:00,2,5,5038,5294,10234,11110,11651,14105,16959,20113,26547,28488,24458,27420,18490,23049,5775,9743,2886,2881,5053,5117,5561,6508,7019,8509,8281,9171,9047,9727,11761,14569,5369,8966,173950,110899,16887,5408,65818,2303,1801,25,17
2021-05-06T23:59:59+02:00,1,5,4768,5133,9772,10766,11091,13589,15874,19093,24142,26202,23960,26896,18384,22946,5770,9729,2844,2837,4986,5042,5521,6417,6936,8390,8151,9022,8947,9617,11737,14519,5366,8963,168930,110362,14439,5352,62939,1777,1790,23,17
2021-05-05T23:59:59+02:00,1,5,4690,5056,9479,10536,10750,13263,15294,18488,23300,25241,23699,26572,18315,22840,5760,9711,2824,2801,4936,4956,5462,6296,6852,8224,8027,8807,8841,9486,11660,14435,5365,8955,165270,109425,13131,5347,62789,1353,1787,23,17
2021-05-04T23:59:59+02:00,1,5,4606,4965,9305,10331,10543,13021,14907,18089,22757,24677,23486,26299,18243,22761,5752,9698,2815,2767,4908,4881,5429,6178,6798,8084,7934,8653,8738,9376,11586,14377,5363,8952,163016,108929,12010,5337,62630,791,1767,23,17
2021-05-03T23:59:59+02:00,1,5,4534,4891,9113,10194,10366,12846,14624,17843,22348,24262,23347,26150,18216,22714,5752,9692,2739,2697,4821,4807,5353,6093,6702,7978,7753,8488,8652,9290,11547,14328,5360,8947,161512,108709,12009,5334,62538,681,816,23,17
2021-05-02T23:59:59+02:00,1,5,4521,4877,9036,10136,10241,12733,14298,17535,22046,23976,23297,26092,18197,22689,5751,9691,2733,2690,4761,4774,5263,6009,6565,7849,7636,8388,8606,9249,11523,14294,5358,8942,160624,108594,12006,5332,62434,664,35,23,17
2021-05-01T23:59:59+02:00,1,5,4521,4875,9034,10135,10240,12733,14295,17532,22044,23976,23296,26091,18197,22689,5751,9691,2733,2690,4761,4774,5263,6009,6564,7849,7636,8388,8606,9249,11523,14294,5358,8942,160608,108594,12006,5331,62434,664,35,23,17
2021-04-30T23:59:59+02:00,0,5,4449,4784,8792,9921,9978,12490,13813,17107,21203,23208,23170,25955,18181,22661,5748,9688,2730,2688,4750,4767,5254,5975,6552,7819,7602,8351,8602,9246,11522,14291,5356,8941,157018,108567,12005,5329,62105,533,2,23,17
2021-04-29T23:59:59+02:00,0,5,4300,4640,8311,9513,9281,11887,12813,16211,19364,21531,22467,25199,18043,22452,5742,9671,2707,2667,4709,4695,5211,5901,6492,7713,7526,8233,8492,9132,11457,14215,5350,8932,147861,108084,11991,5057,61554,274,2,22,17
2021-04-28T23:59:59+02:00,0,5,4267,4621,8240,9439,9205,11801,12695,16092,19147,21317,22379,25107,18015,22411,5740,9666,2704,2656,4683,4635,5184,5857,6462,7640,7478,8151,8475,9108,11441,14193,5349,8926,147482,107894,11901,4985,60741,48,1,22,16
2021-04-27T23:59:59+02:00,0,5,4227,4575,8102,9300,9092,11650,12551,15923,18699,20820,22151,24849,17950,22333,5737,9657,2701,2652,4681,4631,5174,5849,6449,7621,7446,8114,8417,9029,11360,14113,5345,8923,146757,107639,10822,4813,60020,40,1,21,14
2021-04-26T23:59:59+02:00,0,5,4185,4547,7996,9205,8945,11545,12377,15750,18287,20456,22017,24703,17915,22305,5737,9656,2701,2650,4677,4628,5170,5839,6435,7601,7414,8086,8369,8981,11305,14035,5342,8906,145989,107535,10687,4557,58934,35,0,21,14
2021-04-25T23:59:59+02:00,0,5,4171,4532,7960,9175,8881,11483,12243,15620,17942,20126,21817,24466,17875,22250,5733,9651,2701,2650,4676,4627,5168,5835,6430,7598,7412,8082,8313,8922,11282,14007,5342,8905,144610,107514,10676,4390,58623,34,0,21,14
2021-04-24T23:59:59+02:00,0,5,4165,4524,7945,9171,8866,11473,12195,15590,17884,20088,21801,24453,17873,22245,5733,9651,2700,2650,4676,4627,5168,5835,6430,7598,7412,8082,8313,8922,11282,14007,5342,8905,144514,107514,10676,4390,58451,33,0,21,14
2021-04-23T23:59:59+02:00,0,5,4145,4491,7888,9108,8783,11372,11855,15265,17451,19691,21587,24220,17811,22168,5731,9643,2697,2648,4673,4624,5161,5828,6416,7589,7389,8051,8292,8895,11274,13999,5340,8902,143254,107502,10329,4232,57610,32,0,21,14
2021-04-22T23:59:59+02:00,0,5,4096,4426,7756,8916,8598,11113,11528,14846,16537,18707,21017,23515,17677,21988,5722,9624,2688,2642,4668,4604,5138,5802,6374,7553,7320,8005,8159,8740,11132,13847,5336,8893,139522,106885,10205,3979,56324,25,0,20,14
2021-04-21T23:59:59+02:00,0,5,4054,4383,7654,8797,8442,10955,11235,14567,15804,17951,20639,23067,17605,21883,5717,9611,2680,2631,4650,4585,5122,5781,6362,7536,7293,7984,8110,8679,11095,13808,5334,8891,136615,106606,10076,3901,55662,23,0,16,13
2021-04-20T23:59:59+02:00,0,5,4029,4357,7619,8745,8365,10875,11073,14392,15369,17474,20178,22553,17505,21731,5709,9600,2672,2622,4640,4572,5097,5761,6334,7512,7253,7945,8016,8547,11021,13721,5330,8887,134470,106036,9812,3861,55281,22,0,16,13
2021-04-19T23:59:59+02:00,0,5,3998,4307,7557,8641,8273,10736,10916,14211,15116,17180,19700,21989,17339,21517,5698,9588,2667,2621,4634,4568,5084,5746,6315,7495,7227,7901,7963,8493,10995,13675,5327,8882,132409,105702,9458,3858,54888,22,0,16,13
2021-04-18T23:59:59+02:00,0,5,3980,4278,7497,8590,8167,10609,10657,13969,14625,16641,19270,21480,17217,21331,5694,9582,2666,2621,4634,4568,5084,5746,6314,7492,7224,7900,7959,8490,10993,13671,5326,8879,129996,105679,9388,3856,54192,21,0,16,13
2021-04-17T23:59:59+02:00,0,5,3976,4270,7477,8584,8157,10591,10615,13923,14515,16553,19149,21356,17195,21303,5692,9580,2666,2621,4633,4566,5079,5741,6300,7487,7199,7877,7913,8444,10974,13648,5325,8879,129557,105670,9379,3650,53989,21,0,16,13
2021-04-16T23:59:59+02:00,0,5,3965,4227,7405,8462,8054,10433,10421,13662,13846,15793,18581,20713,17070,21128,5681,9563,2663,2618,4628,4561,5075,5729,6283,7476,7161,7842,7607,8057,10884,13510,5317,8863,126714,104880,9319,3362,52960,21,0,16,13
2021-04-15T23:59:59+02:00,0,4,3921,4173,7292,8331,7884,10195,10086,13272,13117,14935,17773,19847,16828,20805,5668,9542,2662,2610,4616,4545,5062,5699,6253,7440,7091,7773,7051,7418,10767,13358,5313,8852,123063,103255,9161,3225,51433,19,0,16,13
2021-04-14T23:59:59+02:00,0,3,3894,4144,7226,8225,7778,10045,9912,13073,12699,14489,17248,19236,16677,20595,5663,9529,2629,2591,4598,4513,5033,5652,6218,7407,7034,7712,6421,6665,10505,13071,5309,8844,121676,100952,8928,3225,49816,14,0,16,13
2021-04-13T23:59:59+02:00,0,3,3891,4138,7189,8209,7721,10012,9804,13021,12326,14197,16559,18390,16441,20294,5659,9523,2605,2564,4578,4488,5008,5618,6159,7339,6945,7611,6209,6416,9937,12423,5301,8825,120986,98785,8710,3217,47665,14,0,16,12
2021-04-12T23:59:59+02:00,0,3,3877,4120,7136,8163,7665,9943,9696,12919,12079,13984,16116,17873,16254,20080,5654,9520,2576,2553,4512,4446,4901,5549,6045,7263,6827,7512,5466,5597,9489,11887,5261,8783,120651,95434,8674,3209,45741,14,0,16,12
2021-04-11T23:59:59+02:00,0,3,3864,4113,7095,8111,7606,9899,9603,12841,11841,13777,15552,17185,15979,19739,5649,9510,2500,2470,4383,4324,4746,5416,5882,7111,6675,7406,5164,5236,9358,11728,5261,8779,120065,93256,8246,3160,44040,13,0,16,12
2021-04-10T23:59:59+02:00,0,3,3846,4094,7056,8064,7562,9843,9543,12782,11749,13692,15335,16994,15930,19671,5648,9503,1942,1903,3564,3603,3872,4651,4877,6191,5820,6621,4891,4930,9230,11575,5255,8770,119601,84512,8246,3160,43452,13,0,16,12
2021-04-09T23:59:59+02:00,0,3,3826,4074,7018,8035,7498,9787,9390,12654,11422,13407,14153,15464,15489,19140,5636,9493,1083,1076,2208,2412,2365,3280,3092,4550,4202,5160,4209,4198,8983,11222,5231,8741,117707,68832,8244,3157,40522,13,0,16,12
2021-04-08T23:59:59+02:00,0,3,3800,4058,6957,7982,7395,9693,9204,12535,11018,13053,13021,14210,15080,18619,5617,9463,582,587,1290,1707,1459,2348,1992,3467,2819,3774,2967,2800,8184,10248,5091,8521,116466,54661,8163,3154,37063,11,0,16,12
2021-04-07T23:59:59+02:00,0,3,3753,4033,6879,7928,7302,9623,9076,12406,10708,12745,12294,13439,14863,18354,5611,9444,351,370,939,1362,1054,1962,1482,3004,1875,2767,1785,1514,7281,9110,4937,8262,115504,44883,8012,3154,34930,8,0,15,12
2021-04-06T23:59:59+02:00,0,3,3737,4021,6857,7890,7247,9556,8983,12326,10497,12527,11909,12944,14642,18056,5600,9430,344,356,931,1352,1039,1941,1455,2976,1816,2708,1706,1448,6873,8558,4787,8025,114224,43145,7913,3153,34075,7,0,13,12
2021-04-05T23:59:59+02:00,0,3,3732,4020,6846,7878,7235,9546,8964,12298,10433,12468,11798,12799,14544,17964,5598,9427,342,350,920,1348,1033,1933,1445,2956,1795,2674,1653,1395,6647,8257,4665,7843,113889,42087,7892,3152,33759,7,0,13,12
2021-04-04T23:59:59+02:00,0,3,3732,4020,6844,7872,7234,9545,8961,12298,10423,12463,11795,12795,14541,17963,5598,9427,342,349,918,1348,1032,1931,1444,2955,1793,2671,1650,1390,6640,8244,4660,7840,113884,42039,7891,3151,33726,7,0,13,12
2021-04-03T23:59:59+02:00,0,3,3732,4020,6844,7871,7233,9545,8961,12298,10422,12463,11795,12794,14539,17961,5598,9427,342,348,916,1344,1030,1930,1443,2950,1791,2671,1645,1378,6597,8163,4625,7805,113880,41810,7891,3151,33722,7,0,13,12
2021-04-02T23:59:59+02:00,0,3,3730,4018,6842,7868,7227,9539,8949,12291,10406,12447,11668,12680,14496,17904,5594,9419,340,346,914,1337,1024,1919,1428,2925,1751,2632,1550,1292,5835,7265,4193,7243,113757,39148,7886,2829,33425,7,0,13,12
2021-04-01T23:59:59+02:00,0,2,3691,4006,6808,7846,7185,9508,8897,12252,10335,12377,11328,12273,14123,17395,5590,9406,335,343,898,1322,1012,1900,1396,2879,1692,2568,1427,1199,4905,6162,3643,6422,113374,35262,6484,2824,33151,7,0,13,12
2021-03-31T23:59:59+02:00,0,2,3685,4002,6793,7827,7169,9490,8862,12220,10247,12306,10998,11868,13779,16902,5584,9385,332,340,890,1314,1002,1885,1376,2851,1642,2533,1362,1147,4333,5497,3296,5964,112802,32996,5487,2751,32817,7,0,13,12
2021-03-30T23:59:59+02:00,0,2,3667,3978,6757,7788,7112,9423,8773,12116,10085,12151,10740,11591,13556,16636,5578,9371,328,334,884,1304,995,1879,1353,2845,1614,2507,1335,1121,4215,5375,3236,5872,111981,32624,5237,2556,32093,7,0,13,12
2021-03-29T23:59:59+02:00,0,2,3658,3956,6731,7766,7072,9370,8677,12021,9903,11944,10308,11123,13183,16170,5561,9338,323,330,880,1294,989,1871,1345,2834,1598,2498,1310,1107,4082,5232,3139,5741,110309,32007,4929,2550,31532,6,0,13,12
2021-03-28T23:59:59+02:00,0,2,3616,3901,6616,7609,6955,9230,8550,11828,9751,11754,10097,10863,13007,15984,5556,9328,323,330,880,1294,987,1870,1344,2834,1597,2496,1301,1104,4049,5190,3113,5716,109936,31965,4665,2448,30033,5,0,13,12
2021-03-27T23:59:59+01:00,0,2,3615,3890,6604,7544,6926,9116,8500,11657,9699,11600,9983,10740,12913,15896,5555,9328,323,329,880,1294,987,1867,1344,2832,1593,2495,1299,1102,4023,5155,3100,5701,109927,31862,4665,2447,28963,5,0,13,12
2021-03-26T23:59:59+01:00,0,2,3609,3882,6576,7507,6897,9043,8452,11545,9608,11472,9934,10677,12867,15842,5548,9308,318,327,879,1291,983,1855,1341,2811,1572,2482,1274,1086,3843,4934,2994,5548,109871,31117,4445,2406,28440,5,0,13,12
2021-03-25T23:59:59+01:00,0,2,3586,3851,6485,7380,6805,8879,8261,11313,9299,11156,9556,10295,12564,15527,5543,9299,318,326,877,1283,980,1844,1328,2798,1548,2463,1248,1067,3610,4692,2744,5214,109498,29920,4238,2406,26052,4,0,13,12
2021-03-24T23:59:59+01:00,0,2,3531,3800,6397,7194,6685,8653,8094,11078,9074,10831,9141,9808,12147,15068,5532,9289,318,325,876,1280,975,1842,1320,2794,1532,2447,1240,1057,3544,4619,2563,4993,108987,29308,4101,2406,23223,1,0,13,12
2021-03-23T23:59:59+01:00,0,2,3513,3767,6348,7138,6610,8594,7976,10949,8826,10598,8721,9339,11696,14549,5523,9274,318,325,875,1270,970,1833,1315,2785,1528,2440,1216,1032,3452,4543,2371,4676,108174,28532,4008,2406,21228,1,0,13,12
2021-03-22T23:59:59+01:00,0,2,3505,3747,6305,7109,6576,8547,7910,10873,8677,10462,8441,8986,11393,14224,5487,9235,316,320,869,1260,962,1826,1308,2774,1519,2430,1204,1023,3424,4508,2352,4643,107503,28322,4005,2405,19958,1,0,13,12
2021-03-21T23:59:59+01:00,0,2,3503,3745,6301,7098,6559,8531,7891,10854,8621,10405,8322,8869,11323,14122,5485,9232,314,319,860,1257,955,1819,1299,2772,1515,2426,1200,1020,3415,4493,2338,4634,107418,28220,4004,2405,19428,1,0,13,12
2021-03-20T23:59:59+01:00,0,2,3495,3707,6293,7026,6544,8394,7866,10670,8577,10269,8244,8783,11285,14083,5485,9232,314,319,860,1257,955,1819,1298,2772,1515,2424,1200,1020,3415,4492,2338,4633,107385,28216,3792,2404,18765,1,0,13,12
2021-03-19T23:59:59+01:00,0,2,3482,3677,6267,6943,6520,8301,7821,10553,8463,10108,7707,8177,11102,13842,5475,9214,311,318,855,1250,938,1809,1275,2741,1465,2379,1116,953,2752,3704,1927,4064,105773,25442,3493,2404,18375,1,0,13,12
2021-03-18T23:59:59+01:00,0,2,3471,3659,6226,6902,6487,8239,7758,10468,8348,9979,6752,7084,10823,13542,5465,9189,310,318,852,1245,932,1800,1256,2733,1440,2360,1079,936,2545,3465,1771,3843,102761,24470,3336,2404,18284,1,0,13,12
2021-03-17T23:59:59+01:00,0,2,3434,3621,6155,6818,6434,8136,7668,10340,8218,9821,6072,6244,10537,13239,5448,9163,309,318,845,1241,928,1788,1242,2711,1422,2335,1043,914,2426,3340,1692,3734,99996,23873,3335,2404,18006,1,0,13,12
2021-03-16T23:59:59+01:00,0,2,3416,3592,6116,6765,6389,8063,7615,10276,8128,9720,5895,6069,9843,12456,5409,9100,302,308,831,1225,916,1779,1236,2692,1409,2327,1029,895,2213,3102,1559,3540,97775,22950,3325,2402,17741,1,0,13,12
2021-03-15T23:59:59+01:00,0,2,3379,3560,6020,6686,6260,7971,7473,10157,7999,9595,5143,5236,9400,11908,5366,9030,301,307,828,1221,915,1772,1234,2679,1400,2318,1016,883,2071,2929,1473,3447,94267,22382,3318,2401,17587,1,0,13,12
2021-03-14T23:59:59+01:00,0,2,3254,3413,5742,6340,5984,7610,7159,9743,7714,9280,4810,4845,9243,11711,5362,9020,301,306,828,1221,914,1772,1232,2678,1398,2315,1014,881,2068,2926,1470,3446,91873,22361,3263,2398,16083,1,0,13,12
2021-03-13T23:59:59+01:00,0,2,2600,2751,4801,5472,4966,6681,5964,8625,6699,8337,4497,4462,8860,11192,5272,8912,301,306,827,1219,914,1767,1229,2676,1397,2315,1014,880,2044,2890,1440,3411,81186,22221,3263,2398,15631,1,0,13,12
2021-03-12T23:59:59+01:00,0,2,1774,1930,3464,4322,3460,5347,4217,6986,5065,6831,3831,3759,7613,9645,4772,8233,297,303,825,1215,908,1760,1221,2657,1371,2298,968,855,1696,2428,1172,3060,62376,20625,3260,2398,15602,1,0,13,12
2021-03-11T23:59:59+01:00,0,2,1274,1453,2560,3583,2556,4408,3124,5897,3703,5447,2656,2482,5919,7535,4009,7059,292,294,809,1206,895,1737,1203,2628,1346,2252,931,835,1539,2199,1049,2872,45098,19679,3258,2398,15298,1,0,13,11
2021-03-10T23:59:59+01:00,0,2,1050,1235,2193,3223,2182,4017,2673,5456,2800,4480,1528,1285,4571,5818,3454,6291,282,284,791,1187,873,1701,1170,2555,1308,2186,906,815,1360,2009,953,2699,34091,18778,3258,2291,14896,1,0,13,11
2021-03-09T23:59:59+01:00,0,2,1034,1208,2127,3082,2117,3902,2588,5322,2716,4354,1494,1255,4496,5745,3415,6234,278,277,777,1166,856,1674,1145,2515,1290,2158,891,803,1283,1885,882,2589,33686,18212,3255,2247,14137,1,0,13,11
2021-03-08T23:59:59+01:00,0,2,1012,1177,2070,2983,2077,3820,2529,5209,2660,4282,1456,1235,4350,5587,3314,6093,278,273,772,1158,854,1665,1137,2507,1283,2142,867,782,1117,1660,759,2425,32997,17426,3255,2243,13591,1,0,13,11
2021-03-07T23:59:59+01:00,0,2,1007,1158,2030,2940,2035,3779,2489,5144,2619,4245,1451,1232,4343,5579,3312,6093,278,273,772,1158,854,1665,1137,2507,1282,2142,864,782,1108,1650,751,2414,32967,17426,3249,2202,13229,0,0,13,11
2021-03-06T23:59:59+01:00,0,2,1007,1154,2019,2926,2023,3760,2473,5117,2601,4224,1438,1222,4309,5535,3298,6081,278,273,772,1158,854,1664,1137,2507,1282,2142,864,782,1108,1650,751,2413,32823,17425,3248,2201,13105,0,0,13,11
2021-03-05T23:59:59+01:00,0,2,1003,1150,2004,2906,1993,3737,2430,5065,2548,4187,1402,1194,4043,5210,3148,5860,277,270,765,1151,848,1656,1134,2498,1279,2132,850,778,1100,1641,750,2411,32084,17330,2917,2201,12868,0,0,13,11
2021-03-04T23:59:59+01:00,0,2,909,1003,1917,2778,1925,3600,2354,4911,2458,4029,1372,1173,3803,4951,2884,5511,277,268,763,1146,846,1648,1133,2487,1275,2124,820,764,1089,1630,743,2399,30838,17225,2913,2178,11816,0,0,13,11
2021-03-03T23:59:59+01:00,0,2,863,896,1852,2682,1854,3495,2285,4795,2384,3945,1360,1160,3693,4846,2662,5239,276,266,762,1137,843,1630,1127,2445,1265,2098,803,760,1081,1612,736,2392,30166,17199,2796,2025,11038,0,0,13,11
2021-03-02T23:59:59+01:00,0,2,818,821,1755,2558,1769,3371,2193,4671,2324,3867,1325,1138,3564,4711,2459,4893,276,265,761,1131,840,1627,1123,2440,1261,2088,801,758,1067,1591,725,2373,29442,17094,2607,2024,10177,0,0,13,11
2021-03-01T23:59:59+01:00,0,2,795,782,1655,2414,1698,3227,2093,4499,2244,3746,1307,1126,3513,4648,2415,4831,276,264,757,1127,839,1615,1119,2428,1256,2078,795,756,1062,1580,718,2366,29189,17003,2523,2024,9270,0,0,13,11
2021-02-28T23:59:59+01:00,0,2,789,759,1636,2348,1671,3155,2070,4399,2230,3679,1301,1120,3503,4634,2401,4821,275,263,757,1126,839,1610,1119,2426,1256,2073,792,754,1054,1567,714,2356,29083,16981,2521,1991,8901,0,0,13,11
2021-02-27T23:59:59+01:00,0,2,774,742,1614,2288,1654,3044,2051,4273,2209,3583,1298,1117,3503,4632,2400,4820,275,263,757,1126,839,1609,1119,2426,1256,2072,792,754,1054,1567,714,2354,29079,16979,2520,1989,8392,0,0,13,11
2021-02-26T23:59:59+01:00,0,2,646,661,1509,2175,1602,2885,1988,4036,2108,3347,1208,1046,2853,3839,1974,4238,275,263,756,1124,838,1608,1119,2424,1254,2069,790,749,1036,1554,704,2338,26290,16905,2520,1987,7294,0,0,13,11
2021-02-25T23:59:59+01:00,0,2,496,581,1390,2073,1535,2757,1927,3908,2008,3236,1159,1014,2623,3569,1810,3995,258,248,731,1100,796,1539,1072,2326,1181,1977,733,728,1004,1517,692,2310,25225,16812,2493,1391,6352,0,0,13,11
2021-02-24T23:59:59+01:00,0,2,466,550,1321,1960,1462,2613,1857,3755,1931,3087,1121,984,2484,3432,1731,3876,229,235,704,1055,770,1477,1043,2266,1127,1927,706,705,958,1488,681,2280,24574,16626,2482,1016,5563,0,0,13,11
2021-02-23T23:59:59+01:00,0,2,410,510,1239,1820,1388,2467,1780,3544,1860,2965,1096,950,2281,3204,1606,3690,224,229,689,1032,759,1438,1021,2223,1102,1886,697,693,949,1474,678,2276,23653,16541,2472,820,4674,0,0,13,11
2021-02-22T23:59:59+01:00,0,2,397,477,1140,1709,1286,2370,1671,3438,1779,2894,1075,937,2140,3032,1521,3595,213,220,667,981,728,1375,996,2129,1058,1805,654,661,880,1398,642,2220,23081,16353,2468,265,3901,0,0,13,11
2021-02-21T23:59:59+01:00,0,2,378,461,1039,1677,1134,2346,1516,3415,1676,2876,1067,935,2139,3031,1521,3595,186,214,636,973,717,1367,982,2124,1053,1803,651,658,877,1394,634,2213,23052,16222,2468,251,3275,0,0,13,11
2021-02-20T23:59:59+01:00,0,2,378,459,1038,1677,1133,2346,1514,3413,1676,2874,1067,934,2138,3031,1520,3594,185,212,633,973,714,1366,976,2121,1051,1803,651,658,877,1394,634,2213,23045,16201,2467,251,3269,0,0,13,11
2021-02-19T23:59:59+01:00,0,2,373,450,1026,1673,1123,2336,1501,3395,1644,2859,1017,906,1767,2524,1223,3212,164,202,607,969,696,1358,959,2119,1045,1801,648,657,875,1394,633,2212,21306,16079,2467,251,3245,0,0,13,11
2021-02-18T23:59:59+01:00,0,2,353,430,986,1591,1085,2249,1448,3277,1603,2769,987,883,1594,2281,1094,3008,144,191,568,958,676,1346,925,2103,1021,1781,637,638,854,1366,619,2191,20326,15758,2467,251,2834,0,0,13,11
2021-02-17T23:59:59+01:00,0,2,330,377,902,1448,978,2049,1314,3023,1491,2549,950,853,1405,2069,993,2831,138,184,556,927,650,1295,892,2025,971,1705,603,606,847,1340,614,2172,19253,15265,2467,251,1831,0,0,13,11
2021-02-16T23:59:59+01:00,0,2,324,338,858,1310,926,1861,1253,2798,1425,2388,938,836,1342,1973,926,2735,132,171,542,884,635,1241,864,1962,941,1663,593,596,825,1309,601,2112,18882,14947,2466,115,872,0,0,13,11
2021-02-15T23:59:59+01:00,0,2,308,298,830,1279,909,1805,1213,2714,1387,2332,910,804,1165,1741,797,2559,123,163,521,856,617,1179,840,1889,918,1586,572,559,807,1272,592,2070,17971,14480,2465,75,604,0,0,13,11
2021-02-14T23:59:59+01:00,0,2,308,298,829,1279,908,1805,1211,2714,1387,2332,910,804,1165,1741,797,2559,123,163,520,849,613,1174,834,1883,914,1583,571,559,805,1271,591,2067,17970,14436,2465,75,601,0,0,13,11
2021-02-13T23:59:59+01:00,0,2,308,298,829,1279,908,1802,1211,2712,1387,2330,910,804,1165,1741,797,2559,123,163,520,849,613,1174,832,1880,912,1579,569,559,790,1251,579,2051,17963,14434,2465,1,601,0,0,13,11
2021-02-12T23:59:59+01:00,0,2,304,297,819,1274,904,1772,1205,2684,1359,2301,908,802,1164,1738,797,2559,123,163,518,846,612,1167,826,1868,906,1566,566,557,776,1240,573,2038,17954,14335,2465,1,457,0,0,13,11
2021-02-11T23:59:59+01:00,0,2,285,288,804,1239,898,1738,1189,2618,1337,2246,873,789,1153,1726,796,2549,121,149,500,805,590,1102,792,1768,883,1506,552,543,752,1205,559,2006,17841,13824,2464,0,212,0,0,13,11
2021-02-10T23:59:59+01:00,0,2,282,282,785,1201,885,1708,1177,2572,1322,2204,868,787,1138,1710,791,2533,117,140,433,722,547,1009,716,1644,827,1425,537,527,738,1185,549,1978,17817,13096,2359,0,58,0,0,13,0
2021-02-09T23:59:59+01:00,0,2,282,279,781,1187,874,1691,1163,2553,1308,2180,853,782,1124,1693,780,2517,100,121,378,635,495,879,637,1445,738,1237,485,449,617,1024,481,1738,17720,11461,2313,0,3,0,0,13,0
2021-02-08T23:59:59+01:00,0,2,282,278,779,1182,874,1684,1161,2549,1302,2172,847,779,1108,1671,763,2496,90,99,334,544,443,780,548,1238,632,1073,410,375,535,837,388,1432,17605,9760,2310,0,1,0,0,13,0
2021-02-07T23:59:59+01:00,0,2,281,277,777,1181,873,1684,1161,2548,1302,2169,841,777,1106,1668,762,2494,88,98,332,539,441,776,546,1229,628,1067,405,370,514,814,382,1418,17580,9649,2310,0,0,0,0,13,0
2021-02-06T23:59:59+01:00,0,2,281,276,777,1180,873,1683,1161,2548,1302,2168,840,776,1104,1662,761,2492,88,97,332,536,440,775,545,1225,626,1066,401,365,466,745,354,1373,17564,9436,2309,0,0,0,0,13,0
2021-02-05T23:59:59+01:00,0,2,281,276,777,1179,872,1682,1160,2547,1301,2165,833,770,1081,1652,754,2476,82,95,324,530,424,757,519,1192,597,1024,378,338,446,722,340,1333,17486,9102,2309,0,0,0,0,13,0
2021-02-04T23:59:59+01:00,0,2,278,269,774,1158,860,1660,1147,2519,1287,2141,811,757,1053,1622,747,2460,68,77,254,409,329,591,402,964,484,822,305,274,335,578,277,1114,17246,7283,2286,0,0,0,0,13,0
2021-02-03T23:59:59+01:00,0,2,277,264,770,1137,858,1634,1140,2469,1274,2111,792,743,1036,1599,738,2446,54,54,168,280,255,440,282,714,360,583,209,194,237,425,194,837,17150,5286,2127,0,0,0,0,13,0
2021-02-02T23:59:59+01:00,0,2,276,259,766,1129,852,1612,1131,2445,1262,2094,788,736,1027,1588,736,2438,35,34,91,139,147,251,171,447,232,366,135,124,160,256,136,539,17001,3263,2127,0,0,0,0,13,0
2021-02-01T23:59:59+01:00,0,2,274,256,761,1110,844,1591,1126,2416,1258,2061,780,723,1020,1578,732,2425,11,12,14,26,25,62,44,88,69,101,49,45,57,74,39,178,16818,894,2127,0,0,0,0,12,0
2021-01-31T23:59:59+01:00,0,2,268,254,745,1108,836,1580,1116,2405,1247,2052,774,717,1010,1561,725,2412,10,12,13,25,23,59,38,83,62,93,46,45,53,67,36,165,16783,830,2017,0,0,0,0,12,0
2021-01-30T23:59:59+01:00,0,2,268,254,745,1107,835,1580,1116,2405,1247,2052,773,717,1010,1560,725,2410,10,10,13,25,23,59,38,83,61,91,45,44,52,67,36,164,16779,821,2015,0,0,0,0,12,0
2021-01-29T23:59:59+01:00,0,2,268,254,745,1106,835,1580,1116,2405,1247,2051,772,716,1009,1558,725,2408,9,5,12,24,23,58,36,81,60,91,44,43,52,67,36,164,16772,805,2013,0,0,0,0,12,0
2021-01-28T23:59:59+01:00,0,2,264,249,733,1081,800,1525,1079,2345,1171,1993,731,702,980,1538,709,2386,4,0,3,6,9,23,18,36,20,45,21,22,23,45,15,97,16593,387,1683,0,0,0,0,12,0
2021-01-27T23:59:59+01:00,0,2,258,242,710,1049,752,1470,1022,2264,1098,1912,696,675,966,1517,706,2379,3,0,3,4,6,19,14,22,13,32,6,9,10,10,4,27,16145,182,1561,0,0,0,0,12,0
2021-01-26T23:59:59+01:00,0,2,234,233,693,1025,744,1420,1002,2190,1071,1847,684,661,943,1501,696,2360,3,0,1,4,5,9,12,12,6,11,3,5,6,7,1,16,16094,101,1200,0,0,0,0,12,0
2021-01-25T23:59:59+01:00,0,2,202,218,641,951,692,1297,960,2044,1013,1712,636,606,866,1406,653,2287,3,0,1,4,5,9,12,12,6,11,3,5,6,7,1,16,15868,101,306,0,0,0,0,12,0
2021-01-24T23:59:59+01:00,0,2,185,212,615,939,673,1283,942,2028,998,1702,629,600,856,1386,644,2274,3,0,1,4,5,9,11,12,5,11,3,5,6,7,1,16,15695,99,261,0,0,0,0,12,0
2021-01-23T23:59:59+01:00,0,2,185,212,615,939,673,1283,942,2028,998,1702,629,600,856,1386,644,2274,3,0,1,4,5,9,9,12,5,11,3,5,6,7,1,16,15695,97,261,0,0,0,0,12,0
2021-01-22T23:59:59+01:00,0,2,138,194,557,929,655,1269,908,2018,987,1691,624,599,855,1386,644,2274,3,0,0,4,5,9,9,12,5,11,3,5,6,7,1,16,15457,96,261,0,0,0,0,12,0
2021-01-21T23:59:59+01:00,0,2,133,186,542,906,634,1228,875,1964,965,1643,613,578,843,1355,637,2255,3,0,0,4,4,9,9,12,5,11,3,5,6,7,1,15,15086,94,261,0,0,0,0,12,0
2021-01-20T23:59:59+01:00,0,2,128,170,495,840,611,1152,812,1854,928,1572,592,561,825,1332,627,2227,3,0,0,4,4,9,9,12,5,11,3,5,6,7,1,15,14457,94,259,0,0,0,0,12,0
2021-01-19T23:59:59+01:00,0,2,115,150,422,753,545,1022,727,1655,823,1407,546,507,723,1173,554,1978,3,0,0,4,4,8,9,12,5,11,3,5,6,7,1,15,12898,93,192,0,0,0,0,12,0
2021-01-18T23:59:59+01:00,0,2,97,118,353,600,454,850,597,1394,697,1201,478,441,639,1016,487,1711,1,0,0,1,0,0,0,0,0,0,0,0,0,1,0,0,11041,3,82,0,0,0,0,12,0
2021-01-17T23:59:59+01:00,0,2,93,116,349,595,453,845,595,1375,689,1191,473,432,612,987,471,1670,1,0,0,1,0,0,0,0,0,0,0,0,0,1,0,0,10854,3,82,0,0,0,0,12,0
2021-01-16T23:59:59+01:00,0,2,93,113,347,587,450,840,584,1362,678,1179,458,418,517,861,410,1573,0,0,0,1,0,0,0,0,0,0,0,0,0,0,0,0,10457,1,3,0,0,0,0,12,0
2021-01-15T23:59:59+01:00,0,2,92,111,342,585,444,835,578,1355,661,1163,442,400,509,849,402,1550,0,0,0,0,0,0,0,0,0,0,0,0,0,0,0,0,10307,0,1,0,0,0,0,12,0
2021-01-14T23:59:59+01:00,0,0,75,89,285,483,366,672,461,1102,541,981,363,320,399,695,332,1320,0,0,0,0,0,0,0,0,0,0,0,0,0,0,0,0,8472,0,0,0,0,0,0,12,0
2021-01-13T23:59:59+01:00,0,0,61,66,201,365,290,499,347,820,415,700,253,224,291,520,250,1014,0,0,0,0,0,0,0,0,0,0,0,0,0,0,0,0,6305,0,0,0,0,0,0,11,0
2021-01-12T23:59:59+01:00,0,0,40,43,121,216,177,309,206,527,276,433,159,142,186,337,171,682,0,0,0,0,0,0,0,0,0,0,0,0,0,0,0,0,4025,0,0,0,0,0,0,0,0
2021-01-11T23:59:59+01:00,0,0,11,14,41,57,41,90,59,119,91,128,65,58,83,103,49,223,0,0,0,0,0,0,0,0,0,0,0,0,0,0,0,0,1232,0,0,0,0,0,0,0,0
2021-01-10T23:59:59+01:00,0,0,11,14,29,47,34,72,50,110,78,118,57,54,77,93,46,209,0,0,0,0,0,0,0,0,0,0,0,0,0,0,0,0,1099,0,0,0,0,0,0,0,0
2021-01-09T23:59:59+01:00,0,0,11,13,26,46,34,72,49,109,76,115,56,53,76,92,45,208,0,0,0,0,0,0,0,0,0,0,0,0,0,0,0,0,1081,0,0,0,0,0,0,0,0
2021-01-08T23:59:59+01:00,0,0,7,6,26,41,32,69,46,107,75,114,53,49,71,87,41,208,0,0,0,0,0,0,0,0,0,0,0,0,0,0,0,0,1032,0,0,0,0,0,0,0,0
2021-01-07T23:59:59+01:00,0,0,5,1,9,20,15,36,28,77,33,77,32,27,47,74,28,162,0,0,0,0,0,0,0,0,0,0,0,0,0,0,0,0,671,0,0,0,0,0,0,0,0
2021-01-06T23:59:59+01:00,0,0,5,0,4,8,10,28,25,43,19,47,26,24,34,51,19,120,0,0,0,0,0,0,0,0,0,0,0,0,0,0,0,0,463,0,0,0,0,0,0,0,0
2021-01-05T23:59:59+01:00,0,0,5,0,4,8,10,28,25,43,19,47,26,24,34,50,19,120,0,0,0,0,0,0,0,0,0,0,0,0,0,0,0,0,462,0,0,0,0,0,0,0,0
2021-01-04T23:59:59+01:00,0,0,4,0,1,3,4,9,13,12,5,11,3,5,6,8,1,17,0,0,0,0,0,0,0,0,0,0,0,0,0,0,0,0,102,0,0,0,0,0,0,0,0
2021-01-03T23:59:59+01:00,0,0,3,0,1,3,4,9,12,12,5,11,3,5,6,8,1,16,0,0,0,0,0,0,0,0,0,0,0,0,0,0,0,0,99,0,0,0,0,0,0,0,0
2021-01-02T23:59:59+01:00,0,0,3,0,1,3,4,9,10,12,5,11,3,5,6,8,1,16,0,0,0,0,0,0,0,0,0,0,0,0,0,0,0,0,97,0,0,0,0,0,0,0,0
2021-01-01T23:59:59+01:00,0,0,3,0,0,3,4,9,10,12,5,11,3,5,6,7,1,16,0,0,0,0,0,0,0,0,0,0,0,0,0,0,0,0,95,0,0,0,0,0,0,0,0
2020-12-31T23:59:59+01:00,0,0,3,0,0,3,4,9,9,12,5,11,3,5,6,7,1,16,0,0,0,0,0,0,0,0,0,0,0,0,0,0,0,0,94,0,0,0,0,0,0,0,0
2020-12-30T23:59:59+01:00,0,0,3,0,0,3,4,9,9,12,5,11,3,5,6,7,1,16,0,0,0,0,0,0,0,0,0,0,0,0,0,0,0,0,94,0,0,0,0,0,0,0,0
2020-12-29T23:59:59+01:00,0,0,3,0,0,3,4,8,9,12,5,11,3,5,6,7,1,16,0,0,0,0,0,0,0,0,0,0,0,0,0,0,0,0,93,0,0,0,0,0,0,0,0
2020-12-28T23:59:59+01:00,0,0,3,0,0,3,4,8,9,12,5,11,3,5,6,7,1,16,0,0,0,0,0,0,0,0,0,0,0,0,0,0,0,0,93,0,0,0,0,0,0,0,0
2020-12-27T23:59:59+01:00,0,0,1,0,0,0,0,0,0,0,0,0,0,0,1,3,0,7,0,0,0,0,0,0,0,0,0,0,0,0,0,0,0,0,12,0,0,0,0,0,0,0,0
