Datum,<24_1_m,<24_1_w,25-34_1_m,25-34_1_w,35-44_1_m,35-44_1_w,45-54_1_m,45-54_1_w,55-64_1_m,55-64_1_w,65-74_1_m,65-74_1_w,75-84_1_m,75-84_1_w,>84_1_m,>84_1_w,<24_2_m,<24_2_w,25-34_2_m,25-34_2_w,35-44_2_m,35-44_2_w,45-54_2_m,45-54_2_w,55-64_2_m,55-64_2_w,65-74_2_m,65-74_2_w,75-84_2_m,75-84_2_w,>84_2_m,>84_2_w,bp_1,bp_2,mo_1,mo_2,az_1,az_2,ja
2021-05-24T23:59:59+02:00,7330,7522,13328,13567,16431,18428,27350,29129,33860,35089,24790,27977,17384,22032,4827,8362,3847,3839,6062,6197,6637,7953,8590,10456,9779,10854,10760,12041,12504,16024,4455,7682,202610,117085,26922,8158,74284,8847,3590
2021-05-23T23:59:59+02:00,7327,7521,13323,13558,16428,18418,27329,29118,33827,35048,24789,27970,17384,22028,4827,8362,3844,3835,6054,6187,6629,7947,8562,10423,9737,10789,10677,11941,12488,16002,4455,7682,202482,117080,26908,7745,74283,8843,3584
2021-05-22T23:59:59+02:00,7320,7516,13311,13543,16419,18413,27327,29117,33824,35042,24789,27970,17384,22028,4827,8362,3842,3834,6052,6185,6628,7943,8562,10423,9732,10786,10667,11928,12482,15999,4455,7682,202417,117039,26908,7745,74283,8832,3584
2021-05-21T23:59:59+02:00,7291,7474,13233,13489,16344,18346,27238,29047,33763,35004,24785,27959,17380,22025,4826,8361,3832,3824,6023,6168,6603,7915,8526,10381,9681,10735,10596,11858,12460,15970,4454,7680,201867,116630,26908,7744,74276,8818,3514
2021-05-20T23:59:59+02:00,6987,7242,12679,13104,15132,17425,26071,28062,33211,34572,24703,27838,17349,21976,4823,8353,3783,3772,5955,6079,6522,7793,8391,10254,9481,10460,10442,11662,12402,15891,4452,7676,197436,115361,26837,7714,71815,8501,3439
2021-05-19T23:59:59+02:00,6779,6991,12206,12695,14440,16772,25230,27287,32695,34116,24625,27765,17317,21933,4820,8345,3711,3692,5813,5929,6335,7571,8126,9991,9198,10108,10154,11281,12349,15771,4450,7669,192352,113528,26803,7519,71804,8044,3057
2021-05-18T23:59:59+02:00,6579,6860,11834,12391,13841,16278,24150,26350,32159,33606,24527,27657,17278,21892,4815,8337,3670,3660,5711,5831,6188,7416,7941,9797,9014,9883,9983,11021,12235,15604,4440,7662,187692,112447,26353,7450,71763,7413,2746
2021-05-17T23:59:59+02:00,6519,6810,11662,12281,13553,16045,23334,25690,31886,33355,24468,27609,17255,21864,4808,8331,3562,3572,5534,5670,6033,7229,7749,9589,8821,9670,9911,10923,12189,15548,4437,7660,185952,111791,25681,7445,71377,6401,2460
2021-05-16T23:59:59+02:00,6488,6787,11600,12227,13462,15956,22654,25088,31360,32898,24433,27573,17248,21849,4807,8331,3556,3545,5520,5611,6007,7165,7722,9498,8792,9588,9900,10911,12187,15547,4437,7660,185195,111688,24157,7440,70959,6068,2450
2021-05-15T23:59:59+02:00,6475,6778,11568,12216,13431,15946,22584,25018,30833,32526,24426,27571,17247,21846,4806,8330,3540,3528,5504,5567,5993,7090,7681,9374,8566,9352,9864,10869,12159,15510,4437,7659,185146,111687,24145,7306,70319,5709,1991
2021-05-14T23:59:59+02:00,6434,6747,11502,12178,13358,15873,22146,24689,30444,32219,24401,27530,17235,21832,4806,8328,3504,3484,5468,5472,5974,6956,7639,9154,8510,9187,9782,10746,12090,15410,4437,7658,184438,111529,23829,6981,69465,4971,1990
2021-05-13T23:59:59+02:00,6253,6562,11112,11875,12605,15281,19839,22832,29096,30901,24224,27348,17176,21773,4805,8325,3490,3450,5447,5431,5957,6899,7611,9088,8473,9133,9546,10478,11934,15166,4433,7651,180571,111200,20077,6204,67384,4808,1975
2021-05-12T23:59:59+02:00,6219,6533,11038,11813,12500,15185,19711,22705,28701,30500,24172,27296,17163,21748,4804,8320,3490,3446,5440,5425,5948,6884,7584,9068,8435,9081,9337,10216,11758,14912,4430,7646,179606,110927,19446,5396,67381,4802,1975
2021-05-11T23:59:59+02:00,6061,6418,10802,11560,12131,14809,19073,22043,27827,29595,24030,27150,17118,21681,4799,8305,3443,3394,5355,5269,5850,6701,7445,8829,8277,8875,9159,10016,11639,14752,4421,7632,175663,109934,18571,5290,67255,3920,1913
2021-05-10T23:59:59+02:00,5918,6322,10590,11358,11877,14559,18742,21685,27430,29223,23936,27062,17081,21639,4795,8302,3365,3336,5251,5173,5743,6610,7326,8704,8155,8782,9051,9883,11561,14640,4419,7625,173695,109409,17888,5279,67031,3031,1905
2021-05-09T23:59:59+02:00,5838,6259,10491,11251,11768,14438,18372,21365,27083,28891,23861,26982,17053,21613,4793,8299,3289,3303,5105,5131,5567,6570,7168,8674,8037,8750,9043,9871,11545,14625,4419,7625,173306,109335,16621,5270,66539,2226,1891
2021-05-08T23:59:59+02:00,5836,6257,10490,11249,11768,14438,18369,21364,27081,28889,23861,26982,17053,21613,4793,8299,3289,3302,5104,5131,5567,6570,7168,8674,8035,8750,9042,9870,11545,14625,4419,7625,173291,109332,16621,5270,66539,2223,1891
2021-05-07T23:59:59+02:00,5798,6230,10412,11188,11642,14319,17908,21042,26519,28379,23828,26945,17042,21582,4787,8275,3278,3294,5096,5125,5558,6558,7156,8662,8029,8744,9037,9860,11537,14604,4412,7604,172476,109318,16619,5269,65028,2194,1773
2021-05-06T23:59:59+02:00,5510,6036,9917,10832,11091,13816,16729,19962,24190,26096,23458,26573,16955,21496,4782,8265,3226,3250,5038,5046,5516,6475,7077,8543,7910,8612,8945,9759,11517,14565,4409,7602,167524,108826,14228,5215,62194,1687,1762
2021-05-05T23:59:59+02:00,5418,5938,9600,10605,10765,13473,16111,19316,23379,25168,23237,26288,16897,21410,4774,8251,3206,3212,4994,4962,5458,6353,6990,8387,7788,8418,8846,9621,11454,14497,4408,7594,163890,107905,12938,5209,62043,1315,1759
2021-05-04T23:59:59+02:00,5322,5836,9433,10409,10567,13226,15722,18897,22856,24631,23046,26050,16841,21354,4766,8242,3196,3169,4967,4893,5423,6232,6942,8250,7706,8271,8749,9517,11393,14453,4406,7592,161738,107447,11830,5202,61890,770,1740
2021-05-03T23:59:59+02:00,5235,5750,9245,10275,10399,13044,15421,18646,22466,24225,22928,25927,16817,21314,4766,8237,3112,3091,4879,4821,5356,6140,6841,8146,7520,8107,8681,9440,11356,14414,4403,7588,160266,107233,11829,5199,61797,660,803
2021-05-02T23:59:59+02:00,5218,5734,9162,10214,10268,12922,15055,18310,22216,23979,22882,25883,16804,21289,4765,8236,3102,3084,4811,4783,5262,6048,6697,8015,7424,8023,8636,9404,11337,14382,4401,7583,159389,107124,11826,5197,61694,643,28
2021-05-01T23:59:59+02:00,5218,5732,9159,10213,10267,12922,15052,18307,22214,23979,22881,25882,16804,21289,4765,8236,3102,3084,4811,4783,5262,6048,6697,8015,7424,8023,8636,9404,11337,14382,4401,7583,159372,107124,11826,5197,61694,643,28
2021-04-30T23:59:59+02:00,5138,5625,8901,9991,10016,12682,14526,17846,21403,23225,22814,25800,16788,21265,4763,8233,3099,3082,4803,4773,5254,6016,6686,7980,7393,7995,8635,9402,11337,14380,4399,7582,155822,107103,11826,5195,61367,517,1
2021-04-29T23:59:59+02:00,4962,5452,8387,9567,9339,12095,13441,16851,19628,21605,22204,25133,16690,21098,4758,8218,3072,3052,4765,4706,5210,5934,6626,7878,7317,7882,8524,9286,11278,14317,4393,7576,146790,106628,11812,4924,60825,263,1
2021-04-28T23:59:59+02:00,4923,5429,8310,9489,9263,12007,13322,16713,19420,21415,22127,25045,16668,21063,4756,8215,3067,3033,4738,4654,5182,5886,6597,7802,7267,7809,8510,9262,11265,14297,4392,7571,146412,106438,11724,4854,60028,39,1
2021-04-27T23:59:59+02:00,4868,5365,8173,9357,9157,11857,13158,16534,18979,20904,21925,24824,16619,21003,4753,8208,3064,3027,4736,4652,5175,5877,6583,7785,7235,7774,8439,9168,11203,14235,4388,7568,145696,106188,10663,4688,59324,32,1
2021-04-26T23:59:59+02:00,4816,5327,8065,9270,9019,11748,12954,16351,18584,20539,21807,24691,16598,20985,4753,8208,3064,3025,4732,4648,5170,5872,6570,7767,7208,7747,8389,9119,11159,14166,4385,7556,144935,106113,10528,4437,58252,27,0
2021-04-25T23:59:59+02:00,4801,5309,8025,9231,8953,11678,12796,16207,18238,20196,21629,24480,16564,20942,4749,8203,3064,3025,4731,4648,5167,5868,6567,7764,7204,7742,8334,9055,11138,14144,4385,7555,143569,106093,10518,4272,57914,26,0
2021-04-24T23:59:59+02:00,4794,5301,8010,9226,8939,11669,12743,16174,18183,20158,21616,24471,16562,20937,4749,8203,3063,3025,4731,4648,5167,5868,6567,7764,7204,7742,8334,9055,11138,14144,4385,7555,143474,106093,10518,4272,57743,25,0
2021-04-23T23:59:59+02:00,4774,5263,7952,9158,8848,11568,12352,15808,17790,19771,21431,24280,16505,20869,4748,8196,3061,3023,4727,4646,5158,5860,6555,7753,7179,7709,8315,9031,11132,14137,4383,7552,142229,106083,10173,4114,56911,24,0
2021-04-22T23:59:59+02:00,4714,5182,7826,8963,8641,11301,12013,15364,16835,18722,20930,23685,16406,20724,4740,8184,3051,3015,4722,4628,5133,5835,6512,7716,7117,7666,8182,8875,11010,14001,4380,7546,138540,105480,10055,3891,55635,18,0
2021-04-21T23:59:59+02:00,4668,5131,7720,8838,8480,11146,11692,15059,16063,17888,20634,23353,16358,20635,4735,8174,3039,3002,4707,4613,5114,5814,6502,7701,7094,7646,8130,8813,10979,13966,4378,7545,135666,105209,9926,3817,54982,17,0
2021-04-20T23:59:59+02:00,4643,5104,7683,8783,8397,11063,11521,14880,15586,17369,20228,22877,16280,20518,4728,8163,3033,2993,4700,4600,5086,5794,6476,7681,7052,7607,8023,8670,10924,13896,4374,7542,133555,104652,9664,3782,54604,17,0
2021-04-19T23:59:59+02:00,4610,5039,7623,8685,8296,10918,11361,14696,15305,17055,19769,22322,16142,20341,4717,8155,3028,2992,4695,4593,5074,5780,6459,7665,7027,7562,7963,8607,10906,13863,4372,7539,131507,104328,9309,3780,54218,17,0
2021-04-18T23:59:59+02:00,4589,5009,7561,8628,8181,10782,11064,14439,14829,16496,19365,21850,16044,20184,4715,8151,3028,2992,4695,4593,5074,5780,6458,7662,7024,7560,7961,8603,10903,13860,4372,7536,129123,104306,9240,3778,53524,17,0
2021-04-17T23:59:59+02:00,4584,5001,7542,8621,8171,10763,11020,14390,14717,16397,19249,21740,16026,20161,4714,8150,3028,2992,4693,4591,5069,5776,6442,7654,7001,7537,7913,8557,10887,13840,4371,7536,128689,104299,9233,3571,53324,17,0
2021-04-16T23:59:59+02:00,4569,4946,7466,8498,8076,10602,10784,14109,14035,15615,18746,21157,15929,20032,4708,8143,3025,2989,4687,4586,5066,5764,6422,7644,6951,7485,7618,8184,10808,13721,4364,7523,125868,103537,9184,3283,52363,17,0
2021-04-15T23:59:59+02:00,4519,4881,7348,8363,7902,10353,10438,13680,13239,14715,17994,20354,15746,19766,4694,8129,3024,2981,4677,4569,5053,5734,6390,7608,6867,7399,7064,7550,10738,13629,4360,7513,122242,101990,9029,3151,50850,15,0
2021-04-14T23:59:59+02:00,4489,4841,7282,8254,7797,10208,10248,13470,12801,14237,17491,19764,15627,19609,4690,8116,2986,2960,4660,4534,5027,5693,6355,7572,6812,7339,6338,6673,10602,13490,4356,7506,120874,99741,8798,3151,49252,11,0
2021-04-13T23:59:59+02:00,4485,4833,7238,8237,7743,10174,10133,13412,12376,13896,16818,18919,15456,19388,4686,8110,2962,2930,4642,4510,4998,5655,6297,7502,6718,7239,6123,6406,10150,12936,4349,7492,120203,97754,8580,3144,47121,11,0
2021-04-12T23:59:59+02:00,4468,4816,7189,8186,7688,10101,10015,13308,12098,13636,16388,18413,15313,19227,4681,8108,2931,2915,4567,4467,4897,5586,6186,7430,6574,7118,5338,5544,9770,12471,4322,7455,119875,94424,8546,3136,45214,11,0
2021-04-11T23:59:59+02:00,4451,4807,7145,8134,7633,10055,9916,13221,11839,13400,15796,17702,15107,18966,4677,8100,2846,2823,4429,4343,4757,5462,6011,7262,6433,7017,5019,5176,9672,12343,4322,7451,119302,92266,8119,3090,43528,10,0
2021-04-10T23:59:59+02:00,4429,4782,7107,8087,7585,10003,9851,13162,11751,13301,15576,17514,15071,18913,4676,8095,2203,2187,3601,3643,3894,4672,4968,6325,5662,6304,4762,4882,9569,12211,4316,7443,118841,83542,8119,3090,42943,10,0
2021-04-09T23:59:59+02:00,4406,4761,7067,8059,7516,9941,9687,13026,11344,12924,14415,15988,14725,18502,4666,8087,1232,1262,2233,2420,2368,3292,3117,4648,4215,4953,4112,4180,9357,11918,4297,7419,116973,67925,8117,3088,40024,10,0
2021-04-08T23:59:59+02:00,4377,4742,7006,8007,7419,9838,9480,12898,10881,12512,13289,14733,14408,18073,4649,8061,648,715,1314,1698,1450,2343,2001,3541,2830,3542,2917,2839,8624,11021,4196,7252,115755,53836,8038,3085,36580,10,0
2021-04-07T23:59:59+02:00,4326,4710,6924,7954,7329,9773,9342,12748,10547,12179,12576,13981,14246,17861,4644,8044,395,466,944,1350,1037,1957,1483,3073,1811,2437,1776,1576,7797,9961,4085,7065,114812,44120,7887,3085,34485,8,0
2021-04-06T23:59:59+02:00,4311,4695,6901,7918,7275,9705,9244,12668,10322,11940,12191,13478,14074,17632,4634,8033,387,450,937,1342,1021,1934,1457,3043,1750,2380,1697,1501,7359,9380,3984,6895,113584,42426,7789,3084,33648,7,0
2021-04-05T23:59:59+02:00,4305,4694,6890,7907,7264,9694,9221,12639,10258,11874,12070,13329,13993,17554,4632,8032,385,445,925,1338,1016,1925,1445,3023,1728,2343,1642,1447,7109,9049,3903,6763,113255,41396,7768,3083,33333,7,0
2021-04-04T23:59:59+02:00,4305,4694,6887,7900,7263,9693,9220,12639,10247,11869,12067,13326,13991,17554,4632,8032,385,444,925,1338,1015,1923,1444,3022,1727,2339,1639,1443,7101,9035,3899,6761,113250,41350,7768,3083,33301,7,0
2021-04-03T23:59:59+02:00,4305,4694,6887,7899,7263,9693,9220,12639,10247,11869,12067,13325,13989,17552,4632,8032,385,443,922,1334,1014,1922,1443,3017,1725,2337,1632,1430,7055,8950,3869,6734,113246,41122,7768,3083,33299,7,0
2021-04-02T23:59:59+02:00,4302,4692,6886,7896,7256,9686,9211,12632,10226,11848,11939,13206,13952,17505,4628,8025,383,440,920,1327,1007,1911,1427,2990,1682,2296,1521,1335,6233,7968,3516,6268,113124,38453,7764,2764,33002,7,0
2021-04-01T23:59:59+02:00,4260,4679,6847,7877,7219,9656,9160,12591,10153,11767,11548,12729,13644,17095,4624,8015,378,435,902,1310,997,1894,1391,2938,1616,2232,1401,1239,5209,6742,3074,5584,112736,34576,6389,2759,32739,7,0
2021-03-31T23:59:59+02:00,4252,4673,6833,7859,7203,9637,9122,12555,10058,11694,11183,12262,13369,16693,4618,7999,375,432,892,1302,990,1879,1368,2912,1566,2193,1323,1175,4599,6004,2782,5217,112167,32316,5434,2686,32409,7,0
2021-03-30T23:59:59+02:00,4229,4645,6797,7822,7150,9572,9024,12441,9893,11541,10907,11951,13182,16475,4611,7987,370,426,887,1291,979,1873,1347,2904,1539,2171,1297,1149,4469,5873,2735,5134,111347,31946,5188,2491,31692,7,0
2021-03-29T23:59:59+02:00,4219,4622,6769,7797,7107,9516,8925,12340,9682,11321,10443,11429,12880,16089,4597,7960,365,422,883,1282,973,1865,1336,2893,1521,2162,1274,1133,4326,5703,2650,5032,109681,31329,4880,2485,31135,6,0
2021-03-28T23:59:59+02:00,4166,4555,6657,7642,6993,9375,8797,12143,9529,11136,10222,11146,12728,15942,4594,7952,365,422,883,1282,971,1864,1335,2893,1520,2160,1267,1131,4292,5659,2628,5012,109309,31295,4617,2384,29651,5,0
2021-03-27T23:59:59+01:00,4164,4537,6646,7580,6963,9249,8746,11970,9477,10999,10095,11016,12654,15869,4594,7952,365,422,883,1282,971,1862,1334,2891,1517,2159,1264,1128,4265,5624,2617,4998,109302,31194,4617,2383,28592,5,0
2021-03-26T23:59:59+01:00,4159,4527,6615,7543,6932,9170,8696,11852,9387,10878,10044,10958,12620,15818,4587,7936,361,420,881,1279,967,1849,1328,2870,1499,2151,1236,1109,4078,5387,2523,4865,109246,30455,4397,2343,28079,5,0
2021-03-25T23:59:59+01:00,4133,4485,6523,7413,6831,9002,8495,11618,9081,10561,9651,10548,12361,15560,4583,7928,361,418,879,1272,963,1838,1314,2851,1475,2135,1207,1091,3829,5118,2334,4598,108872,29335,4188,2343,25713,5,0
2021-03-24T23:59:59+01:00,4067,4411,6439,7235,6708,8770,8322,11370,8841,10246,9205,10022,12014,15175,4574,7921,361,417,878,1270,957,1836,1308,2842,1458,2122,1200,1081,3754,5041,2168,4386,108366,28734,4056,2342,22898,3,0
2021-03-23T23:59:59+01:00,4048,4375,6391,7183,6626,8700,8203,11239,8580,10009,8756,9492,11624,14748,4566,7909,361,416,876,1259,952,1829,1303,2833,1457,2110,1174,1063,3664,4956,2014,4143,107563,28065,3963,2342,20923,3,0
2021-03-22T23:59:59+01:00,4034,4355,6355,7150,6592,8655,8130,11160,8426,9849,8444,9125,11364,14468,4540,7874,358,410,871,1247,944,1824,1294,2825,1449,2099,1162,1054,3632,4917,2000,4116,106895,27858,3961,2341,19665,3,0
2021-03-21T23:59:59+01:00,4033,4351,6350,7139,6576,8640,8107,11140,8361,9787,8333,8995,11299,14386,4538,7871,356,409,862,1243,935,1819,1288,2823,1445,2094,1158,1052,3623,4901,1986,4108,106808,27758,3960,2341,19138,3,0
2021-03-20T23:59:59+01:00,4025,4304,6340,7066,6562,8497,8080,10947,8316,9676,8252,8908,11268,14351,4538,7871,356,409,862,1243,935,1819,1287,2823,1445,2092,1158,1052,3623,4899,1986,4108,106777,27754,3747,2340,18477,3,0
2021-03-19T23:59:59+01:00,4012,4269,6313,6983,6536,8403,8030,10833,8180,9492,7718,8314,11115,14147,4530,7858,353,408,856,1235,919,1808,1262,2793,1391,2045,1070,976,2900,4029,1645,3636,105186,24983,3448,2340,18099,3,0
2021-03-18T23:59:59+01:00,4000,4249,6270,6942,6504,8336,7960,10748,8036,9331,6740,7197,10918,13934,4519,7840,352,408,852,1231,912,1802,1245,2783,1366,2025,1028,959,2676,3751,1514,3458,102224,24019,3290,2340,18010,3,0
2021-03-17T23:59:59+01:00,3957,4207,6202,6855,6443,8230,7864,10617,7909,9172,5953,6218,10768,13779,4503,7819,351,408,846,1225,909,1791,1232,2765,1341,2002,1001,935,2562,3628,1469,3376,99465,23498,3289,2340,17742,3,0
2021-03-16T23:59:59+01:00,3937,4171,6164,6801,6395,8163,7806,10545,7821,9079,5769,6010,10173,13101,4469,7767,343,398,834,1209,897,1782,1226,2748,1328,1994,987,914,2334,3359,1356,3213,97413,22581,3279,2338,17479,3,0
2021-03-15T23:59:59+01:00,3899,4139,6059,6722,6269,8063,7664,10427,7665,8937,4984,5133,9798,12616,4433,7711,342,397,831,1205,896,1774,1223,2736,1320,1985,971,900,2179,3173,1284,3137,93914,22014,3272,2337,17333,2,0
2021-03-14T23:59:59+01:00,3750,3954,5780,6390,6008,7719,7339,9980,7396,8650,4640,4738,9672,12453,4430,7700,342,397,831,1205,895,1774,1221,2735,1318,1982,970,898,2176,3169,1281,3137,91536,21995,3219,2334,15844,2,0
2021-03-13T23:59:59+01:00,3005,3213,4828,5535,5002,6778,6101,8842,6488,7805,4345,4380,9303,11949,4365,7618,342,397,830,1203,895,1769,1220,2733,1317,1982,970,897,2144,3128,1259,3107,80857,21857,3219,2334,15481,2,0
2021-03-12T23:59:59+01:00,2063,2295,3469,4356,3490,5433,4287,7154,5018,6419,3682,3694,8011,10334,3971,7081,338,393,826,1199,891,1763,1213,2715,1290,1964,923,871,1743,2612,1045,2811,62087,20261,3217,2334,15453,2,0
2021-03-11T23:59:59+01:00,1480,1753,2560,3600,2574,4486,3176,6033,3643,5008,2571,2474,6231,8112,3379,6136,333,385,810,1190,878,1739,1194,2685,1266,1923,885,847,1568,2356,943,2650,44844,19316,3215,2334,15157,2,0
2021-03-10T23:59:59+01:00,1231,1508,2188,3228,2190,4095,2710,5605,2663,3935,1479,1290,4872,6369,2938,5532,323,377,795,1174,858,1698,1162,2626,1234,1868,860,828,1378,2136,859,2508,33855,18420,3215,2262,14763,2,0
2021-03-09T23:59:59+01:00,1209,1464,2123,3091,2125,3982,2626,5462,2583,3825,1447,1263,4794,6290,2904,5483,316,368,784,1154,837,1667,1138,2588,1218,1843,845,813,1285,2005,806,2406,33449,17853,3212,2218,14010,2,0
2021-03-08T23:59:59+01:00,1181,1428,2071,2993,2080,3896,2566,5348,2530,3767,1408,1241,4640,6104,2816,5371,316,363,780,1148,834,1658,1131,2580,1207,1824,826,788,1096,1760,704,2267,32758,17066,3212,2215,13470,1,0
2021-03-07T23:59:59+01:00,1174,1408,2030,2949,2039,3854,2527,5279,2493,3740,1402,1238,4634,6096,2813,5371,316,363,780,1148,834,1658,1131,2580,1206,1824,822,788,1088,1749,696,2257,32728,17066,3207,2174,13112,0,0
2021-03-06T23:59:59+01:00,1172,1404,2022,2934,2026,3835,2512,5249,2474,3722,1389,1225,4601,6056,2802,5360,316,363,780,1148,834,1658,1131,2580,1206,1824,822,788,1088,1749,696,2256,32586,17066,3207,2173,12990,0,0
2021-03-05T23:59:59+01:00,1166,1400,2004,2914,1996,3807,2471,5195,2424,3693,1348,1194,4320,5707,2673,5169,314,360,772,1142,830,1651,1128,2572,1203,1816,810,784,1081,1740,695,2254,31848,16979,2877,2173,12756,0,0
2021-03-04T23:59:59+01:00,1063,1234,1918,2796,1930,3669,2395,5030,2337,3558,1317,1172,4059,5417,2469,4888,314,358,770,1138,828,1645,1127,2563,1198,1812,794,777,1071,1729,688,2243,30667,16905,2873,2150,11712,0,0
2021-03-03T23:59:59+01:00,1008,1117,1857,2700,1864,3571,2326,4916,2266,3483,1307,1157,3935,5304,2263,4626,313,353,769,1131,825,1623,1121,2521,1184,1792,781,773,1062,1707,681,2235,29998,16873,2758,1998,10944,0,0
2021-03-02T23:59:59+01:00,956,1030,1765,2576,1774,3451,2240,4792,2203,3412,1279,1138,3793,5153,2101,4349,313,351,768,1125,822,1621,1117,2516,1179,1782,779,770,1047,1684,672,2219,29355,16768,2569,1997,10088,0,0
2021-03-01T23:59:59+01:00,922,966,1670,2443,1702,3308,2138,4624,2134,3306,1260,1128,3738,5083,2063,4296,312,350,766,1123,822,1614,1112,2512,1175,1781,774,767,1039,1672,667,2214,29105,16703,2485,1997,9191,0,0
2021-02-28T23:59:59+01:00,913,937,1652,2379,1673,3229,2118,4533,2120,3240,1255,1124,3728,5068,2049,4287,312,350,766,1122,822,1613,1112,2512,1174,1780,772,766,1030,1657,664,2206,28999,16694,2483,1964,8823,0,0
2021-02-27T23:59:59+01:00,895,915,1631,2314,1658,3117,2095,4397,2101,3164,1252,1122,3728,5066,2048,4286,312,350,766,1122,822,1612,1112,2512,1174,1779,772,766,1030,1657,664,2206,28992,16692,2482,1964,8315,0,0
2021-02-26T23:59:59+01:00,747,826,1541,2195,1605,2962,2031,4140,1997,2949,1159,1048,3016,4189,1692,3801,312,350,764,1121,822,1611,1112,2508,1172,1778,769,761,1010,1640,657,2194,26195,16618,2482,1963,7221,0,0
2021-02-25T23:59:59+01:00,574,738,1440,2088,1538,2837,1964,4008,1903,2840,1108,1022,2765,3874,1554,3606,294,332,735,1097,780,1541,1064,2404,1103,1697,720,744,979,1598,646,2172,25126,16529,2452,1377,6281,0,0
2021-02-24T23:59:59+01:00,537,699,1367,1977,1477,2688,1886,3860,1832,2708,1077,994,2631,3739,1511,3517,264,312,709,1056,758,1478,1031,2343,1053,1653,693,721,941,1565,634,2147,24563,16349,2441,1009,5496,0,0
2021-02-23T23:59:59+01:00,477,649,1284,1833,1410,2534,1803,3654,1770,2597,1053,964,2409,3479,1407,3363,258,303,695,1032,746,1442,1008,2299,1031,1613,684,711,930,1551,633,2143,23644,16265,2431,814,4611,0,0
2021-02-22T23:59:59+01:00,462,610,1180,1722,1304,2442,1703,3543,1688,2536,1034,949,2255,3292,1334,3285,247,288,667,980,718,1375,981,2206,988,1538,647,683,859,1470,602,2093,23067,16079,2427,263,3845,0,0
2021-02-21T23:59:59+01:00,438,591,1071,1692,1153,2418,1550,3521,1595,2520,1030,947,2254,3291,1334,3285,216,281,640,973,707,1366,967,2201,985,1536,644,681,854,1466,596,2086,23038,15949,2427,250,3225,0,0
2021-02-20T23:59:59+01:00,438,590,1070,1692,1152,2418,1549,3520,1595,2518,1030,946,2253,3291,1333,3284,215,279,636,973,704,1365,960,2198,984,1536,644,681,854,1466,596,2086,23032,15927,2426,250,3221,0,0
2021-02-19T23:59:59+01:00,431,580,1061,1689,1141,2408,1537,3503,1563,2500,978,917,1826,2727,1090,2959,192,269,610,969,687,1356,946,2196,978,1535,641,680,852,1466,595,2084,21286,15806,2426,250,3198,0,0
2021-02-18T23:59:59+01:00,410,556,1016,1604,1106,2322,1487,3380,1525,2423,947,892,1626,2456,987,2781,171,257,572,958,662,1345,912,2178,959,1516,630,663,831,1434,587,2073,20300,15498,2426,250,2792,0,0
2021-02-17T23:59:59+01:00,379,490,931,1464,993,2099,1352,3137,1419,2218,914,868,1426,2211,899,2636,164,250,556,923,641,1290,874,2104,913,1442,597,633,825,1412,583,2054,19223,15011,2426,250,1787,0,0
2021-02-16T23:59:59+01:00,371,441,887,1323,941,1905,1283,2918,1358,2070,906,854,1351,2104,846,2549,155,234,544,880,622,1238,851,2041,882,1405,587,620,805,1381,570,1995,18848,14696,2425,114,834,0,0
2021-02-15T23:59:59+01:00,352,397,862,1292,921,1845,1238,2834,1324,2015,881,824,1151,1850,738,2398,146,224,522,850,603,1176,828,1966,858,1330,567,585,787,1342,562,1958,17932,14230,2424,74,566,0,0
2021-02-14T23:59:59+01:00,351,397,861,1292,920,1845,1236,2834,1324,2015,881,824,1151,1850,738,2398,146,223,521,844,598,1171,824,1962,855,1327,565,585,786,1341,562,1955,17931,14191,2424,74,562,0,0
2021-02-13T23:59:59+01:00,351,397,861,1291,920,1842,1236,2832,1324,2013,881,824,1151,1850,738,2398,146,223,521,844,598,1171,822,1958,853,1325,562,585,772,1320,550,1939,17923,14189,2424,0,562,0,0
2021-02-12T23:59:59+01:00,347,396,856,1283,916,1815,1230,2799,1297,1991,881,823,1150,1847,738,2398,146,222,519,841,596,1163,815,1948,849,1311,559,583,758,1308,544,1928,17915,14090,2424,0,428,0,0
2021-02-11T23:59:59+01:00,326,388,844,1255,910,1779,1214,2743,1278,1943,849,809,1140,1836,737,2388,142,203,504,798,573,1098,781,1842,824,1264,549,569,733,1269,531,1902,17803,13582,2423,0,213,0,0
2021-02-10T23:59:59+01:00,323,377,827,1224,899,1750,1205,2701,1268,1913,845,808,1124,1816,732,2372,136,188,446,728,538,1012,715,1732,787,1209,533,554,724,1247,521,1883,17774,12953,2352,0,58,0,0
2021-02-09T23:59:59+01:00,323,374,821,1210,889,1733,1190,2683,1254,1890,832,803,1109,1799,724,2356,117,164,392,641,493,873,636,1542,706,1045,473,465,610,1077,455,1656,17680,11345,2307,0,3,0,0
2021-02-08T23:59:59+01:00,322,373,819,1205,889,1728,1188,2678,1247,1882,827,800,1088,1772,711,2338,103,140,356,557,445,774,550,1324,603,914,401,386,533,880,361,1362,17562,9689,2304,0,1,0,0
2021-02-07T23:59:59+01:00,321,372,817,1204,888,1728,1188,2676,1247,1880,821,798,1086,1768,710,2337,101,139,354,552,443,770,547,1314,599,911,397,383,511,856,357,1348,17537,9582,2304,0,0,0,0
2021-02-06T23:59:59+01:00,321,371,817,1204,888,1727,1188,2676,1247,1879,820,795,1083,1764,710,2335,101,138,354,549,442,768,546,1311,596,911,394,379,460,782,329,1310,17522,9370,2303,0,0,0,0
2021-02-05T23:59:59+01:00,321,371,816,1202,888,1727,1188,2674,1246,1877,815,790,1060,1751,705,2322,93,134,347,542,426,750,522,1274,566,877,373,353,439,756,315,1275,17450,9042,2303,0,0,0,0
2021-02-04T23:59:59+01:00,318,363,811,1180,878,1704,1171,2646,1232,1857,792,774,1033,1721,699,2309,75,103,270,418,328,594,414,1036,459,704,298,287,334,598,255,1069,17208,7242,2280,0,0,0,0
2021-02-03T23:59:59+01:00,317,353,808,1163,876,1672,1164,2595,1214,1834,778,761,1014,1697,692,2296,59,71,183,293,253,445,296,754,339,507,199,204,235,441,181,798,17113,5258,2121,0,0,0,0
2021-02-02T23:59:59+01:00,316,348,804,1155,872,1649,1152,2571,1205,1818,775,755,1004,1685,691,2287,38,42,100,151,150,249,185,483,214,316,131,125,156,266,131,528,16967,3265,2120,0,0,0,0
2021-02-01T23:59:59+01:00,315,343,795,1140,867,1627,1146,2543,1202,1790,766,743,999,1676,686,2274,13,12,16,28,28,64,48,95,62,89,46,43,54,79,41,175,16792,893,2120,0,0,0,0
2021-01-31T23:59:59+01:00,308,341,780,1138,859,1616,1134,2531,1192,1782,761,737,989,1657,679,2263,12,12,14,26,26,61,41,89,58,82,42,43,50,71,38,164,16757,829,2010,0,0,0,0
2021-01-30T23:59:59+01:00,308,341,780,1138,858,1616,1134,2531,1192,1782,760,737,989,1656,679,2263,12,10,14,26,26,61,40,89,57,80,42,42,49,71,38,163,16754,820,2010,0,0,0,0
2021-01-29T23:59:59+01:00,308,341,780,1138,858,1616,1134,2531,1192,1781,759,735,988,1655,679,2261,11,6,13,26,26,59,38,88,56,80,41,41,49,71,38,163,16747,806,2009,0,0,0,0
2021-01-28T23:59:59+01:00,304,334,764,1113,823,1559,1095,2468,1121,1731,718,724,959,1628,669,2245,4,0,3,9,11,21,17,42,19,39,20,21,23,46,16,97,16570,388,1685,0,0,0,0
2021-01-27T23:59:59+01:00,298,327,735,1075,777,1500,1034,2392,1052,1655,686,696,948,1610,667,2238,3,0,3,6,8,17,12,27,13,28,5,7,10,9,5,25,16127,178,1563,0,0,0,0
2021-01-26T23:59:59+01:00,272,313,720,1051,767,1452,1013,2313,1028,1595,673,685,927,1592,657,2221,3,0,1,6,6,7,11,11,5,12,3,3,6,6,2,16,16077,98,1202,0,0,0,0
2021-01-25T23:59:59+01:00,238,293,663,969,713,1333,971,2160,968,1473,629,632,848,1489,620,2159,3,0,1,6,6,7,11,11,5,12,3,3,6,6,2,16,15853,98,305,0,0,0,0
2021-01-24T23:59:59+01:00,219,282,638,962,696,1318,951,2144,956,1463,621,626,839,1469,611,2147,3,0,1,6,5,7,11,11,4,12,3,3,6,6,2,16,15681,96,261,0,0,0,0
2021-01-23T23:59:59+01:00,219,282,638,962,696,1318,951,2144,956,1463,621,626,839,1469,611,2147,3,0,1,6,5,7,10,11,4,12,3,3,6,6,2,16,15681,95,261,0,0,0,0
2021-01-22T23:59:59+01:00,167,263,585,953,675,1304,921,2132,945,1455,616,625,839,1469,611,2147,3,0,0,6,5,7,10,11,4,12,3,3,6,6,2,16,15446,94,261,0,0,0,0
2021-01-21T23:59:59+01:00,161,252,570,929,653,1264,883,2074,926,1413,609,604,825,1437,606,2132,3,0,0,6,4,7,10,11,4,12,3,3,6,6,2,15,15077,92,261,0,0,0,0
2021-01-20T23:59:59+01:00,152,231,526,861,629,1185,817,1961,893,1350,588,587,808,1415,598,2105,3,0,0,6,4,7,10,11,4,12,3,3,6,6,2,15,14447,92,259,0,0,0,0
2021-01-19T23:59:59+01:00,135,203,447,774,562,1038,731,1765,795,1206,534,523,708,1240,528,1871,3,0,0,6,4,7,10,11,4,12,3,3,6,6,2,15,12868,92,192,0,0,0,0
2021-01-18T23:59:59+01:00,113,164,378,620,469,864,600,1481,672,1032,468,457,631,1067,463,1620,1,0,0,0,0,0,0,0,0,0,0,0,0,1,0,0,11017,2,82,0,0,0,0
2021-01-17T23:59:59+01:00,109,162,374,615,468,857,597,1463,663,1024,465,450,602,1036,449,1576,1,0,0,0,0,0,0,0,0,0,0,0,0,1,0,0,10828,2,82,0,0,0,0
2021-01-16T23:59:59+01:00,109,159,372,607,465,849,586,1449,650,1016,450,436,503,898,389,1491,0,0,0,0,0,0,0,0,0,0,0,0,0,0,0,0,10427,0,2,0,0,0,0
2021-01-15T23:59:59+01:00,107,157,368,605,459,844,580,1440,631,1001,436,420,493,883,382,1470,0,0,0,0,0,0,0,0,0,0,0,0,0,0,0,0,10276,0,0,0,0,0,0
2021-01-14T23:59:59+01:00,83,124,306,498,380,683,468,1181,525,842,358,339,393,725,315,1262,0,0,0,0,0,0,0,0,0,0,0,0,0,0,0,0,8482,0,0,0,0,0,0
2021-01-13T23:59:59+01:00,66,92,219,372,301,515,360,864,396,610,245,239,286,542,235,963,0,0,0,0,0,0,0,0,0,0,0,0,0,0,0,0,6305,0,0,0,0,0,0
2021-01-12T23:59:59+01:00,44,58,132,222,183,310,223,561,251,378,154,146,183,357,164,660,0,0,0,0,0,0,0,0,0,0,0,0,0,0,0,0,4026,0,0,0,0,0,0
2021-01-11T23:59:59+01:00,14,17,45,58,43,91,67,130,77,112,64,56,80,113,48,218,0,0,0,0,0,0,0,0,0,0,0,0,0,0,0,0,1233,0,0,0,0,0,0
2021-01-10T23:59:59+01:00,14,16,33,47,35,73,55,122,70,102,55,52,75,101,45,207,0,0,0,0,0,0,0,0,0,0,0,0,0,0,0,0,1102,0,0,0,0,0,0
2021-01-09T23:59:59+01:00,14,15,30,46,35,73,52,121,69,99,55,51,74,100,43,206,0,0,0,0,0,0,0,0,0,0,0,0,0,0,0,0,1083,0,0,0,0,0,0
2021-01-08T23:59:59+01:00,10,9,30,42,33,69,49,120,68,98,52,46,68,96,40,206,0,0,0,0,0,0,0,0,0,0,0,0,0,0,0,0,1036,0,0,0,0,0,0
2021-01-07T23:59:59+01:00,5,2,10,23,18,35,26,89,32,63,32,27,46,80,27,161,0,0,0,0,0,0,0,0,0,0,0,0,0,0,0,0,676,0,0,0,0,0,0
2021-01-06T23:59:59+01:00,5,0,4,11,13,28,22,50,19,39,26,24,32,55,20,117,0,0,0,0,0,0,0,0,0,0,0,0,0,0,0,0,465,0,0,0,0,0,0
2021-01-05T23:59:59+01:00,5,0,4,11,13,28,22,50,19,39,26,24,32,54,20,117,0,0,0,0,0,0,0,0,0,0,0,0,0,0,0,0,464,0,0,0,0,0,0
2021-01-04T23:59:59+01:00,4,0,1,6,4,7,12,11,4,12,3,3,6,7,2,17,0,0,0,0,0,0,0,0,0,0,0,0,0,0,0,0,99,0,0,0,0,0,0
2021-01-03T23:59:59+01:00,3,0,1,6,4,7,11,11,4,12,3,3,6,7,2,16,0,0,0,0,0,0,0,0,0,0,0,0,0,0,0,0,96,0,0,0,0,0,0
2021-01-02T23:59:59+01:00,3,0,1,6,4,7,10,11,4,12,3,3,6,7,2,16,0,0,0,0,0,0,0,0,0,0,0,0,0,0,0,0,95,0,0,0,0,0,0
2021-01-01T23:59:59+01:00,3,0,0,6,4,7,10,11,4,12,3,3,6,6,2,16,0,0,0,0,0,0,0,0,0,0,0,0,0,0,0,0,93,0,0,0,0,0,0
2020-12-31T23:59:59+01:00,3,0,0,6,4,7,10,11,4,12,3,3,6,6,2,16,0,0,0,0,0,0,0,0,0,0,0,0,0,0,0,0,93,0,0,0,0,0,0
2020-12-30T23:59:59+01:00,3,0,0,6,4,7,10,11,4,12,3,3,6,6,2,16,0,0,0,0,0,0,0,0,0,0,0,0,0,0,0,0,93,0,0,0,0,0,0
2020-12-29T23:59:59+01:00,3,0,0,6,4,7,10,11,4,12,3,3,6,6,2,16,0,0,0,0,0,0,0,0,0,0,0,0,0,0,0,0,93,0,0,0,0,0,0
2020-12-28T23:59:59+01:00,3,0,0,6,4,7,10,11,4,12,3,3,6,6,2,16,0,0,0,0,0,0,0,0,0,0,0,0,0,0,0,0,93,0,0,0,0,0,0
2020-12-27T23:59:59+01:00,1,0,0,0,0,0,0,0,0,0,0,0,1,3,0,7,0,0,0,0,0,0,0,0,0,0,0,0,0,0,0,0,12,0,0,0,0,0,0
