Datum,<15_m,<15_w,15-24_1_m,15-24_1_w,25-34_1_m,25-34_1_w,35-44_1_m,35-44_1_w,45-54_1_m,45-54_1_w,55-64_1_m,55-64_1_w,65-74_1_m,65-74_1_w,75-84_1_m,75-84_1_w,>84_1_m,>84_1_w,<24_2_m,<24_2_w,25-34_2_m,25-34_2_w,35-44_2_m,35-44_2_w,45-54_2_m,45-54_2_w,55-64_2_m,55-64_2_w,65-74_2_m,65-74_2_w,75-84_2_m,75-84_2_w,>84_2_m,>84_2_w,bp_1,bp_2,mo_1,mo_2,az_1,az_2,ja,unb_1,unb_2
2021-09-20T23:59:59+02:00,3174,2875,24442,23512,33765,31279,33988,34027,39516,39926,43105,43246,28291,31491,20061,25225,6122,10379,21769,20799,31377,28461,32024,31604,37363,37445,40980,41128,27153,30225,19275,24061,5841,9774,331144,308805,45336,43566,77805,71313,20075,68,29
2021-09-19T23:59:59+02:00,3169,2874,24435,23507,33757,31272,33981,34021,39511,39913,43096,43245,28290,31490,20061,25223,6122,10379,21763,20796,31373,28453,32022,31603,37355,37438,40972,41127,27153,30225,19274,24060,5841,9774,331072,308755,45336,43565,77804,71313,20070,68,29
2021-09-18T23:59:59+02:00,3169,2874,24435,23507,33757,31272,33981,34021,39511,39913,43096,43245,28290,31490,20061,25223,6122,10379,21763,20796,31373,28451,32019,31603,37355,37438,40972,41127,27153,30225,19274,24059,5841,9774,331072,308750,45336,43564,77804,71313,20070,68,29
2021-09-17T23:59:59+02:00,3143,2836,24333,23398,33657,31173,33907,33954,39442,39859,43061,43218,28276,31482,20059,25217,6120,10377,21686,20723,31308,28389,31960,31558,37316,37405,40953,41113,27145,30210,19272,24052,5841,9773,330429,308309,45295,43545,77803,71313,19921,67,29
2021-09-16T23:59:59+02:00,3092,2789,24223,23269,33563,31070,33843,33852,39396,39798,43010,43168,28251,31462,20043,25206,6117,10370,21588,20627,31232,28323,31893,31498,37294,37350,40923,41076,27134,30190,19265,24044,5839,9772,329627,307737,45257,43538,77803,71307,19771,67,29
2021-09-15T23:59:59+02:00,3068,2776,24182,23220,33532,31025,33829,33821,39366,39770,42992,43150,28241,31451,20037,25200,6116,10368,21551,20584,31202,28279,31869,31475,37262,37316,40899,41050,27120,30181,19258,24036,5838,9768,329295,307384,45243,43537,77802,71305,19740,67,29
2021-09-14T23:59:59+02:00,3030,2744,24081,23078,33395,30886,33748,33737,39310,39720,42941,43100,28223,31434,20028,25192,6112,10363,21466,20502,31113,28193,31805,31415,37215,37273,40855,41024,27109,30161,19249,24028,5836,9765,328505,306869,45209,43529,77801,71301,19543,67,29
2021-09-13T23:59:59+02:00,3012,2724,24031,23026,33352,30830,33718,33686,39284,39690,42911,43076,28217,31422,20023,25191,6111,10360,21416,20459,31073,28144,31777,31383,37191,37252,40842,41002,27103,30155,19245,24024,5835,9764,328135,306580,45192,43515,77801,71300,19472,67,29
2021-09-12T23:59:59+02:00,3008,2717,24026,23018,33348,30827,33708,33680,39279,39687,42908,43074,28215,31420,20022,25190,6111,10359,21401,20451,31064,28127,31758,31375,37185,37245,40836,40996,27098,30154,19243,24021,5835,9762,328070,306462,45192,43515,77800,71299,19471,67,29
2021-09-11T23:59:59+02:00,3006,2716,24024,23016,33346,30825,33706,33679,39279,39685,42907,43074,28212,31418,20022,25190,6111,10359,21396,20450,31063,28124,31758,31375,37185,37244,40835,40995,27096,30154,19243,24021,5835,9762,328049,306445,45192,43515,77800,71299,19470,67,29
2021-09-10T23:59:59+02:00,2964,2671,23891,22889,33225,30712,33605,33603,39205,39603,42860,43034,28196,31401,20017,25182,6110,10357,21280,20350,30956,28034,31668,31320,37121,37204,40789,40962,27088,30144,19237,24011,5833,9761,327316,305911,45173,43497,77800,71298,19172,67,29
2021-09-09T23:59:59+02:00,2916,2632,23716,22739,33122,30586,33511,33503,39135,39535,42820,42987,28169,31383,20008,25176,6108,10355,21161,20218,30860,27938,31591,31227,37058,37149,40740,40913,27064,30128,19228,24003,5828,9758,326456,305163,45149,43477,77797,71295,18942,60,28
2021-09-08T23:59:59+02:00,2895,2602,23678,22690,33091,30546,33495,33476,39115,39515,42805,42972,28163,31374,20005,25171,6107,10355,21128,20186,30829,27920,31575,31203,37041,37126,40730,40900,27057,30121,19222,23998,5827,9757,326147,304932,45143,43473,77797,71294,18911,60,28
2021-09-07T23:59:59+02:00,2842,2548,23527,22548,32974,30440,33419,33391,39060,39453,42762,42938,28146,31356,20002,25166,6106,10352,20992,20051,30715,27836,31498,31139,36994,37075,40691,40872,27040,30095,19216,23987,5826,9755,325404,304283,45120,43453,77796,71288,18652,60,28
2021-09-06T23:59:59+02:00,2819,2534,23496,22504,32943,30407,33398,33371,39040,39440,42746,42923,28143,31352,20000,25164,6105,10349,20951,20008,30685,27809,31477,31113,36975,37057,40677,40860,27032,30087,19214,23978,5823,9753,325141,303984,45104,43445,77795,71287,18636,60,28
2021-09-05T23:59:59+02:00,2808,2531,23488,22498,32942,30402,33397,33366,39037,39437,42742,42917,28141,31348,19998,25163,6104,10348,20938,20000,30676,27803,31474,31109,36972,37055,40672,40857,27027,30085,19212,23974,5822,9753,325076,303909,45103,43445,77795,71286,18635,60,28
2021-09-04T23:59:59+02:00,2808,2531,23485,22498,32941,30402,33397,33364,39036,39436,42741,42916,28141,31348,19998,25163,6104,10348,20936,20000,30676,27802,31473,31107,36971,37055,40671,40857,27027,30085,19212,23974,5822,9753,325071,303901,45103,43445,77795,71286,18630,60,28
2021-09-03T23:59:59+02:00,2785,2496,23411,22424,32873,30334,33358,33321,38992,39407,42711,42904,28133,31335,19997,25161,6102,10347,20887,19942,30629,27763,31440,31072,36943,37030,40642,40845,27019,30077,19210,23972,5821,9753,324589,303559,45075,43437,77791,71278,18578,60,28
2021-09-02T23:59:59+02:00,2755,2464,23305,22328,32817,30246,33304,33266,38955,39373,42673,42872,28113,31324,19993,25147,6100,10344,20812,19883,30576,27703,31405,31043,36905,36993,40612,40816,27009,30065,19207,23961,5821,9753,323999,303147,45044,43421,77789,71273,18489,60,28
2021-09-01T23:59:59+02:00,2734,2450,23283,22292,32789,30215,33284,33238,38929,39352,42660,42857,28104,31316,19988,25145,6100,10344,20771,19842,30548,27677,31385,31021,36886,36977,40595,40800,27000,30056,19206,23955,5821,9753,323749,302887,45033,43417,77788,71273,18452,60,28
2021-08-31T23:59:59+02:00,2689,2407,23164,22187,32710,30116,33230,33179,38883,39311,42634,42832,28093,31310,19982,25141,6099,10341,20684,19749,30476,27619,31338,30977,36846,36945,40567,40776,26991,30045,19200,23950,5821,9751,323176,302473,45002,43402,77787,71267,18285,60,28
2021-08-30T23:59:59+02:00,2667,2383,23112,22144,32670,30076,33207,33142,38854,39293,42614,42814,28088,31304,19975,25133,6098,10337,20560,19650,30382,27526,31281,30926,36813,36917,40547,40742,26976,30032,19199,23941,5821,9749,322844,301778,44987,43394,77787,71262,18235,60,28
2021-08-29T23:59:59+02:00,2636,2353,23030,22080,32610,30021,33163,33113,38808,39257,42584,42793,28079,31297,19972,25128,6098,10336,20456,19583,30315,27478,31244,30893,36772,36887,40522,40723,26963,30021,19198,23936,5821,9749,322398,301348,44971,43371,77785,71252,18146,60,28
2021-08-28T23:59:59+02:00,2630,2351,23030,22080,32608,30021,33161,33113,38805,39256,42583,42793,28078,31297,19972,25128,6098,10336,20455,19582,30311,27477,31244,30890,36769,36885,40522,40723,26963,30021,19198,23936,5821,9749,322385,301336,44970,43370,77785,71252,18142,60,28
2021-08-27T23:59:59+02:00,2630,2351,23025,22076,32604,30021,33160,33111,38803,39254,42579,42793,28077,31297,19972,25128,6097,10336,20450,19580,30299,27475,31243,30888,36767,36884,40520,40723,26963,30021,19198,23935,5821,9749,322371,301319,44970,43370,77785,71249,18130,60,28
2021-08-26T23:59:59+02:00,2548,2267,22842,21870,32478,29882,33045,33007,38716,39165,42515,42725,28052,31264,19959,25110,6096,10330,20178,19312,30157,27309,31105,30765,36658,36789,40438,40650,26921,29979,19179,23911,5815,9748,321170,299809,44950,43347,77784,71233,17909,60,28
2021-08-25T23:59:59+02:00,2542,2259,22822,21844,32468,29863,33031,32992,38705,39151,42505,42720,28047,31262,19952,25104,6093,10328,20130,19271,30118,27279,31084,30729,36632,36756,40419,40634,26908,29966,19176,23902,5814,9747,320989,299444,44950,43346,77784,71232,17907,60,28
2021-08-24T23:59:59+02:00,2524,2248,22784,21802,32441,29821,33012,32959,38696,39131,42487,42706,28041,31251,19947,25096,6092,10327,20092,19228,30084,27239,31063,30693,36618,36735,40399,40617,26902,29956,19172,23899,5814,9743,320705,299154,44940,43340,77784,71227,17878,60,28
2021-08-23T23:59:59+02:00,2504,2216,22713,21731,32377,29764,32976,32928,38655,39100,42456,42693,28025,31242,19944,25085,6092,10325,19970,19105,29966,27161,30998,30645,36569,36692,40357,40588,26890,29943,19166,23889,5814,9737,320268,298422,44929,43315,77781,71222,17790,60,28
2021-08-22T23:59:59+02:00,2495,2207,22679,21698,32358,29746,32959,32920,38639,39084,42451,42684,28021,31237,19939,25085,6092,10324,19931,19067,29931,27128,30967,30609,36548,36676,40338,40566,26882,29939,19163,23886,5814,9735,320101,298134,44922,43312,77780,71213,17757,60,28
2021-08-21T23:59:59+02:00,2476,2194,22625,21649,32319,29709,32935,32896,38625,39062,42434,42674,28014,31229,19937,25082,6092,10323,19829,18970,29860,27072,30933,30566,36514,36634,40314,40545,26871,29930,19158,23882,5812,9735,319859,297632,44909,43297,77778,71207,17671,60,28
2021-08-20T23:59:59+02:00,2438,2154,22537,21546,32244,29627,32873,32849,38577,39022,42391,42646,28007,31215,19933,25067,6091,10319,19658,18845,29733,26968,30857,30507,36454,36590,40268,40508,26856,29910,19149,23874,5811,9731,319282,296819,44886,43275,77775,71189,17535,60,28
2021-08-19T23:59:59+02:00,2350,2086,22375,21411,32113,29507,32783,32766,38476,38944,42320,42592,27981,31182,19926,25055,6086,10310,19399,18639,29529,26819,30740,30398,36334,36494,40166,40422,26829,29880,19138,23858,5807,9726,318353,295551,44866,43245,77775,71163,17212,59,28
2021-08-18T23:59:59+02:00,2341,2077,22349,21389,32092,29487,32762,32744,38448,38926,42307,42576,27966,31172,19920,25050,6086,10308,19345,18580,29490,26785,30715,30367,36305,36473,40142,40390,26812,29868,19133,23846,5802,9722,318097,295116,44866,43245,77775,71161,17205,59,28
2021-08-17T23:59:59+02:00,2324,2061,22322,21361,32074,29458,32737,32720,38436,38914,42283,42557,27961,31160,19915,25045,6086,10308,19302,18527,29457,26744,30671,30340,36277,36438,40114,40366,26790,29853,19126,23829,5798,9718,317856,294711,44866,43242,77775,71157,17168,59,28
2021-08-16T23:59:59+02:00,2288,2044,22256,21317,32035,29412,32713,32698,38412,38894,42252,42540,27952,31153,19913,25035,6086,10307,19095,18384,29315,26629,30593,30252,36230,36385,40074,40324,26770,29837,19119,23810,5792,9716,317511,293713,44866,43236,77773,71156,17100,59,28
2021-08-15T23:59:59+02:00,2261,2022,22201,21260,31991,29372,32689,32665,38384,38875,42233,42527,27945,31148,19906,25028,6085,10307,18978,18267,29158,26500,30511,30169,36162,36334,40017,40268,26751,29813,19110,23801,5789,9715,317181,292786,44858,43219,77771,71148,17032,59,28
2021-08-14T23:59:59+02:00,2255,2019,22175,21244,31979,29355,32685,32659,38376,38870,42227,42524,27944,31147,19905,25027,6085,10306,18865,18174,29097,26435,30476,30122,36138,36303,39996,40254,26743,29807,19107,23800,5788,9712,317091,292249,44855,43200,77771,71144,17008,59,28
2021-08-13T23:59:59+02:00,2238,2008,22130,21208,31942,29331,32649,32632,38360,38856,42217,42514,27942,31143,19902,25024,6084,10306,18609,17915,28917,26277,30361,30028,36085,36234,39951,40218,26727,29795,19102,23791,5785,9708,316861,290879,44850,43186,77769,71134,16949,59,28
2021-08-12T23:59:59+02:00,2201,1971,22044,21115,31871,29256,32596,32582,38313,38813,42180,42480,27925,31124,19895,25014,6082,10306,18303,17600,28661,26053,30216,29901,35990,36141,39875,40149,26691,29749,19082,23769,5783,9705,316294,289129,44838,43131,77766,71088,16813,59,28
2021-08-11T23:59:59+02:00,2199,1966,22025,21098,31854,29234,32581,32566,38305,38804,42169,42464,27917,31121,19892,25010,6081,10302,18247,17543,28623,26007,30167,29864,35968,36104,39838,40116,26679,29723,19075,23759,5783,9703,316116,288647,44838,43128,77766,71085,16811,59,28
2021-08-10T23:59:59+02:00,2191,1945,21998,21061,31822,29212,32567,32546,38280,38778,42151,42457,27911,31113,19891,25007,6080,10298,17725,17091,28450,25850,30071,29773,35799,35981,39788,40074,26655,29700,19068,23743,5779,9702,315878,286942,44833,43099,77764,70835,16776,59,28
2021-08-09T23:59:59+02:00,2167,1931,21946,21011,31766,29167,32534,32517,38255,38757,42138,42433,27900,31104,19890,24998,6079,10296,17253,16632,28315,25745,30016,29719,35754,35935,39754,40039,26646,29686,19063,23737,5779,9700,315508,285459,44828,43080,77763,70822,16733,59,28
2021-08-08T23:59:59+02:00,2152,1914,21893,20967,31721,29132,32500,32492,38231,38749,42118,42413,27893,31100,19884,24994,6079,10293,16909,16287,28203,25661,29960,29646,35706,35897,39733,40013,26634,29673,19054,23728,5777,9695,315199,284216,44827,43059,77762,70815,16680,59,28
2021-08-07T23:59:59+02:00,2107,1871,21760,20884,31638,29065,32426,32431,38175,38697,42085,42385,27884,31073,19879,24985,6077,10291,16400,15833,27901,25377,29731,29461,35528,35740,39593,39903,26577,29610,19035,23699,5774,9691,314572,281579,44795,42937,77756,70726,16533,59,28
2021-08-06T23:59:59+02:00,2097,1861,21710,20847,31597,29032,32391,32412,38149,38677,42073,42369,27878,31064,19875,24985,6077,10291,15370,14852,26753,24484,29439,29229,35279,35542,39278,39662,26533,29564,19025,23689,5773,9688,314341,276579,44791,42915,77756,69923,16440,59,27
2021-08-05T23:59:59+02:00,2058,1832,21602,20761,31539,28955,32333,32356,38091,38626,42028,42332,27861,31045,19866,24972,6075,10288,14479,14105,25732,23706,28725,28715,34748,35108,38962,39416,26465,29485,18993,23655,5770,9678,313791,271699,44768,42862,77755,68424,16249,59,27
2021-08-04T23:59:59+02:00,2037,1813,21529,20708,31492,28883,32301,32314,38055,38602,41994,42304,27849,31029,19861,24959,6073,10284,14109,13764,25327,23398,28511,28491,34605,34982,38865,39323,26426,29440,18970,23632,5765,9673,313333,269253,44762,42834,77755,68382,16180,59,27
2021-08-03T23:59:59+02:00,2028,1797,21502,20682,31475,28868,32288,32304,38045,38588,41978,42292,27839,31023,19857,24952,6072,10282,14025,13673,25248,23322,28443,28433,34557,34935,38814,39283,26400,29413,18958,23620,5762,9667,313127,268522,44758,42833,77754,68356,16176,59,27
2021-08-02T23:59:59+02:00,2018,1776,21457,20646,31432,28847,32261,32273,38019,38573,41965,42277,27830,31011,19857,24944,6071,10278,13821,13464,24539,22772,28163,28212,34407,34823,38734,39220,26373,29381,18950,23616,5762,9665,312844,266101,44755,42819,77754,68131,16125,59,27
2021-08-01T23:59:59+02:00,1998,1760,21406,20598,31379,28807,32235,32253,38000,38554,41943,42260,27824,31004,19854,24935,6071,10277,13650,13305,24237,22518,27922,27994,34315,34714,38664,39148,26357,29362,18944,23610,5762,9663,312540,264398,44749,42807,77753,68108,16059,59,27
2021-07-31T23:59:59+02:00,1973,1730,21324,20520,31312,28771,32180,32215,37963,38526,41920,42239,27820,30996,19849,24931,6071,10277,12704,12277,23716,22075,27576,27640,34005,34417,38232,38805,26286,29277,18918,23566,5757,9657,312125,259358,44737,42772,77751,67535,15946,59,27
2021-07-30T23:59:59+02:00,1948,1711,21303,20498,31280,28752,32165,32197,37957,38519,41912,42231,27815,30993,19848,24931,6070,10277,12617,12200,23385,21787,27292,27427,33785,34254,38071,38671,26262,29259,18916,23558,5757,9655,311943,257923,44736,42764,77751,66978,15919,59,27
2021-07-29T23:59:59+02:00,1879,1642,21070,20261,31141,28606,32063,32087,37864,38430,41819,42171,27787,30968,19835,24912,6063,10269,11987,11665,22254,20945,26250,26589,32802,33560,37686,38380,26180,29158,18887,23511,5751,9646,310739,252302,44709,42673,77743,65219,15618,59,27
2021-07-28T23:59:59+02:00,1859,1627,21030,20211,31121,28577,32048,32065,37843,38411,41796,42150,27776,30956,19830,24902,6063,10267,11708,11364,21843,20562,25814,26159,32638,33407,37575,38289,26143,29107,18868,23488,5750,9641,310424,249377,44708,42673,77731,65159,15612,58,27
2021-07-27T23:59:59+02:00,1849,1621,20989,20169,31097,28544,32014,32049,37822,38377,41772,42136,27769,30949,19829,24897,6063,10264,11459,11150,21641,20372,25673,26037,32526,33301,37486,38205,26111,29068,18858,23476,5747,9637,310185,247898,44708,42637,77730,65084,15530,58,27
2021-07-26T23:59:59+02:00,1823,1586,20863,20045,30991,28444,31955,31985,37767,38309,41729,42104,27744,30931,19818,24883,6057,10261,11165,10823,21134,19930,25425,25828,32364,33148,37354,38117,26076,29034,18845,23453,5746,9629,309427,245600,44677,42523,77725,64879,15409,58,27
2021-07-25T23:59:59+02:00,1816,1577,20841,20033,30981,28434,31944,31970,37760,38301,41719,42094,27740,30929,19817,24881,6057,10260,11060,10716,20983,19822,25191,25635,32126,32938,37211,37984,26058,29020,18839,23445,5745,9626,309312,244340,44667,42508,77717,64466,15401,58,27
2021-07-24T23:59:59+02:00,1796,1562,20760,19959,30938,28396,31909,31934,37734,38273,41696,42082,27733,30923,19814,24879,6057,10260,10997,10661,20903,19760,25119,25574,32073,32907,37182,37963,26052,29015,18837,23443,5745,9626,308968,243967,44656,42485,77713,64399,15311,58,27
2021-07-23T23:59:59+02:00,1741,1527,20568,19815,30773,28282,31821,31862,37665,38221,41656,42039,27722,30905,19809,24873,6056,10255,10740,10457,20537,19453,24313,24928,31589,32576,36615,37506,26009,28973,18821,23426,5744,9624,308134,241090,44647,42439,77695,63008,15057,58,26
2021-07-22T23:59:59+02:00,1676,1470,20257,19541,30530,28097,31690,31746,37533,38114,41557,41956,27696,30881,19798,24849,6052,10254,10280,10081,19792,18943,23355,24259,30880,31987,35580,36744,25898,28874,18788,23393,5742,9620,306645,237486,44611,41772,77689,60482,14695,58,26
2021-07-21T23:59:59+02:00,1661,1462,20218,19491,30500,28067,31666,31723,37513,38089,41537,41933,27687,30873,19793,24843,6047,10250,9969,9746,19331,18489,22481,23493,30544,31652,35345,36546,25815,28777,18757,23340,5734,9610,306318,234733,44603,40080,77687,60309,14688,58,25
2021-07-20T23:59:59+02:00,1655,1456,20184,19464,30472,28042,31641,31704,37496,38072,41525,41919,27672,30858,19793,24836,6047,10247,9700,9467,18999,18220,22211,23206,30368,31496,35180,36402,25769,28731,18741,23305,5733,9606,306063,232337,44601,40071,77686,60208,14676,58,25
2021-07-19T23:59:59+02:00,1644,1448,20072,19376,30390,27970,31583,31651,37477,38053,41510,41900,27667,30847,19787,24829,6046,10244,9500,9270,18684,17944,21747,22787,30114,31264,35060,36300,25735,28692,18723,23289,5733,9603,305489,230704,44595,39127,77685,60093,14668,58,25
2021-07-18T23:59:59+02:00,1633,1442,20004,19310,30263,27870,31517,31586,37415,38001,41468,41848,27646,30816,19778,24814,6042,10241,9390,9155,18516,17791,21556,22597,29946,31066,34946,36199,25703,28668,18712,23272,5733,9597,304700,229442,44595,38827,77683,60052,14659,58,25
2021-07-17T23:59:59+02:00,1632,1438,19997,19308,30263,27867,31517,31582,37410,37999,41464,41846,27645,30815,19777,24814,6042,10241,9369,9140,18483,17769,21537,22584,29936,31059,34927,36195,25700,28666,18712,23271,5733,9597,304667,229287,44595,38824,77683,60041,14655,58,25
2021-07-16T23:59:59+02:00,1579,1393,19722,19060,30138,27770,31433,31509,37353,37936,41423,41814,27626,30798,19770,24804,6040,10235,9251,9025,18108,17466,21232,22310,29545,30703,34792,36089,25676,28642,18705,23258,5731,9595,303666,228019,44573,38102,77681,59708,14426,58,24
2021-07-15T23:59:59+02:00,1521,1350,19460,18811,29956,27624,31325,31410,37269,37853,41353,41746,27583,30768,19754,24790,6036,10232,8886,8721,17190,16632,19685,21082,28626,29779,34170,35509,25508,28459,18650,23209,5725,9582,302384,221897,44531,36646,77673,58780,14196,58,24
2021-07-14T23:59:59+02:00,1507,1337,19431,18775,29933,27598,31300,31378,37256,37840,41333,41739,27575,30761,19745,24783,6035,10228,8599,8423,16637,16032,19191,20562,28060,29280,33778,35132,25396,28330,18611,23143,5720,9571,302105,217726,44528,36288,77670,58350,14194,58,24
2021-07-13T23:59:59+02:00,1495,1327,19394,18750,29915,27574,31277,31363,37241,37812,41309,41711,27566,30747,19743,24778,6034,10222,8292,8162,16237,15677,18917,20284,27797,29031,33506,34875,25297,28210,18578,23102,5718,9566,301819,215021,44527,36253,77669,57858,14186,58,24
2021-07-12T23:59:59+02:00,1479,1317,19347,18733,29881,27545,31260,31342,37229,37795,41292,41696,27563,30743,19741,24772,6033,10222,8032,7945,15957,15400,18214,19736,27484,28711,33091,34513,25129,28015,18518,23027,5712,9561,301561,213739,44526,34313,77669,56879,14177,58,24
2021-07-11T23:59:59+02:00,1469,1309,19315,18702,29851,27514,31244,31311,37221,37774,41278,41684,27554,30734,19739,24772,6032,10221,7988,7898,15892,15329,18126,19682,27400,28649,32979,34451,25075,27970,18498,23005,5712,9558,301308,213165,44523,34302,77667,56636,14169,58,24
2021-07-10T23:59:59+02:00,1340,1192,18809,18284,29408,27221,30956,31077,36974,37615,41077,41533,27480,30674,19713,24740,6029,10218,7857,7828,15609,15194,17905,19530,27158,28509,32812,34334,25009,27924,18482,22992,5711,9558,299107,212743,44384,34180,77638,56394,13154,58,24
2021-07-09T23:59:59+02:00,1329,1186,18781,18253,29386,27204,30944,31064,36963,37603,41066,41525,27476,30670,19711,24736,6029,10217,7815,7780,15539,15128,17840,19436,26937,28279,32563,34121,24945,27861,18460,22966,5711,9555,298961,212461,44365,34177,77637,55229,13123,58,24
2021-07-08T23:59:59+02:00,1251,1104,18513,18037,29237,27052,30806,30946,36860,37501,40967,41447,27441,30635,19692,24717,6024,10211,7647,7644,15241,14881,17409,19075,26242,27677,32291,33854,24776,27704,18401,22904,5708,9547,297685,211325,44311,32751,77629,54211,12759,58,24
2021-07-07T23:59:59+02:00,1152,1012,18202,17712,29036,26868,30674,30822,36747,37381,40861,41361,27407,30587,19678,24700,6021,10208,7450,7433,14800,14513,16943,18632,25486,27065,31883,33474,24510,27380,18306,22809,5699,9538,296106,208402,44260,31913,77618,53252,12388,58,24
2021-07-06T23:59:59+02:00,1129,996,18124,17646,28991,26818,30623,30774,36711,37346,40825,41328,27390,30561,19667,24686,6019,10205,7234,7200,14455,14155,16590,18282,24734,26417,31584,33210,24320,27165,18258,22738,5692,9531,295525,206337,44257,30507,77615,52356,12385,58,24
2021-07-05T23:59:59+02:00,1086,968,18050,17582,28948,26762,30584,30739,36685,37301,40797,41302,27384,30547,19661,24680,6019,10200,7005,7010,14152,13882,16238,17916,24181,25907,31015,32642,24040,26866,18150,22598,5684,9521,295038,204842,44255,28405,77611,51223,12334,58,24
2021-07-04T23:59:59+02:00,1064,952,17979,17533,28909,26741,30562,30710,36675,37291,40782,41290,27378,30536,19656,24677,6019,10199,6979,6993,14098,13836,16163,17858,24097,25851,30862,32551,23947,26777,18118,22557,5682,9517,294721,204451,44254,28396,77600,50715,12321,58,24
2021-07-03T23:59:59+02:00,648,579,16245,15811,27735,25815,29762,29991,36033,36680,40280,40859,27220,30368,19588,24590,6010,10182,6593,6753,13582,13533,15761,17554,23736,25574,30556,32355,23850,26682,18084,22517,5678,9513,287192,204159,44215,28319,77516,50424,9416,58,24
2021-07-02T23:59:59+02:00,609,540,16113,15665,27574,25667,29682,29931,36002,36652,40261,40846,27214,30359,19585,24587,6010,10182,6545,6682,13508,13432,15673,17423,23593,25391,30402,32190,23657,26470,17995,22439,5676,9510,286283,203476,44215,28160,77514,49537,9410,58,24
2021-07-01T23:59:59+02:00,551,492,15935,15510,27357,25513,29604,29853,35947,36601,40195,40800,27193,30340,19574,24575,6008,10178,6405,6553,13166,13159,15144,16981,22327,24402,29638,31506,23376,26182,17876,22305,5669,9494,285090,199940,44210,26484,77501,48389,9368,58,22
2021-06-30T23:59:59+02:00,521,472,15831,15403,27245,25428,29536,29780,35891,36550,40152,40764,27178,30309,19563,24558,6004,10178,6210,6374,12735,12774,14576,16433,21702,23805,29041,30973,22954,25713,17744,22121,5662,9482,284263,195682,44207,26460,77495,46811,9341,58,22
2021-06-29T23:59:59+02:00,464,422,15068,14734,26982,25204,29441,29679,35812,36469,40084,40717,27159,30284,19555,24545,6004,10176,6098,6247,12474,12511,14180,16036,20910,23184,28457,30419,22505,25187,17591,21947,5654,9472,281753,192525,44206,25950,77486,45093,9297,58,22
2021-06-28T23:59:59+02:00,428,391,14439,14093,26825,25098,29366,29613,35754,36404,40040,40683,27141,30263,19547,24534,6004,10172,6031,6152,12295,12372,13992,15859,20290,22632,28056,30045,22168,24828,17462,21784,5649,9467,279813,190841,44202,25290,77480,43700,9243,58,22
2021-06-27T23:59:59+02:00,351,324,14092,13715,26761,25038,29326,29577,35732,36381,40021,40669,27130,30256,19544,24530,6003,10171,5994,6109,12181,12256,13845,15729,19737,22154,27445,29546,21891,24490,17341,21661,5645,9466,278689,190005,44197,23765,77468,42502,9210,58,22
2021-06-26T23:59:59+02:00,350,323,14081,13704,26745,25027,29320,29571,35726,36380,40018,40668,27129,30255,19544,24530,6003,10171,5989,6106,12170,12253,13839,15726,19724,22143,27400,29511,21746,24360,17301,21605,5644,9464,278616,189980,44195,23761,77468,42023,9209,58,22
2021-06-25T23:59:59+02:00,226,210,12814,12484,25277,23881,29018,29337,35620,36297,39951,40606,27105,30228,19533,24518,6000,10169,5946,6059,12074,12173,13697,15604,19414,21904,27015,29152,21423,23966,17127,21408,5641,9455,272375,188756,44191,23478,77447,40612,9204,58,22
2021-06-24T23:59:59+02:00,161,156,11839,11653,24164,22998,28651,28985,35470,36130,39833,40501,27066,30178,19522,24494,5998,10165,5729,5827,11615,11757,13118,15012,17877,20505,25367,27554,20653,23105,16809,21000,5631,9445,267125,183771,44171,19853,77442,38201,9170,57,22
2021-06-23T23:59:59+02:00,125,130,11477,11328,23661,22625,28403,28742,35291,36002,39743,40412,27036,30151,19514,24457,5996,10153,5655,5714,11402,11542,12818,14661,17487,20093,24618,26786,19858,22354,16615,20747,5623,9429,264498,181417,44164,19237,77437,35648,9091,57,22
2021-06-22T23:59:59+02:00,104,117,11294,11116,23501,22483,28323,28670,35215,35940,39697,40367,27021,30126,19506,24448,5996,10152,5546,5593,11135,11281,12451,14290,16885,19496,23885,26019,19478,21930,16452,20568,5616,9413,263350,178386,44161,18368,77435,34198,9074,57,22
2021-06-21T23:59:59+02:00,91,105,11042,10930,22665,21810,28068,28442,35149,35876,39633,40324,27003,30107,19500,24438,5996,10151,5427,5489,10920,11060,12144,13968,16492,19150,23436,25552,19188,21616,16347,20448,5610,9411,260747,176925,44151,17350,77426,33020,8950,57,22
2021-06-20T23:59:59+02:00,85,104,10978,10838,22414,21593,27810,28241,35069,35798,39588,40280,26993,30092,19498,24433,5994,10148,5386,5435,10832,10959,12048,13865,16295,18966,23165,25311,19087,21509,16294,20390,5604,9407,259459,176616,44149,16282,77420,32770,8871,57,22
2021-06-19T23:59:59+02:00,84,100,10954,10813,22381,21569,27792,28228,35057,35794,39578,40276,26992,30091,19498,24431,5994,10148,5355,5403,10750,10869,11956,13744,16147,18814,22858,24949,19000,21422,16282,20377,5603,9407,259305,176512,44127,14782,77420,32757,8871,57,22
2021-06-18T23:59:59+02:00,81,98,10905,10762,22061,21247,27527,28012,35002,35757,39547,40254,26983,30082,19497,24428,5994,10146,5340,5394,10719,10838,11916,13695,16085,18751,22773,24853,18834,21241,16237,20311,5602,9402,257911,176113,44125,14781,77419,32212,8871,57,22
2021-06-17T23:59:59+02:00,72,90,10325,10330,20786,20286,26664,27276,34632,35433,39288,40061,26919,30000,19476,24391,5987,10141,5141,5253,10344,10584,11471,13293,15404,18139,21405,23538,18378,20754,16074,20139,5598,9387,252122,170812,44105,14208,77407,31402,8466,57,22
2021-06-16T23:59:59+02:00,64,78,9987,10017,20104,19654,26026,26673,34383,35231,39126,39909,26873,29947,19452,24366,5986,10137,4997,5108,9954,10248,11011,12840,14700,17448,20554,22604,17975,20307,15904,19926,5588,9375,248275,167028,44089,12936,77393,30362,8199,57,22
2021-06-15T23:59:59+02:00,49,72,9742,9775,19807,19404,25803,26476,34253,35124,39028,39829,26841,29910,19445,24351,5981,10133,4891,4996,9714,10030,10776,12580,14276,17020,19955,22025,17651,19915,15681,19696,5579,9364,246500,164943,44077,11842,77387,29349,8002,57,21
2021-06-14T23:59:59+02:00,45,67,9609,9650,19507,19143,25627,26333,34132,35044,38966,39790,26823,29890,19439,24340,5981,10130,4810,4933,9523,9891,10602,12444,14013,16803,19637,21729,17482,19753,15579,19563,5578,9360,245300,163482,44075,11840,77383,28664,7701,57,21
2021-06-13T23:59:59+02:00,43,63,9449,9521,19216,18957,25275,26079,33931,34876,38860,39723,26807,29878,19429,24332,5981,10127,4726,4865,9311,9716,10435,12269,13687,16457,19289,21398,17355,19604,15532,19496,5576,9358,243654,162621,44075,11840,77379,27217,7382,57,21
2021-06-12T23:59:59+02:00,43,63,9440,9507,19203,18943,25275,26074,33931,34871,38857,39722,26807,29878,19429,24332,5981,10127,4723,4851,9301,9655,10403,12167,13638,16303,19234,21262,17246,19479,15415,19394,5574,9356,243608,162593,44075,11838,77372,26185,7371,57,21
2021-06-11T23:59:59+02:00,38,59,9281,9324,18969,18730,24474,25398,33751,34715,38722,39609,26774,29844,19418,24308,5981,10122,4643,4736,9080,9399,10143,11867,13117,15752,18258,20368,17060,19282,15375,19349,5571,9353,240678,158565,44073,11837,77368,25596,7341,57,21
2021-06-10T23:59:59+02:00,36,55,8887,8990,18317,18236,23621,24719,33430,34434,38517,39443,26715,29788,19394,24280,5978,10115,4468,4559,8498,8904,9335,11146,11968,14646,16267,18453,16169,18318,15090,18982,5562,9331,237041,148880,43412,11804,77342,23895,7104,56,20
2021-06-09T23:59:59+02:00,19,36,8438,8483,17479,17506,22469,23674,32940,33965,38230,39223,26602,29683,19346,24222,5968,10102,4332,4442,8209,8638,9090,10892,11635,14278,15780,17905,15797,17887,14849,18697,5555,9321,233030,147050,41517,11762,77301,21978,6504,33,20
2021-06-08T23:59:59+02:00,11,24,8119,8166,17008,17087,22048,23307,32695,33772,38067,39091,26557,29643,19336,24199,5965,10097,4212,4359,7955,8383,8785,10546,11276,13931,15137,17201,15339,17362,14587,18419,5550,9303,230296,145342,41484,10636,77289,20264,6090,33,20
2021-06-07T23:59:59+02:00,8,20,7921,7934,16650,16761,21504,22850,32413,33501,37949,38973,26528,29595,19316,24169,5960,10096,4135,4279,7774,8239,8625,10403,11105,13759,14823,16873,15139,17105,14411,18228,5546,9298,228669,144257,40508,10543,77267,19257,5672,32,20
2021-06-06T23:59:59+02:00,6,17,7813,7825,16515,16614,21309,22641,32186,33277,37813,38867,26501,29570,19303,24153,5960,10090,4106,4244,7726,8121,8571,10272,10998,13612,14627,16654,14954,16925,14322,18107,5539,9292,227433,143769,40208,10533,77249,18217,5538,32,20
2021-06-05T23:59:59+02:00,6,17,7791,7811,16486,16587,21301,22638,32176,33271,37810,38866,26500,29570,19302,24152,5960,10090,4097,4205,7711,8056,8557,10139,10984,13441,14608,16549,14917,16870,14313,18097,5539,9291,227323,143688,40208,10533,77248,17617,5523,32,20
2021-06-04T23:59:59+02:00,6,15,7677,7708,16208,16349,21024,22390,31752,32897,37695,38745,26467,29530,19290,24139,5958,10088,4090,4196,7685,8033,8531,10108,10917,13368,14503,16418,14835,16777,14276,18053,5539,9289,225722,143352,39432,10204,77229,17526,5523,32,20
2021-06-03T23:59:59+02:00,4,15,7418,7480,15330,15561,19389,20996,30839,31966,37189,38284,26334,29393,19246,24088,5952,10069,4029,4157,7596,7959,8408,10009,10747,13187,13931,15847,14570,16461,14190,17944,5536,9277,219079,141129,37850,10085,77218,17247,5374,32,20
2021-06-02T23:59:59+02:00,4,15,7283,7336,14944,15132,18957,20593,30369,31511,36963,38019,26270,29329,19226,24059,5949,10067,3999,4127,7531,7871,8320,9915,10606,13056,13483,15412,14446,16278,14162,17906,5533,9272,215988,139328,37419,9991,77217,17215,5370,32,20
2021-06-01T23:59:59+02:00,4,12,7007,7091,14543,14820,18611,20275,30041,31200,36739,37785,26214,29248,19202,24029,5947,10056,3897,4041,7288,7694,8087,9722,10339,12780,13078,14988,14012,15824,14045,17752,5526,9264,213232,137194,37374,9736,77196,16404,4990,32,20
2021-05-31T23:59:59+02:00,4,12,6843,6901,14324,14586,17907,19672,29700,30858,36442,37521,26123,29151,19174,23975,5937,10043,3818,3929,7079,7444,7864,9435,9995,12397,12637,14468,13483,15210,13842,17518,5518,9249,211799,134002,35322,9412,77179,15618,4841,32,20
2021-05-30T23:59:59+02:00,4,12,6820,6886,14278,14547,17830,19613,29650,30820,36410,37495,26111,29139,19171,23969,5936,10041,3774,3855,6922,7229,7716,9199,9788,12076,12379,14113,13361,15040,13772,17436,5515,9242,211503,133266,35310,9311,77121,14061,4766,32,20
2021-05-29T23:59:59+02:00,4,12,6818,6885,14269,14541,17825,19607,29645,30816,36407,37494,26109,29136,19171,23968,5936,10041,3765,3842,6893,7196,7683,9147,9752,12029,12306,14015,13320,14971,13742,17412,5514,9237,211471,133127,35310,9310,77106,13609,4765,32,20
2021-05-28T23:59:59+02:00,4,12,6808,6873,14253,14524,17808,19585,29632,30803,36395,37475,26106,29131,19168,23964,5936,10041,3751,3819,6872,7156,7649,9093,9699,11925,12065,13745,13129,14779,13712,17371,5511,9234,211310,131833,35309,9309,77103,13590,4764,32,20
2021-05-27T23:59:59+02:00,4,12,6717,6791,13985,14306,17321,19236,28951,30259,36235,37340,26056,29093,19152,23947,5935,10035,3626,3659,6585,6904,7272,8786,9201,11366,11355,12850,12577,14209,13582,17179,5503,9222,210210,128316,33865,8977,77061,12362,4207,32,20
2021-05-26T23:59:59+02:00,4,12,6646,6683,13770,14103,17068,18927,28404,29746,36056,37161,26015,29043,19135,23918,5934,10028,3534,3515,6360,6615,6984,8360,8858,10887,10700,12049,12013,13591,13435,16963,5498,9200,208588,124693,33111,8794,77046,11185,3876,32,20
2021-05-25T23:59:59+02:00,4,12,6565,6588,13565,13882,16804,18715,27678,29098,35963,37064,25991,29012,19123,23902,5929,10027,3485,3424,6215,6446,6838,8170,8632,10596,10353,11683,11667,13114,13330,16802,5495,9192,207871,122849,31655,8656,76561,10119,3804,31,20
2021-05-24T23:59:59+02:00,4,12,6495,6491,13388,13680,16581,18432,27265,28669,35617,36662,25934,28944,19104,23878,5928,10025,3471,3402,6157,6364,6792,8086,8573,10501,10280,11586,11491,12881,13282,16710,5487,9172,207336,122220,29423,8609,76554,9627,3765,31,20
2021-05-23T23:59:59+02:00,4,12,6493,6490,13383,13671,16578,18422,27246,28659,35587,36628,25931,28937,19104,23872,5928,10025,3466,3398,6151,6354,6782,8079,8545,10470,10240,11529,11408,12780,13262,16679,5487,9171,207221,122208,29406,8197,76553,9620,3759,31,20
2021-05-22T23:59:59+02:00,4,12,6486,6486,13376,13660,16571,18418,27243,28658,35584,36622,25931,28937,19104,23872,5928,10025,3465,3398,6148,6351,6781,8075,8541,10468,10235,11526,11397,12766,13257,16675,5486,9171,207171,122168,29406,8197,76550,9599,3759,31,20
2021-05-21T23:59:59+02:00,4,12,6424,6426,13223,13554,16397,18268,26971,28480,35152,36354,25905,28899,19096,23866,5927,10021,3456,3388,6114,6330,6750,8041,8502,10419,10181,11476,10879,12053,13116,16515,5483,9166,206481,120407,29281,8194,75499,9564,3687,31,20
2021-05-20T23:59:59+02:00,3,11,6131,6225,12612,13136,15200,17345,25055,26978,34197,35582,25800,28754,19042,23784,5921,10006,3396,3343,6020,6213,6637,7885,8354,10258,9943,11168,10539,11594,13003,16332,5473,9153,201705,118401,27535,8113,72954,9222,3558,30,20
2021-05-19T23:59:59+02:00,3,11,5924,5984,12098,12676,14490,16637,24107,26161,33570,34979,25687,28663,19007,23724,5913,9994,3319,3268,5858,6043,6444,7644,8078,9976,9639,10787,10227,11179,12924,16187,5471,9145,195993,116485,27496,7917,72939,8600,3170,30,20
2021-05-18T23:59:59+02:00,3,10,5754,5874,11698,12353,13866,16137,22950,25213,32901,34371,25571,28527,18959,23670,5908,9985,3275,3236,5745,5932,6279,7485,7872,9757,9441,10547,10057,10928,12778,15965,5462,9136,191029,115331,26989,7849,72894,7890,2808,30,20
2021-05-17T23:59:59+02:00,3,9,5701,5829,11535,12246,13593,15915,22133,24576,32588,34055,25490,28467,18937,23640,5899,9976,3158,3160,5554,5747,6104,7269,7662,9528,9216,10301,9966,10804,12720,15901,5459,9131,189254,114571,26287,7841,72500,6730,2521,30,20
2021-05-16T23:59:59+02:00,3,9,5673,5809,11474,12188,13508,15835,21522,24025,31973,33525,25449,28423,18927,23625,5898,9976,3153,3136,5540,5677,6076,7209,7634,9428,9184,10217,9950,10785,12717,15898,5459,9131,188485,114459,24739,7834,72079,6376,2509,30,19
2021-05-15T23:59:59+02:00,3,9,5664,5799,11441,12179,13479,15825,21447,23954,31432,33149,25438,28418,18926,23622,5897,9975,3139,3121,5521,5634,6062,7133,7594,9313,8945,9963,9917,10754,12683,15847,5459,9130,188435,114454,24726,7696,71427,6010,2039,30,19
2021-05-14T23:59:59+02:00,3,9,5624,5774,11379,12141,13407,15760,21036,23642,31001,32802,25402,28372,18915,23605,5897,9973,3107,3081,5485,5545,6041,6997,7554,9111,8885,9768,9844,10644,12596,15719,5459,9127,187712,114285,24407,7361,70555,5263,2038,30,19
2021-05-13T23:59:59+02:00,3,9,5466,5615,10996,11845,12693,15171,18846,21893,29450,31331,25172,28127,18847,23533,5895,9970,3095,3046,5460,5506,6024,6939,7530,9040,8841,9708,9627,10400,12397,15414,5454,9116,183744,113925,20600,6540,68465,5093,2023,30,19
2021-05-12T23:59:59+02:00,2,9,5437,5588,10924,11787,12591,15083,18724,21769,29087,30966,25079,28032,18830,23503,5894,9965,3095,3042,5454,5500,6014,6925,7505,9025,8802,9654,9438,10168,12165,15091,5451,9109,182794,113641,19962,5671,68462,5087,2023,29,19
2021-05-11T23:59:59+02:00,2,9,5300,5484,10676,11537,12225,14710,18112,21132,28154,29994,24886,27843,18770,23426,5889,9950,3053,3001,5365,5344,5914,6740,7375,8782,8640,9431,9255,9971,12016,14901,5442,9091,178711,112593,19067,5562,68329,4187,1963,29,19
2021-05-10T23:59:59+02:00,2,8,5177,5406,10463,11342,11966,14454,17786,20797,27734,29586,24777,27735,18731,23379,5881,9946,2985,2947,5247,5226,5799,6636,7251,8639,8512,9324,9151,9847,11926,14773,5439,9083,176708,112064,18374,5550,68103,3199,1956,29,19
2021-05-09T23:59:59+02:00,2,8,5103,5358,10362,11228,11866,14335,17446,20513,27343,29209,24691,27648,18702,23343,5878,9943,2916,2916,5099,5182,5622,6593,7081,8610,8383,9288,9139,9837,11908,14753,5439,9083,176313,111988,17088,5540,67607,2364,1941,29,19
2021-05-08T23:59:59+02:00,2,8,5102,5357,10360,11224,11866,14335,17442,20511,27340,29206,24691,27648,18702,23343,5878,9943,2916,2915,5098,5182,5622,6593,7081,8610,8380,9288,9138,9836,11908,14753,5439,9083,176296,111985,17088,5540,67604,2360,1941,29,19
2021-05-07T23:59:59+02:00,2,8,5068,5331,10290,11171,11737,14211,17041,20236,26703,28648,24642,27597,18685,23309,5871,9914,2906,2908,5082,5173,5611,6577,7069,8599,8372,9277,9132,9828,11897,14731,5431,9056,175460,111970,17085,5534,66078,2317,1812,29,19
2021-05-06T23:59:59+02:00,1,8,4797,5169,9827,10826,11175,13690,15952,19210,24293,26352,24143,27069,18579,23206,5866,9900,2863,2863,5015,5097,5571,6486,6983,8479,8242,9127,9032,9716,11873,14680,5428,9053,170420,111428,14631,5478,63184,1785,1801,27,19
2021-05-05T23:59:59+02:00,1,8,4719,5091,9533,10596,10833,13364,15371,18603,23449,25385,23882,26744,18510,23100,5856,9882,2843,2826,4965,5012,5512,6365,6899,8314,8118,8911,8925,9585,11795,14594,5427,9045,166750,110486,13318,5472,63034,1363,1798,27,19
2021-05-04T23:59:59+02:00,1,8,4634,4999,9359,10389,10620,13120,14983,18203,22904,24819,23668,26468,18438,23018,5848,9868,2834,2792,4937,4935,5479,6245,6845,8172,8025,8755,8821,9473,11719,14535,5425,9042,164484,109984,12190,5461,62869,795,1777,27,19
2021-05-03T23:59:59+02:00,1,8,4561,4925,9166,10252,10443,12944,14700,17956,22495,24404,23529,26318,18410,22970,5848,9862,2757,2722,4849,4861,5403,6159,6748,8066,7843,8589,8734,9386,11680,14486,5422,9037,162977,109760,12189,5458,62777,685,822,27,19
2021-05-02T23:59:59+02:00,1,8,4548,4911,9089,10194,10317,12832,14373,17649,22190,24117,23479,26258,18391,22945,5847,9861,2751,2715,4789,4827,5312,6075,6610,7937,7724,8488,8688,9345,11656,14452,5420,9032,162088,109644,12186,5456,62673,668,36,27,19
2021-05-01T23:59:59+02:00,1,8,4548,4909,9087,10193,10316,12832,14369,17646,22188,24117,23478,26257,18391,22945,5847,9861,2751,2715,4789,4827,5312,6075,6609,7937,7724,8488,8688,9345,11656,14452,5420,9032,162071,109644,12186,5455,62673,668,36,27,19
2021-04-30T23:59:59+02:00,0,8,4474,4818,8844,9979,10054,12589,13887,17218,21347,23348,23352,26121,18375,22915,5844,9858,2747,2713,4778,4819,5303,6041,6597,7906,7690,8450,8684,9342,11655,14449,5418,9031,158473,109615,12185,5453,62344,536,2,27,19
2021-04-29T23:59:59+02:00,0,8,4325,4674,8359,9566,9350,11985,12883,16316,19501,21666,22644,25359,18236,22704,5838,9841,2724,2692,4736,4747,5259,5965,6534,7799,7609,8332,8573,9226,11589,14373,5412,9022,149263,109118,12171,5179,61793,276,2,26,19
2021-04-28T23:59:59+02:00,0,8,4292,4655,8288,9492,9274,11898,12764,16196,19283,21452,22555,25267,18208,22663,5836,9836,2721,2681,4710,4687,5231,5921,6503,7725,7561,8250,8556,9202,11572,14350,5409,9016,148879,108921,12081,5107,60980,50,1,26,18
2021-04-27T23:59:59+02:00,0,8,4252,4609,8150,9352,9161,11747,12618,16027,18832,20955,22325,25009,18142,22585,5833,9827,2718,2677,4708,4683,5221,5913,6490,7706,7527,8213,8498,9123,11491,14268,5405,9012,148151,108663,10996,4934,60258,42,1,26,15
2021-04-26T23:59:59+02:00,0,8,4210,4581,8044,9257,9014,11642,12444,15853,18419,20591,22191,24862,18106,22553,5832,9825,2718,2675,4704,4678,5216,5904,6476,7686,7492,8185,8450,9075,11435,14189,5401,8995,147373,108553,10861,4676,59172,37,0,26,15
2021-04-25T23:59:59+02:00,0,8,4196,4565,8008,9227,8949,11579,12309,15723,18074,20260,21991,24624,18066,22498,5828,9820,2718,2675,4703,4677,5214,5900,6471,7683,7490,8181,8394,9016,11411,14161,5401,8993,145987,108531,10850,4508,58862,36,0,26,15
2021-04-24T23:59:59+02:00,0,8,4190,4557,7993,9223,8934,11569,12261,15693,18015,20222,21975,24611,18064,22493,5828,9820,2717,2675,4703,4677,5214,5900,6471,7683,7490,8181,8394,9014,11411,14161,5401,8993,145891,108531,10850,4508,58689,35,0,26,13
2021-04-23T23:59:59+02:00,0,8,4170,4524,7936,9160,8849,11467,11918,15367,17581,19823,21761,24378,18000,22416,5826,9812,2714,2673,4700,4674,5208,5892,6457,7674,7467,8150,8373,8987,11403,14153,5399,8990,144622,108519,10501,4350,57847,34,0,26,13
2021-04-22T23:59:59+02:00,0,8,4121,4459,7804,8969,8662,11207,11591,14947,16667,18837,21186,23666,17864,22234,5816,9793,2705,2667,4694,4652,5185,5865,6413,7638,7392,8102,8240,8829,11259,14002,5394,8981,140882,107898,10370,4083,56555,26,0,24,13
2021-04-21T23:59:59+02:00,0,8,4079,4416,7701,8848,8506,11047,11294,14667,15929,18074,20807,23218,17792,22128,5811,9780,2697,2656,4676,4631,5169,5844,6401,7620,7364,8080,8190,8768,11221,13963,5392,8979,137955,107615,10240,4002,55890,24,0,20,12
2021-04-20T23:59:59+02:00,0,8,4054,4389,7666,8796,8429,10967,11131,14492,15494,17597,20343,22700,17691,21975,5803,9769,2689,2647,4666,4618,5144,5824,6373,7596,7324,8040,8096,8636,11145,13876,5388,8975,135802,107042,9974,3962,55508,23,0,20,12
2021-04-19T23:59:59+02:00,0,8,4023,4338,7604,8691,8337,10827,10973,14309,15241,17303,19864,22134,17525,21760,5792,9757,2684,2646,4660,4614,5131,5809,6354,7579,7298,7996,8043,8582,11119,13830,5385,8970,133732,106708,9620,3959,55114,23,0,20,12
2021-04-18T23:59:59+02:00,0,5,4003,4309,7544,8640,8231,10700,10714,14066,14749,16764,19434,21621,17403,21573,5788,9751,2683,2646,4660,4614,5131,5809,6352,7576,7295,7995,8039,8579,11117,13826,5384,8967,131308,106684,9549,3957,54418,22,0,20,12
2021-04-17T23:59:59+02:00,0,5,4000,4301,7524,8634,8221,10682,10672,14020,14639,16676,19313,21498,17381,21545,5787,9749,2683,2646,4659,4612,5125,5804,6338,7571,7270,7971,7993,8533,11098,13803,5382,8967,130871,106673,9540,3750,54216,22,0,20,12
2021-04-16T23:59:59+02:00,0,5,3989,4258,7451,8512,8118,10524,10477,13757,13969,15913,18744,20851,17255,21370,5776,9732,2680,2643,4654,4607,5120,5791,6321,7560,7232,7936,7683,8143,11007,13663,5374,8951,128019,105874,9480,3459,53182,22,0,20,12
2021-04-15T23:59:59+02:00,0,4,3945,4204,7338,8381,7945,10286,10140,13367,13238,15053,17935,19985,17011,21044,5762,9711,2679,2635,4642,4589,5107,5759,6290,7524,7161,7863,7121,7482,10883,13503,5370,8940,124359,104203,9321,3315,51649,20,0,20,12
2021-04-14T23:59:59+02:00,0,3,3918,4174,7272,8275,7839,10135,9965,13166,12818,14607,17404,19371,16859,20832,5757,9698,2645,2616,4624,4557,5078,5711,6255,7491,7103,7802,6482,6718,10619,13211,5366,8932,122965,101871,9085,3314,50023,15,0,20,12
2021-04-13T23:59:59+02:00,0,3,3915,4168,7234,8259,7782,10101,9857,13112,12442,14312,16712,18519,16623,20529,5753,9692,2621,2589,4604,4531,5053,5677,6196,7423,7014,7700,6269,6466,10033,12548,5358,8913,122262,99665,8865,3306,47866,15,0,20,11
2021-04-12T23:59:59+02:00,0,3,3901,4150,7181,8213,7725,10032,9749,13010,12195,14100,16267,17999,16434,20315,5748,9689,2592,2578,4536,4489,4946,5607,6081,7347,6896,7601,5521,5641,9584,12011,5318,8871,121928,96297,8829,3298,45934,15,0,20,11
2021-04-11T23:59:59+02:00,0,3,3886,4142,7139,8160,7664,9987,9656,12932,11955,13892,15699,17308,16157,19972,5743,9679,2516,2494,4406,4366,4791,5473,5918,7195,6743,7494,5218,5278,9453,11849,5318,8867,121332,94108,8400,3248,44222,14,0,20,11
2021-04-10T23:59:59+02:00,0,3,3868,4122,7100,8113,7620,9930,9594,12873,11863,13807,15481,17116,16108,19904,5742,9672,1955,1924,3586,3642,3911,4704,4909,6269,5888,6705,4943,4970,9325,11697,5312,8858,120864,85327,8400,3248,43632,14,0,20,11
2021-04-09T23:59:59+02:00,0,3,3848,4102,7060,8084,7556,9873,9441,12744,11535,13521,14291,15579,15664,19373,5729,9661,1094,1095,2223,2443,2393,3322,3118,4619,4254,5234,4252,4234,9076,11339,5287,8829,118956,69544,8398,3245,40690,14,0,20,11
2021-04-08T23:59:59+02:00,0,3,3822,4086,6999,8031,7453,9778,9253,12624,11131,13166,13157,14310,15242,18828,5699,9615,589,599,1303,1734,1482,2386,2016,3525,2864,3837,2998,2825,8267,10351,5142,8606,117644,55261,8317,3242,37216,12,0,20,11
2021-04-07T23:59:59+02:00,0,3,3774,4060,6921,7977,7360,9708,9124,12493,10822,12857,12428,13537,15023,18560,5693,9595,358,378,951,1389,1074,1999,1503,3062,1914,2828,1813,1535,7361,9209,4987,8347,116669,45448,8165,3242,35082,9,0,19,11
2021-04-06T23:59:59+02:00,0,3,3758,4048,6899,7939,7305,9641,9031,12413,10608,12638,12043,13042,14801,18262,5682,9581,351,364,941,1379,1059,1978,1476,3034,1852,2769,1733,1468,6948,8651,4836,8109,115387,43690,8066,3241,34224,8,0,17,11
2021-04-05T23:59:59+02:00,0,3,3753,4047,6888,7926,7292,9630,9011,12385,10544,12579,11932,12894,14702,18169,5680,9578,349,358,930,1375,1053,1970,1466,3013,1831,2735,1680,1415,6719,8345,4714,7925,115047,42621,8045,3240,33904,8,0,17,11
2021-04-04T23:59:59+02:00,0,3,3753,4047,6886,7920,7291,9629,9008,12385,10533,12574,11929,12890,14699,18168,5680,9578,349,357,928,1375,1052,1968,1465,3012,1829,2732,1677,1410,6712,8332,4709,7922,115042,42573,8044,3239,33870,8,0,17,11
2021-04-03T23:59:59+02:00,0,3,3753,4047,6886,7919,7290,9629,9008,12385,10532,12574,11929,12889,14697,18166,5680,9578,349,356,926,1371,1050,1967,1464,3007,1827,2732,1672,1398,6669,8251,4674,7887,115038,42344,8044,3239,33866,8,0,17,11
2021-04-02T23:59:59+02:00,0,3,3751,4045,6884,7916,7284,9623,8996,12378,10516,12558,11802,12774,14654,18105,5676,9569,347,354,924,1364,1043,1955,1449,2981,1786,2693,1576,1311,5902,7342,4238,7321,114909,39664,8039,2905,33569,8,0,17,11
2021-04-01T23:59:59+02:00,0,2,3711,4033,6850,7894,7242,9592,8944,12338,10444,12487,11455,12363,14265,17573,5663,9541,342,351,908,1349,1031,1934,1417,2935,1727,2625,1452,1218,4964,6232,3688,6497,114465,35753,6623,2900,33292,8,0,17,11
2021-03-31T23:59:59+02:00,0,2,3705,4029,6835,7874,7224,9573,8908,12306,10356,12415,11122,11956,13914,17074,5655,9512,339,348,900,1339,1021,1919,1397,2906,1677,2589,1386,1165,4381,5550,3334,6027,113868,33434,5618,2827,32957,8,0,17,11
2021-03-30T23:59:59+02:00,0,2,3687,4005,6797,7835,7164,9504,8818,12202,10192,12259,10862,11677,13690,16808,5648,9497,335,341,894,1328,1014,1913,1374,2899,1649,2563,1359,1139,4256,5426,3272,5931,113040,33046,5359,2630,32231,8,0,17,11
2021-03-29T23:59:59+02:00,0,2,3678,3983,6771,7812,7124,9451,8722,12106,10009,12051,10428,11209,13313,16338,5631,9462,330,337,890,1317,1008,1905,1366,2889,1633,2554,1334,1125,4123,5281,3175,5800,111357,32427,5050,2624,31666,7,0,17,11
2021-03-28T23:59:59+02:00,0,2,3635,3927,6656,7653,7007,9309,8595,11912,9856,11860,10216,10949,13136,16152,5626,9452,330,337,890,1315,1006,1904,1364,2889,1632,2552,1325,1122,4090,5239,3149,5774,110983,32382,4786,2522,30157,5,0,17,11
2021-03-27T23:59:59+01:00,0,2,3634,3916,6644,7588,6977,9195,8545,11740,9804,11706,10102,10826,13041,16064,5625,9452,330,336,890,1315,1006,1901,1364,2887,1628,2551,1323,1120,4064,5204,3136,5759,110974,32279,4786,2521,29084,5,0,17,11
2021-03-26T23:59:59+01:00,0,2,3628,3908,6616,7551,6949,9120,8497,11627,9712,11578,10052,10762,12995,16008,5616,9430,325,334,889,1312,1002,1889,1361,2866,1607,2537,1297,1104,3883,4978,3030,5606,110914,31526,4563,2480,28557,5,0,17,11
2021-03-25T23:59:59+01:00,0,2,3605,3877,6525,7424,6857,8955,8305,11394,9403,11261,9671,10378,12692,15692,5611,9420,325,333,887,1304,999,1878,1348,2853,1583,2518,1271,1085,3649,4736,2778,5271,110537,30325,4355,2480,26163,4,0,17,11
2021-03-24T23:59:59+01:00,0,2,3548,3825,6436,7238,6735,8727,8138,11157,9173,10934,9252,9889,12273,15232,5600,9410,325,332,886,1301,994,1876,1340,2849,1567,2502,1262,1075,3582,4663,2597,5048,110023,29709,4209,2480,23320,1,0,17,11
2021-03-23T23:59:59+01:00,0,2,3530,3792,6387,7182,6656,8667,8020,11028,8918,10699,8826,9415,11821,14710,5591,9395,325,332,885,1291,989,1867,1335,2840,1563,2494,1238,1050,3486,4587,2404,4728,109201,28924,4103,2480,21318,1,0,17,11
2021-03-22T23:59:59+01:00,0,2,3522,3772,6344,7153,6622,8620,7954,10952,8768,10563,8543,9061,11518,14380,5555,9356,323,327,879,1281,981,1860,1328,2829,1553,2484,1226,1040,3457,4551,2385,4695,108529,28710,4100,2479,20039,1,0,17,11
2021-03-21T23:59:59+01:00,0,2,3520,3770,6340,7142,6605,8604,7935,10933,8712,10505,8423,8944,11446,14277,5553,9353,321,326,870,1278,974,1853,1319,2827,1549,2480,1222,1037,3448,4536,2371,4686,108444,28608,4099,2479,19504,1,0,17,11
2021-03-20T23:59:59+01:00,0,2,3512,3732,6332,7070,6590,8467,7910,10749,8668,10369,8345,8858,11408,14238,5553,9353,321,326,870,1278,974,1852,1318,2827,1549,2478,1222,1037,3448,4535,2371,4685,108411,28603,3887,2478,18841,1,0,17,11
2021-03-19T23:59:59+01:00,0,2,3499,3702,6306,6986,6566,8374,7864,10632,8553,10208,7803,8251,11224,13996,5543,9334,318,325,865,1271,957,1842,1295,2794,1499,2433,1138,969,2781,3745,1958,4115,106790,25817,3587,2478,18449,1,0,17,11
2021-03-18T23:59:59+01:00,0,2,3488,3684,6264,6945,6533,8312,7801,10545,8436,10079,6842,7150,10945,13695,5533,9309,317,325,862,1266,951,1833,1275,2786,1474,2413,1100,951,2574,3506,1802,3894,103760,24841,3428,2478,18358,1,0,17,11
2021-03-17T23:59:59+01:00,0,2,3451,3646,6193,6860,6478,8206,7710,10414,8304,9920,6157,6301,10651,13379,5515,9277,316,325,855,1260,946,1821,1261,2764,1454,2386,1063,926,2455,3380,1723,3784,100940,24231,3427,2478,18080,1,0,17,11
2021-03-16T23:59:59+01:00,0,2,3433,3617,6154,6807,6433,8133,7657,10349,8210,9818,5980,6125,9943,12582,5475,9213,309,314,841,1244,934,1812,1255,2744,1440,2378,1048,905,2240,3138,1589,3588,98683,23293,3417,2476,17814,1,0,17,11
2021-03-15T23:59:59+01:00,0,2,3396,3584,6055,6727,6303,8041,7515,10230,8081,9693,5224,5289,9498,12034,5432,9143,308,313,837,1240,932,1805,1253,2731,1431,2369,1035,892,2097,2965,1503,3494,95161,22720,3410,2475,17659,1,0,17,11
2021-03-14T23:59:59+01:00,0,2,3270,3437,5774,6379,6026,7678,7200,9815,7793,9370,4890,4896,9341,11836,5428,9133,308,312,837,1240,931,1805,1251,2730,1429,2366,1033,890,2094,2962,1500,3493,92754,22699,3355,2472,16142,1,0,17,11
2021-03-13T23:59:59+01:00,0,2,2615,2775,4831,5509,5006,6746,6001,8693,6777,8423,4574,4512,8957,11314,5338,9025,308,312,836,1238,931,1800,1248,2728,1428,2366,1033,889,2070,2926,1470,3458,82038,22559,3355,2472,15688,1,0,17,11
2021-03-12T23:59:59+01:00,0,2,1788,1953,3488,4352,3488,5400,4250,7046,5127,6904,3897,3802,7700,9756,4834,8342,304,309,834,1234,925,1793,1239,2708,1402,2349,987,864,1720,2462,1201,3106,63102,20955,3352,2472,15658,1,0,17,11
2021-03-11T23:59:59+01:00,0,2,1284,1467,2581,3610,2578,4456,3155,5950,3758,5509,2710,2516,5993,7630,4064,7163,299,300,818,1225,912,1770,1221,2679,1377,2303,950,844,1562,2231,1077,2917,45706,20004,3350,2472,15353,1,0,17,10
2021-03-10T23:59:59+01:00,0,2,1060,1246,2212,3246,2202,4063,2701,5508,2847,4539,1574,1311,4636,5902,3505,6392,289,290,800,1206,890,1734,1187,2606,1338,2237,925,824,1382,2041,981,2743,34635,19100,3350,2364,14946,1,0,15,10
2021-03-09T23:59:59+01:00,0,2,1044,1218,2145,3103,2137,3948,2616,5374,2763,4413,1539,1280,4553,5823,3463,6331,285,283,786,1185,872,1708,1162,2565,1320,2208,910,812,1304,1917,910,2632,34209,18530,3347,2320,14181,1,0,15,10
2021-03-08T23:59:59+01:00,0,2,1022,1187,2088,3002,2097,3866,2557,5261,2707,4341,1498,1259,4404,5660,3361,6186,285,279,781,1177,870,1699,1154,2557,1312,2192,885,791,1137,1692,785,2467,33501,17739,3347,2316,13635,0,0,15,10
2021-03-07T23:59:59+01:00,0,2,1017,1168,2048,2956,2055,3825,2517,5196,2666,4304,1493,1256,4397,5652,3359,6186,285,279,781,1177,870,1699,1154,2557,1311,2192,882,791,1128,1682,777,2456,33467,17739,3341,2274,13274,0,0,15,10
2021-03-06T23:59:59+01:00,0,2,1017,1164,2037,2942,2043,3806,2501,5169,2648,4283,1480,1246,4363,5607,3345,6174,285,279,781,1177,870,1698,1154,2557,1311,2192,882,791,1128,1682,777,2455,33322,17738,3340,2273,13150,0,0,15,10
2021-03-05T23:59:59+01:00,0,2,1013,1160,2022,2922,2012,3783,2458,5117,2594,4245,1440,1218,4095,5275,3193,5952,284,276,774,1170,864,1689,1151,2548,1308,2182,868,787,1120,1673,776,2453,32581,17642,2992,2273,12913,0,0,15,10
2021-03-04T23:59:59+01:00,0,2,919,1013,1934,2794,1944,3645,2382,4961,2503,4086,1409,1197,3854,5015,2928,5603,284,274,772,1165,861,1681,1150,2534,1304,2173,835,772,1107,1662,769,2441,31328,17526,2988,2250,11858,0,0,15,10
2021-03-03T23:59:59+01:00,0,2,872,905,1869,2698,1873,3540,2312,4845,2429,4002,1396,1184,3744,4909,2706,5331,283,272,771,1155,858,1663,1144,2492,1294,2146,815,768,1099,1644,762,2434,30652,17500,2871,2092,11079,0,0,15,10
2021-03-02T23:59:59+01:00,0,2,827,830,1772,2574,1788,3416,2222,4721,2369,3922,1361,1162,3610,4774,2503,4983,283,271,770,1149,854,1660,1139,2487,1290,2136,813,766,1085,1623,751,2415,29919,17393,2682,2091,10220,0,0,15,10
2021-03-01T23:59:59+01:00,0,2,804,791,1672,2430,1717,3272,2122,4549,2289,3801,1343,1150,3558,4710,2459,4921,283,269,766,1145,853,1648,1135,2475,1285,2126,805,762,1080,1612,744,2408,29664,17297,2598,2091,9313,0,0,15,10
2021-02-28T23:59:59+01:00,0,2,798,767,1653,2364,1689,3200,2099,4449,2275,3734,1337,1144,3548,4695,2445,4911,282,268,766,1144,853,1643,1135,2473,1285,2121,801,760,1072,1599,740,2398,29557,17274,2596,2058,8942,0,0,15,10
2021-02-27T23:59:59+01:00,0,2,783,750,1631,2303,1672,3086,2080,4323,2253,3638,1334,1141,3548,4693,2444,4910,282,268,766,1144,853,1642,1135,2473,1285,2120,801,760,1062,1593,723,2384,29552,17272,2595,2011,8429,0,0,15,10
2021-02-26T23:59:59+01:00,0,2,655,669,1524,2190,1619,2926,2016,4084,2151,3400,1241,1070,2893,3898,2017,4326,282,268,765,1142,852,1641,1135,2471,1283,2117,799,755,1044,1580,713,2368,26745,17198,2595,2009,7326,0,0,15,10
2021-02-25T23:59:59+01:00,0,2,505,589,1405,2087,1551,2797,1952,3954,2051,3286,1191,1038,2662,3628,1851,4083,265,253,740,1118,810,1571,1087,2369,1209,2024,743,733,1012,1543,701,2340,25672,17105,2563,1405,6382,0,0,15,10
2021-02-24T23:59:59+01:00,0,2,475,558,1336,1974,1479,2653,1882,3800,1972,3135,1151,1008,2523,3490,1772,3964,236,240,713,1073,783,1508,1057,2308,1154,1973,716,710,965,1514,690,2310,25014,16917,2551,1025,5594,0,0,15,10
2021-02-23T23:59:59+01:00,0,2,418,516,1253,1834,1403,2505,1805,3589,1900,3013,1125,972,2318,3259,1645,3773,231,234,698,1049,771,1469,1035,2260,1128,1932,707,698,955,1500,687,2306,24076,16824,2541,828,4698,0,0,15,10
2021-02-22T23:59:59+01:00,0,2,405,482,1153,1722,1300,2408,1695,3482,1819,2942,1103,958,2175,3086,1560,3677,220,225,676,997,740,1406,1009,2166,1084,1850,664,666,886,1423,651,2248,23496,16634,2537,269,3921,0,0,15,10
2021-02-21T23:59:59+01:00,0,2,386,466,1050,1689,1147,2384,1537,3458,1714,2923,1095,956,2174,3085,1560,3677,193,219,645,989,729,1398,995,2161,1075,1848,661,663,883,1418,643,2241,23466,16498,2537,255,3285,0,0,15,10
2021-02-20T23:59:59+01:00,0,2,386,464,1049,1689,1146,2384,1535,3456,1714,2921,1095,955,2173,3085,1559,3676,191,217,642,989,725,1397,989,2158,1073,1848,661,663,883,1418,643,2241,23459,16475,2536,255,3279,0,0,15,10
2021-02-19T23:59:59+01:00,0,2,381,455,1037,1685,1136,2374,1520,3437,1680,2906,1044,927,1801,2577,1262,3293,170,207,616,984,707,1389,972,2156,1067,1846,658,662,880,1418,642,2240,21712,16351,2536,255,3254,0,0,15,10
2021-02-18T23:59:59+01:00,0,2,361,435,997,1603,1098,2287,1467,3319,1639,2816,1013,904,1625,2333,1131,3085,150,196,577,973,687,1376,938,2139,1042,1826,647,643,859,1390,628,2219,20721,16027,2536,255,2843,0,0,15,10
2021-02-17T23:59:59+01:00,0,2,338,382,912,1460,989,2087,1332,3063,1527,2595,976,873,1436,2121,1030,2907,144,189,565,942,661,1325,905,2061,989,1750,612,611,852,1364,623,2200,19640,15530,2536,255,1839,0,0,15,10
2021-02-16T23:59:59+01:00,0,2,332,343,868,1322,937,1899,1270,2838,1459,2433,964,856,1373,2025,963,2811,138,176,551,899,646,1271,877,1997,959,1708,602,601,830,1333,610,2140,19270,15211,2535,119,875,0,0,15,10
2021-02-15T23:59:59+01:00,0,2,316,303,840,1291,920,1843,1230,2754,1421,2376,935,823,1195,1791,832,2634,129,168,529,872,628,1209,850,1923,936,1631,581,564,812,1296,601,2098,18352,14740,2534,79,607,0,0,13,10
2021-02-14T23:59:59+01:00,0,2,316,303,839,1291,919,1843,1228,2754,1421,2376,935,823,1195,1791,832,2633,129,168,528,864,624,1204,844,1917,932,1628,580,563,810,1295,600,2094,18350,14694,2534,78,604,0,0,13,10
2021-02-13T23:59:59+01:00,0,2,316,303,839,1291,919,1840,1228,2752,1421,2374,935,823,1195,1790,830,2633,129,168,528,864,624,1204,842,1914,930,1624,577,563,795,1275,588,2078,18343,14692,2531,3,604,0,0,13,10
2021-02-12T23:59:59+01:00,0,2,312,302,829,1286,915,1810,1222,2725,1393,2345,933,821,1194,1787,830,2633,129,168,526,861,623,1197,836,1902,924,1611,574,561,781,1263,582,2064,18335,14591,2531,3,460,0,0,13,10
2021-02-11T23:59:59+01:00,0,2,293,293,814,1251,909,1775,1205,2659,1371,2290,898,807,1183,1775,829,2623,127,154,508,819,600,1131,802,1802,901,1551,560,547,757,1227,568,2032,18221,14076,2530,2,213,0,0,13,10
2021-02-10T23:59:59+01:00,0,2,290,287,795,1213,896,1745,1193,2613,1356,2248,893,805,1168,1759,824,2606,123,145,441,732,554,1038,723,1675,842,1465,541,531,742,1206,558,2005,18197,13321,2425,2,59,0,0,12,0
2021-02-09T23:59:59+01:00,0,2,290,284,790,1199,884,1727,1178,2594,1341,2224,878,798,1154,1738,813,2581,106,125,384,643,500,904,644,1469,751,1269,489,452,622,1043,489,1765,18081,11657,2379,0,3,0,0,12,0
2021-02-08T23:59:59+01:00,0,2,289,283,788,1194,883,1720,1176,2590,1334,2216,872,794,1137,1716,796,2555,95,102,338,546,447,798,554,1252,643,1103,413,378,538,847,392,1446,17956,9894,2376,0,1,0,0,12,0
2021-02-07T23:59:59+01:00,0,2,288,282,786,1193,882,1720,1176,2589,1334,2213,865,792,1134,1713,795,2553,93,101,336,541,445,794,552,1243,639,1097,408,373,518,821,385,1431,17929,9779,2376,0,0,0,0,12,0
2021-02-06T23:59:59+01:00,0,2,288,281,785,1192,882,1719,1176,2589,1334,2212,864,791,1132,1707,793,2551,93,100,336,538,444,793,551,1239,637,1096,404,368,468,751,356,1385,17912,9561,2374,0,0,0,0,12,0
2021-02-05T23:59:59+01:00,0,2,288,281,785,1191,881,1717,1175,2588,1333,2207,857,784,1108,1696,786,2535,87,97,328,532,427,775,525,1204,608,1053,381,340,446,724,339,1339,17828,9206,2374,0,0,0,0,12,0
2021-02-04T23:59:59+01:00,0,2,285,273,782,1169,869,1694,1161,2560,1317,2184,834,770,1080,1666,779,2517,72,79,256,411,332,606,407,976,495,844,308,276,341,587,279,1126,17579,7395,2351,0,0,0,0,12,0
2021-02-03T23:59:59+01:00,0,2,284,268,778,1147,866,1665,1154,2509,1304,2151,811,756,1063,1644,769,2501,58,56,170,282,258,450,286,726,369,594,208,194,242,430,195,846,17473,5364,2187,0,0,0,0,12,0
2021-02-02T23:59:59+01:00,0,2,283,262,774,1138,859,1643,1146,2482,1293,2133,804,748,1054,1632,766,2489,36,36,92,140,149,260,173,453,236,374,134,124,165,261,136,543,17309,3312,2187,0,0,0,0,12,0
2021-02-01T23:59:59+01:00,0,2,281,259,769,1119,851,1623,1139,2451,1288,2098,795,734,1047,1621,762,2473,11,13,15,28,26,66,46,89,72,106,49,45,58,75,39,178,17114,916,2187,0,0,0,0,11,0
2021-01-31T23:59:59+01:00,0,2,275,257,753,1117,843,1612,1129,2440,1277,2089,789,728,1037,1603,755,2460,10,13,14,27,24,63,40,84,65,98,46,45,53,68,36,165,17078,851,2077,0,0,0,0,11,0
2021-01-30T23:59:59+01:00,0,2,275,257,753,1116,842,1612,1129,2440,1277,2089,788,728,1027,1596,738,2446,10,11,14,27,24,63,40,84,64,96,45,44,52,68,36,164,17074,842,2030,0,0,0,0,11,0
2021-01-29T23:59:59+01:00,0,2,275,257,753,1115,842,1612,1129,2440,1277,2088,787,727,1026,1594,738,2444,9,6,12,25,24,62,38,82,63,96,44,43,52,68,36,164,17067,824,2028,0,0,0,0,11,0
2021-01-28T23:59:59+01:00,0,2,271,252,741,1090,807,1557,1092,2379,1199,2029,746,713,997,1574,722,2422,4,0,3,6,9,26,19,37,20,48,21,22,23,45,15,97,16886,395,1696,0,0,0,0,11,0
2021-01-27T23:59:59+01:00,0,2,265,245,718,1058,759,1502,1032,2298,1117,1948,711,686,982,1553,719,2414,3,0,3,4,6,22,15,23,13,35,6,9,10,10,4,27,16425,190,1573,0,0,0,0,11,0
2021-01-26T23:59:59+01:00,0,2,241,236,701,1032,751,1452,1012,2222,1089,1883,699,672,959,1537,709,2395,3,0,1,4,5,12,13,12,6,11,3,5,6,7,1,16,16372,105,1209,0,0,0,0,11,0
2021-01-25T23:59:59+01:00,0,2,208,221,648,959,698,1329,968,2073,1030,1746,651,616,881,1442,665,2322,3,0,1,4,5,12,13,12,6,11,3,5,6,7,1,16,16139,105,309,0,0,0,0,11,0
2021-01-24T23:59:59+01:00,0,2,191,215,622,947,679,1315,950,2057,1015,1736,643,610,871,1422,656,2309,3,0,1,4,5,11,12,12,5,11,3,5,6,7,1,16,15965,102,264,0,0,0,0,11,0
2021-01-23T23:59:59+01:00,0,2,191,215,622,947,679,1315,950,2057,1015,1736,643,610,871,1422,656,2309,3,0,1,4,5,11,10,12,5,11,3,5,6,7,1,16,15965,100,264,0,0,0,0,11,0
2021-01-22T23:59:59+01:00,0,2,144,197,564,937,661,1300,916,2047,1002,1725,638,609,870,1422,656,2309,3,0,0,4,5,11,10,12,5,11,3,5,6,7,1,16,15724,99,264,0,0,0,0,11,0
2021-01-21T23:59:59+01:00,0,2,139,189,549,913,639,1259,883,1993,980,1677,624,588,858,1390,649,2290,3,0,0,4,4,11,9,12,5,11,3,5,6,7,1,15,15347,96,264,0,0,0,0,11,0
2021-01-20T23:59:59+01:00,0,2,134,173,502,847,616,1178,820,1883,943,1606,603,571,841,1367,639,2262,3,0,0,4,4,11,9,12,5,11,3,5,6,7,1,15,14714,96,262,0,0,0,0,11,0
2021-01-19T23:59:59+01:00,0,2,123,154,430,760,553,1044,736,1692,842,1444,555,521,743,1207,562,2008,3,0,0,4,4,9,9,12,5,11,3,5,6,7,1,15,13172,94,193,0,0,0,0,11,0
2021-01-18T23:59:59+01:00,0,2,104,122,361,606,462,870,605,1424,716,1235,487,455,659,1046,495,1736,1,0,0,1,0,1,0,0,0,0,0,0,0,1,0,0,11291,4,83,0,0,0,0,11,0
2021-01-17T23:59:59+01:00,0,2,100,120,357,600,460,865,603,1405,708,1225,482,444,632,1015,478,1694,1,0,0,1,0,1,0,0,0,0,0,0,0,1,0,0,11097,4,82,0,0,0,0,11,0
2021-01-16T23:59:59+01:00,0,2,100,117,355,592,457,860,592,1392,697,1213,465,429,535,886,416,1595,0,0,0,1,0,1,0,0,0,0,0,0,0,0,0,0,10689,2,3,0,0,0,0,11,0
2021-01-15T23:59:59+01:00,0,2,99,115,350,590,451,856,586,1385,680,1197,449,411,527,874,408,1572,0,0,0,0,0,0,0,0,0,0,0,0,0,0,0,0,10540,0,1,0,0,0,0,11,0
2021-01-14T23:59:59+01:00,0,0,81,93,292,488,372,691,467,1130,559,1012,369,327,412,715,335,1332,0,0,0,0,0,0,0,0,0,0,0,0,0,0,0,0,8664,0,0,0,0,0,0,11,0
2021-01-13T23:59:59+01:00,0,0,67,70,208,370,296,513,352,847,432,718,255,228,303,536,252,1023,0,0,0,0,0,0,0,0,0,0,0,0,0,0,0,0,6460,0,0,0,0,0,0,10,0
2021-01-12T23:59:59+01:00,0,0,45,47,126,218,182,319,211,538,286,447,160,145,196,351,172,686,0,0,0,0,0,0,0,0,0,0,0,0,0,0,0,0,4129,0,0,0,0,0,0,0,0
2021-01-11T23:59:59+01:00,0,0,11,15,42,60,42,94,60,119,95,134,65,58,83,103,49,223,0,0,0,0,0,0,0,0,0,0,0,0,0,0,0,0,1253,0,0,0,0,0,0,0,0
2021-01-10T23:59:59+01:00,0,0,11,15,29,49,35,76,51,110,82,124,57,54,77,93,46,209,0,0,0,0,0,0,0,0,0,0,0,0,0,0,0,0,1118,0,0,0,0,0,0,0,0
2021-01-09T23:59:59+01:00,0,0,11,14,26,48,35,76,50,109,80,121,56,53,76,92,45,208,0,0,0,0,0,0,0,0,0,0,0,0,0,0,0,0,1100,0,0,0,0,0,0,0,0
2021-01-08T23:59:59+01:00,0,0,7,7,26,42,33,73,47,107,79,120,53,49,71,87,41,208,0,0,0,0,0,0,0,0,0,0,0,0,0,0,0,0,1050,0,0,0,0,0,0,0,0
2021-01-07T23:59:59+01:00,0,0,5,1,9,21,15,39,28,77,34,82,32,27,47,74,28,162,0,0,0,0,0,0,0,0,0,0,0,0,0,0,0,0,681,0,0,0,0,0,0,0,0
2021-01-06T23:59:59+01:00,0,0,5,0,4,8,10,31,25,43,19,52,26,24,34,51,19,120,0,0,0,0,0,0,0,0,0,0,0,0,0,0,0,0,471,0,0,0,0,0,0,0,0
2021-01-05T23:59:59+01:00,0,0,5,0,4,8,10,31,25,43,19,52,26,24,34,50,19,120,0,0,0,0,0,0,0,0,0,0,0,0,0,0,0,0,470,0,0,0,0,0,0,0,0
2021-01-04T23:59:59+01:00,0,0,4,0,1,3,4,12,13,12,5,12,3,5,6,8,1,17,0,0,0,0,0,0,0,0,0,0,0,0,0,0,0,0,106,0,0,0,0,0,0,0,0
2021-01-03T23:59:59+01:00,0,0,3,0,1,3,4,10,12,12,5,12,3,5,6,8,1,16,0,0,0,0,0,0,0,0,0,0,0,0,0,0,0,0,101,0,0,0,0,0,0,0,0
2021-01-02T23:59:59+01:00,0,0,3,0,1,3,4,10,10,12,5,12,3,5,6,8,1,16,0,0,0,0,0,0,0,0,0,0,0,0,0,0,0,0,99,0,0,0,0,0,0,0,0
2021-01-01T23:59:59+01:00,0,0,3,0,0,3,4,10,10,12,5,12,3,5,6,7,1,16,0,0,0,0,0,0,0,0,0,0,0,0,0,0,0,0,97,0,0,0,0,0,0,0,0
2020-12-31T23:59:59+01:00,0,0,3,0,0,3,4,10,9,12,5,12,3,5,6,7,1,16,0,0,0,0,0,0,0,0,0,0,0,0,0,0,0,0,96,0,0,0,0,0,0,0,0
2020-12-30T23:59:59+01:00,0,0,3,0,0,3,4,10,9,12,5,12,3,5,6,7,1,16,0,0,0,0,0,0,0,0,0,0,0,0,0,0,0,0,96,0,0,0,0,0,0,0,0
2020-12-29T23:59:59+01:00,0,0,3,0,0,3,4,8,9,12,5,12,3,5,6,7,1,16,0,0,0,0,0,0,0,0,0,0,0,0,0,0,0,0,94,0,0,0,0,0,0,0,0
2020-12-28T23:59:59+01:00,0,0,3,0,0,3,4,8,9,12,5,12,3,5,6,7,1,16,0,0,0,0,0,0,0,0,0,0,0,0,0,0,0,0,94,0,0,0,0,0,0,0,0
2020-12-27T23:59:59+01:00,0,0,1,0,0,0,0,0,0,0,0,0,0,0,1,3,0,7,0,0,0,0,0,0,0,0,0,0,0,0,0,0,0,0,12,0,0,0,0,0,0,0,0
