Datum,<15_1_m,<15_1_w,15-24_1_m,15-24_1_w,25-34_1_m,25-34_1_w,35-44_1_m,35-44_1_w,45-54_1_m,45-54_1_w,55-64_1_m,55-64_1_w,65-74_1_m,65-74_1_w,75-84_1_m,75-84_1_w,>84_1_m,>84_1_w,<15_2_m,<15_2_w,15-24_2_m,15-24_2_w,25-34_2_m,25-34_2_w,35-44_2_m,35-44_2_w,45-54_2_m,45-54_2_w,55-64_2_m,55-64_2_w,65-74_2_m,65-74_2_w,75-84_2_m,75-84_2_w,>84_2_m,>84_2_w,bp_1,bp_2,mo_1,mo_2,az_1,az_2,ja,unb_1,unb_2
2021-12-05T23:59:59+01:00,9074,8453,30920,28969,40281,37419,38808,38386,43363,43491,46003,45779,29248,32652,20666,25955,6479,10998,4540,4271,26899,25454,36300,33222,35634,35030,40450,40365,43475,43330,28243,31384,20012,25019,6200,10369,389689,351072,47034,45173,77719,71458,22442,71,52
2021-12-04T23:59:59+01:00,8925,8344,30892,28952,40250,37393,38791,38367,43343,43478,45994,45772,29243,32644,20666,25953,6478,10997,4513,4251,26826,25406,36221,33148,35582,34983,40401,40323,43453,43305,28237,31377,20008,25015,6199,10368,389241,350514,47028,45158,77719,71458,22434,71,52
2021-12-03T23:59:59+01:00,8452,7922,30836,28898,40210,37326,38757,38299,43305,43440,45955,45736,29216,32617,20658,25938,6470,10992,4445,4186,26606,25213,36019,32971,35441,34851,40294,40214,43366,43218,28220,31357,20004,25002,6199,10364,387815,348946,47008,45090,77719,71457,22425,71,52
2021-12-02T23:59:59+01:00,8091,7626,30778,28837,40148,37249,38694,38234,43261,43372,45909,45680,29189,32583,20650,25921,6464,10982,4353,4087,26375,24994,35819,32745,35274,34689,40157,40095,43257,43115,28186,31319,19986,24968,6195,10353,386496,347013,46984,45036,77719,71457,22409,71,52
2021-12-01T23:59:59+01:00,7919,7449,30749,28802,40117,37196,38662,38180,43227,43337,45874,45644,29167,32558,20639,25907,6461,10967,4291,4020,26288,24910,35741,32619,35201,34612,40103,40035,43198,43060,28161,31285,19964,24945,6191,10347,385700,346033,46969,45022,77719,71457,22407,71,52
2021-11-30T23:59:59+01:00,7645,7181,30702,28755,40065,37128,38615,38135,43202,43305,45841,45599,29147,32541,20629,25894,6455,10956,4252,3983,26164,24794,35577,32496,35099,34513,39994,39931,43120,42988,28124,31259,19950,24932,6187,10342,384656,344800,46957,44993,77719,71457,22403,71,52
2021-11-29T23:59:59+01:00,7473,7017,30677,28731,40036,37086,38590,38093,43167,43260,45810,45567,29133,32529,20621,25880,6452,10939,4219,3953,26070,24713,35468,32396,35004,34432,39923,39864,43066,42943,28103,31242,19939,24912,6186,10336,383928,343894,46954,44966,77719,71457,22400,71,52
2021-11-28T23:59:59+01:00,7393,6957,30658,28713,40009,37060,38568,38061,43149,43236,45795,45547,29127,32508,20619,25872,6450,10934,4199,3943,25999,24666,35383,32331,34944,34392,39874,39819,43038,42915,28088,31232,19929,24898,6185,10335,383533,343306,46945,44956,77719,71457,22399,71,52
2021-11-27T23:59:59+01:00,7064,6631,30588,28657,39941,36979,38500,37998,43087,43191,45752,45498,29115,32484,20614,25862,6446,10929,4179,3925,25921,24612,35295,32269,34896,34351,39819,39769,42991,42875,28077,31214,19923,24890,6183,10334,382274,342715,46906,44922,77719,71457,22377,71,52
2021-11-26T23:59:59+01:00,6653,6305,30495,28581,39850,36878,38424,37925,43025,43134,45684,45437,29091,32452,20597,25834,6438,10922,4129,3865,25774,24490,35150,32145,34752,34246,39729,39690,42925,42811,28045,31188,19913,24871,6177,10330,380683,341470,46895,44883,77719,71457,22368,71,52
2021-11-25T23:59:59+01:00,6241,5923,30367,28462,39725,36725,38336,37829,42947,43034,45595,45354,29053,32405,20575,25813,6431,10908,4072,3800,25608,24346,34973,31975,34618,34118,39607,39570,42825,42730,28014,31144,19900,24851,6172,10327,378714,339973,46883,44822,77718,71457,22346,71,52
2021-11-24T23:59:59+01:00,6076,5724,30305,28415,39670,36658,38272,37760,42893,42981,45538,45293,29034,32379,20565,25786,6423,10892,4052,3775,25535,24294,34879,31904,34549,34060,39537,39509,42776,42665,27986,31113,19885,24835,6169,10320,377679,339199,46876,44806,77718,71457,22329,71,52
2021-11-23T23:59:59+01:00,5871,5515,30228,28334,39594,36556,38202,37671,42822,42911,45474,45236,29015,32330,20537,25763,6419,10881,4019,3746,25432,24223,34741,31784,34450,33976,39453,39443,42713,42596,27949,31085,19864,24818,6165,10314,376409,338175,46849,44767,77718,71457,22320,71,52
2021-11-22T23:59:59+01:00,5713,5344,30175,28272,39523,36490,38143,37615,42781,42861,45439,45180,28997,32304,20521,25740,6417,10867,4001,3730,25378,24181,34658,31714,34401,33940,39409,39404,42669,42568,27932,31064,19860,24810,6162,10306,375444,337602,46839,44758,77718,71457,22318,71,52
2021-11-21T23:59:59+01:00,5669,5303,30136,28238,39477,36445,38101,37585,42738,42829,45414,45155,28979,32286,20513,25726,6415,10860,3995,3726,25344,24150,34628,31681,34372,33914,39379,39380,42648,42553,27922,31052,19859,24803,6160,10305,374944,337295,46831,44754,77718,71457,22313,71,52
2021-11-20T23:59:59+01:00,5630,5275,30084,28206,39414,36397,38065,37554,42714,42796,45397,45137,28974,32278,20511,25723,6415,10860,3994,3723,25328,24136,34603,31661,34352,33894,39369,39369,42639,42543,27918,31045,19857,24801,6160,10305,374525,337134,46818,44748,77718,71457,22306,71,52
2021-11-19T23:59:59+01:00,5478,5118,29956,28080,39298,36267,37969,37458,42639,42704,45348,45071,28952,32256,20506,25715,6414,10856,3962,3698,25194,24048,34486,31580,34276,33836,39292,39321,42592,42510,27898,31028,19853,24795,6158,10305,373247,336337,46778,44707,77718,71457,22279,71,52
2021-11-18T23:59:59+01:00,5328,4958,29787,27902,39126,36046,37807,37291,42511,42582,45270,44991,28907,32204,20492,25694,6409,10842,3911,3647,25041,23922,34343,31461,34156,33730,39220,39222,42520,42444,27872,31000,19834,24779,6153,10301,371394,335148,46732,44660,77718,71457,22239,71,52
2021-11-17T23:59:59+01:00,5269,4895,29689,27838,39034,35932,37733,37206,42434,42520,45206,44922,28889,32173,20483,25675,6403,10828,3892,3629,25015,23869,34282,31404,34111,33682,39178,39187,42460,42396,27859,30976,19828,24768,6153,10297,370395,334592,46718,44651,77718,71457,22234,71,52
2021-11-16T23:59:59+01:00,5181,4825,29502,27684,38853,35742,37588,37064,42308,42408,45113,44832,28857,32133,20465,25654,6399,10816,3872,3612,24906,23793,34167,31304,34028,33606,39112,39126,42409,42348,27830,30948,19812,24741,6139,10284,368781,333719,46680,44627,77717,71457,22182,71,52
2021-11-15T23:59:59+01:00,5128,4784,29355,27588,38696,35637,37500,36965,42242,42334,45054,44781,28832,32113,20453,25639,6397,10807,3864,3606,24853,23771,34118,31259,33988,33578,39080,39102,42383,42330,27820,30936,19802,24724,6136,10279,367695,333341,46657,44607,77717,71457,22172,71,52
2021-11-14T23:59:59+01:00,5095,4752,29282,27523,38599,35538,37446,36913,42193,42276,45015,44747,28823,32097,20444,25623,6395,10801,3856,3596,24824,23753,34083,31218,33960,33555,39063,39078,42364,42312,27809,30929,19796,24715,6135,10279,366969,333055,46649,44598,77717,71457,22163,71,52
2021-11-13T23:59:59+01:00,5036,4710,29135,27418,38477,35401,37333,36836,42119,42202,44973,44709,28811,32083,20440,25621,6393,10799,3850,3591,24788,23733,34061,31198,33939,33533,39043,39060,42356,42305,27805,30927,19795,24714,6135,10278,365940,332859,46628,44596,77717,71457,22147,71,52
2021-11-12T23:59:59+01:00,4932,4620,28779,27114,38208,35148,37151,36623,41972,42050,44856,44617,28781,32061,20434,25607,6392,10799,3832,3561,24685,23651,33953,31106,33847,33456,38976,39011,42308,42273,27788,30909,19789,24709,6134,10278,363738,332112,46546,44566,77717,71457,22079,71,52
2021-11-11T23:59:59+01:00,4811,4487,28485,26843,37916,34848,36925,36402,41792,41881,44723,44502,28740,32005,20420,25587,6386,10787,3796,3517,24576,23556,33857,30990,33735,33373,38897,38931,42242,42216,27768,30886,19780,24693,6132,10276,361263,331181,46481,44517,77717,71457,22014,71,52
2021-11-10T23:59:59+01:00,4754,4426,28339,26738,37792,34703,36817,36297,41725,41803,44654,44429,28726,31984,20410,25573,6381,10776,3782,3498,24534,23515,33803,30937,33689,33337,38865,38900,42216,42186,27751,30876,19770,24683,6129,10265,360106,330736,46451,44504,77717,71456,21988,71,52
2021-11-09T23:59:59+01:00,4689,4367,28095,26533,37566,34494,36670,36160,41596,41681,44575,44358,28705,31954,20395,25552,6378,10769,3765,3477,24469,23458,33724,30862,33640,33292,38826,38858,42177,42156,27741,30850,19758,24670,6126,10257,358416,330183,46393,44468,77716,71456,21947,71,52
2021-11-08T23:59:59+01:00,4630,4317,27872,26349,37311,34291,36490,36022,41473,41568,44477,44277,28673,31919,20384,25538,6375,10766,3749,3457,24404,23407,33665,30805,33607,33249,38790,38812,42143,42117,27725,30835,19744,24658,6125,10250,356681,329658,46347,44453,77716,71456,21923,71,52
2021-11-07T23:59:59+01:00,4593,4282,27670,26195,37097,34108,36346,35877,41352,41469,44394,44217,28656,31901,20375,25529,6373,10758,3742,3449,24365,23379,33610,30766,33578,33223,38763,38786,42122,42094,27720,30823,19738,24651,6123,10247,355234,329368,46312,44438,77716,71456,21865,71,52
2021-11-06T23:59:59+01:00,4573,4266,27621,26157,37034,34068,36317,35859,41315,41453,44369,44194,28651,31899,20369,25527,6373,10756,3741,3446,24359,23375,33603,30762,33575,33219,38758,38784,42119,42093,27717,30823,19736,24649,6122,10246,354871,329332,46300,44438,77716,71456,21849,71,52
2021-11-05T23:59:59+01:00,4478,4168,27366,25962,36802,33831,36110,35700,41186,41316,44287,44124,28636,31882,20366,25515,6371,10755,3724,3425,24291,23338,33551,30712,33524,33184,38719,38746,42092,42072,27706,30817,19732,24642,6120,10244,353133,328958,46157,44390,77716,71456,21783,71,52
2021-11-04T23:59:59+01:00,4402,4117,27136,25796,36573,33618,35927,35577,41065,41200,44200,44060,28616,31867,20357,25504,6369,10752,3692,3376,24198,23224,33442,30596,33443,33102,38653,38682,42028,42015,27686,30791,19722,24629,6115,10235,351559,328072,46099,44353,77716,71456,21696,71,52
2021-11-03T23:59:59+01:00,4383,4086,27074,25740,36490,33538,35856,35539,41006,41156,44163,44031,28609,31858,20351,25498,6368,10752,3666,3346,24164,23183,33409,30553,33406,33078,38633,38655,42003,41994,27671,30773,19715,24620,6110,10230,350948,327669,46080,44345,77716,71455,21688,71,52
2021-11-02T23:59:59+01:00,4349,4045,26847,25602,36251,33365,35693,35427,40869,41057,44080,43964,28582,31841,20340,25489,6367,10748,3637,3318,24061,23100,33295,30476,33337,33028,38572,38599,41957,41960,27652,30752,19699,24609,6108,10223,349538,326993,46030,44318,77716,71454,21566,71,52
2021-11-01T23:59:59+01:00,4307,4008,26757,25539,36133,33285,35615,35379,40796,41007,44041,43944,28575,31832,20335,25487,6366,10747,3619,3281,24013,23050,33240,30441,33301,32998,38533,38574,41932,41934,27642,30745,19693,24600,6107,10221,348832,326584,46004,44301,77716,71452,21535,71,52
2021-10-31T23:59:59+01:00,4307,4008,26753,25539,36131,33285,35615,35379,40795,41007,44040,43943,28574,31832,20335,25487,6366,10747,3619,3281,24013,23050,33240,30441,33301,32998,38532,38574,41931,41934,27642,30745,19693,24600,6107,10221,348824,326583,46003,44301,77716,71452,21534,71,52
2021-10-30T23:59:59+02:00,4304,4006,26742,25534,36116,33277,35609,35375,40786,41003,44032,43943,28573,31832,20335,25486,6366,10746,3619,3281,24009,23047,33237,30441,33301,32995,38531,38573,41930,41934,27642,30745,19693,24600,6107,10221,348746,326567,46003,44301,77716,71452,21534,71,52
2021-10-29T23:59:59+02:00,4280,3987,26599,25440,35931,33156,35495,35304,40686,40934,43984,43919,28570,31822,20334,25484,6366,10746,3606,3273,23955,23010,33184,30386,33254,32960,38489,38534,41904,41915,27637,30737,19688,24593,6106,10221,347814,326175,45948,44281,77716,71451,21493,71,52
2021-10-28T23:59:59+02:00,4248,3945,26426,25311,35723,33021,35348,35201,40588,40856,43920,43878,28558,31810,20325,25476,6365,10744,3577,3237,23866,22921,33097,30292,33192,32906,38434,38485,41856,41887,27626,30722,19680,24582,6102,10213,346709,325549,45870,44241,77716,71451,21382,71,52
2021-10-27T23:59:59+02:00,4223,3920,26386,25278,35677,32976,35305,35150,40551,40826,43896,43860,28555,31803,20322,25470,6361,10742,3562,3218,23819,22881,33051,30252,33166,32879,38423,38461,41842,41867,27617,30706,19672,24575,6101,10211,346279,325186,45860,44235,77716,71450,21380,71,52
2021-10-26T23:59:59+02:00,4180,3891,26244,25162,35530,32870,35206,35071,40480,40777,43855,43838,28544,31792,20317,25464,6358,10740,3534,3205,23753,22798,32972,30182,33119,32829,38368,38422,41803,41844,27609,30696,19667,24566,6100,10209,345405,324672,45830,44203,77716,71447,21302,71,52
2021-10-25T23:59:59+02:00,4171,3883,26230,25144,35497,32847,35179,35057,40466,40770,43851,43834,28543,31791,20316,25464,6358,10740,3529,3198,23749,22792,32953,30163,33116,32823,38361,38418,41802,41841,27607,30695,19667,24563,6100,10209,345252,324607,45821,44195,77716,71446,21286,71,52
2021-10-24T23:59:59+02:00,4160,3878,26205,25113,35463,32818,35148,35033,40452,40752,43839,43825,28542,31787,20315,25462,6358,10740,3519,3189,23735,22775,32941,30154,33104,32815,38351,38409,41794,41833,27601,30692,19667,24558,6100,10208,345010,324466,45813,44195,77715,71446,21286,71,52
2021-10-23T23:59:59+02:00,4160,3878,26203,25108,35458,32817,35144,35030,40449,40750,43837,43825,28542,31787,20315,25462,6358,10740,3519,3189,23735,22774,32940,30154,33102,32815,38350,38408,41794,41833,27601,30692,19667,24558,6100,10208,344983,324460,45813,44195,77715,71446,21286,71,52
2021-10-22T23:59:59+02:00,4139,3847,26106,25036,35345,32720,35050,34968,40372,40707,43796,43798,28535,31782,20312,25455,6358,10739,3481,3160,23675,22712,32876,30098,33050,32777,38313,38377,41760,41808,27595,30685,19663,24555,6099,10207,344262,323977,45778,44172,77715,71446,21244,71,52
2021-10-21T23:59:59+02:00,4073,3799,26001,24943,35217,32604,34950,34896,40303,40651,43735,43762,28523,31768,20305,25449,6358,10737,3294,3008,23530,22557,32782,30007,32980,32709,38254,38323,41708,41768,27577,30666,19647,24538,6094,10198,343354,322814,45752,44140,77714,71446,21188,71,52
2021-10-20T23:59:59+02:00,4064,3782,25969,24913,35167,32556,34912,34863,40281,40628,43715,43748,28518,31763,20301,25444,6353,10733,3260,2980,23488,22517,32742,29974,32952,32680,38226,38293,41686,41746,27563,30654,19637,24527,6091,10194,343010,322410,45744,44126,77714,71446,21176,71,52
2021-10-19T23:59:59+02:00,4044,3754,25898,24868,35112,32509,34873,34824,40247,40600,43694,43734,28514,31757,20293,25434,6348,10730,3155,2865,23369,22407,32664,29907,32913,32637,38199,38249,41655,41722,27548,30637,19628,24520,6084,10189,342586,321619,45720,44085,77714,71445,21147,71,52
2021-10-18T23:59:59+02:00,4035,3736,25858,24841,35081,32471,34854,34810,40229,40586,43684,43720,28507,31749,20283,25427,6347,10730,3126,2847,23322,22369,32633,29863,32890,32601,38172,38228,41635,41700,27541,30630,19621,24511,6081,10185,342321,321255,45712,44068,77714,71445,21135,71,52
2021-10-17T23:59:59+02:00,4028,3724,25842,24835,35068,32458,34845,34805,40225,40582,43679,43712,28506,31745,20283,25422,6346,10728,3037,2767,23282,22342,32622,29850,32884,32591,38168,38221,41634,41690,27540,30625,19620,24509,6079,10185,342207,320947,45712,44068,77714,71445,21134,71,52
2021-10-16T23:59:59+02:00,4028,3724,25842,24835,35068,32458,34845,34805,40224,40581,43679,43712,28505,31744,20283,25421,6346,10727,3036,2765,23281,22342,32622,29850,32884,32590,38166,38220,41633,41689,27539,30625,19620,24508,6078,10183,342202,320933,45712,44068,77714,71445,21133,71,52
2021-10-15T23:59:59+02:00,4018,3715,25804,24805,35036,32431,34822,34782,40205,40569,43668,43705,28501,31741,20280,25418,6344,10723,3005,2740,23220,22270,32566,29799,32851,32542,38138,38193,41613,41672,27531,30618,19617,24504,6078,10179,341967,320473,45697,44042,77713,71445,21124,71,52
2021-10-14T23:59:59+02:00,3998,3685,25732,24745,34968,32365,34775,34745,40171,40535,43636,43690,28493,31732,20274,25414,6341,10718,2961,2683,23137,22184,32502,29703,32798,32484,38080,38150,41574,41635,27513,30603,19609,24495,6075,10178,341481,319788,45673,43995,77713,71445,21084,71,52
2021-10-13T23:59:59+02:00,3983,3662,25702,24724,34941,32334,34755,34729,40157,40513,43618,43670,28485,31726,20270,25406,6335,10711,2940,2662,23104,22145,32476,29662,32787,32449,38060,38130,41558,41623,27506,30589,19602,24488,6075,10173,341194,319465,45668,43987,77713,71445,21080,71,52
2021-10-12T23:59:59+02:00,3966,3640,25651,24672,34881,32270,34720,34698,40128,40486,43598,43657,28472,31711,20267,25397,6329,10705,2912,2628,23016,22047,32376,29572,32743,32400,38003,38092,41533,41586,27481,30576,19595,24478,6072,10163,340763,318773,45650,43949,77713,71443,21056,71,52
2021-10-11T23:59:59+02:00,3958,3628,25624,24647,34866,32247,34689,34680,40117,40473,43587,43644,28462,31702,20261,25392,6325,10700,2891,2617,22985,22013,32333,29537,32718,32370,37986,38075,41512,41569,27475,30570,19589,24471,6070,10159,340542,318458,45635,43941,77713,71443,21046,71,52
2021-10-10T23:59:59+02:00,3955,3626,25619,24640,34857,32237,34682,34666,40108,40468,43578,43636,28461,31697,20256,25388,6325,10696,2883,2611,22975,21997,32321,29520,32713,32363,37975,38064,41506,41564,27469,30566,19588,24469,6070,10159,340437,318334,45633,43938,77713,71443,21046,71,52
2021-10-09T23:59:59+02:00,3954,3623,25618,24638,34856,32233,34679,34665,40105,40464,43576,43636,28459,31696,20255,25385,6324,10696,2883,2610,22975,21997,32321,29520,32711,32362,37974,38064,41505,41563,27469,30566,19587,24469,6070,10158,340404,318325,45633,43938,77713,71443,21046,71,52
2021-10-08T23:59:59+02:00,3919,3599,25544,24578,34790,32179,34646,34635,40072,40435,43542,43610,28449,31686,20244,25370,6316,10693,2856,2574,22878,21929,32270,29464,32674,32314,37947,38020,41480,41538,27458,30548,19581,24461,6066,10157,339885,317771,45616,43923,77713,71442,21027,71,52
2021-10-07T23:59:59+02:00,3895,3555,25463,24497,34718,32106,34599,34594,40030,40393,43509,43583,28442,31676,20229,25359,6309,10683,2798,2512,22748,21786,32198,29375,32623,32235,37897,37972,41437,41497,27439,30530,19565,24447,6059,10145,339291,316893,45589,43896,77713,71441,20981,71,52
2021-10-06T23:59:59+02:00,3880,3535,25425,24453,34679,32066,34573,34564,40012,40375,43490,43565,28435,31667,20217,25341,6305,10671,2783,2495,22715,21744,32167,29338,32602,32205,37881,37947,41418,41482,27429,30520,19555,24435,6057,10141,338913,316553,45586,43893,77713,71441,20975,71,52
2021-10-05T23:59:59+02:00,3858,3516,25368,24390,34608,31992,34534,34527,39993,40338,43452,43542,28425,31655,20202,25332,6301,10655,2746,2453,22636,21624,32074,29246,32547,32142,37839,37906,41388,41453,27413,30510,19545,24425,6047,10131,338430,315851,45564,43866,77711,71439,20917,71,52
2021-10-04T23:59:59+02:00,3835,3494,25320,24345,34561,31956,34498,34494,39966,40317,43431,43521,28417,31646,20194,25316,6292,10641,2731,2443,22592,21578,32045,29197,32518,32118,37819,37889,41362,41437,27402,30494,19536,24416,6043,10121,338015,315502,45553,43852,77711,71436,20899,71,52
2021-10-03T23:59:59+02:00,3826,3491,25305,24335,34551,31949,34490,34487,39960,40307,43425,43517,28412,31644,20191,25307,6291,10634,2726,2437,22579,21567,32037,29187,32504,32109,37812,37881,41354,41433,27400,30489,19532,24410,6038,10115,337897,315376,45552,43850,77711,71436,20896,71,52
2021-10-02T23:59:59+02:00,3826,3491,25305,24335,34550,31949,34490,34487,39959,40307,43425,43517,28412,31644,20191,25307,6291,10634,2725,2437,22579,21567,32037,29187,32504,32109,37812,37881,41354,41433,27400,30489,19532,24410,6038,10115,337895,315375,45552,43850,77711,71436,20896,71,52
2021-10-01T23:59:59+02:00,3807,3473,25256,24270,34483,31879,34428,34446,39923,40283,43395,43499,28408,31637,20189,25305,6289,10631,2682,2395,22480,21479,31986,29116,32453,32067,37775,37833,41329,41416,27393,30484,19528,24405,6037,10113,337454,314814,45525,43824,77709,71434,20847,71,52
2021-09-30T23:59:59+02:00,3774,3431,25152,24148,34367,31791,34344,34381,39847,40221,43337,43447,28391,31616,20178,25296,6286,10621,2620,2342,22358,21362,31905,29012,32393,31995,37725,37785,41289,41390,27365,30472,19525,24392,6035,10108,336607,314020,45483,43799,77704,71434,20768,71,52
2021-09-29T23:59:59+02:00,3756,3411,25124,24100,34336,31763,34318,34355,39827,40200,43316,43429,28382,31608,20173,25290,6280,10614,2613,2328,22330,21332,31881,28992,32373,31971,37708,37767,41272,41378,27360,30461,19520,24383,6034,10104,336278,313772,45479,43795,77704,71433,20755,71,52
2021-09-28T23:59:59+02:00,3727,3379,25037,24028,34256,31694,34268,34305,39778,40160,43280,43398,28366,31589,20165,25278,6276,10605,2592,2302,22235,21258,31815,28918,32328,31925,37674,37724,41247,41353,27339,30446,19518,24374,6031,10102,335711,313269,45445,43765,77704,71432,20663,71,52
2021-09-27T23:59:59+02:00,3704,3356,24994,24000,34219,31654,34245,34275,39757,40126,43259,43377,28358,31579,20158,25273,6272,10599,2573,2288,22199,21226,31783,28877,32300,31905,37652,37706,41227,41340,27330,30441,19515,24370,6030,10098,335374,313000,45435,43749,77703,71432,20627,71,52
2021-09-26T23:59:59+02:00,3552,3252,24936,23965,34209,31646,34238,34272,39751,40120,43253,43371,28357,31577,20156,25272,6271,10598,2561,2281,22183,21207,31778,28870,32296,31901,37644,37699,41221,41334,27327,30437,19512,24368,6029,10097,334970,312892,45435,43748,77703,71431,20622,71,52
2021-09-25T23:59:59+02:00,3551,3252,24935,23965,34209,31646,34238,34272,39749,40119,43252,43371,28357,31576,20156,25272,6271,10598,2561,2280,22181,21204,31778,28870,32294,31900,37641,37697,41221,41334,27327,30436,19512,24368,6029,10097,334964,312877,45435,43748,77702,71431,20622,71,52
2021-09-24T23:59:59+02:00,3527,3220,24853,23889,34095,31567,34170,34210,39693,40072,43218,43345,28343,31565,20153,25266,6270,10596,2525,2249,22095,21116,31685,28806,32249,31863,37586,37658,41201,41312,27315,30425,19509,24365,6028,10097,334437,312423,45402,43734,77701,71430,20446,71,51
2021-09-23T23:59:59+02:00,3356,3068,24714,23741,34005,31477,34093,34150,39635,40020,43160,43301,28325,31551,20145,25254,6267,10594,2474,2204,21980,21013,31615,28729,32196,31807,37550,37622,41166,41278,27301,30405,19502,24349,6027,10094,333396,311798,45374,43716,77701,71428,20319,71,51
2021-09-22T23:59:59+02:00,3333,3043,24678,23686,33972,31443,34069,34111,39606,40004,43137,43276,28315,31542,20141,25243,6267,10589,2459,2192,21950,20982,31577,28691,32178,31778,37527,37606,41143,41267,27292,30399,19499,24345,6027,10093,333043,311533,45365,43712,77699,71427,20282,71,51
2021-09-21T23:59:59+02:00,3205,2909,24480,23527,33826,31344,34005,34026,39537,39956,43116,43234,28296,31522,20132,25237,6259,10582,2394,2161,21812,20844,31466,28587,32099,31701,37472,37558,41111,41233,27281,30387,19491,24330,6024,10087,331982,310756,45325,43684,77699,71426,20121,71,51
2021-09-20T23:59:59+02:00,3181,2887,24434,23480,33778,31303,33975,33993,39506,39925,43092,43209,28291,31512,20128,25231,6259,10578,2386,2149,21774,20802,31419,28539,32077,31665,37442,37539,41098,41223,27270,30380,19483,24324,6022,10080,331614,310447,45310,43677,77699,71424,20073,71,51
2021-09-19T23:59:59+02:00,3177,2885,24422,23474,33765,31295,33967,33986,39500,39910,43083,43208,28290,31511,20128,25229,6259,10578,2382,2145,21765,20795,31409,28531,32073,31664,37434,37531,41090,41222,27270,30380,19482,24323,6022,10080,331537,310391,45310,43676,77698,71424,20056,71,51
2021-09-18T23:59:59+02:00,3177,2885,24422,23474,33765,31295,33967,33986,39500,39910,43083,43208,28290,31511,20128,25229,6259,10578,2382,2145,21765,20795,31409,28529,32071,31664,37434,37531,41090,41222,27270,30380,19482,24322,6022,10080,331537,310386,45310,43676,77698,71424,20056,71,51
2021-09-17T23:59:59+02:00,3150,2847,24317,23359,33660,31194,33890,33917,39432,39856,43048,43181,28276,31503,20126,25222,6257,10576,2335,2102,21686,20716,31336,28466,32008,31617,37395,37497,41071,41208,27262,30365,19480,24315,6022,10079,330884,309935,45268,43655,77697,71424,19895,71,51
2021-09-16T23:59:59+02:00,3099,2799,24204,23224,33562,31086,33821,33811,39385,39795,42994,43132,28250,31483,20110,25211,6254,10568,2294,2060,21580,20617,31252,28390,31941,31551,37372,37441,41037,41169,27251,30346,19473,24307,6020,10078,330052,309323,45230,43645,77697,71418,19742,71,51
2021-09-15T23:59:59+02:00,3076,2786,24163,23177,33531,31042,33806,33780,39355,39766,42976,43114,28240,31472,20104,25206,6253,10566,2281,2045,21544,20576,31221,28348,31915,31528,37340,37407,41013,41142,27237,30337,19466,24299,6020,10074,329721,308970,45217,43644,77696,71416,19712,71,51
2021-09-14T23:59:59+02:00,3036,2754,24054,23035,33387,30903,33722,33696,39298,39713,42925,43064,28221,31456,20095,25198,6249,10561,2262,2020,21458,20495,31130,28259,31850,31466,37291,37364,40969,41116,27226,30317,19457,24291,6018,10071,328910,308445,45180,43637,77695,71412,19515,71,51
2021-09-13T23:59:59+02:00,3018,2734,24003,22982,33340,30844,33689,33646,39274,39682,42894,43040,28215,31442,20090,25196,6247,10557,2247,2004,21406,20447,31085,28208,31820,31434,37269,37344,40955,41094,27220,30311,19453,24287,6017,10070,328525,308145,45164,43624,77695,71409,19442,71,51
2021-09-12T23:59:59+02:00,3014,2727,23999,22974,33334,30839,33680,33639,39269,39679,42891,43037,28213,31440,20089,25195,6247,10556,2244,2001,21390,20438,31075,28190,31800,31425,37261,37336,40949,41087,27215,30310,19450,24284,6017,10068,328457,308018,45164,43624,77694,71407,19440,71,51
2021-09-11T23:59:59+02:00,3012,2726,23997,22972,33332,30838,33678,33638,39269,39677,42890,43037,28210,31438,20089,25195,6247,10556,2243,1999,21386,20437,31073,28186,31800,31425,37261,37334,40948,41086,27213,30310,19450,24284,6017,10068,328437,308001,45164,43622,77694,71407,19439,71,51
2021-09-10T23:59:59+02:00,2970,2684,23865,22843,33202,30721,33576,33561,39195,39593,42842,42996,28194,31421,20084,25187,6246,10554,2206,1961,21271,20332,30960,28093,31712,31370,37197,37292,40902,41053,27205,30300,19444,24273,6015,10067,327692,307456,45144,43603,77694,71406,19137,71,51
2021-09-09T23:59:59+02:00,2921,2645,23686,22696,33091,30591,33477,33458,39124,39519,42802,42948,28167,31404,20075,25181,6244,10552,2152,1904,21150,20203,30868,27995,31636,31274,37135,37236,40855,41005,27182,30285,19435,24264,6011,10064,326793,306706,45120,43584,77692,71403,18910,70,51
2021-09-08T23:59:59+02:00,2900,2614,23644,22646,33059,30552,33461,33430,39104,39498,42787,42933,28161,31395,20072,25176,6243,10552,2141,1892,21116,20172,30838,27979,31621,31249,37117,37213,40842,40992,27176,30280,19430,24259,6010,10063,326477,306479,45114,43580,77690,71402,18880,70,49
2021-09-07T23:59:59+02:00,2847,2559,23496,22502,32940,30443,33387,33345,39049,39434,42743,42899,28143,31377,20068,25171,6242,10549,2086,1851,20981,20038,30722,27893,31547,31183,37070,37161,40805,40963,27159,30255,19423,24248,6009,10061,325725,305829,45089,43557,77690,71397,18623,70,49
2021-09-06T23:59:59+02:00,2824,2544,23464,22458,32908,30409,33366,33325,39027,39421,42727,42884,28140,31373,20066,25169,6241,10546,2062,1833,20939,19993,30691,27866,31526,31156,37051,37140,40791,40951,27151,30247,19421,24239,6006,10059,325456,305522,45073,43549,77689,71395,18607,70,49
2021-09-05T23:59:59+02:00,2813,2541,23459,22453,32906,30403,33364,33320,39024,39418,42723,42878,28138,31369,20064,25168,6240,10545,2058,1830,20928,19986,30680,27860,31523,31152,37048,37138,40787,40948,27146,30245,19419,24235,6005,10059,325392,305448,45072,43549,77689,71395,18606,70,49
2021-09-04T23:59:59+02:00,2813,2541,23456,22452,32905,30403,33364,33319,39024,39417,42722,42877,28138,31369,20064,25168,6240,10545,2056,1827,20926,19986,30680,27860,31522,31151,37048,37138,40786,40948,27146,30245,19419,24235,6005,10059,325386,305441,45072,43549,77689,71395,18603,70,49
2021-09-03T23:59:59+02:00,2790,2507,23377,22374,32831,30331,33323,33276,38980,39388,42692,42864,28130,31356,20063,25166,6238,10544,2040,1810,20877,19927,30630,27821,31488,31116,37020,37111,40755,40936,27138,30237,19417,24233,6004,10059,324883,305094,45044,43540,77687,71387,18549,70,49
2021-09-02T23:59:59+02:00,2759,2475,23271,22277,32772,30241,33265,33221,38942,39354,42653,42832,28110,31344,20059,25152,6236,10541,2018,1791,20803,19867,30570,27759,31450,31085,36980,37074,40721,40908,27128,30225,19414,24222,6004,10059,324279,304667,45014,43522,77686,71382,18458,70,49
2021-09-01T23:59:59+02:00,2736,2460,23247,22240,32742,30209,33243,33195,38916,39333,42639,42816,28101,31337,20054,25150,6236,10541,2001,1776,20762,19825,30537,27730,31423,31064,36961,37057,40703,40892,27117,30216,19413,24216,6004,10059,324022,304392,45003,43516,77685,71381,18418,70,49
2021-08-31T23:59:59+02:00,2691,2417,23124,22134,32660,30109,33187,33139,38872,39292,42613,42792,28090,31331,20048,25146,6235,10537,1977,1756,20675,19730,30465,27670,31374,31024,36922,37025,40674,40867,27108,30204,19407,24211,6004,10057,323444,303977,44973,43502,77684,71373,18249,70,49
2021-08-30T23:59:59+02:00,2669,2393,23073,22091,32619,30066,33161,33102,38843,39271,42594,42774,28085,31324,20041,25137,6234,10533,1929,1715,20553,19626,30367,27574,31313,30972,36889,36997,40653,40833,27092,30189,19406,24202,6004,10055,323100,303258,44958,43493,77684,71368,18201,70,49
2021-08-29T23:59:59+02:00,2638,2363,22986,22025,32556,30009,33117,33071,38797,39235,42564,42753,28076,31317,20038,25132,6234,10532,1903,1690,20450,19557,30299,27524,31278,30938,36848,36966,40628,40815,27079,30178,19405,24197,6004,10055,322643,302828,44942,43470,77682,71358,18109,70,49
2021-08-28T23:59:59+02:00,2632,2361,22986,22025,32552,30009,33116,33071,38794,39234,42563,42753,28075,31317,20038,25132,6234,10532,1903,1688,20449,19556,30293,27524,31278,30935,36845,36964,40628,40815,27079,30178,19405,24197,6004,10055,322630,302817,44942,43469,77682,71358,18103,70,49
2021-08-27T23:59:59+02:00,2632,2361,22981,22022,32545,30008,33114,33068,38792,39232,42560,42753,28074,31316,20038,25132,6233,10532,1902,1687,20443,19555,30285,27523,31276,30933,36842,36962,40626,40815,27079,30178,19405,24196,6004,10055,322611,302801,44942,43469,77682,71356,18091,70,49
2021-08-26T23:59:59+02:00,2549,2277,22793,21814,32409,29866,32994,32960,38704,39144,42494,42684,28050,31283,20025,25114,6232,10526,1817,1606,20174,19285,30144,27356,31134,30808,36734,36868,40541,40742,27037,30137,19386,24172,5998,10053,321385,301295,44922,43445,77681,71340,17863,70,49
2021-08-25T23:59:59+02:00,2543,2269,22773,21789,32397,29845,32981,32945,38692,39128,42483,42678,28045,31280,20018,25108,6229,10524,1806,1597,20126,19242,30108,27325,31113,30770,36709,36836,40522,40726,27024,30125,19382,24164,5997,10052,321196,300931,44922,43445,77681,71338,17861,70,49
2021-08-24T23:59:59+02:00,2525,2258,22734,21747,32371,29800,32962,32912,38682,39108,42464,42664,28039,31269,20013,25100,6228,10523,1796,1588,20088,19200,30075,27284,31092,30735,36695,36815,40502,40708,27018,30115,19378,24161,5997,10048,320908,300642,44912,43440,77681,71333,17831,70,49
2021-08-23T23:59:59+02:00,2505,2226,22664,21674,32300,29743,32926,32880,38643,39077,42434,42651,28024,31260,20010,25089,6228,10521,1752,1544,19963,19077,29956,27205,31027,30687,36645,36772,40460,40679,27006,30100,19372,24151,5997,10042,320464,299901,44901,43416,77679,71325,17744,70,49
2021-08-22T23:59:59+02:00,2496,2217,22628,21642,32280,29725,32910,32872,38626,39061,42429,42642,28019,31255,20005,25089,6228,10520,1742,1531,19923,19039,29920,27171,30996,30651,36624,36756,40442,40657,26998,30096,19369,24148,5997,10040,320292,299610,44895,43413,77678,71316,17712,70,49
2021-08-21T23:59:59+02:00,2477,2204,22575,21594,32241,29688,32887,32848,38613,39038,42412,42632,28012,31247,20003,25086,6228,10519,1712,1507,19822,18940,29849,27112,30962,30607,36589,36714,40418,40636,26987,30088,19364,24144,5995,10040,320053,299102,44881,43398,77676,71310,17627,70,49
2021-08-20T23:59:59+02:00,2439,2162,22488,21486,32164,29605,32825,32800,38562,38998,42370,42604,28005,31233,19999,25071,6227,10515,1665,1470,19648,18814,29722,27009,30886,30548,36526,36668,40372,40599,26972,30069,19355,24135,5994,10036,319468,298286,44857,43373,77673,71292,17488,70,49
2021-08-19T23:59:59+02:00,2349,2094,22327,21348,32027,29480,32734,32716,38458,38918,42300,42549,27979,31200,19992,25059,6222,10506,1609,1420,19389,18607,29509,26859,30765,30440,36405,36572,40270,40514,26944,30039,19344,24119,5990,10031,318528,297014,44836,43343,77673,71266,17154,70,49
2021-08-18T23:59:59+02:00,2339,2085,22301,21327,32005,29459,32712,32693,38430,38900,42287,42535,27964,31190,19986,25054,6222,10504,1586,1402,19335,18547,29469,26825,30739,30409,36376,36551,40246,40483,26927,30028,19339,24107,5985,10027,318270,296580,44836,43341,77673,71264,17147,70,49
2021-08-17T23:59:59+02:00,2322,2069,22276,21299,31989,29431,32687,32669,38416,38889,42262,42517,27958,31177,19980,25049,6222,10504,1573,1391,19292,18497,29437,26786,30696,30383,36351,36520,40220,40462,26910,30016,19336,24093,5983,10023,318025,296207,44836,43338,77673,71260,17115,70,49
2021-08-16T23:59:59+02:00,2283,2052,22209,21256,31949,29386,32663,32648,38392,38867,42230,42500,27949,31169,19978,25038,6222,10503,1549,1366,19083,18353,29289,26670,30620,30294,36304,36466,40182,40420,26890,30000,19329,24074,5977,10021,317675,295202,44836,43332,77670,71258,17046,70,49
2021-08-15T23:59:59+02:00,2256,2029,22155,21199,31901,29345,32639,32615,38364,38848,42208,42486,27943,31164,19972,25031,6221,10503,1527,1350,18962,18233,29131,26541,30540,30210,36237,36415,40127,40363,26872,29976,19319,24065,5974,10020,317338,294270,44827,43315,77669,71250,16978,70,49
2021-08-14T23:59:59+02:00,2250,2026,22129,21183,31889,29329,32635,32609,38356,38843,42202,42483,27942,31163,19971,25030,6221,10502,1497,1322,18849,18139,29069,26476,30501,30163,36212,36383,40106,40348,26865,29970,19316,24064,5973,10017,317249,293724,44824,43297,77669,71246,16954,70,49
2021-08-13T23:59:59+02:00,2233,2015,22083,21145,31853,29305,32597,32580,38341,38828,42192,42473,27940,31159,19968,25027,6220,10502,1422,1257,18593,17879,28892,26314,30385,30071,36159,36315,40061,40312,26849,29957,19311,24055,5970,10013,317013,292354,44819,43281,77667,71236,16895,70,49
2021-08-12T23:59:59+02:00,2196,1977,21994,21051,31784,29225,32539,32530,38294,38783,42151,42438,27924,31140,19961,25017,6218,10502,1329,1197,18291,17567,28642,26084,30241,29941,36064,36221,39983,40244,26814,29910,19291,24032,5968,10010,316430,290607,44808,43229,77664,71189,16755,70,49
2021-08-11T23:59:59+02:00,2194,1972,21974,21035,31766,29204,32524,32514,38286,38774,42140,42422,27915,31137,19958,25013,6217,10498,1321,1184,18236,17512,28606,26039,30193,29902,36044,36182,39947,40211,26802,29883,19284,24022,5968,10008,316250,290130,44808,43226,77664,71186,16754,70,48
2021-08-10T23:59:59+02:00,2185,1951,21947,20998,31728,29181,32508,32493,38259,38747,42122,42414,27909,31129,19956,25010,6216,10494,1287,1150,17724,17057,28431,25883,30099,29814,35875,36059,39898,40169,26781,29860,19278,24007,5964,10007,316001,288436,44804,43208,77662,70936,16715,68,48
2021-08-09T23:59:59+02:00,2161,1937,21897,20945,31668,29134,32472,32464,38233,38726,42108,42389,27898,31120,19955,25001,6215,10492,1244,1110,17251,16604,28296,25775,30043,29760,35828,36014,39865,40133,26772,29846,19273,24000,5964,10005,315618,286950,44798,43189,77661,70923,16673,68,48
2021-08-08T23:59:59+02:00,2144,1919,21843,20899,31623,29097,32438,32438,38209,38717,42086,42368,27891,31116,19949,24997,6215,10489,1179,1047,16905,16265,28185,25688,29984,29686,35780,35976,39841,40107,26761,29832,19264,23990,5962,10000,315297,285702,44797,43168,77660,70915,16619,68,48
2021-08-07T23:59:59+02:00,2100,1876,21707,20817,31540,29029,32364,32378,38152,38668,42053,42339,27882,31089,19944,24988,6213,10487,1033,921,16393,15812,27878,25398,29754,29499,35603,35818,39699,39995,26706,29769,19245,23961,5959,9996,314669,283046,44764,43046,77654,70825,16474,68,48
2021-08-06T23:59:59+02:00,2090,1866,21656,20778,31497,28996,32332,32359,38126,38647,42042,42323,27877,31080,19940,24988,6213,10487,914,813,15366,14833,26731,24498,29465,29266,35356,35618,39383,39755,26663,29722,19236,23951,5958,9993,314437,278046,44760,43025,77654,70022,16381,68,47
2021-08-05T23:59:59+02:00,2052,1837,21550,20691,31441,28919,32273,32299,38066,38596,41997,42285,27860,31060,19932,24975,6211,10484,815,707,14474,14086,25704,23717,28750,28750,34824,35183,39065,39510,26596,29642,19204,23917,5955,9983,313880,273146,44737,42973,77653,68523,16193,68,47
2021-08-04T23:59:59+02:00,2032,1818,21479,20640,31397,28852,32239,32257,38029,38572,41960,42256,27847,31045,19927,24962,6209,10480,737,661,14101,13744,25299,23409,28538,28523,34681,35058,38964,39416,26557,29597,19181,23894,5950,9978,313432,270695,44730,42943,77653,68482,16121,68,47
2021-08-03T23:59:59+02:00,2023,1802,21452,20613,31378,28839,32226,32247,38019,38558,41944,42243,27838,31039,19922,24955,6208,10478,717,647,14019,13652,25221,23333,28472,28468,34635,35010,38917,39384,26541,29575,19172,23885,5948,9972,313224,270008,44726,42939,77651,68456,16118,68,47
2021-08-02T23:59:59+02:00,2013,1781,21407,20576,31331,28816,32199,32216,37992,38542,41931,42228,27829,31027,19922,24947,6207,10474,686,617,13816,13441,24517,22779,28188,28244,34487,34899,38839,39320,26514,29543,19164,23881,5948,9970,312931,267585,44723,42925,77651,68228,16068,68,47
2021-08-01T23:59:59+02:00,1993,1764,21355,20528,31282,28775,32172,32197,37973,38523,41910,42211,27823,31020,19919,24939,6207,10474,648,589,13647,13282,24215,22522,27950,28027,34397,34789,38772,39248,26498,29523,19158,23875,5948,9968,312625,265884,44717,42913,77650,68204,16008,68,47
2021-07-31T23:59:59+02:00,1968,1734,21273,20451,31213,28736,32118,32157,37938,38494,41887,42190,27820,31011,19914,24935,6207,10474,376,359,12701,12258,23699,22081,27604,27670,34085,34493,38340,38904,26428,29438,19132,23830,5943,9962,312203,260849,44705,42877,77648,67632,15898,68,47
2021-07-30T23:59:59+02:00,1943,1714,21248,20429,31181,28718,32103,32136,37932,38487,41879,42181,27815,31008,19913,24935,6206,10474,368,352,12613,12185,23378,21789,27329,27459,33865,34328,38178,38768,26404,29420,19130,23822,5943,9960,312012,259432,44704,42868,77648,67072,15872,68,47
2021-07-29T23:59:59+02:00,1874,1645,21016,20191,31037,28569,31999,32023,37840,38397,41785,42121,27787,30983,19900,24916,6199,10465,302,292,11984,11648,22250,20949,26288,26620,32881,33632,37796,38477,26321,29319,19102,23775,5937,9951,310790,253813,44676,42777,77640,65312,15575,68,47
2021-07-28T23:59:59+02:00,1854,1630,20976,20140,31017,28539,31983,32002,37818,38378,41762,42100,27776,30971,19894,24906,6199,10463,258,241,11700,11345,21841,20566,25854,26191,32714,33475,37681,38386,26284,29268,19083,23752,5936,9946,310468,250877,44676,42776,77628,65251,15570,68,47
2021-07-27T23:59:59+02:00,1844,1624,20936,20097,30992,28506,31949,31986,37796,38346,41738,42086,27769,30964,19893,24901,6199,10460,219,218,11452,11129,21639,20375,25711,26069,32606,33372,37598,38304,26259,29231,19075,23743,5933,9942,310229,249391,44676,42772,77627,65178,15488,68,46
2021-07-26T23:59:59+02:00,1818,1588,20810,19966,30884,28404,31889,31922,37741,38278,41695,42055,27743,30946,19882,24887,6193,10457,184,190,11156,10803,21135,19930,25462,25860,32443,33223,37466,38216,26223,29197,19062,23719,5932,9934,309461,247093,44645,42658,77620,64972,15366,68,46
2021-07-25T23:59:59+02:00,1812,1580,20787,19953,30874,28394,31877,31908,37735,38271,41685,42047,27739,30943,19881,24885,6193,10456,172,177,11049,10696,20982,19824,25228,25665,32201,33012,37320,38080,26204,29183,19055,23712,5931,9931,309347,245819,44636,42643,77612,64555,15359,68,46
2021-07-24T23:59:59+02:00,1792,1565,20706,19878,30829,28353,31842,31872,37706,38242,41663,42035,27732,30937,19878,24883,6193,10456,166,172,10985,10641,20908,19761,25155,25603,32149,32981,37291,38059,26198,29178,19053,23710,5931,9931,308995,245451,44625,42619,77608,64488,15268,68,46
2021-07-23T23:59:59+02:00,1737,1530,20514,19732,30668,28238,31756,31798,37639,38190,41624,41994,27721,30920,19873,24877,6192,10451,154,161,10726,10433,20549,19458,24347,24956,31661,32649,36720,37602,26154,29136,19037,23692,5930,9929,308162,242566,44616,42571,77591,63093,15018,68,46
2021-07-22T23:59:59+02:00,1673,1473,20206,19460,30426,28059,31627,31685,37510,38084,41526,41911,27694,30896,19863,24853,6188,10450,117,134,10261,10056,19803,18946,23395,24283,30953,32059,35680,36839,26042,29038,19003,23660,5928,9925,306689,238950,44581,41907,77586,60558,14661,68,46
2021-07-21T23:59:59+02:00,1658,1465,20168,19408,30398,28029,31602,31661,37490,38059,41505,41887,27685,30888,19857,24847,6183,10446,99,113,9952,9723,19340,18493,22522,23514,30619,31725,35444,36641,25960,28941,18973,23607,5920,9915,306361,236197,44571,40219,77584,60387,14653,68,45
2021-07-20T23:59:59+02:00,1651,1459,20134,19381,30365,28003,31577,31641,37474,38041,41493,41875,27670,30873,19857,24840,6183,10443,88,102,9685,9444,19007,18224,22250,23230,30441,31568,35279,36496,25914,28893,18957,23571,5919,9911,306100,233797,44569,40211,77583,60285,14641,68,45
2021-07-19T23:59:59+02:00,1640,1451,20019,19295,30280,27931,31518,31584,37455,38022,41478,41856,27665,30862,19851,24833,6182,10440,81,96,9488,9246,18696,17948,21788,22807,30187,31337,35162,36392,25880,28854,18939,23555,5919,9908,305519,232167,44563,39269,77581,60170,14632,68,45
2021-07-18T23:59:59+02:00,1629,1445,19950,19226,30152,27833,31454,31517,37395,37970,41433,41804,27644,30831,19842,24818,6178,10437,75,88,9377,9130,18525,17797,21595,22618,30018,31136,35048,36292,25848,28830,18928,23537,5919,9902,304729,230905,44563,38965,77578,60127,14621,68,45
2021-07-17T23:59:59+02:00,1628,1441,19943,19223,30152,27832,31454,31513,37390,37968,41428,41802,27643,30830,19841,24818,6178,10437,75,84,9356,9115,18494,17775,21577,22605,30008,31129,35030,36288,25845,28828,18928,23536,5919,9902,304696,230754,44563,38962,77578,60116,14617,68,45
2021-07-16T23:59:59+02:00,1575,1396,19670,18983,30032,27737,31373,31443,37337,37906,41387,41770,27625,30812,19834,24809,6177,10431,74,82,9240,9000,18112,17474,21275,22331,29619,30773,34894,36182,25822,28804,18921,23524,5918,9900,303718,229480,44540,38241,77577,59785,14395,68,44
2021-07-15T23:59:59+02:00,1517,1352,19414,18736,29858,27587,31262,31344,37253,37823,41317,41703,27582,30783,19818,24796,6173,10428,65,70,8875,8696,17204,16654,19720,21105,28696,29851,34270,35598,25653,28623,18865,23474,5912,9888,302442,223362,44500,36780,77569,58864,14169,67,44
2021-07-14T23:59:59+02:00,1503,1339,19384,18700,29830,27561,31237,31312,37241,37809,41297,41696,27574,30776,19809,24789,6172,10425,57,65,8586,8399,16654,16050,19224,20584,28132,29350,33878,35225,25541,28493,18825,23407,5907,9877,302157,219189,44499,36421,77567,58435,14165,67,44
2021-07-13T23:59:59+02:00,1492,1328,19346,18675,29813,27536,31213,31296,37226,37782,41273,41668,27565,30762,19807,24784,6171,10419,39,59,8278,8139,16254,15702,18945,20305,27868,29098,33607,34966,25442,28371,18792,23365,5905,9872,301870,216483,44498,36384,77566,57940,14156,67,44
2021-07-12T23:59:59+02:00,1476,1318,19295,18657,29777,27505,31196,31275,37214,37765,41257,41653,27560,30757,19805,24778,6170,10419,38,54,8018,7926,15972,15421,18244,19753,27554,28775,33196,34604,25271,28174,18733,23291,5899,9867,301601,215188,44497,34453,77566,56958,14147,67,44
2021-07-11T23:59:59+02:00,1466,1310,19263,18626,29750,27472,31179,31244,37206,37744,41242,41641,27550,30748,19803,24778,6169,10418,36,53,7973,7880,15907,15350,18154,19699,27470,28712,33080,34541,25216,28129,18713,23269,5899,9864,301345,214610,44494,34442,77564,56709,14140,67,44
2021-07-10T23:59:59+02:00,1337,1194,18758,18208,29301,27169,30896,31011,36960,37583,41041,41491,27478,30689,19777,24746,6166,10415,35,53,7845,7810,15621,15212,17937,19547,27225,28569,32917,34426,25150,28082,18697,23256,5898,9864,299129,214186,44360,34318,77535,56466,13130,67,44
2021-07-09T23:59:59+02:00,1326,1188,18729,18177,29280,27152,30884,30998,36949,37571,41030,41482,27474,30685,19775,24742,6166,10414,32,51,7803,7765,15549,15144,17872,19453,27002,28340,32667,34213,25084,28018,18675,23229,5898,9861,298983,213899,44341,34314,77534,55301,13098,67,44
2021-07-08T23:59:59+02:00,1248,1106,18461,17963,29126,26997,30744,30877,36846,37469,40931,41404,27439,30650,19756,24723,6161,10408,27,47,7636,7629,15250,14897,17439,19091,26311,27736,32393,33945,24916,27860,18616,23166,5895,9853,297704,212759,44284,32894,77526,54281,12729,67,44
2021-07-07T23:59:59+02:00,1149,1014,18149,17640,28926,26812,30612,30752,36734,37347,40823,41317,27404,30601,19742,24706,6158,10405,24,39,7440,7419,14807,14531,16972,18646,25557,27123,31984,33564,24647,27534,18522,23073,5886,9844,296124,209838,44233,32055,77516,53323,12352,67,44
2021-07-06T23:59:59+02:00,1126,997,18072,17572,28879,26761,30562,30704,36697,37312,40788,41286,27387,30575,19731,24692,6156,10402,17,33,7221,7189,14459,14169,16620,18298,24803,26475,31680,33299,24458,27317,18474,23001,5879,9837,295542,207763,44230,30650,77513,52424,12348,67,44
2021-07-05T23:59:59+02:00,1084,969,17996,17510,28834,26700,30521,30670,36672,37266,40760,41260,27381,30561,19725,24685,6156,10397,7,20,6992,7002,14152,13898,16263,17935,24240,25964,31105,32732,24177,27019,18366,22861,5871,9825,295051,206260,44228,28544,77508,51287,12294,67,44
2021-07-04T23:59:59+02:00,1062,953,17924,17460,28796,26677,30497,30641,36663,37257,40745,41248,27375,30550,19720,24682,6156,10396,7,20,6967,6983,14098,13845,16187,17873,24155,25907,30950,32638,24083,26929,18334,22819,5869,9821,294733,205862,44228,28533,77497,50768,12278,67,44
2021-07-03T23:59:59+02:00,648,582,16191,15741,27647,25756,29701,29921,36021,36646,40245,40821,27218,30383,19655,24594,6147,10379,7,20,6581,6742,13595,13548,15790,17570,23796,25631,30643,32446,23985,26833,18302,22779,5865,9817,287214,205562,44189,28456,77415,50476,9412,67,44
2021-07-02T23:59:59+02:00,609,543,16060,15596,27489,25607,29619,29862,35990,36617,40227,40808,27212,30374,19652,24591,6147,10379,7,20,6535,6669,13521,13452,15703,17439,23652,25445,30489,32282,23792,26622,18213,22701,5863,9814,286308,204880,44189,28297,77414,49593,9405,67,44
2021-07-01T23:59:59+02:00,551,495,15880,15443,27276,25453,29542,29783,35935,36565,40162,40762,27191,30356,19641,24578,6145,10375,7,19,6389,6535,13170,13177,15172,16996,22380,24452,29727,31597,23509,26331,18094,22565,5856,9798,285120,201322,44185,26618,77401,48431,9361,67,42
2021-06-30T23:59:59+02:00,521,475,15775,15335,27166,25365,29474,29709,35878,36512,40120,40727,27176,30325,19630,24561,6141,10375,6,17,6194,6354,12734,12788,14602,16446,21754,23852,29132,31065,23091,25864,17963,22381,5849,9786,284291,197048,44182,26593,77394,46863,9332,67,42
2021-06-29T23:59:59+02:00,465,423,15028,14666,26903,25144,29375,29609,35798,36429,40051,40678,27157,30300,19621,24548,6141,10373,6,15,6081,6226,12472,12524,14205,16050,20963,23226,28548,30512,22644,25339,17809,22206,5841,9776,281796,193891,44178,26084,77385,45142,9284,67,42
2021-06-28T23:59:59+02:00,429,392,14401,14029,26740,25040,29302,29543,35738,36362,40008,40643,27139,30280,19613,24537,6141,10369,5,15,6015,6129,12296,12385,14018,15873,20337,22674,28146,30136,22306,24982,17680,22043,5836,9771,279856,192207,44175,25421,77380,43748,9229,67,42
2021-06-27T23:59:59+02:00,352,325,14055,13658,26677,24982,29263,29505,35714,36340,39990,40628,27128,30273,19610,24533,6140,10368,5,15,5976,6085,12179,12269,13872,15743,19780,22195,27535,29635,22028,24643,17559,21918,5832,9770,278743,191366,44169,23889,77370,42549,9193,67,42
2021-06-26T23:59:59+02:00,351,324,14044,13645,26661,24971,29258,29498,35707,36339,39987,40627,27127,30272,19610,24533,6140,10368,5,15,5971,6083,12169,12267,13866,15740,19767,22183,27490,29600,21881,24513,17519,21860,5831,9768,278668,191344,44166,23885,77370,42065,9192,67,42
2021-06-25T23:59:59+02:00,227,211,12786,12428,25206,23820,28960,29265,35600,36254,39919,40565,27103,30244,19599,24521,6138,10366,5,15,5927,6038,12070,12186,13723,15619,19457,21943,27103,29241,21557,24116,17339,21663,5828,9759,272449,190114,44161,23600,77350,40647,9186,67,42
2021-06-24T23:59:59+02:00,162,157,11811,11596,24086,22938,28595,28914,35450,36088,39804,40460,27064,30195,19588,24497,6136,10362,5,14,5710,5810,11612,11770,13141,15022,17918,20541,25447,27641,20782,23254,17020,21257,5817,9749,267200,185119,44140,19970,77346,38228,9151,67,42
2021-06-23T23:59:59+02:00,126,131,11446,11274,23592,22564,28346,28670,35275,35961,39715,40372,27033,30168,19579,24459,6134,10350,5,14,5634,5698,11398,11555,12840,14673,17524,20130,24695,26869,19987,22501,16826,21004,5809,9733,264585,182759,44130,19351,77341,35670,9073,67,42
2021-06-22T23:59:59+02:00,105,118,11266,11064,23432,22425,28266,28595,35200,35901,39668,40327,27018,30144,19571,24450,6134,10349,4,12,5525,5578,11128,11290,12474,14301,16920,19527,23961,26099,19608,22075,16663,20825,5802,9716,263446,179712,44126,18471,77339,34227,9056,67,42
2021-06-21T23:59:59+02:00,93,106,11015,10880,22599,21756,28013,28366,35132,35840,39604,40284,27001,30126,19565,24441,6134,10348,4,11,5407,5478,10907,11069,12167,13978,16527,19181,23508,25629,19315,21755,16558,20704,5796,9714,260856,178235,44117,17453,77333,33047,8931,67,42
2021-06-20T23:59:59+02:00,87,105,10949,10788,22347,21540,27755,28166,35053,35762,39559,40239,26990,30110,19563,24436,6132,10345,4,10,5366,5427,10820,10962,12069,13876,16331,18995,23237,25388,19213,21648,16505,20646,5790,9710,259564,177918,44114,16389,77328,32795,8853,67,42
2021-06-19T23:59:59+02:00,86,101,10926,10765,22315,21517,27737,28153,35041,35757,39550,40235,26989,30109,19563,24434,6132,10345,4,10,5334,5396,10737,10868,11976,13753,16183,18844,22928,25026,19125,21561,16492,20633,5789,9710,259414,177806,44093,14886,77328,32782,8853,67,42
2021-06-18T23:59:59+02:00,83,99,10878,10713,22005,21191,27480,27934,34986,35720,39516,40212,26980,30100,19562,24431,6132,10343,4,10,5318,5387,10708,10837,11936,13705,16120,18781,22842,24929,18958,21379,16447,20568,5788,9705,258030,177409,44089,14885,77327,32234,8852,67,42
2021-06-17T23:59:59+02:00,74,91,10301,10284,20729,20229,26619,27196,34613,35393,39257,40022,26916,30018,19541,24394,6125,10338,4,10,5122,5247,10327,10584,11489,13302,15441,18168,21470,23605,18499,20885,16282,20395,5784,9691,252243,172087,44069,14309,77314,31420,8447,67,42
2021-06-16T23:59:59+02:00,66,79,9968,9973,20045,19597,25984,26594,34360,35189,39095,39873,26871,29965,19517,24369,6124,10334,3,8,4980,5099,9937,10248,11029,12849,14734,17477,20618,22664,18092,20437,16112,20181,5774,9679,248402,168282,44053,13039,77300,30378,8181,67,41
2021-06-15T23:59:59+02:00,51,73,9723,9729,19747,19350,25757,26396,34227,35080,38999,39792,26839,29929,19510,24354,6119,10330,3,8,4874,4982,9700,10033,10794,12589,14309,17050,20015,22084,17764,20042,15888,19949,5765,9667,246620,166176,44042,11947,77291,29368,7985,67,40
2021-06-14T23:59:59+02:00,47,68,9591,9602,19453,19089,25578,26252,34108,34999,38936,39752,26820,29909,19504,24343,6119,10327,3,8,4793,4918,9513,9893,10616,12453,14048,16832,19696,21789,17598,19880,15784,19814,5764,9663,245417,164704,44040,11945,77287,28690,7686,67,40
2021-06-13T23:59:59+02:00,46,64,9430,9474,19164,18907,25223,26000,33911,34831,38828,39685,26804,29897,19493,24335,6119,10323,2,8,4707,4849,9305,9720,10445,12277,13726,16484,19347,21456,17469,19731,15736,19750,5762,9661,243773,163836,44039,11944,77282,27242,7373,67,40
2021-06-12T23:59:59+02:00,46,64,9421,9456,19153,18894,25223,25995,33911,34828,38825,39684,26804,29897,19493,24335,6119,10323,2,8,4704,4835,9294,9658,10411,12174,13677,16329,19292,21320,17360,19605,15619,19648,5760,9659,243726,163807,44039,11940,77277,26206,7362,67,40
2021-06-11T23:59:59+02:00,41,60,9260,9276,18918,18683,24420,25320,33733,34670,38689,39571,26770,29863,19482,24310,6119,10318,2,8,4624,4724,9073,9399,10149,11875,13154,15774,18313,20417,17176,19406,15579,19603,5757,9656,240795,159761,44037,11939,77272,25617,7332,67,40
2021-06-10T23:59:59+02:00,39,56,8864,8948,18271,18191,23577,24649,33414,34390,38486,39405,26714,29810,19458,24281,6116,10311,2,8,4449,4547,8496,8902,9338,11152,12004,14666,16301,18495,16280,18433,15293,19235,5747,9634,237188,150027,43385,11905,77246,23914,7096,65,40
2021-06-09T23:59:59+02:00,22,38,8411,8444,17442,17467,22428,23605,32927,33922,38198,39184,26607,29705,19410,24222,6106,10298,2,7,4312,4429,8205,8638,9091,10897,11665,14296,15814,17945,15904,18000,15051,18949,5740,9624,233186,148179,41494,11864,77206,21987,6500,50,39
2021-06-08T23:59:59+02:00,13,26,8094,8125,16972,17054,22007,23238,32681,33726,38036,39054,26563,29664,19400,24200,6103,10293,0,7,4194,4349,7950,8385,8784,10552,11301,13949,15170,17239,15439,17476,14789,18670,5735,9606,230460,146459,41461,10747,77197,20269,6081,50,39
2021-06-07T23:59:59+02:00,10,22,7896,7894,16612,16731,21467,22777,32399,33457,37919,38936,26532,29616,19381,24170,6098,10292,0,7,4117,4269,7767,8242,8624,10406,11127,13778,14852,16910,15237,17218,14614,18476,5731,9601,228828,145365,40489,10654,77179,19255,5663,50,39
2021-06-06T23:59:59+02:00,8,19,7788,7786,16478,16585,21272,22571,32172,33230,37783,38830,26505,29591,19368,24153,6098,10286,0,7,4088,4232,7719,8122,8569,10275,11018,13631,14654,16689,15051,17038,14525,18355,5724,9595,227593,144873,40190,10640,77161,18211,5529,50,39
2021-06-05T23:59:59+02:00,8,19,7766,7773,16452,16560,21263,22567,32161,33223,37781,38829,26504,29591,19367,24152,6098,10286,0,7,4077,4191,7704,8055,8555,10142,11003,13459,14635,16583,15016,16983,14516,18345,5724,9594,227485,144784,40190,10640,77160,17611,5515,50,39
2021-06-04T23:59:59+02:00,8,17,7655,7670,16173,16322,20989,22318,31739,32848,37666,38706,26471,29552,19356,24139,6096,10284,0,7,4070,4181,7675,8031,8527,10111,10936,13386,14530,16448,14934,16891,14479,18301,5724,9592,225887,144443,39417,10310,77142,17518,5513,50,39
2021-06-03T23:59:59+02:00,6,17,7402,7438,15295,15529,19354,20930,30825,31921,37160,38243,26338,29417,19311,24087,6090,10266,0,7,4010,4142,7586,7958,8403,10013,10763,13201,13957,15874,14667,16574,14392,18193,5721,9579,219259,142208,37828,10189,77131,17243,5361,50,39
2021-06-02T23:59:59+02:00,6,17,7268,7293,14917,15104,18922,20525,30358,31464,36932,37980,26275,29352,19291,24058,6087,10264,0,7,3982,4112,7524,7873,8314,9917,10621,13070,13509,15440,14542,16391,14362,18155,5718,9574,216179,140411,37397,10095,77130,17209,5357,50,39
2021-06-01T23:59:59+02:00,6,14,6992,7052,14522,14796,18578,20204,30030,31150,36707,37747,26219,29273,19267,24030,6085,10253,0,7,3881,4029,7281,7697,8077,9722,10355,12794,13100,15014,14106,15935,14245,17998,5711,9566,213435,138259,37352,9841,77109,16400,4979,50,39
2021-05-31T23:59:59+02:00,6,14,6831,6863,14297,14561,17876,19603,29686,30806,36414,37483,26124,29173,19240,23977,6075,10241,0,7,3804,3921,7069,7444,7853,9438,10010,12407,12660,14492,13575,15318,14044,17767,5702,9550,211986,135061,35314,9517,77094,15618,4826,50,39
2021-05-30T23:59:59+02:00,6,14,6808,6847,14248,14519,17799,19545,29637,30766,36384,37457,26112,29161,19237,23970,6074,10239,0,7,3760,3848,6910,7230,7704,9199,9800,12084,12403,14137,13453,15146,13977,17684,5699,9543,211685,134319,35300,9413,77038,14064,4750,50,38
2021-05-29T23:59:59+02:00,6,14,6807,6846,14238,14512,17795,19539,29632,30761,36381,37456,26110,29158,19237,23969,6074,10239,0,7,3749,3836,6879,7196,7670,9148,9764,12036,12329,14038,13410,15077,13946,17659,5698,9538,211653,134176,35300,9412,77023,13606,4748,50,38
2021-05-28T23:59:59+02:00,6,14,6797,6833,14220,14499,17779,19517,29618,30748,36370,37436,26108,29154,19235,23965,6074,10239,0,6,3735,3812,6858,7155,7635,9093,9709,11931,12084,13768,13218,14884,13916,17618,5695,9535,211500,132873,35299,9411,77020,13587,4743,50,38
2021-05-27T23:59:59+02:00,6,14,6706,6751,13949,14282,17294,19168,28938,30205,36210,37304,26060,29120,19220,23950,6073,10233,0,6,3612,3649,6569,6903,7260,8782,9210,11371,11370,12865,12660,14310,13784,17423,5687,9523,210412,129328,33855,9072,76979,12359,4187,50,38
2021-05-26T23:59:59+02:00,6,14,6635,6645,13736,14080,17039,18856,28394,29690,36034,37129,26019,29071,19202,23921,6072,10226,0,6,3521,3506,6346,6616,6971,8354,8866,10890,10717,12062,12094,13691,13637,17204,5682,9501,208795,125694,33102,8887,76962,11187,3861,49,35
2021-05-25T23:59:59+02:00,6,14,6553,6548,13526,13860,16776,18643,27670,29042,35940,37031,25995,29040,19190,23905,6067,10225,0,6,3473,3411,6203,6448,6824,8163,8639,10597,10369,11695,11747,13211,13529,17041,5679,9493,208067,123836,31648,8749,76479,10119,3789,48,35
2021-05-24T23:59:59+02:00,6,14,6484,6452,13349,13660,16551,18363,27253,28613,35594,36630,25938,28972,19171,23881,6066,10223,0,6,3460,3390,6141,6365,6776,8078,8578,10501,10297,11596,11571,12977,13480,16949,5670,9472,207537,123197,29414,8698,76472,9628,3749,48,35
2021-05-23T23:59:59+02:00,6,14,6482,6451,13343,13651,16548,18353,27234,28603,35564,36596,25935,28966,19171,23875,6066,10223,0,3,3455,3386,6135,6354,6765,8071,8549,10470,10258,11537,11486,12874,13459,16915,5670,9471,207421,123182,29398,8279,76471,9619,3743,48,35
2021-05-22T23:59:59+02:00,6,14,6475,6448,13335,13639,16542,18348,27230,28601,35561,36590,25935,28966,19171,23875,6066,10223,0,3,3453,3386,6130,6351,6763,8067,8545,10468,10253,11534,11475,12860,13454,16911,5669,9471,207367,123141,29398,8279,76469,9595,3743,48,35
2021-05-21T23:59:59+02:00,6,14,6410,6391,13181,13535,16369,18198,26962,28422,35130,36324,25909,28929,19163,23869,6065,10219,0,3,3444,3376,6094,6328,6732,8033,8504,10419,10198,11484,10955,12145,13313,16751,5666,9466,206678,121372,29273,8276,75426,9557,3671,48,35
2021-05-20T23:59:59+02:00,5,13,6117,6191,12566,13119,15174,17275,25049,26919,34176,35556,25802,28782,19108,23787,6059,10203,0,3,3385,3330,5997,6213,6616,7875,8353,10254,9954,11174,10610,11685,13199,16566,5656,9452,201895,119345,27528,8194,72889,9206,3542,47,35
2021-05-19T23:59:59+02:00,5,13,5906,5948,12051,12656,14465,16569,24100,26100,33547,34951,25686,28690,19073,23729,6051,10191,0,3,3308,3254,5839,6039,6423,7630,8077,9971,9644,10790,10293,11268,13120,16419,5654,9444,196173,117409,27486,7993,72871,8585,3155,46,34
2021-05-18T23:59:59+02:00,5,12,5735,5836,11650,12337,13843,16068,22947,25149,32878,34345,25569,28555,19025,23677,6046,10181,0,3,3266,3222,5722,5926,6257,7470,7870,9754,9443,10549,10115,11015,12972,16194,5644,9435,191219,116229,26974,7923,72826,7878,2793,46,34
2021-05-17T23:59:59+02:00,5,11,5682,5793,11489,12231,13568,15847,22128,24512,32567,34030,25492,28495,19003,23647,6037,10171,0,3,3149,3148,5534,5742,6082,7254,7662,9527,9216,10304,10021,10887,12912,16130,5641,9430,189447,115458,26273,7915,72432,6725,2510,46,34
2021-05-16T23:59:59+02:00,5,11,5653,5773,11424,12174,13482,15767,21512,23962,31954,33502,25452,28450,18993,23632,6036,10171,0,3,3143,3126,5521,5673,6053,7193,7634,9427,9185,10219,10004,10865,12909,16126,5641,9430,188677,115344,24727,7907,72007,6374,2496,46,31
2021-05-15T23:59:59+02:00,5,11,5644,5764,11391,12165,13453,15758,21437,23891,31414,33126,25441,28445,18992,23629,6035,10170,0,3,3130,3111,5500,5630,6039,7118,7590,9310,8946,9964,9971,10834,12875,16075,5641,9429,188627,115338,24713,7769,71360,6005,2025,46,29
2021-05-14T23:59:59+02:00,5,11,5604,5738,11327,12126,13379,15693,21026,23577,30980,32777,25406,28399,18980,23613,6035,10168,0,3,3097,3071,5462,5542,6017,6981,7549,9106,8884,9768,9895,10724,12789,15946,5641,9426,187898,115163,24392,7433,70485,5253,2023,46,29
2021-05-13T23:59:59+02:00,5,10,5447,5582,10946,11830,12664,15106,18838,21831,29434,31305,25178,28156,18913,23542,6033,10165,0,3,3086,3036,5440,5503,6001,6924,7523,9036,8840,9706,9675,10479,12585,15638,5636,9415,183933,114800,20602,6601,68396,5088,2008,46,29
2021-05-12T23:59:59+02:00,3,10,5417,5555,10877,11771,12563,15018,18715,21706,29069,30940,25084,28058,18896,23514,6032,10160,0,3,3085,3029,5433,5497,5991,6910,7498,9021,8800,9651,9486,10245,12351,15314,5633,9408,182976,114509,19966,5729,68393,5082,2007,46,28
2021-05-11T23:59:59+02:00,3,10,5278,5448,10625,11516,12196,14650,18101,21061,28135,29966,24891,27868,18837,23439,6027,10146,0,3,3042,2988,5344,5340,5892,6723,7366,8774,8633,9428,9303,10046,12199,15123,5624,9387,178875,113436,19067,5620,68262,4184,1947,46,28
2021-05-10T23:59:59+02:00,3,9,5153,5373,10409,11323,11936,14393,17771,20726,27710,29557,24783,27761,18799,23393,6019,10142,0,3,2972,2934,5225,5224,5778,6619,7242,8632,8504,9321,9198,9920,12109,14994,5621,9378,176862,112899,18381,5608,68032,3200,1939,46,28
2021-05-09T23:59:59+02:00,3,9,5077,5328,10313,11203,11835,14274,17428,20440,27319,29180,24695,27673,18770,23357,6016,10139,0,3,2904,2902,5079,5182,5601,6576,7074,8603,8375,9285,9185,9910,12091,14973,5621,9378,176466,112819,17097,5599,67527,2373,1923,46,28
2021-05-08T23:59:59+02:00,3,9,5075,5327,10311,11197,11835,14273,17424,20438,27316,29177,24695,27673,18769,23357,6016,10139,0,3,2903,2901,5077,5182,5601,6576,7074,8603,8372,9284,9184,9909,12090,14973,5621,9378,176447,112816,17095,5598,67524,2367,1922,46,28
2021-05-07T23:59:59+02:00,3,9,5041,5301,10243,11145,11705,14149,17022,20163,26677,28619,24645,27621,18752,23325,6010,10109,0,3,2891,2894,5062,5172,5590,6560,7062,8592,8364,9273,9178,9901,12079,14953,5614,9350,175606,112801,17092,5592,66000,2322,1795,46,28
2021-05-06T23:59:59+02:00,2,9,4771,5142,9781,10802,11138,13630,15934,19138,24259,26320,24142,27088,18647,23223,6005,10095,0,3,2848,2846,4995,5095,5549,6468,6979,8473,8234,9120,9077,9786,12055,14902,5611,9347,170556,112259,14634,5536,63106,1780,1785,45,28
2021-05-05T23:59:59+02:00,2,9,4692,5059,9487,10574,10795,13304,15352,18538,23414,25352,23882,26760,18578,23118,5995,10077,0,2,2829,2809,4947,5010,5490,6346,6896,8306,8109,8903,8969,9653,11977,14815,5610,9338,166887,111307,13317,5530,62956,1360,1784,44,28
2021-05-04T23:59:59+02:00,2,9,4606,4967,9314,10376,10584,13061,14961,18141,22864,24784,23669,26485,18504,23036,5987,10063,0,2,2821,2774,4917,4935,5458,6223,6843,8163,8013,8748,8865,9540,11902,14756,5608,9335,164622,110800,12190,5518,62791,791,1766,44,28
2021-05-03T23:59:59+02:00,2,9,4535,4891,9124,10238,10408,12885,14677,17896,22448,24369,23529,26332,18477,22989,5987,10057,0,2,2748,2703,4835,4862,5382,6137,6748,8059,7829,8583,8777,9452,11861,14704,5605,9330,163104,110570,12189,5514,62692,681,824,44,28
2021-05-02T23:59:59+02:00,2,9,4522,4876,9048,10180,10283,12774,14348,17591,22145,24081,23479,26273,18458,22964,5986,10056,0,2,2742,2696,4777,4828,5294,6053,6608,7931,7710,8480,8731,9410,11837,14670,5603,9325,162216,110450,12185,5512,62587,664,43,44,28
2021-05-01T23:59:59+02:00,2,9,4522,4873,9046,10178,10282,12773,14344,17586,22143,24081,23478,26272,18458,22964,5986,10056,0,2,2742,2696,4777,4828,5294,6053,6606,7931,7710,8480,8731,9410,11837,14670,5603,9325,162195,110449,12184,5511,62587,664,43,44,28
2021-04-30T23:59:59+02:00,1,9,4448,4786,8807,9963,10019,12531,13862,17159,21300,23306,23354,26135,18442,22932,5983,10053,0,2,2738,2694,4766,4820,5284,6019,6595,7900,7677,8440,8727,9407,11836,14666,5601,9324,158595,110419,12183,5509,62259,531,9,44,28
2021-04-29T23:59:59+02:00,1,9,4301,4641,8326,9549,9318,11928,12857,16255,19443,21618,22642,25367,18303,22721,5977,10036,0,2,2714,2674,4722,4747,5239,5944,6529,7793,7595,8324,8613,9292,11768,14589,5594,9315,149367,109911,12167,5235,61706,271,9,43,28
2021-04-28T23:59:59+02:00,1,9,4270,4621,8253,9478,9242,11840,12738,16134,19225,21404,22553,25274,18276,22680,5975,10031,0,2,2711,2662,4697,4686,5211,5900,6499,7719,7547,8242,8596,9267,11751,14566,5592,9309,148976,109717,12079,5161,60898,44,8,43,27
2021-04-27T23:59:59+02:00,1,9,4232,4576,8115,9342,9127,11689,12591,15965,18775,20908,22320,25017,18211,22602,5972,10022,0,2,2708,2657,4694,4681,5201,5892,6486,7700,7512,8204,8533,9187,11669,14484,5588,9305,148245,109454,11004,4984,60174,36,8,43,21
2021-04-26T23:59:59+02:00,1,9,4190,4549,8008,9246,8979,11583,12419,15791,18362,20542,22186,24868,18174,22570,5971,10020,0,2,2708,2655,4690,4677,5196,5884,6473,7680,7479,8175,8485,9139,11613,14405,5584,9288,147463,109349,10869,4726,59086,31,7,43,20
2021-04-25T23:59:59+02:00,1,9,4176,4534,7970,9215,8915,11520,12283,15661,18017,20207,21986,24631,18134,22515,5967,10015,0,2,2708,2655,4689,4675,5193,5880,6468,7677,7477,8171,8429,9080,11590,14377,5584,9286,146077,109326,10857,4558,58772,30,7,43,20
2021-04-24T23:59:59+02:00,1,9,4168,4525,7954,9210,8900,11508,12233,15629,17959,20168,21971,24618,18132,22510,5967,10015,0,2,2707,2655,4689,4675,5193,5880,6468,7677,7477,8171,8429,9079,11590,14377,5584,9286,145975,109326,10856,4558,58598,29,7,41,19
2021-04-23T23:59:59+02:00,1,9,4148,4495,7896,9147,8814,11406,11894,15304,17524,19769,21755,24384,18068,22433,5965,10007,0,2,2704,2653,4685,4672,5186,5872,6453,7666,7453,8140,8408,9052,11581,14368,5582,9283,144706,109310,10510,4397,57756,28,6,41,19
2021-04-22T23:59:59+02:00,1,9,4100,4431,7765,8958,8628,11145,11568,14887,16609,18780,21181,23672,17932,22253,5955,9989,0,2,2696,2646,4680,4651,5163,5845,6409,7628,7377,8091,8274,8891,11433,14216,5577,9274,140972,108690,10377,4117,56468,21,6,40,19
2021-04-21T23:59:59+02:00,1,9,4059,4387,7665,8838,8470,10983,11270,14604,15871,18023,20800,23224,17857,22148,5950,9976,0,2,2687,2634,4662,4630,5146,5824,6397,7610,7348,8067,8224,8827,11392,14176,5575,9272,138040,108399,10246,4031,55805,19,6,38,18
2021-04-20T23:59:59+02:00,1,9,4034,4362,7630,8783,8392,10902,11105,14428,15436,17546,20332,22706,17752,21995,5941,9964,0,2,2678,2623,4652,4618,5121,5804,6369,7584,7307,8027,8128,8695,11314,14089,5571,9268,135874,107818,9980,3991,55420,18,6,38,17
2021-04-19T23:59:59+02:00,1,9,4004,4314,7566,8677,8299,10763,10947,14243,15183,17251,19849,22140,17585,21778,5930,9952,0,2,2673,2621,4647,4614,5107,5789,6350,7567,7280,7982,8074,8642,11287,14042,5569,9264,133800,107482,9626,3987,55023,18,6,36,17
2021-04-18T23:59:59+02:00,1,6,3984,4285,7505,8625,8193,10636,10687,14000,14690,16712,19416,21628,17462,21593,5926,9945,0,2,2672,2620,4647,4614,5107,5789,6349,7564,7277,7981,8070,8639,11284,14038,5568,9261,131370,107457,9554,3985,54328,17,6,36,17
2021-04-17T23:59:59+02:00,1,6,3981,4277,7484,8618,8182,10617,10644,13954,14578,16624,19295,21505,17440,21565,5925,9943,0,2,2672,2620,4646,4612,5100,5784,6335,7559,7252,7958,8023,8593,11265,14015,5566,9261,130927,107444,9544,3779,54126,17,6,36,17
2021-04-16T23:59:59+02:00,1,6,3970,4233,7413,8495,8079,10462,10450,13692,13907,15862,18728,20861,17315,21390,5914,9925,0,2,2669,2617,4641,4605,5095,5771,6317,7548,7214,7923,7713,8199,11171,13874,5559,9243,128080,106637,9483,3486,53099,16,5,36,17
2021-04-15T23:59:59+02:00,1,5,3926,4181,7299,8362,7900,10227,10114,13301,13177,14999,17914,19995,17073,21065,5899,9905,0,2,2668,2608,4629,4587,5081,5738,6283,7512,7142,7849,7150,7531,11041,13711,5555,9233,124418,104954,9322,3331,51563,14,4,36,17
2021-04-14T23:59:59+02:00,1,4,3900,4150,7234,8258,7793,10074,9934,13099,12758,14551,17386,19380,16921,20855,5893,9891,0,2,2634,2589,4611,4554,5053,5691,6248,7479,7084,7789,6499,6759,10774,13411,5551,9225,123023,102591,9081,3329,49941,12,4,33,17
2021-04-13T23:59:59+02:00,1,4,3896,4144,7196,8241,7736,10039,9826,13044,12386,14258,16695,18526,16683,20551,5889,9885,0,2,2608,2560,4591,4528,5025,5656,6189,7409,6994,7685,6285,6502,10180,12721,5542,9204,122313,100330,8860,3318,47790,12,4,33,17
2021-04-12T23:59:59+02:00,1,4,3883,4126,7140,8194,7678,9968,9716,12943,12137,14041,16251,18007,16495,20337,5884,9882,0,2,2579,2549,4524,4484,4919,5585,6071,7332,6876,7585,5537,5676,9727,12182,5502,9162,121972,96950,8823,3309,45856,12,4,32,17
2021-04-11T23:59:59+02:00,1,4,3868,4118,7098,8141,7618,9924,9624,12863,11900,13832,15680,17314,16216,19995,5879,9872,0,2,2503,2471,4395,4363,4769,5452,5909,7181,6726,7480,5234,5314,9595,12020,5502,9158,121373,94784,8388,3258,44151,11,4,31,17
2021-04-10T23:59:59+02:00,1,4,3850,4098,7058,8092,7574,9867,9562,12804,11809,13747,15463,17121,16167,19925,5878,9865,0,2,1942,1908,3582,3644,3900,4686,4904,6259,5869,6687,4960,5008,9466,11868,5495,9149,120904,86039,8388,3258,43558,11,4,31,17
2021-04-09T23:59:59+02:00,1,4,3829,4078,7019,8061,7513,9809,9412,12672,11479,13464,14278,15587,15721,19393,5865,9853,0,2,1084,1090,2227,2447,2388,3317,3119,4614,4236,5218,4264,4265,9213,11504,5469,9119,118997,70290,8385,3255,40622,11,3,31,17
2021-04-08T23:59:59+02:00,1,4,3803,4062,6957,8003,7409,9713,9224,12555,11072,13113,13140,14323,15300,18860,5843,9817,0,2,587,601,1306,1741,1482,2391,2017,3522,2856,3827,3014,2859,8389,10496,5311,8883,117725,56005,8300,3251,37142,10,1,31,17
2021-04-07T23:59:59+02:00,1,4,3756,4036,6878,7944,7317,9642,9096,12425,10759,12803,12407,13552,15081,18595,5837,9795,0,2,357,384,954,1396,1075,2005,1508,3059,1904,2822,1825,1565,7479,9342,5156,8623,116755,46178,8143,3251,35000,9,1,29,17
2021-04-06T23:59:59+02:00,1,4,3740,4024,6856,7904,7261,9576,9003,12346,10547,12584,12021,13054,14857,18301,5826,9782,0,2,350,371,944,1385,1061,1983,1480,3032,1845,2763,1746,1496,7060,8782,5004,8382,115477,44411,8044,3249,34139,8,1,26,17
2021-04-05T23:59:59+02:00,1,4,3734,4023,6845,7890,7247,9565,8984,12318,10483,12524,11909,12905,14758,18208,5824,9779,0,2,348,364,934,1381,1055,1974,1470,3011,1823,2729,1692,1443,6827,8471,4879,8197,115135,43327,8022,3247,33818,8,1,25,17
2021-04-04T23:59:59+02:00,1,4,3734,4023,6843,7884,7246,9564,8981,12318,10473,12519,11905,12901,14755,18207,5824,9779,0,2,348,363,932,1380,1054,1972,1469,3010,1821,2726,1689,1438,6820,8457,4874,8194,115129,43278,8021,3245,33785,8,1,25,17
2021-04-03T23:59:59+02:00,1,4,3734,4023,6843,7883,7245,9564,8981,12317,10472,12519,11905,12900,14753,18204,5824,9779,0,2,348,362,930,1376,1052,1971,1468,3005,1819,2726,1683,1426,6777,8375,4839,8158,115124,43047,8021,3245,33780,7,1,25,17
2021-04-02T23:59:59+02:00,1,4,3732,4021,6839,7879,7238,9558,8968,12308,10456,12503,11778,12784,14709,18146,5821,9770,0,2,346,360,928,1370,1046,1959,1453,2980,1778,2687,1587,1340,6008,7473,4396,7586,114992,40354,8015,2920,33482,7,1,25,17
2021-04-01T23:59:59+02:00,1,3,3693,4009,6804,7857,7196,9526,8916,12269,10382,12432,11427,12376,14328,17625,5815,9752,0,2,341,357,911,1356,1034,1938,1421,2935,1718,2619,1461,1241,5059,6346,3826,6743,114590,36368,6593,2915,33202,7,1,25,17
2021-03-31T23:59:59+02:00,0,3,3687,4003,6790,7838,7178,9508,8881,12236,10292,12360,11092,11965,13977,17126,5809,9730,0,2,338,353,903,1345,1023,1921,1401,2907,1668,2582,1393,1188,4466,5656,3463,6265,114004,34008,5583,2841,32862,7,1,25,17
2021-03-30T23:59:59+02:00,0,3,3669,3976,6754,7799,7121,9441,8791,12133,10130,12203,10833,11688,13758,16860,5802,9716,0,2,334,346,897,1334,1015,1915,1377,2900,1640,2556,1366,1162,4346,5532,3401,6170,113188,33627,5330,2641,32135,7,1,23,17
2021-03-29T23:59:59+02:00,0,3,3659,3954,6728,7777,7081,9387,8695,12038,9947,11993,10393,11217,13384,16391,5786,9683,0,2,328,343,893,1323,1009,1906,1368,2889,1626,2547,1343,1147,4211,5388,3303,6037,111505,33005,5024,2634,31563,6,1,23,17
2021-03-28T23:59:59+02:00,0,3,3618,3897,6613,7619,6964,9243,8569,11845,9794,11801,10182,10954,13207,16209,5782,9674,0,2,328,343,893,1321,1007,1905,1366,2889,1625,2545,1334,1144,4178,5344,3277,6011,111129,32959,4759,2531,30063,5,1,22,16
2021-03-27T23:59:59+01:00,0,3,3617,3885,6601,7555,6934,9130,8519,11674,9742,11647,10069,10830,13113,16120,5781,9674,0,2,328,342,893,1321,1007,1902,1366,2887,1621,2544,1332,1142,4152,5309,3264,5996,111118,32856,4759,2530,28994,5,1,22,16
2021-03-26T23:59:59+01:00,0,3,3610,3878,6573,7518,6906,9055,8471,11561,9651,11519,10020,10767,13064,16063,5773,9653,0,2,323,340,892,1318,1003,1890,1363,2865,1601,2530,1307,1125,3965,5079,3155,5840,111059,32087,4535,2489,28468,5,1,22,16
2021-03-25T23:59:59+01:00,0,3,3586,3847,6479,7394,6814,8889,8282,11330,9342,11202,9640,10382,12758,15746,5768,9642,0,2,323,339,890,1309,1000,1879,1349,2852,1577,2511,1281,1105,3726,4829,2902,5498,110680,30862,4322,2489,26079,4,1,22,16
2021-03-24T23:59:59+01:00,0,3,3528,3795,6389,7210,6689,8663,8118,11092,9115,10877,9224,9890,12340,15288,5757,9631,0,2,323,338,889,1305,995,1877,1342,2848,1561,2495,1272,1095,3659,4755,2717,5271,110161,30237,4183,2489,23242,1,1,22,16
2021-03-23T23:59:59+01:00,0,3,3510,3762,6343,7154,6612,8604,8000,10965,8868,10643,8802,9422,11887,14766,5747,9617,0,2,323,338,888,1295,990,1868,1337,2839,1557,2486,1247,1070,3567,4678,2519,4947,109343,29445,4093,2489,21247,1,0,22,16
2021-03-22T23:59:59+01:00,0,3,3501,3742,6301,7126,6576,8556,7934,10890,8720,10507,8519,9070,11585,14442,5712,9578,0,2,321,333,882,1284,982,1861,1329,2828,1547,2476,1235,1061,3538,4642,2500,4914,108673,29229,4091,2489,19976,1,0,22,16
2021-03-21T23:59:59+01:00,0,3,3499,3740,6297,7116,6558,8540,7917,10871,8663,10449,8399,8953,11515,14339,5709,9575,0,2,319,332,874,1281,975,1854,1320,2826,1542,2472,1231,1058,3529,4627,2485,4904,108586,29125,4089,2489,19446,1,0,22,16
2021-03-20T23:59:59+01:00,0,3,3490,3702,6289,7044,6541,8402,7890,10687,8619,10313,8321,8867,11477,14300,5709,9575,0,2,319,332,874,1281,975,1853,1319,2826,1542,2470,1231,1058,3529,4626,2485,4904,108550,29121,3877,2488,18780,1,0,22,16
2021-03-19T23:59:59+01:00,0,3,3477,3672,6261,6958,6517,8308,7844,10570,8506,10152,7777,8258,11289,14056,5700,9557,0,2,316,331,869,1274,958,1843,1297,2795,1492,2425,1146,989,2857,3829,2065,4320,106922,26303,3576,2488,18385,1,0,22,16
2021-03-18T23:59:59+01:00,0,3,3466,3654,6220,6918,6481,8246,7779,10484,8390,10024,6815,7153,11008,13754,5688,9532,0,2,315,331,865,1269,952,1833,1281,2786,1468,2404,1107,969,2649,3589,1908,4096,103887,25319,3413,2488,18293,1,0,22,16
2021-03-17T23:59:59+01:00,0,3,3428,3616,6150,6831,6426,8142,7687,10353,8259,9866,6128,6301,10726,13439,5671,9505,0,2,314,331,857,1263,947,1820,1267,2764,1449,2377,1069,944,2520,3456,1825,3979,101083,24681,3411,2488,18015,1,0,22,14
2021-03-16T23:59:59+01:00,0,3,3409,3584,6112,6779,6381,8068,7632,10288,8168,9764,5951,6124,10014,12620,5630,9440,0,2,307,320,843,1246,935,1811,1261,2744,1437,2369,1054,924,2304,3209,1688,3781,98800,23734,3398,2486,17747,1,0,22,14
2021-03-15T23:59:59+01:00,0,3,3372,3551,6013,6696,6251,7974,7488,10168,8040,9637,5196,5287,9564,12068,5586,9370,0,2,306,319,839,1242,933,1803,1259,2731,1428,2360,1040,912,2159,3034,1596,3686,95263,23149,3389,2485,17590,1,0,22,14
2021-03-14T23:59:59+01:00,0,3,3248,3410,5734,6352,5979,7614,7172,9753,7754,9320,4863,4896,9403,11867,5582,9355,0,2,306,318,839,1242,932,1803,1256,2730,1426,2357,1037,909,2156,3031,1593,3685,92867,23125,3334,2482,16082,1,0,22,14
2021-03-13T23:59:59+01:00,0,3,2593,2756,4800,5486,4969,6687,5984,8639,6738,8371,4546,4513,9016,11341,5491,9248,0,2,306,317,838,1240,932,1797,1254,2728,1425,2357,1037,908,2132,2994,1562,3649,82202,22981,3334,2482,15623,1,0,22,14
2021-03-12T23:59:59+01:00,0,2,1770,1948,3467,4334,3460,5359,4235,6999,5096,6860,3870,3804,7758,9789,4977,8558,0,2,302,313,836,1236,925,1790,1247,2708,1401,2340,991,881,1775,2528,1288,3286,63342,21352,3331,2482,15591,1,0,22,14
2021-03-11T23:59:59+01:00,0,2,1274,1471,2562,3594,2560,4425,3142,5909,3734,5474,2692,2524,6050,7676,4201,7375,0,2,297,304,820,1228,912,1767,1229,2679,1375,2293,953,861,1615,2293,1161,3096,46026,20388,3328,2482,15289,1,0,22,14
2021-03-10T23:59:59+01:00,0,2,1052,1255,2193,3238,2185,4032,2691,5468,2821,4508,1555,1318,4686,5950,3634,6607,0,2,287,294,802,1207,890,1730,1195,2605,1336,2227,925,841,1433,2102,1064,2920,34957,19473,3327,2373,14890,0,0,21,14
2021-03-09T23:59:59+01:00,0,2,1036,1225,2130,3101,2120,3917,2607,5334,2738,4382,1521,1287,4608,5874,3592,6548,0,2,283,287,788,1186,873,1704,1168,2563,1318,2199,910,829,1355,1978,992,2804,34540,18896,3324,2329,14137,0,0,21,14
2021-03-08T23:59:59+01:00,0,2,1014,1196,2072,3000,2080,3836,2547,5222,2683,4309,1483,1265,4461,5713,3490,6405,0,2,283,283,783,1178,871,1695,1160,2555,1310,2183,885,808,1184,1751,865,2633,33843,18090,3324,2325,13590,0,0,21,14
2021-03-07T23:59:59+01:00,0,2,1009,1177,2032,2954,2038,3795,2507,5157,2642,4272,1478,1262,4454,5705,3487,6405,0,2,283,283,783,1177,871,1695,1160,2555,1309,2183,882,808,1175,1741,856,2622,33808,18089,3318,2282,13229,0,0,21,14
2021-03-06T23:59:59+01:00,0,2,1008,1174,2021,2939,2026,3776,2491,5130,2625,4250,1465,1252,4420,5659,3473,6393,0,2,283,283,783,1177,871,1694,1160,2555,1309,2183,882,808,1175,1741,856,2621,33664,18088,3317,2281,13102,0,0,21,14
2021-03-05T23:59:59+01:00,0,2,1004,1168,2006,2919,1996,3752,2448,5075,2571,4213,1429,1224,4150,5333,3321,6171,0,2,282,279,776,1169,865,1686,1157,2546,1305,2172,868,804,1167,1732,855,2619,32916,17991,2984,2280,12861,0,0,21,13
2021-03-04T23:59:59+01:00,0,2,912,1017,1917,2793,1930,3614,2371,4920,2481,4053,1398,1202,3907,5071,3054,5816,0,2,282,277,773,1164,862,1677,1156,2532,1300,2163,836,788,1153,1722,848,2606,31651,17872,2979,2256,11807,0,0,21,13
2021-03-03T23:59:59+01:00,0,2,865,906,1850,2694,1859,3510,2301,4806,2407,3969,1385,1187,3797,4964,2831,5541,0,2,280,274,772,1152,859,1658,1149,2490,1290,2137,819,784,1145,1701,839,2597,30970,17836,2858,2099,11025,0,0,21,13
2021-03-02T23:59:59+01:00,0,2,821,829,1754,2570,1775,3386,2209,4682,2347,3891,1350,1165,3667,4829,2621,5189,0,2,280,273,771,1146,855,1653,1143,2485,1284,2126,817,782,1130,1680,828,2578,30231,17723,2668,2097,10167,0,0,21,13
2021-03-01T23:59:59+01:00,0,2,798,792,1655,2427,1703,3241,2108,4509,2267,3770,1332,1153,3616,4764,2577,5129,0,2,280,271,767,1141,850,1640,1138,2473,1279,2115,810,779,1125,1668,820,2570,29975,17618,2584,2097,9263,0,0,21,13
2021-02-28T23:59:59+01:00,0,2,792,769,1638,2358,1675,3167,2085,4410,2252,3703,1326,1147,3606,4748,2562,5118,0,2,279,270,767,1140,850,1635,1138,2471,1279,2110,806,777,1117,1655,816,2560,29866,17595,2580,2064,8892,0,0,20,13
2021-02-27T23:59:59+01:00,0,2,777,752,1616,2297,1658,3056,2066,4284,2231,3608,1323,1144,3606,4746,2560,5117,0,2,279,270,767,1140,850,1635,1138,2471,1279,2109,806,777,1107,1649,799,2546,29860,17594,2579,2017,8384,0,0,20,13
2021-02-26T23:59:59+01:00,0,2,649,671,1510,2184,1606,2898,2003,4047,2130,3372,1231,1073,2951,3949,2125,4523,0,2,279,269,766,1138,849,1634,1138,2469,1277,2106,804,772,1089,1636,789,2529,27037,17518,2579,2015,7288,0,0,20,13
2021-02-25T23:59:59+01:00,0,2,501,594,1393,2079,1538,2770,1943,3921,2029,3258,1180,1038,2718,3678,1958,4279,0,2,262,254,742,1116,807,1565,1088,2368,1201,2014,748,751,1056,1598,777,2501,25959,17427,2551,1410,6349,0,0,20,13
2021-02-24T23:59:59+01:00,0,2,472,564,1323,1970,1468,2627,1873,3770,1953,3107,1142,1009,2578,3542,1878,4158,0,2,235,242,717,1070,780,1504,1058,2305,1146,1963,721,728,1008,1568,764,2470,25312,17235,2539,1033,5565,0,0,20,13
2021-02-23T23:59:59+01:00,0,2,417,524,1242,1828,1393,2480,1797,3560,1884,2985,1116,974,2370,3312,1750,3965,0,2,230,236,702,1044,768,1465,1036,2258,1119,1921,712,717,999,1554,761,2466,24372,17141,2530,836,4677,0,0,20,13
2021-02-22T23:59:59+01:00,0,2,404,490,1142,1719,1290,2381,1688,3453,1803,2913,1094,961,2226,3137,1658,3866,0,2,220,227,678,992,737,1402,1010,2164,1076,1839,668,684,929,1474,722,2407,23778,16948,2527,270,3902,0,0,20,13
2021-02-21T23:59:59+01:00,0,2,387,474,1041,1687,1140,2357,1531,3430,1698,2895,1086,959,2225,3136,1658,3866,0,2,193,221,647,984,725,1394,996,2159,1070,1837,665,681,926,1468,714,2399,23747,16814,2527,255,3278,0,0,20,12
2021-02-20T23:59:59+01:00,0,2,386,472,1040,1687,1139,2357,1530,3427,1698,2893,1086,958,2224,3136,1657,3865,0,2,192,219,644,984,722,1393,990,2156,1068,1837,665,681,926,1468,714,2398,23741,16792,2526,255,3270,0,0,20,12
2021-02-19T23:59:59+01:00,0,2,381,463,1028,1683,1128,2347,1515,3408,1665,2878,1035,929,1848,2628,1355,3471,0,2,169,209,618,980,705,1385,973,2154,1062,1835,662,680,925,1468,713,2395,21974,16668,2526,255,3244,0,0,20,12
2021-02-18T23:59:59+01:00,0,2,360,442,989,1599,1090,2261,1460,3291,1623,2786,1005,905,1670,2382,1221,3260,0,2,149,198,579,969,685,1372,939,2137,1036,1813,651,661,904,1440,699,2373,20972,16340,2526,255,2828,0,0,20,12
2021-02-17T23:59:59+01:00,0,2,337,390,906,1456,982,2065,1327,3036,1512,2566,967,875,1478,2168,1120,3079,0,2,143,191,567,938,660,1318,906,2058,989,1736,616,629,897,1413,693,2353,19891,15842,2526,255,1831,0,0,18,12
2021-02-16T23:59:59+01:00,0,2,331,350,864,1318,931,1879,1266,2816,1445,2405,956,858,1415,2071,1052,2976,0,2,137,178,553,897,645,1264,879,1993,959,1694,606,619,873,1380,679,2288,19513,15514,2525,120,879,0,0,18,12
2021-02-15T23:59:59+01:00,0,2,316,308,835,1287,914,1823,1226,2732,1406,2349,927,825,1236,1841,921,2798,0,2,129,170,532,870,627,1202,853,1920,936,1617,585,582,855,1343,670,2243,18595,15044,2524,80,611,0,0,16,12
2021-02-14T23:59:59+01:00,0,2,316,308,834,1287,913,1822,1225,2732,1406,2349,927,825,1236,1841,921,2797,0,2,128,170,531,862,623,1196,847,1914,933,1614,584,581,852,1342,669,2239,18593,14996,2524,79,608,0,0,16,12
2021-02-13T23:59:59+01:00,0,2,316,308,834,1287,913,1819,1225,2730,1406,2347,927,825,1236,1841,919,2797,0,2,128,170,531,862,623,1196,844,1911,931,1610,581,581,837,1320,657,2222,18586,14993,2522,1,608,0,0,16,12
2021-02-12T23:59:59+01:00,0,2,310,307,825,1282,909,1789,1219,2703,1378,2317,925,823,1235,1838,919,2797,0,2,128,170,529,860,622,1189,838,1899,925,1597,578,579,823,1309,652,2209,18578,14896,2522,1,462,0,0,16,12
2021-02-11T23:59:59+01:00,0,2,292,298,810,1247,903,1754,1202,2639,1355,2262,891,809,1223,1827,918,2787,0,2,125,155,511,821,600,1124,804,1799,902,1538,565,565,796,1273,637,2176,18466,14381,2521,0,216,0,0,16,12
2021-02-10T23:59:59+01:00,0,2,288,289,791,1208,890,1725,1190,2593,1340,2220,886,807,1208,1810,912,2768,0,2,121,145,444,736,554,1031,726,1673,844,1452,550,548,779,1250,625,2146,18437,13626,2416,0,59,0,0,15,0
2021-02-09T23:59:59+01:00,0,2,288,286,785,1192,878,1706,1174,2573,1324,2195,871,801,1194,1791,900,2748,0,2,105,126,386,647,501,897,645,1465,755,1259,495,468,659,1079,544,1880,18321,11913,2369,0,3,0,0,15,0
2021-02-08T23:59:59+01:00,0,2,288,285,783,1186,874,1699,1171,2569,1317,2187,865,798,1178,1767,882,2723,0,2,94,102,339,550,449,793,555,1254,647,1092,418,391,570,880,439,1547,18192,10122,2366,0,1,0,0,15,0
2021-02-07T23:59:59+01:00,0,2,287,284,782,1184,873,1699,1171,2568,1317,2184,859,796,1177,1764,880,2721,0,2,91,101,337,545,447,789,553,1244,643,1086,412,385,549,857,433,1532,18168,10006,2365,0,0,0,0,15,0
2021-02-06T23:59:59+01:00,0,2,287,283,781,1183,873,1698,1171,2568,1317,2183,858,796,1175,1758,878,2719,0,2,91,100,337,541,446,788,552,1240,641,1084,408,380,500,788,402,1486,18152,9786,2363,0,0,0,0,15,0
2021-02-05T23:59:59+01:00,0,2,287,282,781,1182,872,1697,1170,2567,1316,2178,851,790,1152,1747,871,2703,0,1,85,97,329,535,430,769,527,1204,612,1041,385,351,474,760,381,1439,18070,9420,2363,0,0,0,0,15,0
2021-02-04T23:59:59+01:00,0,2,284,274,777,1161,860,1675,1155,2539,1302,2154,828,776,1123,1716,864,2684,0,0,71,78,260,412,335,598,409,974,500,838,313,288,366,614,314,1216,17820,7586,2339,0,0,0,0,15,0
2021-02-03T23:59:59+01:00,0,2,283,269,773,1138,858,1648,1148,2488,1290,2123,809,762,1107,1694,852,2671,0,0,57,57,171,283,260,446,289,722,372,597,216,206,261,453,225,911,17721,5526,2179,0,0,0,0,15,0
2021-02-02T23:59:59+01:00,0,2,282,263,769,1129,852,1626,1140,2462,1277,2106,802,755,1099,1683,850,2663,0,0,37,35,94,144,151,259,177,451,241,377,142,136,179,276,158,588,17567,3445,2178,0,0,0,0,15,0
2021-02-01T23:59:59+01:00,0,2,280,259,764,1110,844,1605,1135,2433,1273,2071,792,742,1092,1672,845,2647,0,0,13,12,17,31,28,68,48,91,77,105,56,48,66,83,47,199,17374,989,2177,0,0,0,0,15,0
2021-01-31T23:59:59+01:00,0,2,274,257,748,1108,835,1594,1124,2422,1262,2063,786,736,1082,1654,838,2633,0,0,12,12,16,29,26,65,42,86,69,97,52,48,61,76,44,186,17337,921,2067,0,0,0,0,14,0
2021-01-30T23:59:59+01:00,0,2,274,257,748,1107,834,1594,1124,2422,1262,2063,785,736,1072,1647,821,2618,0,0,12,10,15,29,25,65,42,86,68,95,51,47,60,76,44,185,17332,910,2020,0,0,0,0,14,0
2021-01-29T23:59:59+01:00,0,2,272,257,748,1106,834,1594,1124,2422,1262,2062,784,735,1071,1645,821,2616,0,0,10,5,13,27,25,63,41,85,67,95,50,46,60,76,44,185,17323,892,2018,0,0,0,0,14,0
2021-01-28T23:59:59+01:00,0,2,268,253,737,1080,799,1538,1087,2361,1184,2002,743,721,1043,1625,805,2595,0,0,5,0,4,9,10,27,20,37,22,45,22,22,26,49,17,109,17140,424,1689,0,0,0,0,14,0
2021-01-27T23:59:59+01:00,0,2,262,246,714,1048,754,1481,1028,2280,1111,1922,708,694,1029,1602,802,2588,0,0,4,0,4,6,7,23,15,23,15,32,7,9,11,12,5,30,16692,203,1565,0,0,0,0,14,0
2021-01-26T23:59:59+01:00,0,2,239,237,699,1022,746,1433,1008,2206,1084,1857,696,680,1005,1586,792,2569,0,0,4,0,2,6,6,12,13,12,8,11,4,5,7,8,2,17,16642,117,1206,0,0,0,0,13,0
2021-01-25T23:59:59+01:00,0,2,208,222,646,949,694,1311,965,2061,1026,1721,649,624,927,1489,745,2493,0,0,4,0,2,6,6,12,13,12,8,11,4,5,7,8,2,17,16414,117,305,0,0,0,0,13,0
2021-01-24T23:59:59+01:00,0,2,191,216,620,937,676,1296,947,2044,1010,1711,642,618,916,1469,736,2480,0,0,3,0,2,5,6,12,12,12,7,11,4,5,7,8,2,17,16238,113,260,0,0,0,0,13,0
2021-01-23T23:59:59+01:00,0,2,191,216,620,937,676,1296,947,2044,1010,1711,642,618,916,1469,736,2480,0,0,3,0,2,4,6,12,10,12,7,11,4,5,7,8,2,17,16238,110,260,0,0,0,0,13,0
2021-01-22T23:59:59+01:00,0,2,144,198,562,927,658,1281,913,2034,998,1701,637,617,915,1469,736,2480,0,0,3,0,1,4,6,11,10,12,6,11,4,5,7,8,2,17,15999,107,260,0,0,0,0,13,0
2021-01-21T23:59:59+01:00,0,2,139,189,547,906,638,1240,880,1980,977,1654,625,596,903,1437,729,2461,0,0,3,0,0,4,5,11,9,12,6,11,4,5,7,8,2,16,15630,103,260,0,0,0,0,13,0
2021-01-20T23:59:59+01:00,0,2,133,172,500,843,615,1162,817,1870,940,1582,605,578,886,1414,719,2431,0,0,3,0,0,4,5,11,9,12,6,11,3,5,7,8,2,16,14998,102,258,0,0,0,0,13,0
2021-01-19T23:59:59+01:00,0,2,123,154,429,757,553,1034,733,1681,840,1423,558,528,785,1252,637,2167,0,0,3,0,0,4,5,8,9,12,6,11,3,5,7,8,2,16,13452,99,191,0,0,0,0,13,0
2021-01-18T23:59:59+01:00,0,2,105,120,360,606,462,862,602,1420,714,1214,488,462,696,1088,559,1876,0,0,1,0,0,1,1,0,0,0,0,1,0,0,0,1,0,0,11541,5,82,0,0,0,0,13,0
2021-01-17T23:59:59+01:00,0,2,100,118,356,601,461,856,600,1402,707,1204,482,452,669,1057,539,1830,0,0,1,0,0,1,0,0,0,0,0,1,0,0,0,1,0,0,11342,4,81,0,0,0,0,13,0
2021-01-16T23:59:59+01:00,0,2,100,115,354,592,458,851,588,1389,696,1191,467,438,572,931,478,1731,0,0,0,0,0,1,0,0,0,0,0,0,0,0,0,0,0,0,10937,1,3,0,0,0,0,13,0
2021-01-15T23:59:59+01:00,0,2,98,113,349,590,452,846,582,1381,679,1175,451,420,563,919,467,1707,0,0,0,0,0,0,0,0,0,0,0,0,0,0,0,0,0,0,10780,0,1,0,0,0,0,13,0
2021-01-14T23:59:59+01:00,0,0,80,90,294,488,373,682,464,1127,560,995,370,338,443,753,383,1451,0,0,0,0,0,0,0,0,0,0,0,0,0,0,0,0,0,0,8878,0,0,0,0,0,0,13,0
2021-01-13T23:59:59+01:00,0,0,66,67,208,372,297,511,352,844,430,713,261,239,327,566,294,1114,0,0,0,0,0,0,0,0,0,0,0,0,0,0,0,0,0,0,6649,0,0,0,0,0,0,12,0
2021-01-12T23:59:59+01:00,0,0,44,45,130,220,184,316,213,536,287,445,168,155,214,372,202,749,0,0,0,0,0,0,0,0,0,0,0,0,0,0,0,0,0,0,4280,0,0,0,0,0,0,0,0
2021-01-11T23:59:59+01:00,0,0,14,14,45,62,43,97,61,123,100,132,70,61,94,115,58,256,0,0,0,0,0,0,0,0,0,0,0,0,0,0,0,0,0,0,1345,0,0,0,0,0,0,0,0
2021-01-10T23:59:59+01:00,0,0,13,14,32,50,36,79,52,114,85,122,63,57,86,105,55,241,0,0,0,0,0,0,0,0,0,0,0,0,0,0,0,0,0,0,1204,0,0,0,0,0,0,0,0
2021-01-09T23:59:59+01:00,0,0,13,13,28,49,35,78,51,113,83,119,62,56,85,104,53,240,0,0,0,0,0,0,0,0,0,0,0,0,0,0,0,0,0,0,1182,0,0,0,0,0,0,0,0
2021-01-08T23:59:59+01:00,0,0,9,5,28,43,33,75,49,110,82,118,59,52,79,99,49,240,0,0,0,0,0,0,0,0,0,0,0,0,0,0,0,0,0,0,1130,0,0,0,0,0,0,0,0
2021-01-07T23:59:59+01:00,0,0,6,1,10,22,16,41,28,77,36,77,33,27,52,82,33,183,0,0,0,0,0,0,0,0,0,0,0,0,0,0,0,0,0,0,724,0,0,0,0,0,0,0,0
2021-01-06T23:59:59+01:00,0,0,6,0,5,11,11,33,25,43,22,48,27,24,38,56,23,131,0,0,0,0,0,0,0,0,0,0,0,0,0,0,0,0,0,0,503,0,0,0,0,0,0,0,0
2021-01-05T23:59:59+01:00,0,0,5,0,5,10,11,33,25,43,22,48,27,24,38,55,23,131,0,0,0,0,0,0,0,0,0,0,0,0,0,0,0,0,0,0,500,0,0,0,0,0,0,0,0
2021-01-04T23:59:59+01:00,0,0,4,0,2,5,5,13,14,12,7,12,4,5,7,9,2,18,0,0,0,0,0,0,0,0,0,0,0,0,0,0,0,0,0,0,119,0,0,0,0,0,0,0,0
2021-01-03T23:59:59+01:00,0,0,3,0,2,5,5,12,13,12,7,12,4,5,7,9,2,17,0,0,0,0,0,0,0,0,0,0,0,0,0,0,0,0,0,0,115,0,0,0,0,0,0,0,0
2021-01-02T23:59:59+01:00,0,0,3,0,2,5,5,12,11,12,7,12,4,5,7,9,2,17,0,0,0,0,0,0,0,0,0,0,0,0,0,0,0,0,0,0,113,0,0,0,0,0,0,0,0
2021-01-01T23:59:59+01:00,0,0,3,0,1,4,5,11,11,12,6,12,4,5,7,8,2,17,0,0,0,0,0,0,0,0,0,0,0,0,0,0,0,0,0,0,108,0,0,0,0,0,0,0,0
2020-12-31T23:59:59+01:00,0,0,3,0,0,4,5,11,9,12,6,12,4,5,7,8,2,17,0,0,0,0,0,0,0,0,0,0,0,0,0,0,0,0,0,0,105,0,0,0,0,0,0,0,0
2020-12-30T23:59:59+01:00,0,0,3,0,0,4,5,11,9,12,6,12,3,5,7,8,2,17,0,0,0,0,0,0,0,0,0,0,0,0,0,0,0,0,0,0,104,0,0,0,0,0,0,0,0
2020-12-29T23:59:59+01:00,0,0,3,0,0,3,5,8,9,12,6,12,3,5,7,8,2,17,0,0,0,0,0,0,0,0,0,0,0,0,0,0,0,0,0,0,100,0,0,0,0,0,0,0,0
2020-12-28T23:59:59+01:00,0,0,3,0,0,3,5,8,9,12,5,12,3,5,7,8,2,17,0,0,0,0,0,0,0,0,0,0,0,0,0,0,0,0,0,0,99,0,0,0,0,0,0,0,0
2020-12-27T23:59:59+01:00,0,0,1,0,0,0,0,0,0,0,0,1,0,0,2,4,0,8,0,0,0,0,0,0,0,0,0,0,0,0,0,0,0,0,0,0,16,0,0,0,0,0,0,0,0
