Datum,<15_m,<15_w,15-24_1_m,15-24_1_w,25-34_1_m,25-34_1_w,35-44_1_m,35-44_1_w,45-54_1_m,45-54_1_w,55-64_1_m,55-64_1_w,65-74_1_m,65-74_1_w,75-84_1_m,75-84_1_w,>84_1_m,>84_1_w,<24_2_m,<24_2_w,25-34_2_m,25-34_2_w,35-44_2_m,35-44_2_w,45-54_2_m,45-54_2_w,55-64_2_m,55-64_2_w,65-74_2_m,65-74_2_w,75-84_2_m,75-84_2_w,>84_2_m,>84_2_w,bp_1,bp_2,mo_1,mo_2,az_1,az_2,ja,unb_1,unb_2
2021-08-15T23:59:59+02:00,2234,1988,22047,21091,31768,29165,32471,32435,38199,38656,41962,42266,27707,30928,19704,24735,5987,10131,18302,17606,28663,26041,30197,29861,35911,36017,39700,39965,26524,29575,18933,23586,5721,9623,314538,288485,44555,42833,77462,70720,16852,67,25
2021-08-14T23:59:59+02:00,2228,1985,22021,21076,31756,29149,32467,32429,38191,38651,41956,42263,27706,30927,19703,24734,5987,10130,18190,17515,28602,25976,30162,29814,35887,35986,39679,39952,26516,29570,18930,23585,5720,9620,314449,287952,44552,42814,77462,70716,16829,67,25
2021-08-13T23:59:59+02:00,2217,1978,22002,21060,31752,29142,32458,32417,38186,38646,41955,42261,27706,30927,19701,24734,5987,10130,18061,17400,28557,25942,30124,29783,35870,35959,39662,39937,26505,29563,18927,23580,5719,9616,314368,287425,44549,42806,77462,70716,16813,67,25
2021-08-12T23:59:59+02:00,2188,1952,21937,20989,31704,29084,32416,32381,38147,38616,41928,42234,27692,30911,19694,24726,5986,10130,17840,17169,28402,25798,30023,29691,35793,35892,39604,39883,26476,29528,18909,23567,5718,9615,313945,286216,44538,42760,77459,70675,16706,67,25
2021-08-11T23:59:59+02:00,2186,1947,21919,20972,31686,29062,32401,32365,38139,38607,41917,42218,27684,30908,19690,24721,5985,10126,17785,17113,28366,25753,29976,29654,35772,35855,39569,39851,26465,29502,18902,23557,5718,9613,313765,285743,44538,42759,77459,70673,16704,67,25
2021-08-10T23:59:59+02:00,2178,1926,21894,20937,31657,29043,32389,32347,38116,38582,41901,42213,27679,30901,19689,24718,5984,10122,17598,16959,28267,25656,29890,29576,35619,35741,39524,39815,26445,29480,18898,23546,5715,9612,313544,284887,44535,42740,77457,70423,16673,67,25
2021-08-09T23:59:59+02:00,2154,1913,21843,20889,31604,29002,32357,32319,38091,38561,41888,42189,27668,30893,19688,24709,5983,10120,17136,16517,28138,25558,29838,29524,35574,35696,39493,39781,26436,29466,18893,23540,5715,9610,313186,283447,44531,42726,77456,70412,16631,67,25
2021-08-08T23:59:59+02:00,2140,1897,21791,20849,31563,28969,32330,32298,38069,38555,41868,42169,27661,30889,19684,24705,5983,10117,16796,16176,28028,25479,29784,29454,35529,35658,39473,39756,26425,29453,18884,23531,5713,9605,312905,282232,44530,42705,77456,70405,16579,67,25
2021-08-07T23:59:59+02:00,2095,1854,21659,20766,31481,28902,32256,32237,38013,38504,41835,42142,27653,30863,19679,24696,5981,10115,16290,15726,27728,25204,29557,29272,35351,35503,39334,39646,26371,29392,18865,23502,5710,9601,312281,279623,44498,42585,77450,70316,16435,67,25
2021-08-06T23:59:59+02:00,2085,1844,21610,20730,31441,28870,32223,32218,37987,38484,41826,42127,27647,30854,19675,24696,5981,10115,15269,14751,26590,24314,29266,29041,35104,35305,39024,39408,26327,29348,18855,23492,5709,9598,312059,274656,44495,42564,77450,69522,16342,67,25
2021-08-05T23:59:59+02:00,2048,1815,21503,20644,31384,28793,32168,32162,37932,38435,41781,42090,27630,30835,19666,24683,5979,10112,14384,14006,25575,23541,28554,28531,34579,34874,38709,39165,26259,29269,18823,23458,5706,9588,311519,269807,44472,42511,77448,68028,16154,67,25
2021-08-04T23:59:59+02:00,2029,1796,21433,20591,31342,28723,32138,32121,37900,38412,41749,42064,27618,30820,19661,24670,5977,10109,14018,13671,25180,23239,28342,28313,34440,34750,38616,39072,26221,29225,18802,23435,5702,9583,311080,267403,44466,42485,77448,67986,16092,67,25
2021-08-03T23:59:59+02:00,2020,1780,21407,20565,31325,28709,32125,32112,37891,38399,41734,42052,27611,30814,19657,24663,5976,10107,13934,13585,25103,23164,28275,28257,34396,34708,38570,39039,26206,29205,18793,23427,5700,9577,310882,266731,44463,42484,77447,67960,16088,67,25
2021-08-02T23:59:59+02:00,2010,1759,21362,20529,31282,28689,32099,32081,37866,38384,41721,42037,27602,30802,19657,24656,5975,10103,13730,13376,24401,22615,27999,28038,34246,34596,38490,38978,26179,29173,18785,23422,5700,9575,310603,264324,44460,42470,77447,67736,16037,67,25
2021-08-01T23:59:59+02:00,1993,1743,21311,20482,31231,28652,32075,32064,37848,38365,41699,42020,27596,30796,19654,24647,5975,10102,13561,13217,24101,22360,27760,27823,34155,34487,38421,38906,26163,29154,18779,23416,5700,9573,310314,262630,44454,42458,77446,67713,15972,67,25
2021-07-31T23:59:59+02:00,1968,1713,21228,20408,31166,28616,32020,32026,37812,38337,41676,41999,27592,30788,19649,24643,5975,10102,12623,12194,23583,21920,27416,27469,33848,34190,37991,38565,26093,29069,18753,23372,5695,9567,309904,257615,44443,42423,77444,67146,15860,67,25
2021-07-30T23:59:59+02:00,1943,1694,21207,20386,31136,28597,32005,32010,37806,38330,41668,41991,27587,30785,19648,24643,5974,10102,12536,12118,23254,21632,27133,27257,33633,34030,37830,38433,26070,29052,18751,23364,5695,9565,309725,256189,44442,42415,77444,66596,15834,67,25
2021-07-29T23:59:59+02:00,1874,1625,20974,20153,30996,28452,31904,31902,37714,38241,41579,41931,27559,30761,19635,24625,5968,10094,11910,11589,22128,20795,26096,26419,32655,33342,37448,38144,25988,28951,18722,23317,5690,9558,308532,250599,44415,42330,77436,64842,15537,67,25
2021-07-28T23:59:59+02:00,1854,1610,20934,20104,30977,28425,31889,31881,37694,38221,41558,41911,27548,30749,19630,24615,5968,10092,11634,11291,21718,20414,25665,25989,32493,33192,37338,38054,25951,28901,18706,23296,5689,9553,308225,247703,44414,42328,77424,64782,15531,66,25
2021-07-27T23:59:59+02:00,1844,1604,20894,20063,30954,28393,31856,31867,37673,38189,41534,41897,27541,30742,19629,24610,5968,10089,11385,11080,21521,20225,25526,25870,32384,33090,37256,37973,25926,28864,18698,23287,5686,9549,307993,246237,44414,42323,77423,64708,15451,66,25
2021-07-26T23:59:59+02:00,1818,1570,20770,19948,30850,28296,31800,31805,37622,38123,41491,41867,27517,30724,19619,24597,5962,10086,11098,10757,21018,19787,25281,25664,32224,32941,37125,37887,25892,28829,18685,23265,5685,9541,307259,243963,44385,42212,77418,64504,15337,66,25
2021-07-25T23:59:59+02:00,1811,1561,20748,19937,30841,28287,31790,31791,37616,38117,41481,41858,27513,30722,19618,24595,5962,10085,10993,10651,20868,19679,25047,25471,31986,32734,36982,37755,25874,28815,18679,23258,5684,9538,307151,242706,44375,42196,77410,64094,15331,66,25
2021-07-24T23:59:59+02:00,1791,1546,20668,19864,30799,28249,31755,31755,37590,38089,41458,41846,27506,30717,19615,24593,5962,10085,10930,10596,20792,19617,24975,25410,31933,32703,36953,37735,25868,28811,18677,23256,5684,9538,306810,242337,44364,42173,77406,64028,15242,66,25
2021-07-23T23:59:59+02:00,1736,1511,20478,19723,30637,28138,31667,31686,37523,38037,41418,41804,27495,30701,19610,24587,5961,10080,10675,10393,20428,19313,24172,24766,31451,32374,36390,37279,25825,28769,18661,23239,5683,9536,305992,239476,44355,42129,77389,62639,14990,66,24
2021-07-22T23:59:59+02:00,1673,1455,20169,19456,30398,27959,31536,31573,37395,37932,41320,41723,27469,30678,19599,24564,5957,10079,10217,10019,19685,18804,23219,24099,30745,31787,35360,36520,25714,28673,18628,23207,5681,9532,304532,235882,44321,41465,77385,60128,14631,66,24
2021-07-21T23:59:59+02:00,1658,1447,20133,19408,30371,27930,31514,31550,37375,37907,41299,41700,27460,30670,19594,24558,5952,10075,9907,9684,19227,18354,22351,23336,30411,31454,35130,36323,25631,28576,18597,23155,5673,9522,304213,233150,44315,39781,77383,59956,14624,66,21
2021-07-20T23:59:59+02:00,1652,1442,20100,19381,30344,27909,31490,31531,37359,37891,41287,41688,27445,30656,19594,24551,5952,10072,9641,9406,18896,18085,22083,23051,30236,31300,34966,36178,25585,28531,18582,23121,5672,9518,303971,230767,44313,39772,77382,59857,14612,66,21
2021-07-19T23:59:59+02:00,1641,1434,19987,19293,30264,27837,31432,31478,37340,37872,41272,41670,27440,30645,19588,24544,5951,10069,9441,9209,18583,17809,21621,22634,29982,31069,34846,36077,25551,28493,18564,23105,5672,9515,303399,229137,44307,38833,77381,59743,14604,66,21
2021-07-18T23:59:59+02:00,1630,1429,19920,19228,30138,27738,31369,31415,37278,37821,41231,41619,27420,30615,19579,24529,5947,10066,9332,9095,18419,17661,21432,22444,29814,30871,34733,35977,25521,28470,18553,23088,5672,9509,302625,227893,44307,38533,77379,59702,14595,66,21
2021-07-17T23:59:59+02:00,1629,1425,19913,19226,30138,27735,31369,31411,37273,37819,41227,41617,27419,30614,19578,24529,5947,10066,9311,9080,18386,17639,21414,22431,29804,30864,34714,35973,25518,28468,18553,23087,5672,9509,302592,227739,44307,38530,77379,59691,14591,66,21
2021-07-16T23:59:59+02:00,1576,1380,19638,18978,30013,27639,31286,31338,37216,37756,41187,41585,27400,30597,19571,24519,5945,10060,9197,8967,18016,17341,21111,22162,29417,30509,34583,35870,25495,28445,18546,23074,5670,9507,301594,226498,44285,37817,77377,59359,14362,66,20
2021-07-15T23:59:59+02:00,1518,1337,19377,18731,29834,27492,31179,31239,37134,37674,41120,41518,27357,30567,19555,24505,5941,10057,8835,8663,17101,16511,19567,20939,28500,29586,33965,35291,25329,28265,18491,23025,5664,9495,300326,220402,44243,36365,77369,58435,14131,66,20
2021-07-14T23:59:59+02:00,1505,1325,19348,18695,29811,27466,31156,31208,37123,37661,41101,41512,27349,30560,19546,24498,5940,10054,8548,8366,16549,15912,19075,20421,27938,29087,33573,34916,25217,28137,18452,22959,5659,9484,300056,216242,44241,36007,77366,58008,14129,66,20
2021-07-13T23:59:59+02:00,1493,1315,19312,18670,29794,27442,31134,31193,37108,37634,41077,41484,27340,30546,19544,24493,5939,10048,8246,8105,16151,15557,18801,20143,27675,28838,33302,34660,25119,28017,18419,22918,5657,9479,299774,213547,44240,35972,77365,57516,14121,66,20
2021-07-12T23:59:59+02:00,1478,1305,19267,18653,29761,27413,31117,31172,37096,37617,41060,41469,27337,30542,19542,24487,5938,10048,7986,7889,15871,15282,18102,19598,27362,28518,32889,34298,24952,27825,18360,22843,5651,9474,299520,212269,44239,34042,77365,56540,14112,66,20
2021-07-11T23:59:59+02:00,1468,1297,19237,18624,29731,27384,31102,31144,37088,37596,41046,41457,27328,30533,19540,24487,5937,10047,7942,7842,15806,15211,18014,19544,27278,28456,32777,34236,24898,27780,18340,22821,5651,9471,299276,211695,44237,34031,77363,56297,14104,66,20
2021-07-10T23:59:59+02:00,1339,1181,18733,18206,29289,27091,30820,30914,36844,37437,40846,41307,27256,30473,19514,24455,5934,10044,7812,7773,15524,15077,17798,19396,27038,28316,32613,34119,24833,27734,18324,22808,5650,9471,297081,211277,44104,33914,77334,56056,13098,66,20
2021-07-09T23:59:59+02:00,1328,1175,18705,18176,29269,27074,30808,30901,36834,37425,40835,41299,27252,30469,19512,24451,5934,10043,7770,7726,15454,15011,17735,19303,26818,28086,32364,33906,24770,27671,18302,22782,5650,9468,296939,210998,44085,33911,77333,54894,13067,66,20
2021-07-08T23:59:59+02:00,1252,1094,18439,17964,29123,26924,30672,30784,36732,37323,40737,41222,27218,30434,19493,24433,5929,10039,7603,7592,15158,14764,17305,18943,26127,27487,32094,33641,24603,27514,18244,22720,5647,9462,295680,209868,44031,32494,77325,53877,12710,66,20
2021-07-07T23:59:59+02:00,1153,1002,18129,17640,28926,26741,30545,30662,36619,37203,40631,41138,27184,30386,19479,24416,5926,10036,7407,7381,14717,14397,16841,18501,25373,26879,31686,33262,24340,27190,18149,22626,5638,9453,294112,206953,43983,31659,77314,52921,12341,66,20
2021-07-06T23:59:59+02:00,1130,986,18052,17575,28882,26691,30495,30616,36583,37168,40596,41106,27167,30361,19468,24403,5924,10033,7191,7149,14374,14041,16492,18152,24626,26233,31387,32998,24150,26976,18101,22555,5631,9446,293539,204901,43980,30255,77313,52029,12338,66,20
2021-07-05T23:59:59+02:00,1087,958,17979,17511,28839,26635,30457,30582,36559,37123,40568,41080,27161,30347,19462,24397,5924,10028,6962,6959,14071,13771,16140,17787,24078,25726,30822,32433,23871,26677,17993,22415,5623,9436,293056,203408,43978,28168,77309,50898,12288,66,20
2021-07-04T23:59:59+02:00,1065,942,17908,17462,28800,26614,30436,30553,36549,37113,40553,41068,27155,30336,19457,24394,5924,10027,6936,6942,14017,13725,16066,17729,23994,25670,30669,32342,23779,26588,17961,22374,5621,9432,292740,203018,43977,28159,77298,50391,12275,66,20
2021-07-03T23:59:59+02:00,649,570,16181,15744,27630,25692,29637,29837,35909,36503,40055,40638,26998,30168,19390,24308,5915,10010,6551,6701,13503,13422,15664,17427,23633,25393,30365,32148,23683,26493,17928,22336,5617,9428,285237,202727,43938,28083,77215,50102,9378,66,20
2021-07-02T23:59:59+02:00,610,532,16050,15599,27469,25546,29557,29777,35878,36476,40036,40625,26992,30158,19387,24305,5915,10010,6503,6630,13429,13321,15576,17297,23490,25211,30211,31983,23490,26282,17839,22258,5615,9425,284333,202044,43938,27925,77213,49217,9372,66,20
2021-07-01T23:59:59+02:00,552,487,15872,15445,27251,25392,29480,29700,35823,36425,39970,40580,26972,30141,19376,24293,5913,10006,6364,6501,13089,13050,15050,16860,22227,24227,29451,31305,23212,25995,17721,22124,5608,9410,283148,198519,43933,26261,77201,48081,9330,66,20
2021-06-30T23:59:59+02:00,522,467,15768,15339,27141,25306,29413,29629,35767,36375,39927,40544,26957,30110,19366,24276,5909,10006,6172,6324,12659,12668,14481,16313,21605,23635,28861,30777,22793,25531,17591,21940,5601,9398,282328,194284,43930,26237,77195,46519,9303,66,20
2021-06-29T23:59:59+02:00,465,417,15006,14672,26879,25083,29319,29530,35688,36294,39859,40497,26937,30087,19358,24263,5909,10004,6060,6200,12402,12405,14087,15917,20816,23016,28279,30227,22346,25008,17439,21765,5593,9388,279826,191144,43929,25729,77187,44808,9259,66,20
2021-06-28T23:59:59+02:00,429,386,14378,14034,26722,24979,29245,29464,35630,36229,39815,40463,26919,30067,19350,24252,5909,10000,5993,6105,12223,12266,13899,15741,20196,22469,27880,29857,22010,24651,17311,21602,5588,9384,277892,189463,43925,25075,77183,43423,9205,66,20
2021-06-27T23:59:59+02:00,352,319,14032,13657,26658,24920,29205,29429,35608,36207,39798,40450,26908,30060,19347,24248,5908,9999,5957,6062,12109,12152,13754,15612,19646,21996,27273,29360,21733,24315,17191,21479,5584,9383,276772,188631,43923,23559,77172,42235,9172,66,20
2021-06-26T23:59:59+02:00,351,319,14021,13646,26642,24909,29199,29423,35602,36206,39795,40449,26907,30059,19347,24248,5908,9999,5952,6059,12097,12149,13748,15608,19633,21985,27228,29325,21588,24185,17151,21423,5583,9381,276700,188605,43921,23555,77172,41755,9171,66,20
2021-06-25T23:59:59+02:00,227,206,12760,12427,25179,23767,28898,29189,35496,36124,39729,40387,26883,30032,19337,24237,5905,9997,5909,6012,12001,12070,13606,15486,19323,21747,26844,28966,21265,23793,16978,21226,5580,9372,270475,187382,43917,23272,77154,40347,9168,66,20
2021-06-24T23:59:59+02:00,162,152,11789,11598,24066,22888,28533,28840,35349,35958,39617,40284,26848,29982,19326,24213,5903,9993,5693,5781,11543,11654,13028,14895,17794,20352,25204,27373,20496,22941,16663,20820,5570,9362,265251,182411,43900,19658,77150,37955,9135,65,20
2021-06-23T23:59:59+02:00,126,126,11429,11275,23569,22519,28287,28599,35172,35832,39528,40196,26818,29956,19318,24176,5901,9982,5619,5668,11332,11439,12729,14544,17403,19943,24457,26607,19704,22193,16471,20568,5562,9346,262649,180062,43894,19045,77145,35412,9056,65,20
2021-06-22T23:59:59+02:00,105,113,11246,11063,23411,22377,28207,28527,35096,35770,39482,40151,26803,29932,19310,24168,5901,9981,5510,5547,11066,11183,12362,14174,16801,19348,23729,25841,19325,21769,16308,20389,5555,9330,261504,177035,43891,18185,77143,33964,9040,65,20
2021-06-21T23:59:59+02:00,92,101,10994,10878,22579,21705,27957,28302,35030,35708,39418,40110,26787,29914,19304,24159,5901,9980,5391,5443,10851,10963,12056,13853,16410,19003,23284,25374,19035,21456,16204,20270,5549,9328,258915,175579,43885,17170,77138,32791,8916,65,20
2021-06-20T23:59:59+02:00,86,100,10930,10787,22332,21489,27700,28105,34950,35630,39373,40066,26778,29900,19302,24155,5899,9977,5350,5388,10765,10862,11961,13752,16213,18820,23014,25136,18934,21350,16151,20212,5543,9324,257636,175269,43883,16111,77136,32541,8839,65,20
2021-06-19T23:59:59+02:00,85,96,10906,10763,22299,21465,27682,28092,34938,35626,39363,40062,26777,29899,19302,24153,5899,9977,5319,5356,10684,10772,11869,13631,16065,18668,22707,24776,18848,21263,16139,20199,5542,9324,257482,175165,43862,14615,77136,32528,8839,65,20
2021-06-18T23:59:59+02:00,82,94,10859,10712,21981,21143,27418,27877,34885,35589,39332,40040,26769,29890,19301,24150,5899,9975,5304,5347,10654,10742,11829,13583,16004,18605,22622,24680,18682,21082,16094,20133,5541,9319,256096,174770,43861,14614,77135,31983,8839,65,20
2021-06-17T23:59:59+02:00,73,86,10280,10283,20709,20186,26559,27146,34517,35265,39079,39852,26705,29808,19281,24114,5892,9970,5106,5208,10279,10489,11386,13184,15324,17995,21258,23372,18228,20597,15931,19962,5537,9304,250337,169490,43843,14041,77124,31178,8436,65,20
2021-06-16T23:59:59+02:00,65,74,9944,9970,20030,19556,25921,26544,34270,35065,38920,39704,26663,29755,19258,24091,5891,9966,4964,5062,9892,10154,10928,12733,14624,17306,20410,22445,17826,20153,15763,19750,5527,9292,246508,165724,43831,12770,77111,30148,8172,65,20
2021-06-15T23:59:59+02:00,50,68,9699,9729,19734,19308,25699,26346,34140,34960,38824,39624,26634,29719,19251,24076,5886,9962,4859,4952,9653,9937,10698,12475,14204,16880,19814,21870,17508,19768,15543,19522,5518,9281,244743,163663,43819,11684,77105,29144,7977,65,19
2021-06-14T23:59:59+02:00,46,63,9566,9604,19435,19048,25524,26203,34020,34881,38763,39585,26617,29699,19245,24065,5886,9959,4778,4889,9463,9798,10525,12339,13943,16665,19498,21577,17344,19612,15442,19389,5517,9277,243549,162211,43817,11682,77101,28471,7678,64,19
2021-06-13T23:59:59+02:00,44,59,9406,9474,19146,18863,25173,25949,33819,34714,38657,39518,26602,29687,19235,24058,5886,9956,4696,4823,9254,9632,10361,12168,13619,16329,19150,21246,17217,19464,15395,19324,5515,9275,241906,161365,43817,11682,77098,27045,7361,64,19
2021-06-12T23:59:59+02:00,44,59,9397,9460,19133,18850,25173,25944,33819,34711,38654,39517,26602,29687,19235,24058,5886,9956,4693,4809,9244,9571,10329,12066,13570,16175,19095,21110,17108,19339,15279,19222,5513,9273,241860,161337,43817,11680,77094,26014,7350,64,19
2021-06-11T23:59:59+02:00,39,55,9240,9278,18900,18638,24373,25271,33639,34558,38521,39405,26569,29654,19225,24035,5886,9951,4616,4694,9027,9316,10070,11773,13049,15627,18123,20219,16922,19143,15239,19178,5510,9270,238946,157334,43816,11679,77091,25428,7320,64,19
2021-06-10T23:59:59+02:00,37,51,8846,8944,18248,18149,23523,24593,33319,34277,38320,39241,26513,29600,19202,24007,5883,9944,4441,4517,8449,8825,9268,11054,11903,14529,16143,18315,16034,18185,14954,18811,5501,9248,235329,147699,43156,11646,77065,23734,7084,63,18
2021-06-09T23:59:59+02:00,20,33,8397,8440,17414,17423,22371,23550,32830,33811,38034,39023,26404,29496,19156,23951,5873,9931,4305,4404,8162,8559,9025,10801,11573,14163,15658,17769,15664,17756,14713,18527,5494,9238,231347,145879,41265,11604,77030,21828,6486,29,18
2021-06-08T23:59:59+02:00,11,21,8079,8125,16943,17006,21953,23185,32585,33618,37872,38893,26360,29456,19146,23928,5870,9926,4185,4322,7908,8305,8720,10456,11216,13816,15017,17066,15211,17233,14452,18250,5489,9220,228622,144179,41233,10484,77021,20117,6072,29,18
2021-06-07T23:59:59+02:00,8,17,7882,7893,16585,16682,21409,22730,32304,33348,37755,38777,26334,29408,19129,23902,5865,9925,4109,4242,7727,8164,8560,10314,11046,13644,14707,16740,15015,16980,14279,18059,5485,9215,227002,143101,40259,10392,77010,19125,5654,28,18
2021-06-06T23:59:59+02:00,6,14,7775,7784,16451,16537,21214,22523,32078,33124,37620,38671,26306,29383,19116,23886,5865,9919,4080,4207,7681,8046,8508,10186,10942,13498,14511,16523,14833,16802,14190,17939,5478,9209,225771,142621,39960,10382,76992,18095,5521,28,18
2021-06-05T23:59:59+02:00,6,14,7753,7770,16422,16510,21207,22520,32068,33118,37618,38670,26305,29383,19115,23885,5865,9919,4071,4168,7666,7981,8494,10053,10928,13327,14493,16418,14796,16747,14181,17929,5478,9208,225662,142540,39960,10382,76991,17495,5507,28,18
2021-06-04T23:59:59+02:00,6,12,7639,7668,16143,16274,20930,22274,31645,32745,37505,38549,26272,29344,19103,23872,5863,9917,4064,4159,7640,7958,8468,10023,10861,13254,14388,16288,14715,16654,14144,17885,5478,9206,224070,142207,39184,10053,76972,17404,5507,28,18
2021-06-03T23:59:59+02:00,4,12,7384,7440,15266,15490,19296,20882,30734,31815,37002,38090,26141,29211,19059,23821,5857,9899,4003,4121,7552,7887,8346,9925,10692,13073,13821,15719,14453,16340,14059,17779,5475,9193,217449,139995,37606,9941,76962,17130,5358,28,18
2021-06-02T23:59:59+02:00,4,12,7249,7296,14880,15062,18864,20480,30265,31361,36776,37826,26077,29147,19039,23792,5854,9897,3973,4091,7487,7801,8258,9833,10552,12942,13375,15289,14329,16157,14032,17742,5472,9188,214363,138208,37175,9847,76961,17098,5354,28,18
2021-06-01T23:59:59+02:00,4,9,6973,7051,14483,14750,18521,20162,29938,31050,36553,37592,26021,29068,19015,23763,5852,9886,3871,4005,7245,7625,8026,9640,10288,12668,12973,14867,13898,15707,13916,17590,5465,9180,211619,136093,37130,9593,76940,16290,4974,28,18
2021-05-31T23:59:59+02:00,4,9,6810,6861,14264,14517,17817,19560,29597,30712,36256,37329,25931,28971,18989,23709,5842,9873,3792,3894,7036,7379,7803,9355,9946,12285,12534,14349,13370,15094,13717,17361,5457,9165,210192,132918,35082,9269,76923,15510,4826,28,18
2021-05-30T23:59:59+02:00,4,9,6787,6846,14218,14479,17740,19501,29547,30674,36225,37306,25919,28959,18986,23703,5841,9871,3749,3820,6888,7173,7655,9125,9742,11973,12278,14001,13249,14924,13649,17279,5454,9158,209897,132199,35070,9168,76869,13985,4751,28,18
2021-05-29T23:59:59+02:00,4,9,6785,6845,14209,14473,17735,19495,29542,30670,36222,37305,25917,28956,18986,23702,5841,9871,3740,3807,6859,7140,7622,9074,9706,11927,12205,13903,13208,14856,13619,17255,5453,9153,209865,132060,35070,9167,76854,13536,4750,28,18
2021-05-28T23:59:59+02:00,4,9,6775,6833,14194,14456,17718,19474,29531,30657,36211,37287,25916,28952,18984,23698,5841,9871,3726,3784,6837,7100,7588,9020,9653,11823,11965,13633,13020,14665,13589,17215,5450,9150,209714,130771,35069,9166,76851,13517,4749,28,18
2021-05-27T23:59:59+02:00,4,9,6684,6752,13926,14239,17233,19127,28852,30115,36052,37156,25870,28918,18969,23684,5840,9865,3601,3624,6550,6848,7212,8714,9155,11265,11256,12739,12470,14097,13459,17023,5443,9138,208637,127261,33629,8837,76809,12289,4192,28,18
2021-05-26T23:59:59+02:00,4,9,6613,6644,13712,14036,16980,18820,28309,29604,35877,36981,25833,28873,18954,23660,5839,9860,3511,3481,6325,6559,6925,8288,8815,10787,10604,11941,11908,13482,13313,16808,5438,9116,207048,123653,32875,8654,76796,11118,3861,28,18
2021-05-25T23:59:59+02:00,4,9,6532,6549,13507,13815,16717,18610,27585,28958,35784,36884,25810,28845,18942,23644,5834,9859,3462,3390,6180,6391,6779,8098,8589,10496,10259,11576,11562,13008,13208,16647,5435,9108,206338,121817,31423,8515,76311,10052,3789,27,18
2021-05-24T23:59:59+02:00,4,9,6462,6452,13330,13615,16495,18327,27175,28533,35438,36486,25753,28777,18923,23620,5833,9857,3448,3368,6122,6309,6734,8015,8530,10401,10186,11479,11389,12776,13161,16556,5427,9088,205807,121194,29201,8470,76304,9560,3750,27,18
2021-05-23T23:59:59+02:00,4,9,6460,6451,13325,13606,16492,18317,27156,28523,35408,36452,25750,28771,18923,23614,5833,9857,3445,3364,6116,6299,6724,8008,8502,10371,10146,11422,11306,12675,13141,16525,5427,9087,205692,121188,29185,8058,76303,9553,3744,27,18
2021-05-22T23:59:59+02:00,4,9,6453,6447,13318,13595,16486,18313,27153,28522,35405,36446,25750,28771,18923,23614,5833,9857,3444,3364,6113,6296,6723,8004,8498,10369,10141,11419,11295,12661,13136,16521,5426,9087,205642,121148,29185,8058,76301,9532,3744,27,18
2021-05-21T23:59:59+02:00,4,9,6393,6387,13166,13489,16313,18162,26883,28344,34976,36180,25725,28734,18915,23608,5832,9853,3435,3354,6080,6275,6692,7970,8459,10320,10088,11369,10779,11948,12996,16361,5423,9082,204953,119391,29060,8055,75260,9497,3673,27,18
2021-05-20T23:59:59+02:00,3,8,6100,6186,12556,13072,15119,17239,24969,26848,34023,35412,25620,28589,18861,23527,5826,9838,3375,3309,5987,6158,6580,7815,8312,10160,9852,11064,10444,11499,12884,16180,5413,9069,200192,117408,27317,7979,72717,9155,3544,26,18
2021-05-19T23:59:59+02:00,3,8,5894,5945,12042,12614,14411,16534,24022,26035,33399,34815,25510,28499,18826,23471,5818,9826,3298,3236,5825,5988,6390,7575,8037,9880,9550,10685,10132,11084,12805,16035,5411,9061,194508,115501,27279,7784,72702,8535,3157,26,18
2021-05-18T23:59:59+02:00,3,7,5724,5836,11642,12292,13788,16035,22866,25086,32734,34209,25394,28364,18780,23421,5813,9817,3255,3208,5715,5882,6229,7417,7832,9670,9356,10447,9965,10836,12660,15815,5402,9052,189558,114372,26774,7716,72658,7843,2795,26,18
2021-05-17T23:59:59+02:00,3,6,5671,5791,11479,12185,13517,15813,22052,24451,32426,33895,25315,28305,18758,23391,5804,9808,3138,3133,5524,5698,6056,7202,7622,9444,9133,10205,9877,10712,12602,15752,5399,9047,187795,113619,26074,7710,72266,6691,2509,26,18
2021-05-16T23:59:59+02:00,3,6,5644,5771,11418,12130,13432,15733,21442,23904,31812,33365,25274,28262,18748,23376,5803,9808,3134,3111,5510,5629,6028,7143,7594,9342,9101,10121,9861,10693,12599,15749,5399,9047,187028,113509,24531,7703,71847,6336,2499,26,17
2021-05-15T23:59:59+02:00,3,6,5635,5762,11385,12121,13403,15723,21368,23833,31273,32991,25263,28257,18747,23373,5802,9807,3120,3096,5491,5587,6014,7067,7554,9227,8865,9867,9828,10662,12565,15698,5399,9046,186979,113504,24519,7565,71198,5973,2030,26,17
2021-05-14T23:59:59+02:00,3,6,5595,5737,11323,12083,13331,15658,20957,23521,30843,32646,25227,28211,18736,23356,5802,9805,3088,3056,5455,5498,5993,6932,7514,9025,8805,9672,9757,10552,12479,15573,5399,9043,186256,113335,24200,7236,70329,5227,2029,26,17
2021-05-13T23:59:59+02:00,3,6,5437,5579,10942,11787,12617,15070,18773,21773,29299,31178,24997,27968,18669,23285,5800,9802,3076,3021,5431,5459,5976,6875,7490,8954,8761,9613,9542,10309,12282,15272,5394,9033,182303,112979,20402,6422,68240,5059,2014,26,17
2021-05-12T23:59:59+02:00,2,6,5408,5552,10870,11729,12516,14982,18651,21649,28936,30814,24905,27873,18652,23256,5799,9797,3076,3017,5425,5453,5966,6861,7465,8939,8722,9559,9358,10079,12052,14951,5391,9026,181355,112698,19765,5561,68237,5053,2014,26,17
2021-05-11T23:59:59+02:00,2,6,5271,5448,10623,11483,12150,14609,18041,21013,28005,29845,24712,27684,18593,23181,5794,9782,3034,2976,5336,5298,5866,6678,7335,8699,8562,9337,9177,9885,11905,14764,5382,9008,177282,111665,18876,5452,68104,4157,1954,26,17
2021-05-10T23:59:59+02:00,2,5,5147,5370,10410,11288,11891,14354,17715,20681,27585,29438,24603,27577,18555,23134,5786,9778,2965,2923,5219,5181,5752,6575,7211,8558,8435,9230,9073,9761,11815,14636,5379,9000,175281,111136,18187,5440,67879,3177,1946,26,17
2021-05-09T23:59:59+02:00,2,5,5074,5322,10311,11174,11792,14236,17375,20399,27195,29065,24517,27491,18526,23098,5783,9775,2896,2892,5073,5138,5577,6532,7043,8529,8307,9194,9061,9751,11797,14616,5379,9000,174887,111060,16911,5430,67385,2350,1931,26,17
2021-05-08T23:59:59+02:00,2,5,5073,5321,10309,11170,11792,14236,17371,20397,27192,29062,24517,27491,18526,23098,5783,9775,2896,2891,5072,5138,5577,6532,7043,8529,8304,9194,9060,9750,11797,14616,5379,9000,174870,111057,16911,5430,67382,2346,1931,26,17
2021-05-07T23:59:59+02:00,2,5,5039,5295,10240,11117,11663,14112,16971,20122,26556,28504,24469,27440,18509,23064,5776,9746,2886,2883,5056,5129,5566,6514,7031,8518,8296,9183,9054,9742,11786,14594,5371,8973,174036,111042,16908,5421,65858,2303,1802,26,17
2021-05-06T23:59:59+02:00,1,5,4769,5134,9778,10773,11101,13596,15885,19102,24150,26216,23971,26915,18403,22961,5771,9732,2844,2839,4989,5054,5526,6422,6948,8399,8165,9033,8954,9632,11762,14543,5368,8970,169014,110501,14456,5365,62978,1777,1791,24,17
2021-05-05T23:59:59+02:00,1,5,4691,5057,9485,10543,10760,13270,15305,18497,23308,25254,23710,26591,18334,22855,5761,9714,2824,2803,4939,4968,5467,6301,6864,8234,8041,8818,8848,9501,11685,14458,5367,8962,165354,109563,13147,5360,62828,1354,1788,24,17
2021-05-04T23:59:59+02:00,1,5,4607,4966,9311,10336,10553,13028,14917,18098,22765,24690,23496,26318,18262,22776,5753,9701,2815,2769,4911,4892,5434,6182,6810,8094,7948,8664,8744,9391,11611,14400,5365,8959,163099,109066,12025,5349,62667,791,1768,24,17
2021-05-03T23:59:59+02:00,1,5,4535,4892,9119,10199,10376,12853,14634,17852,22356,24275,23357,26169,18235,22729,5753,9695,2739,2699,4824,4818,5358,6097,6714,7988,7767,8499,8658,9305,11572,14351,5362,8954,161595,108846,12024,5346,62575,681,817,24,17
2021-05-02T23:59:59+02:00,1,5,4522,4878,9042,10141,10251,12741,14308,17545,22054,23989,23307,26110,18216,22704,5752,9694,2733,2692,4764,4785,5268,6013,6577,7859,7650,8399,8612,9263,11548,14317,5360,8949,160709,108731,12021,5344,62471,664,35,24,17
2021-05-01T23:59:59+02:00,1,5,4522,4876,9040,10140,10250,12741,14305,17542,22052,23989,23306,26109,18216,22704,5752,9694,2733,2692,4764,4785,5268,6013,6576,7859,7650,8399,8612,9263,11548,14317,5360,8949,160693,108731,12021,5343,62471,664,35,24,17
2021-04-30T23:59:59+02:00,0,5,4450,4785,8798,9926,9988,12499,13823,17117,21211,23221,23180,25973,18200,22676,5749,9691,2730,2690,4753,4778,5259,5979,6564,7829,7616,8362,8608,9260,11547,14314,5358,8948,157104,108704,12020,5341,62142,533,2,24,17
2021-04-29T23:59:59+02:00,0,5,4301,4641,8317,9518,9289,11895,12822,16221,19370,21544,22475,25215,18062,22466,5743,9674,2708,2669,4712,4706,5216,5904,6501,7723,7537,8244,8498,9145,11482,14238,5352,8939,147936,108215,12006,5068,61591,274,2,23,17
2021-04-28T23:59:59+02:00,0,5,4268,4622,8246,9444,9213,11809,12704,16102,19153,21330,22387,25123,18034,22425,5741,9669,2705,2658,4686,4646,5189,5860,6471,7650,7489,8162,8481,9121,11466,14216,5351,8933,147557,108025,11916,4996,60778,48,1,23,16
2021-04-27T23:59:59+02:00,0,5,4228,4576,8108,9304,9100,11658,12559,15933,18705,20832,22159,24865,17969,22347,5738,9660,2702,2654,4684,4642,5179,5852,6458,7631,7457,8125,8423,9042,11385,14135,5347,8930,146831,107770,10835,4823,60057,40,1,22,14
2021-04-26T23:59:59+02:00,0,5,4186,4548,8002,9209,8953,11553,12385,15760,18293,20468,22025,24719,17934,22319,5738,9659,2702,2652,4680,4638,5175,5842,6444,7611,7423,8097,8375,8994,11329,14057,5344,8913,146063,107662,10700,4567,58971,35,0,22,14
2021-04-25T23:59:59+02:00,0,5,4172,4533,7966,9179,8889,11491,12250,15630,17948,20138,21825,24481,17894,22264,5734,9654,2702,2652,4679,4637,5173,5838,6439,7608,7421,8093,8319,8935,11306,14029,5344,8912,144682,107641,10689,4400,58660,34,0,22,14
2021-04-24T23:59:59+02:00,0,5,4166,4525,7951,9175,8874,11481,12202,15600,17890,20100,21809,24468,17892,22259,5734,9654,2701,2652,4679,4637,5173,5838,6439,7608,7421,8093,8319,8935,11306,14029,5344,8912,144586,107641,10689,4400,58488,33,0,22,14
2021-04-23T23:59:59+02:00,0,5,4146,4492,7894,9112,8791,11379,11862,15275,17457,19703,21595,24235,17829,22182,5732,9646,2698,2650,4676,4634,5166,5831,6425,7599,7398,8062,8298,8908,11298,14021,5342,8909,143324,107629,10342,4242,57647,32,0,22,14
2021-04-22T23:59:59+02:00,0,5,4097,4427,7762,8920,8606,11119,11535,14855,16543,18718,21023,23526,17694,22002,5723,9627,2689,2644,4671,4613,5143,5805,6383,7563,7328,8016,8165,8752,11156,13869,5338,8900,139587,107011,10216,3987,56359,25,0,20,14
2021-04-21T23:59:59+02:00,0,5,4055,4384,7660,8801,8450,10960,11241,14576,15809,17961,20644,23078,17622,21897,5718,9614,2681,2633,4653,4594,5127,5784,6371,7546,7300,7995,8116,8691,11119,13830,5336,8898,136676,106731,10086,3909,55697,23,0,16,13
2021-04-20T23:59:59+02:00,0,5,4030,4358,7625,8749,8373,10880,11079,14401,15374,17484,20183,22564,17523,21745,5710,9603,2673,2624,4643,4581,5102,5764,6343,7522,7260,7955,8022,8559,11044,13743,5332,8894,134532,106159,9822,3869,55316,22,0,16,13
2021-04-19T23:59:59+02:00,0,5,3999,4308,7563,8645,8281,10741,10921,14218,15121,17190,19705,22000,17357,21531,5699,9591,2668,2623,4637,4577,5089,5749,6324,7505,7234,7911,7969,8505,11018,13697,5329,8889,132469,105825,9468,3866,54922,22,0,16,13
2021-04-18T23:59:59+02:00,0,5,3981,4279,7503,8594,8175,10614,10662,13976,14630,16651,19275,21490,17235,21345,5695,9585,2667,2623,4637,4577,5089,5749,6323,7502,7231,7910,7965,8502,11016,13693,5328,8886,130055,105802,9398,3864,54226,21,0,16,13
2021-04-17T23:59:59+02:00,0,5,3978,4271,7483,8588,8165,10596,10620,13930,14520,16563,19154,21366,17213,21317,5693,9583,2667,2623,4636,4575,5084,5744,6309,7497,7206,7887,7919,8456,10997,13670,5327,8886,129617,105793,9389,3658,54023,21,0,16,13
2021-04-16T23:59:59+02:00,0,5,3967,4228,7410,8466,8062,10438,10426,13669,13851,15802,18586,20721,17088,21142,5682,9566,2664,2620,4631,4570,5080,5732,6292,7486,7168,7852,7613,8068,10906,13531,5319,8870,126772,105001,9329,3369,52992,21,0,16,13
2021-04-15T23:59:59+02:00,0,4,3923,4174,7297,8335,7892,10200,10091,13279,13121,14944,17778,19855,16846,20818,5669,9545,2663,2612,4619,4554,5067,5702,6262,7450,7098,7783,7057,7424,10787,13379,5315,8859,123119,103370,9171,3231,51465,19,0,16,13
2021-04-14T23:59:59+02:00,0,3,3896,4145,7231,8229,7786,10050,9916,13080,12703,14498,17252,19243,16695,20608,5664,9532,2630,2593,4601,4522,5038,5655,6227,7417,7041,7722,6426,6669,10525,13091,5311,8851,121732,101063,8937,3231,49846,14,0,16,13
2021-04-13T23:59:59+02:00,0,3,3893,4139,7194,8213,7729,10017,9808,13027,12330,14205,16563,18396,16459,20307,5660,9526,2606,2566,4581,4496,5013,5621,6168,7349,6952,7621,6214,6420,9951,12438,5303,8832,121041,98884,8719,3223,47693,14,0,16,12
2021-04-12T23:59:59+02:00,0,3,3879,4121,7141,8167,7672,9948,9700,12925,12083,13993,16120,17879,16272,20093,5655,9523,2577,2555,4515,4454,4906,5552,6053,7273,6834,7522,5469,5600,9503,11902,5263,8790,120707,95529,8683,3215,45768,14,0,16,12
2021-04-11T23:59:59+02:00,0,3,3865,4113,7100,8115,7613,9904,9607,12847,11845,13785,15556,17191,15997,19752,5650,9513,2501,2472,4386,4332,4751,5419,5890,7121,6682,7416,5166,5239,9372,11743,5263,8786,120120,93350,8255,3166,44065,13,0,16,12
2021-04-10T23:59:59+02:00,0,3,3847,4094,7061,8068,7569,9848,9547,12788,11753,13700,15339,16999,15948,19684,5649,9506,1942,1904,3567,3611,3877,4654,4885,6201,5827,6631,4893,4933,9244,11591,5257,8777,119656,84605,8255,3166,43476,13,0,16,12
2021-04-09T23:59:59+02:00,0,3,3827,4074,7023,8039,7505,9792,9394,12660,11426,13415,14157,15469,15506,19153,5637,9496,1083,1077,2210,2418,2370,3283,3099,4560,4209,5169,4210,4201,8997,11238,5233,8748,117761,68919,8253,3163,40546,13,0,16,12
2021-04-08T23:59:59+02:00,0,3,3801,4058,6962,7986,7402,9698,9207,12541,11022,13061,13024,14214,15097,18632,5618,9466,582,588,1292,1712,1464,2351,1999,3474,2826,3783,2968,2803,8196,10260,5093,8527,116519,54737,8172,3160,37085,11,0,16,12
2021-04-07T23:59:59+02:00,0,3,3754,4033,6884,7932,7310,9628,9079,12412,10713,12753,12297,13444,14880,18367,5612,9447,351,371,941,1367,1058,1965,1488,3011,1882,2776,1786,1516,7292,9121,4938,8268,115558,44953,8021,3160,34954,8,0,15,12
2021-04-06T23:59:59+02:00,0,3,3738,4021,6862,7894,7255,9561,8986,12332,10502,12535,11912,12949,14658,18069,5601,9433,344,357,932,1357,1043,1944,1461,2983,1823,2717,1707,1450,6882,8568,4788,8031,114278,43211,7922,3159,34098,7,0,13,12
2021-04-05T23:59:59+02:00,0,3,3733,4020,6851,7882,7243,9551,8967,12304,10438,12476,11801,12804,14560,17977,5599,9430,342,351,921,1353,1037,1936,1451,2963,1802,2683,1654,1397,6655,8266,4666,7849,113943,42151,7901,3158,33782,7,0,13,12
2021-04-04T23:59:59+02:00,0,3,3733,4020,6849,7876,7242,9550,8964,12304,10428,12471,11798,12800,14557,17976,5599,9430,342,350,919,1353,1036,1934,1450,2962,1800,2680,1651,1392,6648,8253,4661,7846,113938,42103,7900,3157,33749,7,0,13,12
2021-04-03T23:59:59+02:00,0,3,3733,4020,6849,7875,7241,9550,8964,12304,10427,12471,11798,12799,14555,17974,5599,9430,342,349,917,1349,1034,1933,1449,2957,1798,2680,1646,1380,6605,8172,4626,7811,113934,41874,7900,3157,33745,7,0,13,12
2021-04-02T23:59:59+02:00,0,3,3731,4018,6847,7872,7235,9544,8952,12297,10411,12455,11671,12685,14512,17917,5595,9422,340,347,915,1342,1028,1922,1434,2932,1758,2641,1551,1294,5842,7273,4194,7249,113811,39210,7895,2835,33448,7,0,13,12
2021-04-01T23:59:59+02:00,0,2,3691,4006,6813,7850,7193,9513,8900,12258,10340,12384,11331,12278,14138,17406,5591,9409,335,344,899,1327,1016,1903,1402,2886,1699,2577,1428,1201,4909,6169,3644,6427,113428,35319,6490,2830,33172,7,0,13,12
2021-03-31T23:59:59+02:00,0,2,3685,4002,6798,7831,7176,9495,8865,12226,10252,12312,11001,11872,13794,16913,5585,9388,332,341,891,1319,1006,1888,1382,2858,1649,2541,1363,1149,4336,5504,3297,5969,112855,33051,5492,2757,32837,7,0,13,12
2021-03-30T23:59:59+02:00,0,2,3667,3978,6762,7792,7119,9428,8776,12122,10089,12157,10743,11595,13571,16647,5579,9374,328,334,885,1309,999,1882,1359,2852,1621,2515,1336,1123,4218,5382,3237,5877,112034,32679,5242,2561,32112,7,0,13,12
2021-03-29T23:59:59+02:00,0,2,3658,3956,6736,7770,7079,9375,8680,12027,9907,11950,10311,11127,13198,16179,5562,9341,323,330,881,1299,993,1874,1351,2841,1605,2506,1311,1109,4085,5239,3140,5746,110360,32062,4934,2555,31551,6,0,13,12
2021-03-28T23:59:59+02:00,0,2,3616,3901,6621,7612,6962,9234,8553,11834,9755,11759,10100,10867,13022,15993,5557,9331,323,330,881,1299,991,1873,1350,2841,1604,2504,1302,1106,4052,5197,3114,5720,109987,32019,4670,2453,30049,5,0,13,12
2021-03-27T23:59:59+01:00,0,2,3615,3890,6609,7547,6932,9120,8503,11663,9703,11605,9986,10744,12928,15905,5556,9331,323,329,881,1299,991,1870,1350,2839,1600,2503,1300,1104,4026,5162,3101,5705,109978,31916,4670,2452,28978,5,0,13,12
2021-03-26T23:59:59+01:00,0,2,3609,3882,6581,7510,6903,9047,8455,11550,9612,11477,9937,10681,12882,15851,5549,9311,318,327,880,1296,987,1858,1347,2818,1579,2489,1275,1088,3846,4940,2995,5552,109922,31169,4450,2411,28454,5,0,13,12
2021-03-25T23:59:59+01:00,0,2,3586,3851,6490,7383,6811,8882,8264,11318,9303,11161,9559,10299,12579,15536,5544,9302,318,326,878,1288,984,1847,1334,2805,1555,2470,1249,1069,3613,4698,2745,5217,109549,29971,4243,2411,26065,4,0,13,12
2021-03-24T23:59:59+01:00,0,2,3531,3800,6401,7196,6691,8656,8097,11083,9078,10836,9144,9812,12162,15077,5533,9292,318,325,877,1285,979,1845,1326,2801,1539,2454,1241,1059,3547,4625,2564,4996,109038,29359,4106,2411,23234,1,0,13,12
2021-03-23T23:59:59+01:00,0,2,3513,3767,6352,7140,6615,8597,7979,10954,8829,10603,8724,9343,11711,14558,5524,9277,318,325,876,1275,974,1836,1321,2792,1535,2446,1217,1034,3455,4549,2372,4679,108225,28582,4013,2411,21237,1,0,13,12
2021-03-22T23:59:59+01:00,0,2,3505,3747,6309,7111,6581,8550,7913,10878,8680,10467,8444,8990,11408,14233,5488,9238,316,320,870,1265,966,1829,1314,2781,1526,2436,1205,1025,3427,4514,2353,4646,107554,28372,4010,2410,19967,1,0,13,12
2021-03-21T23:59:59+01:00,0,2,3503,3745,6305,7100,6564,8534,7894,10859,8624,10409,8324,8873,11338,14131,5486,9235,314,319,861,1262,959,1822,1305,2779,1522,2432,1201,1022,3418,4499,2339,4637,107469,28270,4009,2410,19435,1,0,13,12
2021-03-20T23:59:59+01:00,0,2,3495,3707,6297,7028,6549,8397,7869,10675,8580,10273,8246,8787,11300,14092,5486,9235,314,319,861,1262,959,1821,1304,2779,1522,2430,1201,1022,3418,4498,2339,4636,107436,28265,3797,2409,18772,1,0,13,12
2021-03-19T23:59:59+01:00,0,2,3482,3677,6271,6945,6525,8304,7823,10558,8466,10112,7709,8180,11116,13851,5476,9217,311,318,856,1255,942,1811,1281,2748,1472,2385,1117,954,2754,3710,1928,4067,105823,25489,3497,2409,18381,1,0,13,12
2021-03-18T23:59:59+01:00,0,2,3471,3659,6230,6904,6492,8242,7760,10471,8351,9983,6754,7085,10837,13551,5466,9192,310,318,853,1250,936,1802,1262,2740,1447,2366,1080,937,2547,3471,1772,3846,102807,24517,3340,2409,18290,1,0,13,12
2021-03-17T23:59:59+01:00,0,2,3434,3621,6159,6820,6439,8139,7670,10343,8221,9825,6073,6244,10551,13247,5449,9166,309,318,846,1245,932,1790,1248,2718,1429,2341,1044,914,2428,3346,1693,3736,100039,23917,3339,2409,18012,1,0,13,12
2021-03-16T23:59:59+01:00,0,2,3416,3592,6120,6767,6394,8066,7617,10279,8131,9724,5896,6069,9851,12460,5410,9103,302,308,832,1229,920,1781,1242,2698,1416,2333,1030,895,2215,3107,1560,3541,97808,22991,3329,2407,17747,1,0,13,12
2021-03-15T23:59:59+01:00,0,2,3379,3560,6024,6688,6264,7974,7475,10160,8002,9599,5144,5236,9408,11912,5367,9033,301,307,829,1225,919,1774,1240,2685,1407,2324,1017,883,2073,2934,1474,3447,94299,22422,3322,2406,17593,1,0,13,12
2021-03-14T23:59:59+01:00,0,2,3254,3413,5746,6342,5988,7613,7161,9746,7717,9281,4811,4845,9251,11715,5363,9023,301,306,829,1225,918,1774,1238,2684,1405,2321,1015,881,2070,2931,1471,3446,91905,22401,3267,2403,16086,1,0,13,12
2021-03-13T23:59:59+01:00,0,2,2600,2751,4805,5474,4970,6684,5966,8628,6702,8338,4498,4462,8868,11196,5273,8915,301,306,828,1223,918,1769,1235,2682,1404,2321,1015,880,2046,2895,1441,3411,81218,22261,3267,2403,15634,1,0,13,12
2021-03-12T23:59:59+01:00,0,2,1774,1930,3467,4324,3464,5350,4219,6989,5068,6832,3831,3759,7619,9649,4773,8236,297,303,826,1219,912,1762,1227,2662,1378,2304,969,855,1698,2433,1173,3060,62404,20664,3264,2403,15605,1,0,13,12
2021-03-11T23:59:59+01:00,0,2,1274,1453,2563,3583,2560,4411,3126,5900,3706,5448,2656,2482,5922,7540,4010,7061,292,294,810,1210,899,1739,1209,2633,1353,2258,932,835,1541,2204,1050,2872,45121,19718,3262,2403,15301,1,0,13,11
2021-03-10T23:59:59+01:00,0,2,1050,1235,2195,3222,2185,4020,2675,5459,2803,4481,1528,1285,4573,5822,3455,6292,282,284,792,1191,877,1703,1175,2560,1314,2192,907,815,1362,2014,954,2699,34108,18815,3262,2296,14899,1,0,13,11
2021-03-09T23:59:59+01:00,0,2,1034,1208,2129,3081,2120,3905,2590,5325,2719,4355,1494,1255,4498,5749,3416,6235,278,277,778,1170,860,1676,1150,2520,1296,2164,892,803,1285,1890,883,2589,33703,18249,3259,2252,14140,1,0,13,11
2021-03-08T23:59:59+01:00,0,2,1012,1177,2072,2982,2080,3823,2531,5212,2663,4283,1456,1235,4352,5591,3315,6094,278,273,773,1162,858,1667,1142,2512,1289,2148,868,782,1119,1665,760,2425,33014,17463,3259,2248,13594,1,0,13,11
2021-03-07T23:59:59+01:00,0,2,1007,1158,2032,2939,2038,3782,2491,5147,2622,4246,1451,1232,4345,5583,3313,6094,278,273,773,1162,858,1667,1142,2512,1288,2148,865,782,1110,1655,752,2414,32984,17463,3253,2207,13232,0,0,13,11
2021-03-06T23:59:59+01:00,0,2,1007,1154,2021,2925,2026,3763,2475,5120,2604,4225,1438,1222,4311,5539,3299,6082,278,273,773,1162,858,1666,1142,2512,1288,2148,865,782,1110,1655,752,2413,32840,17462,3252,2206,13108,0,0,13,11
2021-03-05T23:59:59+01:00,0,2,1003,1150,2006,2905,1996,3740,2432,5068,2551,4188,1402,1194,4045,5214,3149,5861,277,270,766,1155,852,1658,1139,2503,1285,2138,851,778,1102,1646,751,2411,32101,17367,2921,2206,12871,0,0,13,11
2021-03-04T23:59:59+01:00,0,2,909,1003,1918,2777,1928,3603,2356,4914,2461,4030,1372,1173,3805,4955,2885,5512,277,268,764,1150,850,1650,1138,2492,1281,2130,820,764,1090,1635,744,2399,30855,17260,2917,2183,11818,0,0,13,11
2021-03-03T23:59:59+01:00,0,2,863,896,1853,2681,1857,3498,2287,4798,2387,3946,1360,1160,3695,4850,2663,5240,276,266,763,1141,847,1632,1132,2450,1271,2104,803,760,1082,1617,737,2392,30183,17234,2800,2030,11040,0,0,13,11
2021-03-02T23:59:59+01:00,0,2,818,821,1756,2557,1772,3374,2196,4674,2327,3868,1325,1138,3566,4715,2460,4894,276,265,762,1135,844,1629,1127,2445,1267,2094,801,758,1068,1596,726,2373,29459,17128,2611,2029,10180,0,0,13,11
2021-03-01T23:59:59+01:00,0,2,795,782,1656,2413,1701,3230,2096,4502,2247,3747,1307,1126,3516,4652,2416,4832,276,264,758,1131,843,1617,1123,2433,1262,2084,795,756,1063,1585,719,2366,29207,17037,2527,2029,9273,0,0,13,11
2021-02-28T23:59:59+01:00,0,2,789,759,1637,2347,1673,3158,2073,4402,2233,3680,1301,1120,3506,4637,2402,4822,275,263,758,1130,843,1612,1123,2431,1262,2079,792,754,1055,1572,715,2356,29100,17015,2525,1996,8903,0,0,13,11
2021-02-27T23:59:59+01:00,0,2,774,742,1615,2287,1656,3046,2054,4276,2212,3584,1298,1117,3506,4635,2401,4821,275,263,758,1130,843,1611,1123,2431,1262,2078,792,754,1054,1571,714,2354,29095,17013,2524,1991,8394,0,0,13,11
2021-02-26T23:59:59+01:00,0,2,646,661,1510,2174,1604,2887,1991,4039,2111,3348,1208,1046,2855,3842,1975,4239,275,263,757,1128,842,1610,1123,2429,1260,2075,790,749,1036,1558,704,2338,26305,16939,2524,1989,7296,0,0,13,11
2021-02-25T23:59:59+01:00,0,2,496,581,1391,2072,1537,2759,1930,3911,2011,3237,1159,1014,2625,3572,1811,3996,258,248,732,1104,800,1541,1076,2331,1186,1983,733,728,1004,1521,692,2310,25240,16846,2497,1392,6354,0,0,13,11
2021-02-24T23:59:59+01:00,0,2,466,550,1322,1959,1464,2615,1860,3758,1934,3088,1121,984,2486,3435,1732,3877,229,235,705,1059,774,1479,1047,2271,1132,1933,706,705,958,1492,681,2280,24589,16660,2486,1017,5565,0,0,13,11
2021-02-23T23:59:59+01:00,0,2,410,510,1239,1819,1389,2469,1783,3547,1863,2966,1096,950,2283,3206,1607,3691,224,229,690,1036,762,1440,1025,2228,1107,1892,697,693,949,1478,678,2276,23667,16574,2476,821,4674,0,0,13,11
2021-02-22T23:59:59+01:00,0,2,397,477,1140,1708,1287,2372,1674,3441,1782,2895,1075,937,2141,3034,1522,3595,213,220,668,985,731,1377,999,2134,1063,1811,654,661,880,1401,642,2220,23093,16385,2472,265,3901,0,0,13,11
2021-02-21T23:59:59+01:00,0,2,378,461,1039,1676,1135,2348,1519,3418,1679,2877,1067,935,2140,3033,1522,3595,186,214,637,977,720,1369,985,2129,1058,1809,651,658,877,1397,634,2213,23064,16254,2472,251,3275,0,0,13,11
2021-02-20T23:59:59+01:00,0,2,378,459,1038,1676,1134,2348,1517,3416,1679,2875,1067,934,2139,3033,1521,3594,185,212,634,977,717,1368,979,2126,1056,1809,651,658,877,1397,634,2213,23057,16233,2471,251,3269,0,0,13,11
2021-02-19T23:59:59+01:00,0,2,373,450,1026,1672,1124,2338,1504,3397,1647,2860,1017,906,1768,2526,1224,3212,164,202,608,973,699,1360,962,2124,1050,1807,648,657,875,1397,633,2212,21317,16111,2471,251,3245,0,0,13,11
2021-02-18T23:59:59+01:00,0,2,353,430,986,1590,1086,2251,1451,3279,1606,2770,987,883,1595,2283,1095,3008,144,191,569,962,679,1347,928,2108,1025,1787,637,638,854,1369,619,2191,20337,15788,2471,251,2834,0,0,13,11
2021-02-17T23:59:59+01:00,0,2,330,377,902,1447,979,2051,1317,3025,1494,2550,950,853,1406,2071,994,2831,138,184,557,931,653,1296,895,2030,975,1711,603,606,847,1343,614,2172,19264,15295,2471,251,1831,0,0,13,11
2021-02-16T23:59:59+01:00,0,2,324,338,858,1309,927,1863,1256,2800,1428,2389,938,836,1343,1975,927,2735,132,171,543,888,638,1242,867,1967,945,1669,593,596,825,1312,601,2112,18893,14977,2470,115,872,0,0,13,11
2021-02-15T23:59:59+01:00,0,2,308,298,830,1278,910,1807,1216,2716,1390,2333,910,804,1166,1743,798,2559,123,163,522,861,620,1180,842,1894,922,1592,572,559,807,1275,592,2070,17982,14510,2469,75,604,0,0,13,11
2021-02-14T23:59:59+01:00,0,2,308,298,829,1278,909,1807,1214,2716,1390,2333,910,804,1166,1743,798,2559,123,163,521,854,616,1175,836,1888,918,1589,571,559,805,1274,591,2067,17981,14466,2469,75,601,0,0,13,11
2021-02-13T23:59:59+01:00,0,2,308,298,829,1278,909,1804,1214,2714,1390,2331,910,804,1166,1743,798,2559,123,163,521,854,616,1175,834,1885,916,1585,569,559,790,1254,579,2051,17974,14464,2469,1,601,0,0,13,11
2021-02-12T23:59:59+01:00,0,2,304,297,819,1273,905,1774,1208,2686,1362,2302,908,802,1165,1740,798,2559,123,163,519,851,615,1168,828,1873,910,1572,566,557,776,1243,573,2038,17965,14365,2469,1,457,0,0,13,11
2021-02-11T23:59:59+01:00,0,2,285,288,804,1238,899,1740,1192,2620,1340,2247,873,789,1154,1728,797,2549,121,149,501,810,593,1103,794,1773,887,1512,552,543,752,1208,559,2006,17852,13854,2468,0,212,0,0,13,11
2021-02-10T23:59:59+01:00,0,2,282,282,785,1200,886,1710,1180,2574,1325,2205,868,787,1139,1712,792,2533,117,140,434,725,547,1010,716,1647,828,1428,537,527,738,1188,549,1978,17828,13111,2363,0,58,0,0,13,0
2021-02-09T23:59:59+01:00,0,2,282,279,781,1186,875,1693,1165,2555,1311,2181,853,782,1125,1695,781,2517,100,121,379,638,495,881,637,1448,740,1240,485,449,619,1026,481,1740,17730,11481,2317,0,3,0,0,13,0
2021-02-08T23:59:59+01:00,0,2,282,278,779,1181,875,1686,1163,2551,1305,2173,847,779,1109,1673,764,2496,90,99,334,544,443,781,548,1241,633,1075,409,375,535,837,388,1432,17615,9766,2314,0,1,0,0,13,0
2021-02-07T23:59:59+01:00,0,2,281,277,777,1180,874,1686,1163,2550,1305,2170,841,777,1107,1670,763,2494,88,98,332,539,441,777,546,1232,629,1069,404,370,514,814,382,1418,17590,9655,2314,0,0,0,0,13,0
2021-02-06T23:59:59+01:00,0,2,281,276,777,1179,874,1685,1163,2550,1305,2169,840,776,1105,1664,762,2492,88,97,332,536,440,776,545,1228,627,1068,400,365,466,745,354,1373,17574,9442,2313,0,0,0,0,13,0
2021-02-05T23:59:59+01:00,0,2,281,276,777,1178,873,1684,1162,2549,1304,2166,833,770,1082,1654,755,2476,82,95,324,530,424,758,519,1193,598,1026,377,338,446,721,340,1333,17496,9105,2313,0,0,0,0,13,0
2021-02-04T23:59:59+01:00,0,2,278,269,774,1157,861,1662,1149,2521,1290,2142,811,757,1054,1624,748,2460,68,77,254,408,329,592,402,965,485,824,304,274,335,576,277,1114,17256,7284,2290,0,0,0,0,13,0
2021-02-03T23:59:59+01:00,0,2,277,264,770,1136,859,1636,1142,2471,1277,2112,792,743,1037,1601,739,2446,54,54,168,279,255,441,282,715,361,585,208,194,237,423,194,837,17160,5287,2131,0,0,0,0,13,0
2021-02-02T23:59:59+01:00,0,2,276,259,766,1128,852,1614,1133,2447,1265,2095,788,736,1028,1590,737,2438,35,35,91,138,147,252,171,448,233,367,134,124,161,254,136,538,17010,3264,2131,0,0,0,0,13,0
2021-02-01T23:59:59+01:00,0,2,274,256,761,1109,844,1593,1127,2418,1261,2062,780,723,1021,1580,733,2425,11,12,14,26,25,63,44,88,70,101,49,45,57,74,39,178,16826,896,2131,0,0,0,0,12,0
2021-01-31T23:59:59+01:00,0,2,268,254,745,1107,836,1582,1117,2407,1250,2053,774,717,1011,1563,726,2412,10,12,13,25,23,60,38,83,63,93,46,45,53,67,36,165,16791,832,2021,0,0,0,0,12,0
2021-01-30T23:59:59+01:00,0,2,268,254,745,1106,835,1582,1117,2407,1250,2053,773,717,1010,1561,725,2410,10,10,13,25,23,60,38,83,62,91,45,44,52,67,36,164,16787,823,2016,0,0,0,0,12,0
2021-01-29T23:59:59+01:00,0,2,268,254,745,1105,835,1582,1117,2407,1250,2052,772,716,1009,1559,725,2408,9,5,12,24,23,59,36,81,61,91,44,43,52,67,36,164,16780,807,2014,0,0,0,0,12,0
2021-01-28T23:59:59+01:00,0,2,264,249,733,1080,800,1527,1080,2347,1173,1994,731,702,980,1539,709,2386,4,0,3,6,9,24,18,36,20,45,21,22,23,45,15,97,16601,388,1683,0,0,0,0,12,0
2021-01-27T23:59:59+01:00,0,2,258,242,710,1048,752,1472,1023,2266,1100,1913,696,675,966,1518,706,2379,3,0,3,4,6,20,14,22,13,32,6,9,10,10,4,27,16153,183,1561,0,0,0,0,12,0
2021-01-26T23:59:59+01:00,0,2,234,233,693,1024,744,1422,1003,2192,1073,1848,684,661,943,1502,696,2360,3,0,1,4,5,10,12,12,6,11,3,5,6,7,1,16,16102,102,1200,0,0,0,0,12,0
2021-01-25T23:59:59+01:00,0,2,202,218,641,951,692,1299,960,2046,1015,1713,636,606,866,1407,653,2287,3,0,1,4,5,10,12,12,6,11,3,5,6,7,1,16,15876,102,306,0,0,0,0,12,0
2021-01-24T23:59:59+01:00,0,2,185,212,615,939,673,1285,942,2030,1000,1703,629,600,856,1387,644,2274,3,0,1,4,5,10,11,12,5,11,3,5,6,7,1,16,15703,100,261,0,0,0,0,12,0
2021-01-23T23:59:59+01:00,0,2,185,212,615,939,673,1285,942,2030,1000,1703,629,600,856,1387,644,2274,3,0,1,4,5,10,9,12,5,11,3,5,6,7,1,16,15703,98,261,0,0,0,0,12,0
2021-01-22T23:59:59+01:00,0,2,138,194,557,929,655,1270,908,2020,988,1692,624,599,855,1387,644,2274,3,0,0,4,5,10,9,12,5,11,3,5,6,7,1,16,15463,97,261,0,0,0,0,12,0
2021-01-21T23:59:59+01:00,0,2,133,186,542,906,634,1229,875,1966,966,1644,613,578,843,1356,637,2255,3,0,0,4,4,10,9,12,5,11,3,5,6,7,1,15,15092,95,261,0,0,0,0,12,0
2021-01-20T23:59:59+01:00,0,2,128,170,495,840,611,1153,812,1856,929,1573,592,561,826,1333,627,2227,3,0,0,4,4,10,9,12,5,11,3,5,6,7,1,15,14464,95,259,0,0,0,0,12,0
2021-01-19T23:59:59+01:00,0,2,115,151,422,752,546,1023,727,1657,825,1408,546,507,725,1174,554,1979,3,0,0,4,4,8,9,12,5,11,3,5,6,7,1,15,12909,93,192,0,0,0,0,12,0
2021-01-18T23:59:59+01:00,0,2,97,119,353,599,455,851,597,1396,699,1202,478,441,641,1017,487,1712,1,0,0,1,0,0,0,0,0,0,0,0,0,1,0,0,11052,3,82,0,0,0,0,12,0
2021-01-17T23:59:59+01:00,0,2,93,117,349,594,454,846,595,1377,691,1192,473,432,614,988,471,1671,1,0,0,1,0,0,0,0,0,0,0,0,0,1,0,0,10865,3,82,0,0,0,0,12,0
2021-01-16T23:59:59+01:00,0,2,93,114,347,586,451,841,584,1364,680,1180,458,418,519,862,410,1574,0,0,0,1,0,0,0,0,0,0,0,0,0,0,0,0,10468,1,3,0,0,0,0,12,0
2021-01-15T23:59:59+01:00,0,2,92,112,342,584,445,836,578,1357,663,1164,442,400,511,850,402,1551,0,0,0,0,0,0,0,0,0,0,0,0,0,0,0,0,10318,0,1,0,0,0,0,12,0
2021-01-14T23:59:59+01:00,0,0,75,90,285,482,367,673,461,1103,543,982,363,320,401,695,332,1321,0,0,0,0,0,0,0,0,0,0,0,0,0,0,0,0,8481,0,0,0,0,0,0,12,0
2021-01-13T23:59:59+01:00,0,0,61,67,201,364,291,500,347,821,417,701,253,224,293,520,250,1015,0,0,0,0,0,0,0,0,0,0,0,0,0,0,0,0,6314,0,0,0,0,0,0,11,0
2021-01-12T23:59:59+01:00,0,0,40,44,121,215,178,310,206,528,278,434,159,142,188,337,171,682,0,0,0,0,0,0,0,0,0,0,0,0,0,0,0,0,4033,0,0,0,0,0,0,0,0
2021-01-11T23:59:59+01:00,0,0,11,14,41,57,41,91,59,119,92,128,65,58,83,103,49,223,0,0,0,0,0,0,0,0,0,0,0,0,0,0,0,0,1234,0,0,0,0,0,0,0,0
2021-01-10T23:59:59+01:00,0,0,11,14,29,47,34,73,50,110,79,118,57,54,77,93,46,209,0,0,0,0,0,0,0,0,0,0,0,0,0,0,0,0,1101,0,0,0,0,0,0,0,0
2021-01-09T23:59:59+01:00,0,0,11,13,26,46,34,73,49,109,77,115,56,53,76,92,45,208,0,0,0,0,0,0,0,0,0,0,0,0,0,0,0,0,1083,0,0,0,0,0,0,0,0
2021-01-08T23:59:59+01:00,0,0,7,6,26,41,32,70,46,107,76,114,53,49,71,87,41,208,0,0,0,0,0,0,0,0,0,0,0,0,0,0,0,0,1034,0,0,0,0,0,0,0,0
2021-01-07T23:59:59+01:00,0,0,5,1,9,20,15,37,28,77,33,77,32,27,47,74,28,162,0,0,0,0,0,0,0,0,0,0,0,0,0,0,0,0,672,0,0,0,0,0,0,0,0
2021-01-06T23:59:59+01:00,0,0,5,0,4,8,10,29,25,43,19,47,26,24,34,51,19,120,0,0,0,0,0,0,0,0,0,0,0,0,0,0,0,0,464,0,0,0,0,0,0,0,0
2021-01-05T23:59:59+01:00,0,0,5,0,4,8,10,29,25,43,19,47,26,24,34,50,19,120,0,0,0,0,0,0,0,0,0,0,0,0,0,0,0,0,463,0,0,0,0,0,0,0,0
2021-01-04T23:59:59+01:00,0,0,4,0,1,3,4,10,13,12,5,11,3,5,6,8,1,17,0,0,0,0,0,0,0,0,0,0,0,0,0,0,0,0,103,0,0,0,0,0,0,0,0
2021-01-03T23:59:59+01:00,0,0,3,0,1,3,4,10,12,12,5,11,3,5,6,8,1,16,0,0,0,0,0,0,0,0,0,0,0,0,0,0,0,0,100,0,0,0,0,0,0,0,0
2021-01-02T23:59:59+01:00,0,0,3,0,1,3,4,10,10,12,5,11,3,5,6,8,1,16,0,0,0,0,0,0,0,0,0,0,0,0,0,0,0,0,98,0,0,0,0,0,0,0,0
2021-01-01T23:59:59+01:00,0,0,3,0,0,3,4,10,10,12,5,11,3,5,6,7,1,16,0,0,0,0,0,0,0,0,0,0,0,0,0,0,0,0,96,0,0,0,0,0,0,0,0
2020-12-31T23:59:59+01:00,0,0,3,0,0,3,4,10,9,12,5,11,3,5,6,7,1,16,0,0,0,0,0,0,0,0,0,0,0,0,0,0,0,0,95,0,0,0,0,0,0,0,0
2020-12-30T23:59:59+01:00,0,0,3,0,0,3,4,10,9,12,5,11,3,5,6,7,1,16,0,0,0,0,0,0,0,0,0,0,0,0,0,0,0,0,95,0,0,0,0,0,0,0,0
2020-12-29T23:59:59+01:00,0,0,3,0,0,3,4,8,9,12,5,11,3,5,6,7,1,16,0,0,0,0,0,0,0,0,0,0,0,0,0,0,0,0,93,0,0,0,0,0,0,0,0
2020-12-28T23:59:59+01:00,0,0,3,0,0,3,4,8,9,12,5,11,3,5,6,7,1,16,0,0,0,0,0,0,0,0,0,0,0,0,0,0,0,0,93,0,0,0,0,0,0,0,0
2020-12-27T23:59:59+01:00,0,0,1,0,0,0,0,0,0,0,0,0,0,0,1,3,0,7,0,0,0,0,0,0,0,0,0,0,0,0,0,0,0,0,12,0,0,0,0,0,0,0,0
