Datum,<15_1_m,<15_1_w,15-24_1_m,15-24_1_w,25-34_1_m,25-34_1_w,35-44_1_m,35-44_1_w,45-54_1_m,45-54_1_w,55-64_1_m,55-64_1_w,65-74_1_m,65-74_1_w,75-84_1_m,75-84_1_w,>84_1_m,>84_1_w,<15_2_m,<15_2_w,15-24_2_m,15-24_2_w,25-34_2_m,25-34_2_w,35-44_2_m,35-44_2_w,45-54_2_m,45-54_2_w,55-64_2_m,55-64_2_w,65-74_2_m,65-74_2_w,75-84_2_m,75-84_2_w,>84_2_m,>84_2_w,bp_1,bp_2,mo_1,mo_2,az_1,az_2,ja,unb_1,unb_2
2021-12-14T23:59:59+01:00,10255,9570,31362,29450,40837,38066,39194,38823,43699,43862,46335,46157,29460,32913,20777,26120,6523,11094,5146,4849,28001,26447,37452,34430,36482,35867,41179,41105,44118,43941,28509,31711,20131,25187,6227,10444,396881,361535,47210,45553,77780,71519,22560,79,59
2021-12-13T23:59:59+01:00,10179,9493,31322,29403,40786,38000,39157,38781,43665,43837,46296,46121,29445,32883,20766,26104,6514,11081,5020,4729,27912,26376,37353,34328,36404,35802,41118,41039,44064,43888,28488,31673,20109,25171,6222,10439,396227,360471,47201,45527,77780,71519,22559,79,59
2021-12-12T23:59:59+01:00,10153,9462,31303,29365,40755,37961,39134,38763,43655,43815,46275,46098,29430,32862,20755,26090,6512,11075,4991,4689,27849,26312,37278,34258,36352,35750,41079,40999,44018,43842,28464,31652,20099,25154,6221,10435,395870,359805,47193,45505,77780,71519,22554,79,59
2021-12-11T23:59:59+01:00,10112,9418,31272,29342,40723,37933,39113,38732,43639,43791,46261,46077,29424,32853,20752,26081,6509,11074,4962,4673,27790,26262,37203,34201,36311,35713,41058,40967,43993,43825,28458,31644,20098,25149,6220,10431,395524,359342,47184,45485,77780,71519,22553,78,59
2021-12-10T23:59:59+01:00,9943,9269,31199,29253,40641,37839,39059,38673,43601,43729,46222,46033,29405,32829,20740,26057,6506,11065,4878,4604,27614,26128,37043,34027,36201,35603,40971,40871,43931,43752,28433,31625,20096,25138,6218,10428,394521,358018,47160,45429,77780,71519,22536,78,59
2021-12-09T23:59:59+01:00,9678,8999,31120,29166,40547,37718,39005,38583,43544,43672,46174,45968,29370,32799,20725,26027,6499,11051,4760,4467,27362,25887,36825,33770,36006,35397,40797,40730,43800,43636,28384,31557,20076,25108,6216,10409,393129,355726,47144,45357,77780,71519,22526,78,59
2021-12-08T23:59:59+01:00,9512,8851,31078,29128,40500,37648,38965,38524,43494,43636,46130,45922,29349,32771,20712,26002,6490,11034,4676,4390,27247,25772,36701,33626,35906,35304,40707,40639,43717,43566,28360,31516,20061,25087,6208,10398,392250,354456,47130,45327,77780,71519,22520,78,59
2021-12-07T23:59:59+01:00,9398,8738,31050,29106,40452,37620,38934,38505,43477,43615,46107,45904,29339,32757,20706,25994,6487,11025,4644,4361,27170,25720,36631,33561,35856,35252,40654,40586,43677,43523,28351,31502,20057,25079,6206,10392,391737,353829,47112,45296,77780,71519,22519,78,59
2021-12-06T23:59:59+01:00,9218,8576,31010,29067,40407,37566,38893,38472,43446,43586,46081,45872,29320,32727,20694,25972,6483,11015,4574,4309,27046,25599,36512,33418,35762,35153,40569,40500,43601,43458,28326,31475,20046,25052,6202,10382,390936,352627,47108,45264,77780,71519,22515,78,59
2021-12-05T23:59:59+01:00,9104,8486,30990,29054,40378,37533,38875,38460,43432,43575,46063,45856,29307,32707,20689,25969,6481,11011,4551,4290,26968,25531,36410,33342,35710,35102,40523,40452,43556,43421,28309,31454,20042,25040,6201,10377,390504,351933,47107,45255,77780,71519,22513,78,59
2021-12-04T23:59:59+01:00,8954,8376,30962,29037,40347,37506,38857,38442,43414,43563,46054,45849,29302,32700,20689,25967,6480,11010,4524,4270,26895,25483,36330,33268,35659,35055,40475,40409,43534,43396,28303,31447,20038,25036,6200,10376,390053,351371,47101,45240,77780,71519,22509,78,59
2021-12-03T23:59:59+01:00,8480,7949,30904,28983,40306,37439,38820,38374,43375,43525,46013,45813,29274,32673,20680,25951,6472,11004,4454,4201,26665,25286,36124,33084,35512,34917,40364,40298,43439,43306,28284,31424,20031,25022,6200,10372,388607,349733,47082,45172,77780,71519,22500,78,59
2021-12-02T23:59:59+01:00,8112,7648,30845,28921,40244,37359,38758,38308,43330,43457,45967,45756,29247,32639,20671,25934,6466,10991,4361,4097,26429,25066,35919,32852,35337,34752,40224,40175,43324,43200,28250,31386,20014,24988,6196,10361,387267,347751,47056,45118,77780,71519,22484,78,59
2021-12-01T23:59:59+01:00,7939,7469,30816,28884,40211,37307,38726,38253,43295,43422,45932,45719,29226,32614,20660,25920,6462,10975,4299,4030,26340,24981,35840,32723,35263,34675,40170,40116,43265,43146,28224,31351,19992,24965,6192,10355,386462,346763,47040,45104,77780,71519,22482,78,59
2021-11-30T23:59:59+01:00,7664,7200,30768,28837,40159,37238,38677,38207,43270,43390,45898,45673,29206,32597,20650,25907,6456,10964,4260,3993,26213,24862,35671,32596,35161,34575,40059,40009,43183,43074,28188,31324,19978,24952,6187,10350,385410,345507,47028,45072,77780,71519,22478,77,59
2021-11-29T23:59:59+01:00,7490,7036,30743,28813,40129,37196,38652,38165,43235,43345,45867,45641,29192,32585,20642,25893,6453,10947,4227,3963,26118,24780,35561,32495,35066,34494,39988,39942,43127,43028,28167,31306,19967,24932,6186,10344,384679,344594,47025,45044,77780,71519,22475,77,59
2021-11-28T23:59:59+01:00,7410,6976,30725,28795,40102,37170,38630,38135,43217,43321,45852,45622,29186,32564,20640,25885,6451,10942,4207,3952,26046,24733,35476,32429,35006,34454,39937,39897,43099,43000,28152,31296,19957,24918,6185,10343,384288,344001,47016,45034,77780,71519,22474,77,59
2021-11-27T23:59:59+01:00,7080,6650,30654,28739,40035,37089,38562,38072,43153,43275,45809,45573,29174,32540,20635,25875,6447,10937,4187,3934,25968,24678,35387,32365,34957,34413,39882,39847,43052,42959,28141,31279,19951,24910,6183,10342,383025,343405,46977,45000,77780,71519,22452,77,59
2021-11-26T23:59:59+01:00,6669,6324,30561,28663,39944,36989,38486,37999,43094,43218,45741,45512,29150,32507,20618,25847,6439,10930,4137,3874,25820,24554,35240,32240,34812,34308,39790,39768,42986,42895,28109,31252,19941,24891,6177,10338,381436,342150,46966,44960,77780,71519,22444,77,59
2021-11-25T23:59:59+01:00,6256,5938,30431,28544,39818,36836,38399,37903,43016,43119,45652,45429,29112,32460,20596,25826,6432,10916,4080,3807,25653,24410,35062,32071,34677,34177,39668,39647,42886,42813,28079,31209,19928,24871,6172,10335,379462,340647,46954,44899,77779,71519,22421,77,59
2021-11-24T23:59:59+01:00,6091,5739,30369,28497,39763,36767,38334,37832,42962,43066,45595,45368,29093,32434,20586,25799,6424,10900,4059,3780,25580,24356,34966,31999,34608,34119,39597,39584,42837,42749,28051,31178,19913,24855,6169,10327,378422,339862,46947,44883,77779,71519,22404,77,59
2021-11-23T23:59:59+01:00,5886,5530,30292,28416,39687,36665,38263,37743,42891,42995,45531,45311,29073,32385,20558,25776,6420,10889,4026,3751,25476,24284,34826,31877,34508,34035,39513,39518,42774,42681,28014,31150,19892,24838,6165,10321,377150,338832,46919,44844,77779,71519,22395,77,59
2021-11-22T23:59:59+01:00,5726,5359,30239,28351,39616,36599,38204,37686,42850,42944,45495,45254,29055,32359,20541,25753,6418,10875,4007,3735,25421,24241,34744,31806,34459,33998,39468,39476,42730,42653,27997,31129,19888,24830,6162,10313,376177,338253,46909,44835,77779,71519,22391,77,59
2021-11-21T23:59:59+01:00,5681,5316,30200,28316,39570,36553,38161,37655,42808,42912,45469,45228,29037,32341,20533,25738,6416,10867,4001,3731,25387,24210,34714,31771,34430,33972,39439,39452,42709,42637,27985,31116,19887,24823,6160,10312,375666,337941,46901,44830,77779,71519,22387,77,59
2021-11-20T23:59:59+01:00,5641,5288,30148,28283,39508,36505,38125,37624,42783,42879,45452,45210,29032,32333,20531,25735,6416,10866,4000,3728,25370,24196,34689,31751,34411,33952,39428,39441,42700,42627,27981,31109,19885,24821,6160,10312,375243,337778,46888,44824,77779,71519,22381,77,59
2021-11-19T23:59:59+01:00,5488,5132,30019,28157,39393,36374,38028,37526,42708,42788,45402,45145,29010,32311,20526,25727,6415,10862,3968,3703,25235,24107,34569,31668,34335,33894,39350,39389,42653,42595,27961,31092,19881,24815,6158,10312,373961,336968,46848,44784,77779,71519,22355,77,59
2021-11-18T23:59:59+01:00,5338,4972,29850,27979,39220,36152,37866,37359,42582,42666,45324,45065,28963,32259,20512,25706,6410,10848,3917,3651,25081,23981,34426,31549,34214,33787,39278,39289,42581,42528,27935,31064,19862,24798,6153,10308,372106,335773,46802,44736,77779,71519,22315,77,59
2021-11-17T23:59:59+01:00,5279,4908,29751,27914,39126,36037,37791,37273,42505,42603,45260,44996,28945,32229,20502,25687,6404,10833,3898,3633,25054,23928,34363,31489,34168,33736,39236,39254,42521,42479,27922,31039,19855,24787,6153,10304,371097,335205,46788,44726,77779,71519,22310,77,59
2021-11-16T23:59:59+01:00,5189,4837,29562,27758,38943,35845,37646,37130,42379,42491,45167,44905,28914,32189,20484,25666,6400,10821,3878,3616,24944,23852,34247,31388,34084,33660,39169,39193,42470,42430,27893,31010,19838,24760,6139,10291,369471,334323,46750,44703,77778,71519,22258,77,59
2021-11-15T23:59:59+01:00,5132,4795,29416,27659,38785,35740,37557,37030,42313,42416,45108,44854,28888,32167,20472,25651,6398,10812,3867,3610,24892,23830,34198,31343,34045,33632,39137,39169,42443,42412,27883,30998,19828,24743,6136,10286,368370,333942,46727,44683,77778,71519,22249,77,59
2021-11-14T23:59:59+01:00,5099,4762,29343,27593,38683,35641,37502,36978,42263,42357,45068,44818,28878,32151,20463,25635,6396,10806,3859,3600,24863,23813,34162,31302,34015,33608,39120,39145,42424,42394,27872,30991,19822,24734,6135,10286,367633,333654,46717,44674,77778,71519,22239,77,59
2021-11-13T23:59:59+01:00,5041,4720,29195,27487,38561,35504,37390,36901,42190,42282,45026,44780,28866,32137,20459,25633,6394,10804,3853,3595,24827,23793,34140,31282,33993,33586,39101,39127,42416,42387,27868,30989,19821,24733,6135,10285,366603,333457,46696,44672,77778,71519,22224,77,59
2021-11-12T23:59:59+01:00,4936,4630,28836,27183,38293,35248,37207,36687,42042,42129,44909,44687,28836,32115,20453,25619,6393,10804,3835,3565,24723,23711,34033,31189,33902,33509,39034,39078,42368,42355,27851,30971,19816,24728,6134,10285,364390,332709,46612,44642,77778,71519,22158,77,59
2021-11-11T23:59:59+01:00,4815,4496,28538,26911,38003,34949,36980,36465,41861,41960,44775,44572,28795,32059,20439,25599,6387,10792,3799,3520,24613,23615,33938,31073,33790,33425,38954,38997,42299,42296,27831,30948,19807,24712,6132,10283,361914,331777,46547,44590,77778,71519,22087,77,59
2021-11-10T23:59:59+01:00,4758,4435,28392,26806,37879,34804,36872,36359,41794,41882,44706,44498,28781,32038,20429,25585,6382,10781,3785,3500,24571,23574,33884,31020,33744,33389,38921,38966,42273,42266,27814,30938,19797,24702,6129,10272,360755,331330,46517,44577,77778,71518,22061,77,59
2021-11-09T23:59:59+01:00,4693,4375,28145,26599,37653,34593,36724,36221,41663,41758,44627,44426,28760,32008,20414,25564,6378,10774,3768,3479,24506,23517,33803,30945,33695,33344,38882,38924,42234,42236,27804,30912,19784,24689,6126,10264,359049,330775,46459,44541,77777,71518,22020,77,58
2021-11-08T23:59:59+01:00,4634,4325,27921,26414,37397,34389,36543,36083,41539,41645,44528,44346,28729,31973,20403,25549,6375,10771,3752,3459,24441,23465,33744,30888,33662,33300,38845,38877,42199,42197,27788,30897,19770,24676,6125,10257,357308,330244,46413,44526,77777,71518,21996,77,58
2021-11-07T23:59:59+01:00,4597,4289,27717,26259,37182,34208,36399,35939,41417,41545,44444,44285,28712,31955,20395,25540,6373,10762,3745,3451,24402,23437,33689,30849,33633,33274,38817,38850,42178,42174,27783,30885,19764,24669,6123,10254,355856,329952,46378,44512,77777,71518,21937,77,58
2021-11-06T23:59:59+01:00,4577,4272,27668,26221,37119,34168,36370,35921,41380,41529,44419,44262,28707,31953,20389,25538,6373,10760,3744,3448,24396,23433,33682,30845,33630,33270,38812,38848,42175,42173,27780,30885,19762,24667,6122,10253,355492,329916,46366,44512,77777,71518,21921,77,58
2021-11-05T23:59:59+01:00,4482,4174,27412,26025,36884,33931,36161,35762,41251,41392,44337,44192,28692,31935,20386,25526,6371,10759,3727,3427,24328,23396,33629,30795,33579,33235,38773,38810,42148,42152,27769,30879,19758,24660,6120,10251,353746,329541,46223,44464,77777,71518,21855,77,58
2021-11-04T23:59:59+01:00,4406,4123,27181,25858,36655,33714,35976,35636,41129,41275,44250,44128,28671,31919,20377,25515,6369,10756,3695,3378,24234,23282,33520,30679,33497,33152,38705,38746,42084,42095,27749,30853,19748,24647,6115,10242,352159,328653,46166,44427,77777,71518,21765,77,58
2021-11-03T23:59:59+01:00,4387,4091,27117,25802,36573,33634,35905,35598,41068,41228,44212,44099,28664,31910,20371,25509,6368,10756,3668,3347,24198,23240,33487,30636,33459,33128,38684,38717,42058,42073,27734,30835,19741,24638,6110,10237,351541,328240,46147,44419,77777,71517,21756,77,58
2021-11-02T23:59:59+01:00,4353,4050,26888,25662,36334,33461,35741,35486,40930,41128,44129,44032,28636,31892,20360,25500,6367,10752,3639,3318,24095,23157,33373,30558,33390,33078,38621,38661,42012,42039,27715,30814,19725,24627,6108,10230,350123,327561,46097,44392,77777,71516,21633,77,58
2021-11-01T23:59:59+01:00,4311,4012,26798,25599,36216,33380,35663,35438,40857,41077,44090,44012,28629,31883,20355,25498,6366,10751,3621,3281,24047,23107,33317,30522,33353,33047,38582,38636,41987,42013,27705,30807,19719,24617,6107,10228,349414,327147,46071,44375,77777,71514,21602,77,58
2021-10-31T23:59:59+01:00,4311,4012,26794,25599,36214,33380,35663,35438,40856,41077,44089,44012,28628,31883,20355,25498,6366,10751,3621,3281,24046,23107,33317,30522,33353,33047,38581,38636,41986,42013,27705,30807,19719,24617,6107,10228,349407,327145,46070,44375,77777,71514,21601,77,58
2021-10-30T23:59:59+02:00,4308,4010,26783,25594,36199,33372,35657,35434,40847,41073,44081,44012,28627,31883,20355,25497,6366,10750,3621,3281,24042,23104,33314,30522,33353,33044,38580,38635,41985,42013,27705,30807,19719,24617,6107,10228,349329,327129,46070,44375,77777,71514,21601,77,58
2021-10-29T23:59:59+02:00,4284,3991,26640,25500,36014,33249,35543,35363,40747,41003,44033,43988,28624,31873,20354,25495,6366,10750,3608,3273,23988,23066,33261,30466,33306,33009,38538,38596,41959,41994,27700,30799,19714,24610,6106,10228,348394,326735,46015,44355,77777,71513,21560,77,58
2021-10-28T23:59:59+02:00,4252,3949,26467,25371,35806,33114,35396,35260,40649,40924,43968,43947,28612,31861,20345,25487,6365,10748,3579,3237,23899,22977,33175,30372,33244,32953,38483,38547,41911,41966,27689,30784,19706,24599,6102,10220,347285,326107,45938,44315,77777,71513,21450,77,58
2021-10-27T23:59:59+02:00,4226,3924,26427,25338,35757,33065,35353,35208,40612,40894,43944,43928,28609,31853,20341,25481,6361,10746,3564,3218,23852,22937,33127,30329,33218,32926,38472,38523,41897,41946,27679,30768,19698,24592,6101,10218,346843,325738,45928,44309,77777,71512,21448,77,58
2021-10-26T23:59:59+02:00,4183,3895,26284,25222,35610,32960,35253,35128,40541,40846,43903,43906,28598,31842,20336,25475,6358,10744,3536,3205,23786,22854,33048,30260,33171,32876,38418,38485,41859,41923,27671,30758,19693,24583,6100,10216,345965,325225,45898,44277,77777,71509,21373,77,58
2021-10-25T23:59:59+02:00,4174,3887,26270,25204,35577,32937,35225,35114,40527,40839,43899,43902,28597,31841,20335,25475,6358,10744,3531,3198,23782,22848,33028,30241,33167,32870,38411,38480,41858,41919,27669,30757,19693,24580,6100,10216,345812,325157,45889,44269,77777,71508,21356,77,58
2021-10-24T23:59:59+02:00,4163,3882,26245,25173,35541,32908,35193,35089,40513,40821,43887,43892,28596,31837,20334,25473,6358,10744,3521,3189,23767,22830,33016,30232,33154,32862,38401,38470,41850,41911,27662,30753,19693,24575,6100,10215,345566,325010,45880,44269,77776,71508,21356,77,58
2021-10-23T23:59:59+02:00,4163,3882,26243,25168,35536,32907,35189,35086,40510,40819,43885,43892,28596,31837,20334,25473,6358,10744,3521,3189,23767,22829,33015,30232,33152,32862,38400,38469,41850,41910,27662,30753,19693,24575,6100,10215,345539,325003,45880,44269,77776,71508,21356,77,58
2021-10-22T23:59:59+02:00,4142,3851,26146,25096,35423,32809,35095,35024,40433,40776,43844,43865,28589,31832,20331,25466,6358,10743,3483,3160,23707,22767,32951,30176,33100,32824,38363,38438,41816,41885,27656,30746,19689,24572,6099,10214,344817,324520,45845,44246,77776,71508,21314,77,58
2021-10-21T23:59:59+02:00,4076,3803,26041,25002,35295,32692,34995,34951,40364,40718,43780,43828,28577,31818,20324,25459,6358,10741,3296,3008,23562,22612,32857,30085,33030,32756,38302,38384,41764,41844,27637,30727,19673,24555,6094,10205,343900,323353,45818,44214,77775,71508,21258,77,58
2021-10-20T23:59:59+02:00,4067,3786,26009,24972,35245,32643,34957,34918,40342,40695,43760,43814,28572,31813,20320,25454,6353,10737,3262,2981,23520,22572,32817,30051,33002,32726,38274,38353,41741,41822,27623,30715,19663,24544,6091,10201,343556,322947,45810,44200,77775,71508,21245,77,58
2021-10-19T23:59:59+02:00,4047,3758,25937,24927,35190,32596,34919,34878,40307,40666,43739,43800,28568,31807,20312,25444,6348,10734,3157,2865,23401,22462,32739,29984,32963,32683,38247,38309,41710,41798,27608,30698,19654,24537,6084,10196,343130,322155,45785,44159,77775,71507,21216,77,58
2021-10-18T23:59:59+02:00,4038,3740,25897,24900,35157,32559,34900,34864,40289,40652,43729,43786,28561,31799,20302,25437,6347,10734,3128,2847,23354,22423,32708,29939,32940,32647,38220,38288,41690,41776,27601,30690,19648,24528,6081,10192,342864,321789,45777,44142,77775,71507,21204,77,58
2021-10-17T23:59:59+02:00,4031,3728,25881,24894,35144,32546,34891,34859,40285,40648,43724,43778,28560,31796,20302,25432,6346,10732,3039,2767,23315,22396,32697,29926,32934,32636,38216,38281,41689,41766,27600,30685,19647,24526,6079,10192,342751,321481,45777,44142,77775,71507,21203,77,58
2021-10-16T23:59:59+02:00,4031,3728,25881,24894,35144,32546,34891,34859,40284,40647,43724,43778,28559,31795,20302,25431,6346,10731,3038,2765,23314,22396,32697,29926,32934,32635,38214,38280,41688,41765,27599,30685,19647,24525,6078,10190,342746,321467,45777,44142,77775,71507,21202,77,58
2021-10-15T23:59:59+02:00,4021,3719,25843,24864,35112,32519,34868,34836,40265,40635,43713,43771,28555,31792,20299,25428,6344,10727,3007,2740,23253,22323,32641,29875,32901,32587,38186,38253,41668,41748,27591,30678,19644,24521,6078,10186,342511,321006,45762,44116,77774,71507,21193,77,58
2021-10-14T23:59:59+02:00,4001,3689,25771,24804,35043,32453,34821,34799,40231,40601,43681,43756,28547,31783,20293,25424,6341,10722,2963,2683,23169,22236,32576,29779,32848,32528,38128,38208,41628,41711,27573,30663,19636,24512,6075,10185,342024,320314,45738,44069,77774,71507,21153,77,58
2021-10-13T23:59:59+02:00,3985,3665,25740,24782,35016,32422,34799,34782,40217,40578,43662,43735,28539,31777,20289,25416,6335,10715,2942,2662,23136,22197,32550,29738,32837,32493,38108,38186,41611,41699,27566,30647,19629,24505,6075,10180,341727,319986,45733,44061,77774,71507,21149,77,58
2021-10-12T23:59:59+02:00,3968,3643,25689,24730,34955,32357,34764,34750,40188,40551,43642,43722,28526,31762,20286,25407,6329,10709,2914,2628,23048,22099,32450,29648,32793,32444,38051,38148,41586,41662,27541,30634,19622,24495,6072,10170,341294,319294,45714,44023,77774,71505,21125,77,58
2021-10-11T23:59:59+02:00,3960,3631,25662,24705,34940,32334,34733,34732,40177,40538,43630,43709,28516,31753,20280,25402,6325,10704,2892,2617,23017,22064,32407,29613,32768,32414,38034,38131,41564,41645,27535,30628,19616,24488,6070,10166,341072,318976,45699,44015,77774,71505,21115,77,58
2021-10-10T23:59:59+02:00,3957,3629,25657,24698,34930,32322,34726,34718,40168,40533,43621,43701,28515,31748,20275,25398,6325,10700,2884,2611,23007,22048,32395,29596,32763,32407,38023,38120,41558,41640,27529,30624,19615,24486,6070,10166,340964,318852,45697,44012,77774,71505,21115,77,58
2021-10-09T23:59:59+02:00,3956,3626,25656,24696,34929,32318,34723,34717,40165,40529,43619,43701,28513,31747,20274,25395,6324,10700,2884,2610,23007,22048,32395,29596,32761,32406,38022,38120,41557,41639,27529,30624,19614,24486,6070,10165,340931,318843,45697,44012,77774,71505,21115,77,58
2021-10-08T23:59:59+02:00,3921,3602,25582,24636,34863,32264,34690,34687,40131,40500,43587,43675,28503,31737,20263,25380,6316,10697,2857,2574,22909,21980,32344,29540,32724,32358,37994,38076,41531,41614,27518,30606,19608,24478,6066,10164,340414,318287,45680,43997,77774,71504,21095,77,58
2021-10-07T23:59:59+02:00,3897,3557,25498,24554,34791,32191,34643,34646,40089,40457,43554,43647,28496,31727,20248,25369,6309,10687,2799,2512,22779,21837,32273,29450,32673,32279,37944,38028,41488,41573,27499,30588,19591,24463,6059,10152,339813,317407,45653,43970,77774,71503,21049,77,58
2021-10-06T23:59:59+02:00,3882,3537,25460,24510,34752,32151,34617,34616,40070,40439,43535,43628,28488,31718,20236,25351,6305,10675,2784,2495,22746,21795,32242,29413,32652,32249,37928,38003,41469,41558,27489,30578,19581,24451,6057,10148,339432,317067,45650,43967,77774,71503,21043,77,58
2021-10-05T23:59:59+02:00,3860,3518,25403,24448,34681,32077,34578,34580,40050,40402,43497,43605,28478,31705,20221,25342,6301,10659,2747,2453,22667,21674,32148,29321,32596,32187,37885,37962,41439,41529,27473,30568,19571,24441,6047,10138,338949,316363,45628,43939,77772,71501,20985,77,58
2021-10-04T23:59:59+02:00,3836,3496,25355,24402,34634,32041,34542,34547,40022,40381,43476,43584,28470,31696,20213,25326,6292,10645,2732,2443,22623,21628,32119,29272,32567,32163,37865,37945,41413,41513,27462,30552,19562,24432,6043,10128,338531,316014,45617,43925,77772,71498,20967,77,58
2021-10-03T23:59:59+02:00,3827,3493,25339,24390,34624,32034,34534,34539,40015,40370,43470,43579,28463,31694,20210,25317,6291,10638,2727,2437,22610,21617,32111,29262,32553,32154,37858,37937,41405,41509,27460,30547,19558,24426,6038,10122,338404,315888,45616,43923,77772,71498,20964,77,58
2021-10-02T23:59:59+02:00,3827,3493,25339,24390,34623,32034,34534,34539,40014,40370,43470,43579,28463,31694,20210,25317,6291,10638,2726,2437,22610,21617,32111,29262,32553,32154,37858,37937,41405,41509,27460,30547,19558,24426,6038,10122,338402,315887,45616,43923,77772,71498,20964,77,58
2021-10-01T23:59:59+02:00,3808,3475,25290,24325,34556,31964,34472,34498,39978,40346,43440,43561,28460,31687,20208,25315,6289,10635,2683,2395,22511,21529,32060,29191,32502,32112,37821,37889,41380,41492,27453,30542,19554,24421,6037,10120,337961,315326,45590,43897,77770,71496,20915,77,58
2021-09-30T23:59:59+02:00,3775,3433,25186,24203,34440,31875,34388,34433,39900,40284,43382,43508,28443,31666,20197,25306,6286,10625,2621,2342,22389,21412,31979,29087,32442,32040,37771,37841,41340,41466,27425,30530,19551,24408,6035,10115,337110,314532,45548,43872,77765,71496,20836,77,58
2021-09-29T23:59:59+02:00,3757,3413,25158,24155,34409,31847,34363,34406,39880,40261,43360,43490,28433,31657,20191,25300,6280,10618,2614,2328,22361,21382,31955,29067,32423,32016,37754,37823,41323,41453,27420,30519,19546,24399,6034,10111,336775,314284,45544,43868,77765,71495,20823,77,58
2021-09-28T23:59:59+02:00,3728,3381,25071,24083,34329,31778,34313,34356,39831,40221,43324,43459,28417,31638,20183,25288,6276,10609,2593,2302,22265,21308,31888,28993,32378,31970,37720,37780,41298,41428,27399,30504,19544,24390,6031,10109,336208,313779,45510,43838,77765,71494,20731,77,58
2021-09-27T23:59:59+02:00,3705,3358,25028,24055,34292,31737,34288,34326,39810,40187,43303,43438,28409,31628,20176,25283,6272,10604,2574,2288,22229,21276,31855,28951,32349,31950,37698,37762,41278,41415,27390,30499,19541,24386,6030,10105,335871,313509,45500,43822,77764,71494,20693,77,58
2021-09-26T23:59:59+02:00,3553,3254,24970,24020,34282,31728,34281,34323,39804,40181,43297,43432,28408,31626,20174,25282,6271,10603,2562,2281,22213,21257,31850,28944,32345,31946,37690,37754,41272,41409,27387,30495,19538,24384,6029,10104,335466,313400,45500,43821,77764,71493,20688,77,58
2021-09-25T23:59:59+02:00,3552,3254,24969,24020,34282,31728,34280,34323,39802,40180,43296,43431,28407,31625,20174,25282,6271,10603,2562,2280,22211,21254,31850,28944,32342,31945,37687,37752,41272,41408,27386,30494,19538,24384,6029,10104,335460,313385,45500,43821,77763,71493,20685,77,58
2021-09-24T23:59:59+02:00,3528,3222,24887,23943,34168,31649,34212,34261,39746,40133,43262,43405,28393,31614,20171,25276,6270,10601,2526,2249,22125,21167,31757,28880,32297,31908,37632,37713,41252,41386,27374,30483,19535,24381,6028,10104,334931,312931,45467,43807,77762,71492,20510,77,57
2021-09-23T23:59:59+02:00,3357,3070,24746,23795,34077,31559,34135,34201,39688,40079,43203,43361,28375,31599,20163,25264,6267,10599,2475,2204,22010,21064,31687,28803,32244,31852,37596,37677,41217,41352,27360,30463,19528,24365,6027,10101,333883,312306,45439,43789,77762,71490,20383,77,57
2021-09-22T23:59:59+02:00,3334,3045,24710,23740,34043,31525,34111,34162,39659,40061,43179,43336,28365,31590,20159,25253,6267,10594,2460,2192,21980,21033,31648,28765,32226,31823,37573,37661,41194,41341,27351,30456,19525,24361,6027,10100,333527,312040,45430,43785,77760,71489,20345,77,57
2021-09-21T23:59:59+02:00,3206,2910,24512,23581,33897,31426,34047,34077,39590,40013,43158,43294,28346,31570,20150,25247,6259,10587,2395,2161,21842,20895,31537,28661,32147,31747,37518,37613,41162,41307,27339,30443,19517,24346,6024,10094,332464,311261,45390,43757,77760,71488,20185,77,57
2021-09-20T23:59:59+02:00,3182,2888,24466,23534,33847,31385,34017,34044,39559,39981,43134,43268,28341,31560,20146,25241,6259,10583,2387,2149,21804,20853,31490,28613,32125,31711,37488,37594,41149,41297,27328,30436,19509,24340,6022,10087,332092,310952,45375,43750,77760,71486,20137,77,57
2021-09-19T23:59:59+02:00,3178,2886,24454,23528,33834,31377,34009,34036,39553,39966,43124,43266,28340,31559,20146,25239,6259,10583,2383,2145,21795,20846,31480,28605,32121,31709,37480,37585,41141,41296,27327,30436,19508,24339,6022,10087,332013,310894,45375,43749,77759,71486,20119,77,57
2021-09-18T23:59:59+02:00,3178,2886,24454,23528,33834,31377,34009,34036,39553,39966,43124,43266,28340,31559,20146,25239,6259,10583,2383,2145,21795,20845,31480,28603,32119,31709,37480,37585,41141,41296,27327,30436,19508,24338,6022,10087,332013,310888,45375,43749,77759,71486,20119,77,57
2021-09-17T23:59:59+02:00,3151,2848,24349,23412,33728,31276,33931,33966,39485,39912,43089,43239,28326,31551,20144,25232,6257,10581,2336,2102,21716,20766,31406,28540,32055,31661,37441,37551,41122,41282,27318,30421,19506,24331,6022,10086,331359,310436,45333,43728,77758,71486,19955,77,57
2021-09-16T23:59:59+02:00,3100,2800,24236,23277,33630,31168,33862,33860,39438,39851,43035,43190,28300,31529,20127,25221,6254,10573,2295,2060,21610,20667,31322,28464,31988,31595,37418,37495,41087,41242,27307,30401,19499,24323,6020,10085,330525,309822,45295,43718,77758,71480,19801,77,57
2021-09-15T23:59:59+02:00,3077,2787,24195,23230,33599,31124,33847,33829,39408,39822,43017,43172,28290,31517,20121,25216,6253,10571,2282,2045,21574,20626,31291,28422,31962,31572,37386,37460,41064,41215,27293,30393,19492,24315,6020,10081,330193,309470,45282,43717,77757,71478,19771,77,57
2021-09-14T23:59:59+02:00,3037,2755,24086,23088,33455,30985,33763,33746,39351,39769,42966,43122,28271,31501,20112,25208,6249,10566,2263,2020,21488,20545,31200,28333,31897,31511,37337,37417,41017,41189,27282,30373,19483,24307,6018,10078,329382,308942,45245,43710,77756,71474,19575,77,57
2021-09-13T23:59:59+02:00,3019,2735,24035,23035,33408,30926,33730,33696,39327,39738,42935,43098,28265,31486,20107,25206,6247,10562,2248,2004,21436,20497,31155,28282,31867,31479,37315,37397,41003,41167,27276,30367,19479,24303,6017,10077,328996,308642,45229,43697,77756,71471,19502,77,57
2021-09-12T23:59:59+02:00,3015,2728,24031,23027,33402,30921,33721,33689,39322,39735,42932,43095,28263,31484,20106,25205,6247,10561,2245,2001,21420,20488,31145,28264,31847,31470,37307,37389,40997,41160,27271,30366,19476,24300,6017,10075,328928,308515,45229,43697,77755,71469,19500,77,57
2021-09-11T23:59:59+02:00,3013,2727,24029,23025,33400,30920,33719,33688,39322,39733,42931,43095,28260,31482,20106,25205,6247,10561,2244,1999,21416,20487,31143,28260,31847,31470,37307,37387,40996,41159,27269,30366,19476,24300,6017,10075,328908,308498,45229,43695,77755,71469,19499,77,57
2021-09-10T23:59:59+02:00,2971,2685,23897,22896,33270,30803,33617,33610,39248,39649,42883,43054,28244,31465,20101,25197,6246,10559,2207,1961,21301,20382,31030,28167,31759,31415,37243,37345,40950,41126,27260,30356,19470,24289,6015,10074,328162,307952,45209,43676,77755,71468,19197,77,57
2021-09-09T23:59:59+02:00,2922,2646,23718,22750,33159,30673,33518,33507,39177,39576,42842,43006,28217,31448,20092,25191,6244,10557,2153,1904,21180,20252,30938,28069,31683,31319,37181,37290,40903,41078,27237,30341,19461,24280,6011,10071,327262,307202,45186,43656,77753,71465,18971,76,57
2021-09-08T23:59:59+02:00,2901,2615,23676,22700,33127,30634,33502,33479,39157,39555,42827,42990,28211,31439,20089,25186,6243,10557,2142,1892,21146,20221,30908,28053,31668,31294,37163,37267,40890,41065,27231,30336,19456,24275,6010,10070,326945,306975,45180,43652,77751,71464,18941,76,55
2021-09-07T23:59:59+02:00,2848,2560,23528,22555,33008,30525,33428,33394,39102,39491,42783,42956,28193,31421,20085,25181,6242,10554,2087,1851,21011,20087,30792,27967,31594,31228,37116,37215,40853,41035,27214,30311,19449,24264,6009,10068,326192,306325,45155,43628,77751,71459,18684,76,55
2021-09-06T23:59:59+02:00,2825,2545,23496,22511,32976,30489,33407,33374,39080,39478,42767,42941,28190,31417,20083,25179,6241,10551,2063,1833,20969,20042,30761,27939,31573,31201,37097,37194,40838,41023,27206,30303,19447,24255,6006,10066,325921,306016,45139,43620,77750,71457,18668,76,55
2021-09-05T23:59:59+02:00,2814,2542,23491,22506,32974,30483,33404,33369,39077,39475,42763,42935,28188,31412,20081,25178,6240,10550,2059,1830,20958,20035,30750,27933,31569,31197,37094,37191,40834,41020,27201,30300,19444,24251,6005,10066,325856,305941,45138,43619,77750,71457,18666,76,54
2021-09-04T23:59:59+02:00,2814,2542,23488,22505,32973,30483,33404,33368,39077,39474,42762,42934,28188,31412,20081,25178,6240,10550,2057,1827,20956,20035,30750,27933,31568,31196,37094,37191,40833,41020,27201,30300,19444,24251,6005,10066,325850,305934,45138,43619,77750,71457,18663,76,54
2021-09-03T23:59:59+02:00,2791,2508,23409,22427,32899,30411,33363,33325,39033,39445,42733,42921,28180,31399,20080,25176,6238,10549,2041,1810,20907,19976,30700,27894,31534,31161,37066,37164,40803,41008,27193,30292,19442,24249,6004,10066,325347,305587,45110,43610,77748,71449,18610,76,54
2021-09-02T23:59:59+02:00,2760,2476,23303,22330,32840,30321,33305,33270,38995,39411,42694,42889,28160,31387,20076,25162,6236,10546,2019,1791,20833,19917,30640,27831,31496,31130,37026,37127,40769,40980,27183,30280,19439,24238,6004,10066,324743,305160,45080,43592,77747,71444,18519,76,54
2021-09-01T23:59:59+02:00,2737,2461,23279,22293,32810,30289,33283,33244,38969,39390,42680,42873,28151,31380,20071,25160,6236,10546,2002,1776,20792,19874,30607,27802,31469,31109,37007,37109,40751,40963,27172,30271,19438,24232,6004,10066,324486,304884,45069,43586,77746,71441,18479,76,54
2021-08-31T23:59:59+02:00,2692,2418,23156,22187,32728,30189,33226,33188,38925,39349,42654,42849,28140,31374,20065,25156,6235,10542,1978,1756,20705,19779,30535,27742,31420,31069,36968,37077,40722,40938,27163,30259,19432,24227,6004,10064,323907,304469,45039,43572,77745,71433,18310,76,54
2021-08-30T23:59:59+02:00,2670,2394,23105,22144,32687,30146,33200,33151,38896,39328,42635,42831,28135,31367,20058,25147,6234,10538,1930,1715,20583,19673,30437,27646,31359,31017,36935,37049,40701,40904,27147,30244,19431,24218,6004,10062,323563,303748,45024,43563,77745,71428,18262,76,54
2021-08-29T23:59:59+02:00,2639,2364,23017,22078,32624,30089,33155,33120,38850,39291,42605,42810,28124,31359,20055,25141,6234,10537,1904,1690,20480,19603,30368,27596,31324,30983,36894,37018,40676,40886,27134,30233,19430,24213,6004,10062,323099,303316,45008,43540,77743,71418,18170,76,54
2021-08-28T23:59:59+02:00,2633,2362,23017,22078,32620,30089,33154,33120,38847,39290,42604,42810,28123,31359,20055,25141,6234,10537,1904,1688,20479,19602,30362,27596,31324,30980,36891,37016,40676,40886,27134,30233,19430,24213,6004,10062,323086,303305,45008,43539,77743,71418,18164,76,54
2021-08-27T23:59:59+02:00,2633,2362,23012,22075,32613,30088,33152,33117,38845,39288,42601,42810,28122,31358,20055,25141,6233,10537,1903,1687,20473,19601,30354,27595,31322,30978,36888,37014,40674,40886,27134,30233,19430,24212,6004,10062,323067,303289,45008,43539,77743,71416,18152,76,54
2021-08-26T23:59:59+02:00,2550,2278,22824,21866,32477,29946,33032,33009,38757,39200,42535,42741,28098,31325,20042,25123,6232,10531,1818,1606,20204,19331,30213,27428,31179,30853,36780,36920,40590,40813,27092,30191,19411,24188,5998,10060,321840,301782,44988,43515,77742,71400,17924,76,54
2021-08-25T23:59:59+02:00,2544,2270,22804,21841,32465,29925,33019,32994,38745,39183,42524,42735,28093,31322,20035,25117,6229,10529,1807,1597,20156,19288,30177,27397,31157,30815,36755,36888,40571,40797,27079,30179,19407,24181,5997,10059,321650,301418,44988,43515,77742,71398,17922,76,54
2021-08-24T23:59:59+02:00,2526,2259,22764,21799,32439,29880,33000,32961,38735,39163,42504,42721,28087,31311,20030,25109,6228,10528,1797,1588,20118,19246,30143,27356,31136,30780,36741,36867,40551,40779,27073,30169,19403,24178,5997,10055,321360,301128,44978,43510,77742,71393,17892,76,54
2021-08-23T23:59:59+02:00,2506,2227,22694,21726,32368,29823,32964,32929,38696,39132,42474,42708,28072,31302,20027,25098,6228,10526,1753,1544,19993,19123,30024,27276,31071,30731,36691,36824,40509,40750,27061,30154,19397,24168,5997,10049,320916,300388,44967,43483,77740,71385,17805,76,54
2021-08-22T23:59:59+02:00,2497,2218,22658,21694,32347,29805,32949,32921,38679,39116,42469,42699,28067,31297,20022,25098,6228,10525,1743,1531,19952,19084,29986,27242,31041,30694,36670,36808,40491,40728,27053,30150,19394,24165,5997,10047,320744,300094,44961,43479,77739,71376,17773,76,54
2021-08-21T23:59:59+02:00,2478,2205,22605,21646,32308,29767,32926,32897,38666,39093,42452,42689,28060,31289,20020,25095,6228,10524,1713,1507,19851,18985,29915,27183,31007,30650,36635,36766,40467,40707,27042,30142,19389,24161,5995,10047,320504,299586,44947,43464,77737,71370,17688,76,54
2021-08-20T23:59:59+02:00,2440,2163,22518,21538,32231,29684,32863,32849,38615,39053,42410,42661,28051,31275,20016,25080,6227,10520,1666,1470,19676,18859,29788,27080,30930,30591,36572,36720,40421,40670,27027,30123,19380,24152,5994,10043,319917,298769,44923,43439,77734,71352,17548,76,54
2021-08-19T23:59:59+02:00,2350,2095,22357,21400,32094,29559,32772,32765,38511,38973,42340,42606,28025,31242,20009,25068,6222,10511,1610,1420,19416,18652,29575,26930,30809,30482,36451,36624,40319,40585,26999,30093,19369,24136,5990,10038,318977,297495,44902,43409,77734,71326,17214,76,54
2021-08-18T23:59:59+02:00,2340,2086,22331,21379,32072,29538,32750,32741,38483,38955,42327,42592,28010,31232,20003,25063,6222,10509,1587,1402,19362,18592,29535,26896,30783,30451,36422,36603,40295,40554,26982,30082,19364,24124,5985,10034,318719,297061,44902,43407,77733,71324,17207,76,54
2021-08-17T23:59:59+02:00,2323,2070,22305,21351,32056,29510,32725,32716,38469,38944,42301,42574,28004,31219,19997,25058,6222,10509,1574,1391,19319,18542,29503,26857,30740,30425,36397,36572,40269,40533,26965,30070,19361,24110,5983,10030,318473,296688,44900,43404,77733,71320,17175,76,54
2021-08-16T23:59:59+02:00,2284,2053,22238,21308,32014,29463,32701,32695,38445,38922,42268,42557,27995,31211,19995,25047,6222,10508,1550,1366,19110,18398,29353,26740,30664,30334,36350,36518,40231,40491,26944,30053,19354,24091,5977,10028,318121,295679,44900,43398,77730,71318,17103,76,54
2021-08-15T23:59:59+02:00,2257,2030,22184,21251,31966,29422,32677,32662,38417,38903,42246,42543,27989,31206,19989,25040,6221,10508,1528,1350,18988,18278,29194,26611,30584,30250,36283,36467,40176,40433,26926,30029,19344,24082,5974,10027,317784,294744,44891,43381,77729,71310,17035,76,54
2021-08-14T23:59:59+02:00,2251,2027,22158,21235,31954,29406,32673,32656,38409,38898,42240,42540,27988,31205,19988,25039,6221,10507,1498,1322,18875,18184,29132,26546,30545,30203,36258,36435,40155,40418,26919,30023,19341,24081,5973,10024,317695,294198,44888,43363,77729,71306,17011,76,54
2021-08-13T23:59:59+02:00,2234,2016,22112,21197,31917,29382,32635,32627,38393,38883,42230,42530,27986,31201,19985,25036,6220,10507,1423,1257,18619,17924,28954,26384,30429,30111,36205,36367,40110,40382,26903,30010,19336,24072,5970,10020,317457,292827,44883,43347,77727,71296,16952,76,54
2021-08-12T23:59:59+02:00,2197,1978,22023,21103,31848,29302,32577,32577,38345,38837,42189,42495,27970,31182,19978,25026,6218,10507,1330,1197,18316,17612,28703,26153,30285,29981,36110,36272,40032,40315,26868,29963,19316,24049,5968,10017,316872,291078,44872,43295,77724,71248,16812,76,54
2021-08-11T23:59:59+02:00,2195,1973,22002,21087,31830,29281,32562,32561,38337,38827,42178,42479,27961,31179,19975,25022,6217,10503,1322,1184,18259,17557,28666,26108,30237,29942,36090,36233,39996,40282,26855,29936,19309,24039,5968,10015,316690,290597,44872,43292,77724,71245,16811,76,53
2021-08-10T23:59:59+02:00,2186,1952,21975,21050,31792,29258,32546,32540,38310,38800,42160,42471,27955,31171,19973,25019,6216,10499,1288,1150,17746,17101,28491,25951,30143,29854,35921,36110,39948,40240,26833,29912,19303,24024,5964,10014,316441,288898,44868,43275,77722,70995,16772,74,53
2021-08-09T23:59:59+02:00,2162,1938,21925,20997,31732,29210,32510,32512,38284,38779,42145,42446,27944,31162,19972,25010,6215,10497,1245,1110,17272,16648,28356,25843,30087,29801,35874,36065,39916,40204,26824,29898,19298,24017,5964,10012,316057,287412,44862,43256,77720,70982,16731,74,53
2021-08-08T23:59:59+02:00,2145,1920,21871,20950,31687,29173,32476,32486,38260,38770,42123,42425,27937,31158,19966,25006,6215,10494,1180,1047,16925,16308,28245,25755,30028,29727,35826,36027,39892,40178,26813,29884,19289,24007,5962,10007,315735,286161,44861,43235,77719,70974,16677,74,53
2021-08-07T23:59:59+02:00,2101,1877,21735,20868,31603,29105,32403,32426,38203,38721,42090,42396,27928,31131,19961,24997,6213,10492,1034,921,16413,15853,27937,25464,29798,29540,35649,35869,39750,40066,26758,29821,19270,23978,5960,10003,315106,283502,44828,43112,77713,70884,16533,74,53
2021-08-06T23:59:59+02:00,2091,1867,21684,20829,31560,29072,32371,32407,38177,38700,42079,42380,27923,31122,19957,24997,6213,10492,915,812,15386,14873,26791,24563,29508,29307,35402,35669,39434,39825,26714,29774,19261,23968,5959,10000,314874,278496,44824,43091,77713,70082,16440,74,52
2021-08-05T23:59:59+02:00,2053,1838,21578,20742,31504,28995,32312,32347,38117,38649,42034,42342,27906,31102,19949,24984,6211,10489,816,706,14493,14125,25763,23783,28793,28791,34870,35234,39116,39580,26647,29694,19229,23934,5956,9990,314317,273594,44801,43039,77712,68583,16252,74,52
2021-08-04T23:59:59+02:00,2033,1819,21507,20690,31460,28929,32279,32305,38080,38625,41997,42312,27893,31087,19944,24971,6209,10485,738,660,14120,13783,25358,23473,28580,28562,34727,35109,39015,39486,26608,29649,19206,23911,5951,9985,313870,271140,44795,43007,77710,68542,16180,74,52
2021-08-03T23:59:59+02:00,2024,1803,21480,20663,31441,28916,32266,32295,38070,38611,41980,42298,27884,31081,19939,24964,6208,10483,718,646,14038,13691,25279,23396,28514,28507,34681,35061,38968,39454,26592,29627,19197,23902,5949,9979,313661,270451,44790,43003,77708,68516,16177,74,52
2021-08-02T23:59:59+02:00,2014,1782,21435,20626,31394,28893,32239,32264,38042,38595,41967,42283,27875,31069,19939,24956,6207,10479,687,616,13835,13480,24574,22842,28230,28283,34533,34950,38890,39390,26563,29594,19189,23898,5949,9977,313368,268026,44786,42989,77708,68286,16127,74,52
2021-08-01T23:59:59+02:00,1994,1765,21382,20577,31345,28852,32212,32244,38023,38576,41946,42266,27869,31062,19936,24948,6207,10479,649,588,13666,13321,24272,22585,27991,28066,34443,34840,38823,39318,26547,29574,19183,23892,5949,9975,313059,266324,44780,42977,77707,68262,16067,74,52
2021-07-31T23:59:59+02:00,1969,1735,21300,20500,31276,28813,32158,32204,37988,38546,41923,42245,27866,31053,19931,24944,6207,10479,376,358,12719,12297,23756,22143,27644,27709,34131,34543,38390,38973,26477,29488,19157,23847,5944,9969,312637,261283,44768,42941,77705,67689,15956,74,52
2021-07-30T23:59:59+02:00,1944,1715,21275,20478,31244,28795,32143,32183,37982,38539,41915,42236,27861,31050,19930,24944,6206,10479,368,351,12631,12224,23435,21851,27368,27497,33910,34377,38228,38837,26453,29470,19155,23839,5944,9967,312446,259863,44767,42932,77705,67128,15930,74,52
2021-07-29T23:59:59+02:00,1875,1646,21043,20239,31099,28646,32039,32069,37890,38449,41821,42175,27833,31026,19917,24925,6199,10470,301,291,12002,11686,22302,21009,26327,26658,32924,33679,37846,38545,26370,29368,19127,23792,5938,9958,311224,254233,44739,42841,77697,65367,15630,74,52
2021-07-28T23:59:59+02:00,1855,1631,21003,20188,31079,28616,32023,32048,37869,38430,41799,42154,27822,31014,19911,24915,6199,10468,257,240,11717,11382,21892,20625,25892,26227,32756,33521,37729,38453,26333,29317,19108,23769,5937,9953,310904,251286,44739,42840,77685,65305,15625,74,52
2021-07-27T23:59:59+02:00,1845,1625,20963,20145,31054,28583,31989,32032,37847,38398,41775,42140,27815,31007,19910,24910,6199,10465,218,217,11468,11164,21689,20434,25748,26103,32648,33418,37646,38370,26308,29280,19100,23760,5934,9949,310665,249792,44739,42836,77684,65232,15543,74,51
2021-07-26T23:59:59+02:00,1819,1589,20837,20014,30946,28481,31929,31968,37792,38330,41732,42109,27789,30989,19899,24896,6193,10462,183,189,11172,10838,21183,19990,25499,25893,32485,33268,37514,38282,26272,29246,19087,23736,5933,9941,309897,247492,44708,42721,77677,65026,15421,74,51
2021-07-25T23:59:59+02:00,1813,1581,20813,20001,30936,28471,31917,31954,37786,38323,41722,42100,27785,30985,19898,24893,6193,10461,171,176,11064,10731,21030,19885,25265,25698,32243,33057,37368,38146,26253,29232,19080,23729,5932,9938,309779,246218,44699,42706,77669,64609,15414,74,51
2021-07-24T23:59:59+02:00,1793,1566,20732,19926,30891,28430,31882,31918,37757,38293,41700,42088,27778,30979,19895,24891,6193,10461,165,171,11000,10675,20956,19822,25192,25636,32191,33026,37339,38124,26247,29227,19078,23727,5932,9938,309426,245848,44688,42682,77665,64542,15323,74,51
2021-07-23T23:59:59+02:00,1738,1531,20538,19780,30730,28315,31796,31843,37690,38241,41661,42047,27767,30962,19890,24885,6192,10456,153,160,10740,10467,20597,19519,24383,24989,31703,32694,36768,37666,26203,29185,19062,23709,5931,9936,308592,242961,44678,42634,77648,63147,15072,74,51
2021-07-22T23:59:59+02:00,1673,1474,20230,19508,30488,28135,31667,31729,37561,38135,41563,41964,27740,30938,19880,24861,6188,10455,116,133,10275,10090,19847,19006,23431,24315,30994,32104,35727,36902,26091,29087,19028,23677,5929,9932,307116,239337,44643,41970,77643,60611,14715,74,51
2021-07-21T23:59:59+02:00,1658,1466,20191,19456,30459,28105,31642,31704,37541,38110,41542,41940,27730,30930,19874,24855,6183,10451,98,112,9966,9756,19384,18552,22558,23543,30659,31770,35490,36704,26009,28990,18998,23624,5921,9922,306784,236578,44633,40281,77641,60440,14707,74,50
2021-07-20T23:59:59+02:00,1651,1460,20157,19429,30426,28078,31616,31683,37525,38092,41530,41928,27715,30915,19874,24848,6183,10448,87,101,9699,9475,19050,18282,22286,23258,30480,31613,35324,36558,25963,28941,18981,23588,5920,9918,306521,234170,44631,40273,77640,60337,14694,74,50
2021-07-19T23:59:59+02:00,1640,1452,20042,19343,30341,28006,31557,31626,37506,38073,41515,41909,27708,30902,19868,24841,6182,10445,80,95,9501,9277,18738,18005,21824,22835,30226,31382,35207,36454,25928,28902,18963,23572,5920,9915,305936,232536,44625,39331,77638,60222,14685,74,50
2021-07-18T23:59:59+02:00,1629,1446,19973,19274,30212,27908,31493,31559,37446,38020,41470,41857,27687,30871,19859,24826,6178,10442,74,87,9390,9161,18567,17854,21631,22645,30056,31181,35093,36353,25895,28877,18952,23554,5920,9909,305144,231271,44625,39027,77635,60179,14674,74,48
2021-07-17T23:59:59+02:00,1628,1442,19966,19271,30212,27906,31493,31555,37441,38018,41465,41855,27686,30870,19858,24826,6178,10442,74,83,9369,9146,18536,17831,21612,22632,30046,31174,35074,36349,25892,28875,18952,23553,5920,9909,305110,231118,44625,39024,77635,60167,14670,74,48
2021-07-16T23:59:59+02:00,1575,1397,19693,19031,30092,27811,31412,31485,37387,37956,41424,41823,27667,30852,19851,24817,6177,10436,73,81,9253,9030,18152,17531,21310,22358,29654,30817,34938,36243,25868,28851,18945,23541,5919,9907,304132,229841,44602,38301,77634,59836,14446,74,47
2021-07-15T23:59:59+02:00,1517,1353,19437,18784,29918,27661,31301,31386,37303,37873,41354,41756,27624,30823,19835,24804,6173,10433,64,69,8888,8725,17245,16710,19754,21130,28731,29894,34313,35659,25700,28670,18889,23491,5913,9895,302856,223718,44562,36839,77626,58916,14220,73,47
2021-07-14T23:59:59+02:00,1503,1340,19407,18747,29889,27635,31275,31354,37290,37859,41334,41749,27616,30816,19826,24797,6173,10430,56,64,8598,8428,16694,16104,19258,20609,28166,29391,33920,35285,25588,28540,18849,23424,5908,9884,302569,219537,44561,36480,77624,58487,14215,73,47
2021-07-13T23:59:59+02:00,1492,1329,19369,18722,29872,27610,31251,31338,37275,37833,41309,41721,27607,30802,19824,24792,6172,10424,38,58,8290,8168,16294,15755,18979,20330,27902,29138,33649,35025,25489,28418,18816,23382,5906,9879,302283,216828,44559,36443,77623,57992,14206,73,47
2021-07-12T23:59:59+02:00,1476,1319,19318,18704,29835,27579,31234,31317,37263,37816,41293,41706,27602,30797,19822,24786,6171,10424,37,53,8030,7955,16012,15474,18277,19778,27587,28814,33238,34663,25318,28220,18757,23308,5900,9874,302013,215529,44558,34512,77623,57010,14197,73,47
2021-07-11T23:59:59+02:00,1466,1311,19286,18673,29808,27545,31217,31286,37255,37795,41278,41694,27592,30788,19820,24786,6170,10423,35,52,7984,7909,15947,15403,18187,19724,27502,28751,33122,34600,25263,28175,18737,23286,5900,9871,301756,214949,44555,34501,77621,56761,14190,73,47
2021-07-10T23:59:59+02:00,1337,1195,18782,18255,29359,27241,30934,31053,37008,37634,41077,41544,27520,30729,19794,24753,6167,10420,34,52,7857,7839,15660,15262,17971,19572,27256,28608,32959,34485,25197,28128,18721,23273,5899,9871,299537,214522,44421,34377,77592,56517,13181,73,47
2021-07-09T23:59:59+02:00,1326,1189,18753,18222,29337,27224,30922,31040,36995,37621,41066,41535,27516,30725,19792,24749,6167,10419,31,50,7815,7793,15586,15194,17906,19478,27032,28379,32709,34271,25131,28064,18699,23246,5899,9868,299386,214231,44401,34373,77591,55351,13149,73,47
2021-07-08T23:59:59+02:00,1248,1107,18485,18008,29182,27069,30782,30919,36892,37519,40968,41458,27481,30690,19773,24730,6162,10415,26,46,7647,7657,15287,14947,17471,19116,26340,27773,32436,34004,24963,27906,18640,23183,5896,9862,298106,213087,44344,32951,77583,54331,12784,73,47
2021-07-07T23:59:59+02:00,1149,1015,18173,17685,28981,26884,30649,30794,36780,37397,40861,41370,27446,30641,19759,24713,6159,10412,23,38,7451,7447,14841,14581,17003,18670,25584,27159,32028,33621,24694,27580,18546,23090,5887,9853,296526,210160,44292,32110,77573,53373,12406,73,47
2021-07-06T23:59:59+02:00,1126,998,18096,17617,28934,26833,30599,30745,36743,37362,40826,41339,27428,30614,19748,24700,6157,10409,16,32,7229,7216,14493,14219,16649,18322,24830,26511,31724,33356,24505,27363,18498,23017,5880,9846,295942,208079,44288,30705,77571,52473,12402,73,47
2021-07-05T23:59:59+02:00,1084,970,18020,17555,28888,26771,30558,30709,36718,37316,40798,41313,27422,30600,19742,24693,6157,10404,6,19,7000,7029,14184,13948,16292,17959,24266,26000,31149,32787,24224,27064,18390,22877,5872,9834,295448,206575,44286,28596,77566,51335,12347,73,47
2021-07-04T23:59:59+02:00,1062,954,17948,17505,28850,26747,30534,30680,36709,37307,40783,41301,27416,30589,19737,24690,6157,10403,6,19,6975,7010,14129,13894,16216,17897,24181,25943,30994,32693,24130,26974,18358,22835,5870,9830,295129,206176,44286,28584,77555,50816,12331,73,47
2021-07-03T23:59:59+02:00,648,583,16215,15786,27700,25826,29737,29959,36064,36696,40283,40874,27260,30422,19672,24602,6148,10386,6,19,6589,6769,13625,13596,15819,17593,23819,25667,30687,32501,24032,26878,18325,22795,5866,9826,287610,205875,44247,28507,77474,50524,9459,73,47
2021-07-02T23:59:59+02:00,609,544,16083,15640,27542,25677,29655,29900,36033,36667,40265,40861,27253,30413,19669,24599,6148,10386,6,19,6543,6695,13551,13500,15732,17462,23674,25481,30533,32336,23839,26666,18236,22717,5864,9823,286702,205191,44247,28348,77473,49640,9451,73,47
2021-07-01T23:59:59+02:00,551,496,15903,15486,27328,25523,29578,29821,35978,36615,40199,40813,27233,30395,19657,24586,6146,10382,6,18,6396,6559,13199,13224,15200,17019,22402,24487,29771,31651,23555,26375,18117,22580,5857,9807,285508,201627,44243,26668,77461,48476,9407,73,45
2021-06-30T23:59:59+02:00,521,476,15797,15378,27218,25434,29510,29746,35921,36562,40157,40778,27218,30364,19645,24569,6142,10382,5,16,6201,6377,12763,12834,14629,16470,21776,23885,29175,31119,23136,25908,17986,22396,5850,9795,284675,197348,44240,26643,77454,46907,9378,73,45
2021-06-29T23:59:59+02:00,465,424,15050,14707,26953,25212,29411,29646,35841,36479,40088,40729,27199,30339,19636,24556,6142,10380,5,14,6088,6247,12498,12569,14230,16074,20983,23259,28589,30567,22689,25383,17831,22222,5842,9785,282176,194182,44236,26134,77445,45185,9329,73,45
2021-06-28T23:59:59+02:00,429,393,14423,14070,26790,25107,29338,29580,35780,36412,40045,40694,27181,30318,19628,24545,6142,10376,4,14,6022,6150,12321,12429,14043,15897,20356,22707,28187,30191,22351,25025,17701,22058,5837,9780,280235,192496,44232,25471,77440,43788,9273,73,45
2021-06-27T23:59:59+02:00,352,326,14075,13697,26727,25048,29299,29541,35756,36390,40027,40679,27170,30311,19625,24541,6141,10375,4,14,5982,6106,12204,12311,13897,15767,19799,22228,27575,29689,22073,24686,17580,21933,5833,9779,279117,191653,44226,23937,77430,42589,9236,73,45
2021-06-26T23:59:59+02:00,351,325,14064,13684,26711,25036,29294,29534,35749,36389,40024,40678,27169,30310,19625,24541,6141,10375,4,14,5977,6104,12194,12309,13891,15764,19786,22216,27530,29654,21926,24556,17540,21875,5832,9777,279041,191631,44223,23933,77430,42105,9235,73,45
2021-06-25T23:59:59+02:00,227,212,12807,12466,25257,23882,28995,29301,35642,36304,39956,40616,27145,30282,19614,24529,6139,10373,4,14,5933,6058,12095,12227,13748,15643,19475,21976,27143,29295,21602,24158,17359,21678,5829,9768,272821,190400,44218,23647,77409,40685,9228,73,45
2021-06-24T23:59:59+02:00,162,158,11830,11633,24136,22999,28630,28949,35492,36138,39841,40512,27106,30233,19603,24505,6137,10369,4,13,5716,5830,11637,11810,13165,15045,17936,20571,25485,27691,20825,23296,17040,21272,5818,9758,267567,185400,44197,20012,77405,38262,9193,73,45
2021-06-23T23:59:59+02:00,126,132,11465,11311,23642,22625,28381,28705,35317,36011,39752,40424,27075,30206,19594,24467,6135,10357,4,13,5640,5718,11422,11593,12863,14697,17542,20160,24732,26918,20028,22542,16846,21019,5810,9742,264952,183035,44187,19392,77400,35702,9115,73,45
2021-06-22T23:59:59+02:00,105,119,11283,11100,23482,22485,28301,28630,35242,35951,39705,40378,27060,30182,19586,24458,6135,10356,3,11,5531,5598,11152,11327,12497,14325,16938,19557,23998,26146,19648,22116,16683,20840,5803,9725,263808,179984,44183,18512,77398,34259,9098,73,45
2021-06-21T23:59:59+02:00,93,107,11032,10916,22647,21816,28048,28400,35174,35890,39642,40335,27043,30164,19580,24449,6135,10355,3,10,5413,5496,10931,11106,12189,14001,16544,19211,23543,25675,19354,21797,16578,20719,5797,9723,261216,178500,44174,17494,77392,33078,8973,73,45
2021-06-20T23:59:59+02:00,87,106,10966,10824,22395,21600,27789,28200,35095,35812,39597,40289,27031,30148,19578,24444,6133,10352,3,9,5372,5445,10842,10999,12091,13898,16347,19025,23272,25433,19252,21690,16525,20660,5791,9719,259921,178182,44171,16425,77387,32826,8895,73,45
2021-06-19T23:59:59+02:00,86,102,10943,10800,22363,21577,27771,28187,35083,35807,39588,40285,27030,30147,19578,24442,6133,10352,3,9,5340,5414,10759,10905,11998,13775,16199,18873,22963,25070,19164,21603,16512,20647,5790,9719,259770,178070,44150,14920,77387,32813,8895,73,45
2021-06-18T23:59:59+02:00,83,100,10895,10748,22052,21250,27513,27968,35028,35770,39554,40262,27021,30138,19577,24439,6133,10350,3,9,5324,5403,10730,10874,11957,13727,16136,18810,22876,24972,18997,21421,16466,20582,5789,9714,258384,177669,44146,14919,77386,32264,8893,73,45
2021-06-17T23:59:59+02:00,74,92,10316,10317,20773,20287,26650,27229,34653,35442,39295,40072,26956,30056,19556,24402,6126,10345,3,9,5127,5262,10348,10621,11511,13324,15457,18195,21502,23648,18538,20927,16301,20409,5785,9700,252583,172342,44126,14343,77373,31450,8487,73,45
2021-06-16T23:59:59+02:00,66,80,9982,10005,20089,19653,26015,26626,34399,35236,39132,39923,26910,30003,19532,24378,6125,10341,3,8,4984,5113,9959,10283,11052,12870,14751,17503,20650,22705,18130,20477,16130,20195,5775,9688,248734,168533,44110,13072,77359,30407,8220,73,44
2021-06-15T23:59:59+02:00,51,74,9736,9760,19790,19406,25787,26428,34266,35127,39036,39842,26878,29967,19525,24363,6120,10337,3,8,4877,4996,9721,10067,10817,12610,14326,17076,20046,22125,17801,20080,15906,19962,5766,9676,246949,166422,44099,11980,77350,29395,8023,73,43
2021-06-14T23:59:59+02:00,47,69,9603,9633,19496,19144,25608,26284,34147,35046,38973,39802,26859,29947,19519,24352,6120,10334,3,8,4796,4932,9534,9926,10639,12474,14064,16857,19726,21831,17635,19917,15802,19827,5765,9672,245744,164948,44097,11978,77346,28715,7724,73,43
2021-06-13T23:59:59+02:00,46,65,9442,9505,19206,18961,25253,26031,33949,34877,38865,39734,26843,29935,19508,24344,6120,10330,2,8,4710,4863,9325,9753,10468,12297,13741,16508,19377,21498,17506,19768,15754,19761,5763,9670,244096,164078,44096,11977,77341,27265,7409,73,43
2021-06-12T23:59:59+02:00,46,65,9433,9487,19195,18948,25253,26026,33949,34874,38862,39733,26843,29935,19508,24344,6120,10330,2,8,4706,4849,9314,9690,10434,12194,13692,16353,19321,21362,17397,19642,15637,19659,5761,9668,244049,164046,44096,11973,77336,26229,7398,73,43
2021-06-11T23:59:59+02:00,41,61,9272,9307,18960,18736,24450,25351,33770,34716,38726,39620,26809,29901,19497,24319,6120,10325,2,8,4626,4738,9093,9430,10172,11895,13169,15798,18341,20456,17210,19443,15597,19614,5758,9665,241116,159994,44094,11971,77331,25639,7368,73,43
2021-06-10T23:59:59+02:00,39,57,8875,8979,18312,18243,23607,24680,33449,34435,38523,39454,26753,29848,19473,24290,6117,10317,2,8,4451,4561,8515,8931,9358,11170,12019,14689,16327,18532,16312,18467,15311,19246,5748,9643,237503,150243,43442,11936,77304,23936,7132,71,43
2021-06-09T23:59:59+02:00,22,39,8422,8474,17482,17517,22455,23635,32961,33966,38236,39233,26646,29743,19425,24231,6107,10304,2,7,4314,4443,8224,8667,9109,10915,11679,14318,15838,17980,15936,18033,15068,18959,5741,9633,233496,148389,41549,11895,77264,22008,6532,58,42
2021-06-08T23:59:59+02:00,13,27,8105,8155,17012,17103,22033,23268,32714,33770,38074,39102,26602,29702,19415,24209,6104,10299,0,7,4196,4362,7968,8412,8802,10570,11315,13971,15194,17274,15469,17506,14806,18680,5736,9615,230767,146665,41516,10775,77255,20289,6112,58,42
2021-06-07T23:59:59+02:00,10,23,7906,7924,16650,16779,21493,22806,32431,33501,37957,38984,26571,29654,19397,24179,6099,10298,0,7,4119,4280,7784,8269,8642,10422,11141,13799,14876,16944,15267,17246,14630,18486,5732,9610,229131,145563,40543,10682,77238,19274,5693,58,42
2021-06-06T23:59:59+02:00,8,20,7798,7816,16516,16633,21298,22599,32202,33274,37821,38878,26544,29628,19384,24162,6099,10292,0,7,4090,4242,7736,8149,8587,10290,11032,13652,14677,16723,15080,17065,14541,18365,5725,9604,227893,145069,40244,10668,77220,18228,5558,58,42
2021-06-05T23:59:59+02:00,8,20,7776,7803,16490,16608,21289,22595,32191,33267,37819,38877,26543,29628,19383,24161,6099,10292,0,7,4079,4200,7720,8082,8573,10157,11017,13480,14657,16617,15045,17010,14532,18355,5725,9603,227785,144977,40244,10668,77219,17628,5544,58,42
2021-06-04T23:59:59+02:00,8,18,7665,7700,16209,16370,21014,22346,31767,32892,37704,38754,26510,29589,19372,24148,6097,10290,0,7,4072,4190,7691,8057,8543,10126,10949,13407,14552,16482,14963,16918,14495,18311,5725,9601,226184,144633,39470,10338,77201,17535,5541,58,42
2021-06-03T23:59:59+02:00,6,18,7412,7468,15331,15576,19377,20957,30853,31963,37197,38291,26377,29454,19327,24096,6091,10272,0,7,4012,4151,7601,7984,8419,10028,10774,13222,13979,15908,14695,16597,14407,18203,5722,9588,219549,142393,37881,10213,77190,17260,5389,58,42
2021-06-02T23:59:59+02:00,6,18,7278,7323,14951,15150,18943,20552,30386,31506,36969,38029,26313,29389,19307,24067,6088,10270,0,7,3984,4120,7538,7898,8330,9932,10632,13090,13531,15473,14570,16412,14377,18165,5719,9583,216464,140590,37450,10118,77189,17226,5385,58,42
2021-06-01T23:59:59+02:00,6,15,7001,7082,14556,14842,18598,20231,30058,31192,36744,37796,26256,29310,19283,24039,6086,10259,0,7,3883,4037,7295,7722,8092,9736,10365,12814,13121,15046,14133,15954,14260,18008,5712,9575,213718,138433,37405,9864,77168,16415,5006,58,42
2021-05-31T23:59:59+02:00,6,15,6840,6892,14329,14607,17896,19630,29713,30847,36449,37532,26162,29210,19256,23986,6076,10247,0,7,3806,3929,7082,7469,7867,9452,10020,12427,12681,14523,13600,15337,14059,17777,5703,9559,212264,135231,35367,9540,77153,15633,4852,58,42
2021-05-30T23:59:59+02:00,6,15,6816,6876,14280,14564,17818,19569,29664,30806,36418,37504,26149,29197,19253,23979,6075,10245,0,7,3762,3856,6923,7254,7716,9209,9810,12103,12423,14166,13478,15165,13991,17694,5700,9552,211960,134488,35351,9436,77095,14073,4771,58,41
2021-05-29T23:59:59+02:00,6,15,6815,6875,14270,14557,17814,19563,29659,30801,36415,37503,26147,29194,19253,23978,6075,10245,0,7,3751,3844,6892,7220,7682,9158,9774,12055,12349,14066,13435,15096,13960,17669,5699,9547,211928,134344,35351,9435,77080,13615,4769,58,41
2021-05-28T23:59:59+02:00,6,15,6804,6861,14252,14543,17798,19541,29644,30788,36404,37484,26145,29190,19251,23974,6075,10245,0,6,3737,3820,6870,7178,7646,9103,9718,11950,12104,13795,13243,14903,13930,17628,5696,9544,211774,133038,35350,9434,77077,13596,4762,58,41
2021-05-27T23:59:59+02:00,6,15,6712,6778,13980,14325,17312,19191,28962,30243,36244,37351,26097,29156,19236,23959,6074,10239,0,6,3614,3656,6581,6924,7270,8791,9219,11390,11388,12891,12684,14329,13798,17433,5688,9532,210681,129489,33902,9093,77036,12367,4204,58,41
2021-05-26T23:59:59+02:00,6,15,6641,6672,13767,14122,17057,18879,28417,29728,36069,37176,26055,29107,19218,23930,6073,10232,0,6,3523,3512,6358,6636,6981,8362,8875,10909,10734,12086,12118,13708,13651,17214,5683,9510,209063,125849,33148,8907,77018,11193,3879,57,38
2021-05-25T23:59:59+02:00,6,15,6559,6574,13556,13902,16794,18666,27693,29078,35975,37078,26030,29077,19206,23914,6068,10231,0,6,3475,3416,6215,6468,6833,8169,8648,10614,10386,11717,11767,13225,13543,17051,5680,9502,208333,123979,31694,8769,76534,10125,3806,56,36
2021-05-24T23:59:59+02:00,6,15,6490,6478,13379,13702,16569,18386,27276,28649,35629,36674,25973,29009,19187,23890,6067,10229,0,6,3462,3395,6153,6385,6785,8084,8587,10518,10313,11618,11591,12990,13494,16959,5671,9481,207802,123339,29458,8717,76527,9634,3766,56,36
2021-05-23T23:59:59+02:00,6,15,6488,6477,13373,13693,16566,18376,27257,28639,35599,36640,25970,29003,19187,23883,6067,10229,0,3,3457,3391,6147,6374,6774,8077,8558,10487,10274,11558,11506,12887,13472,16925,5671,9480,207685,123324,29442,8297,76526,9624,3760,56,36
2021-05-22T23:59:59+02:00,6,15,6481,6474,13365,13681,16560,18371,27253,28637,35596,36634,25970,29003,19187,23883,6067,10229,0,3,3455,3391,6141,6371,6772,8073,8554,10485,10269,11555,11495,12873,13467,16921,5670,9480,207631,123283,29442,8296,76524,9600,3760,56,36
2021-05-21T23:59:59+02:00,6,15,6416,6417,13211,13577,16386,18221,26984,28458,35165,36368,25944,28966,19179,23877,6066,10225,0,3,3446,3381,6105,6348,6740,8039,8513,10436,10214,11505,10975,12158,13326,16761,5667,9475,206942,121514,29317,8293,75480,9562,3687,56,36
2021-05-20T23:59:59+02:00,5,14,6123,6216,12596,13159,15189,17297,25071,26953,34211,35600,25837,28819,19124,23795,6060,10209,0,3,3386,3333,6008,6233,6624,7881,8362,10269,9970,11195,10628,11696,13211,16576,5657,9461,202153,119477,27571,8211,72942,9211,3558,55,36
2021-05-19T23:59:59+02:00,5,14,5911,5973,12081,12694,14481,16591,24122,26132,33580,34996,25721,28727,19089,23737,6052,10197,0,3,3309,3257,5850,6059,6431,7635,8087,9986,9659,10810,10311,11277,13130,16429,5655,9453,196425,117539,27530,8005,72924,8591,3171,54,35
2021-05-18T23:59:59+02:00,5,13,5739,5860,11677,12374,13860,16090,22968,25180,32910,34391,25604,28592,19041,23686,6047,10187,0,3,3267,3225,5732,5945,6265,7475,7880,9766,9458,10567,10132,11024,12982,16203,5645,9444,191469,116354,27018,7935,72877,7882,2807,54,35
2021-05-17T23:59:59+02:00,5,12,5686,5817,11516,12266,13586,15869,22149,24543,32598,34076,25526,28530,19019,23656,6038,10177,0,3,3150,3151,5544,5760,6090,7259,7671,9538,9231,10321,10038,10896,12922,16139,5642,9439,189692,115581,26317,7927,72483,6728,2523,54,35
2021-05-16T23:59:59+02:00,5,12,5657,5797,11451,12208,13500,15789,21533,23993,31985,33548,25486,28485,19009,23641,6037,10177,0,3,3144,3129,5531,5690,6061,7198,7643,9438,9200,10235,10021,10874,12919,16135,5642,9439,188921,115466,24771,7918,72058,6377,2509,54,32
2021-05-15T23:59:59+02:00,5,12,5648,5788,11418,12199,13471,15780,21458,23921,31444,33170,25475,28480,19008,23638,6036,10176,0,3,3131,3114,5510,5647,6047,7123,7599,9320,8959,9980,9988,10843,12885,16084,5642,9438,188870,115458,24756,7780,71410,6008,2037,54,30
2021-05-14T23:59:59+02:00,5,12,5608,5761,11354,12160,13397,15715,21047,23607,31009,32820,25439,28434,18996,23622,6036,10174,0,3,3098,3074,5472,5559,6025,6986,7558,9116,8897,9784,9911,10733,12799,15954,5642,9435,188139,115282,24433,7443,70535,5256,2035,54,30
2021-05-13T23:59:59+02:00,5,11,5451,5605,10971,11864,12682,15128,18857,21859,29461,31348,25211,28191,18929,23551,6034,10170,0,3,3087,3039,5450,5519,6009,6929,7532,9045,8851,9722,9690,10487,12595,15645,5636,9424,184171,114915,20639,6609,68445,5090,2019,54,30
2021-05-12T23:59:59+02:00,4,11,5421,5577,10900,11804,12581,15040,18734,21733,29095,30983,25117,28093,18912,23523,6033,10165,0,3,3086,3032,5443,5513,5999,6915,7507,9030,8811,9667,9501,10253,12361,15322,5633,9417,183210,114625,20002,5737,68442,5084,2018,54,29
2021-05-11T23:59:59+02:00,4,11,5282,5469,10647,11548,12214,14670,18120,21087,28161,30007,24924,27903,18853,23448,6028,10151,0,3,3043,2990,5354,5356,5899,6728,7374,8783,8644,9444,9318,10054,12208,15130,5624,9396,179103,113547,19102,5628,68310,4186,1958,54,29
2021-05-10T23:59:59+02:00,4,10,5157,5394,10430,11355,11954,14412,17790,20752,27736,29598,24816,27795,18815,23402,6020,10147,0,3,2973,2936,5235,5238,5785,6624,7250,8641,8515,9336,9213,9928,12118,15001,5621,9387,177087,113008,18416,5615,68080,3202,1950,54,29
2021-05-09T23:59:59+02:00,4,10,5081,5349,10332,11235,11853,14291,17447,20466,27345,29220,24728,27707,18786,23365,6017,10144,0,3,2905,2904,5089,5195,5608,6581,7082,8612,8386,9300,9200,9918,12100,14980,5621,9387,176689,112927,17128,5606,67575,2375,1934,54,29
2021-05-08T23:59:59+02:00,4,10,5079,5347,10330,11229,11853,14290,17443,20464,27342,29217,24728,27707,18785,23365,6017,10144,0,3,2904,2903,5087,5195,5608,6581,7082,8612,8383,9299,9199,9917,12099,14980,5621,9387,176669,112924,17126,5605,67572,2369,1933,54,29
2021-05-07T23:59:59+02:00,4,10,5045,5320,10262,11177,11723,14166,17041,20189,26702,28658,24678,27655,18768,23333,6011,10114,0,3,2892,2896,5072,5185,5597,6566,7070,8601,8375,9288,9193,9909,12088,14960,5614,9359,175825,112909,17123,5600,66048,2324,1806,54,29
2021-05-06T23:59:59+02:00,4,10,4775,5161,9799,10834,11157,13646,15952,19163,24280,26357,24174,27122,18663,23231,6006,10100,0,3,2849,2848,5005,5108,5556,6474,6987,8481,8245,9135,9092,9794,12064,14909,5611,9356,170765,112367,14665,5544,63155,1781,1796,53,29
2021-05-05T23:59:59+02:00,4,10,4696,5078,9504,10605,10813,13320,15370,18563,23435,25387,23913,26794,18594,23125,5996,10082,0,2,2830,2811,4957,5023,5497,6349,6904,8314,8120,8917,8984,9661,11986,14822,5610,9347,167091,111411,13346,5538,63005,1361,1795,52,29
2021-05-04T23:59:59+02:00,4,10,4610,4986,9331,10406,10602,13077,14979,18164,22884,24819,23700,26517,18520,23043,5988,10068,0,2,2822,2775,4927,4947,5465,6226,6851,8172,8024,8762,8880,9548,11911,14763,5608,9344,164821,110903,12219,5526,62839,792,1777,52,29
2021-05-03T23:59:59+02:00,4,10,4539,4910,9137,10268,10425,12901,14695,17917,22468,24405,23560,26364,18493,22996,5988,10062,0,2,2749,2704,4842,4874,5388,6140,6755,8067,7840,8597,8792,9460,11870,14711,5605,9339,163303,110672,12218,5522,62739,682,830,52,29
2021-05-02T23:59:59+02:00,4,10,4526,4895,9062,10209,10299,12790,14366,17612,22165,24117,23510,26304,18474,22971,5987,10061,0,2,2743,2697,4785,4839,5299,6056,6615,7939,7721,8494,8746,9419,11846,14677,5603,9334,162414,110553,12214,5520,62634,665,48,52,29
2021-05-01T23:59:59+02:00,4,10,4525,4892,9060,10206,10298,12789,14362,17607,22162,24117,23509,26303,18474,22971,5987,10061,0,2,2743,2697,4785,4838,5299,6056,6613,7939,7721,8494,8746,9419,11846,14677,5603,9334,162390,110551,12213,5519,62634,665,48,52,29
2021-04-30T23:59:59+02:00,3,10,4451,4805,8820,9990,10034,12547,13880,17180,21320,23342,23384,26166,18458,22939,5984,10058,0,2,2739,2695,4774,4830,5289,6022,6602,7908,7688,8454,8741,9415,11845,14673,5601,9333,158788,110519,12211,5517,62306,532,14,52,29
2021-04-29T23:59:59+02:00,3,10,4304,4660,8339,9574,9330,11943,12874,16275,19463,21653,22670,25397,18319,22728,5978,10041,0,2,2715,2675,4730,4756,5244,5947,6536,7801,7606,8338,8627,9300,11777,14596,5594,9324,149550,110011,12194,5243,61753,271,14,50,29
2021-04-28T23:59:59+02:00,3,10,4273,4639,8266,9501,9254,11855,12754,16154,19244,21438,22582,25304,18292,22687,5976,10036,0,2,2712,2663,4705,4695,5216,5903,6506,7727,7557,8255,8609,9275,11760,14573,5592,9318,149156,109814,12106,5169,60943,44,13,50,28
2021-04-27T23:59:59+02:00,3,10,4235,4594,8127,9363,9139,11704,12606,15984,18794,20942,22347,25044,18227,22609,5973,10027,0,2,2708,2658,4702,4689,5206,5895,6493,7708,7522,8218,8546,9195,11678,14491,5588,9314,148419,109549,11028,4992,60219,36,13,49,23
2021-04-26T23:59:59+02:00,3,10,4193,4565,8020,9266,8991,11597,12434,15809,18381,20576,22213,24894,18190,22577,5972,10025,0,2,2708,2656,4698,4685,5201,5887,6480,7688,7489,8189,8498,9147,11622,14412,5584,9297,147631,109444,10893,4734,59131,31,12,49,22
2021-04-25T23:59:59+02:00,3,10,4179,4550,7982,9234,8927,11534,12297,15679,18034,20240,22012,24657,18149,22522,5968,10020,0,2,2708,2656,4697,4683,5198,5883,6475,7684,7487,8185,8442,9088,11599,14384,5584,9295,146241,109421,10879,4565,58816,30,12,49,22
2021-04-24T23:59:59+02:00,3,10,4171,4541,7965,9229,8912,11522,12247,15647,17975,20201,21997,24644,18147,22517,5968,10020,0,2,2707,2656,4697,4683,5198,5883,6475,7684,7487,8185,8442,9087,11599,14384,5584,9295,146137,109421,10878,4565,58642,29,12,47,21
2021-04-23T23:59:59+02:00,3,10,4151,4511,7907,9166,8825,11420,11908,15322,17539,19801,21780,24409,18084,22440,5966,10012,0,2,2704,2654,4693,4680,5191,5875,6460,7673,7463,8154,8421,9060,11590,14375,5582,9292,144865,109405,10532,4404,57799,28,11,47,21
2021-04-22T23:59:59+02:00,3,10,4103,4447,7776,8976,8639,11159,11582,14905,16623,18812,21206,23694,17947,22259,5955,9994,0,2,2696,2647,4688,4658,5168,5848,6414,7635,7386,8105,8286,8899,11441,14223,5577,9283,141127,108784,10395,4119,56511,21,11,46,21
2021-04-21T23:59:59+02:00,3,10,4062,4401,7676,8855,8481,10997,11284,14622,15884,18055,20825,23244,17872,22154,5950,9981,0,2,2687,2635,4670,4637,5151,5827,6402,7616,7357,8081,8236,8835,11400,14183,5575,9281,138188,108492,10263,4033,55850,19,11,44,20
2021-04-20T23:59:59+02:00,3,10,4037,4375,7641,8800,8402,10916,11118,14446,15449,17578,20356,22725,17767,22001,5941,9969,0,2,2678,2624,4660,4625,5126,5807,6374,7590,7316,8041,8139,8703,11321,14096,5571,9277,136019,107909,9997,3993,55463,18,11,44,19
2021-04-19T23:59:59+02:00,3,10,4007,4327,7577,8693,8309,10777,10960,14261,15196,17280,19871,22158,17600,21784,5930,9957,0,2,2673,2622,4655,4621,5112,5792,6355,7573,7289,7996,8085,8650,11294,14049,5569,9273,133938,107573,9643,3989,55066,18,11,42,19
2021-04-18T23:59:59+02:00,3,7,3987,4298,7516,8641,8203,10650,10700,14018,14703,16740,19438,21646,17477,21599,5926,9950,0,2,2672,2621,4655,4621,5112,5792,6354,7570,7286,7995,8081,8647,11291,14045,5568,9270,131507,107548,9571,3987,54371,17,11,42,19
2021-04-17T23:59:59+02:00,3,7,3984,4290,7495,8634,8192,10631,10657,13972,14591,16651,19317,21523,17455,21571,5925,9948,0,2,2672,2621,4654,4619,5105,5787,6340,7565,7261,7972,8034,8601,11272,14022,5566,9270,131063,107535,9561,3781,54169,17,11,42,19
2021-04-16T23:59:59+02:00,3,7,3973,4246,7424,8511,8089,10476,10463,13710,13919,15888,18750,20878,17330,21395,5914,9931,0,2,2669,2618,4649,4612,5100,5774,6322,7554,7223,7937,7724,8207,11178,13881,5559,9252,128214,106728,9500,3488,53141,16,10,42,19
2021-04-15T23:59:59+02:00,3,6,3929,4193,7310,8378,7910,10240,10127,13318,13189,15024,17933,20010,17088,21070,5899,9911,0,2,2668,2609,4637,4594,5086,5741,6288,7517,7151,7863,7161,7539,11048,13718,5555,9242,124544,105044,9339,3333,51604,14,9,42,19
2021-04-14T23:59:59+02:00,3,5,3903,4162,7245,8273,7803,10085,9947,13116,12770,14575,17405,19394,16937,20861,5893,9897,0,2,2634,2590,4619,4561,5058,5694,6253,7484,7093,7803,6507,6767,10781,13418,5551,9234,123146,102678,9095,3331,49985,12,9,39,19
2021-04-13T23:59:59+02:00,3,5,3899,4154,7207,8256,7746,10049,9839,13059,12398,14281,16714,18539,16698,20556,5889,9891,0,2,2608,2562,4599,4535,5030,5659,6194,7414,7002,7699,6291,6510,10185,12727,5542,9213,122430,100411,8872,3321,47833,12,9,39,19
2021-04-12T23:59:59+02:00,3,5,3886,4136,7151,8209,7689,9977,9728,12957,12149,14064,16269,18019,16510,20342,5884,9888,0,2,2579,2551,4532,4491,4923,5588,6076,7336,6884,7599,5543,5684,9732,12188,5502,9171,122084,97029,8835,3312,45900,12,9,38,19
2021-04-11T23:59:59+02:00,3,5,3871,4128,7109,8155,7629,9933,9636,12877,11912,13855,15698,17327,16229,20000,5879,9878,0,2,2503,2473,4403,4370,4773,5455,5914,7185,6734,7494,5240,5321,9600,12025,5502,9167,121486,94862,8400,3260,44193,11,9,36,19
2021-04-10T23:59:59+02:00,3,5,3853,4108,7068,8106,7585,9875,9574,12817,11821,13770,15480,17134,16180,19930,5878,9871,0,2,1942,1910,3589,3651,3903,4689,4910,6264,5877,6701,4966,5014,9471,11873,5495,9158,121015,86116,8399,3260,43599,11,9,36,19
2021-04-09T23:59:59+02:00,3,5,3832,4088,7029,8075,7524,9818,9424,12685,11490,13487,14294,15599,15734,19398,5865,9859,0,2,1084,1092,2233,2454,2391,3319,3124,4619,4242,5229,4270,4271,9218,11509,5469,9128,119106,70359,8396,3257,40663,11,8,36,19
2021-04-08T23:59:59+02:00,1,4,3805,4072,6967,8017,7420,9722,9236,12567,11084,13134,13155,14332,15313,18865,5843,9823,0,2,587,603,1312,1747,1484,2393,2022,3527,2860,3836,3019,2864,8394,10500,5311,8890,117828,56064,8310,3252,37180,10,6,36,19
2021-04-07T23:59:59+02:00,1,4,3758,4045,6888,7957,7328,9651,9108,12437,10769,12823,12421,13558,15092,18600,5837,9801,0,2,357,385,959,1400,1078,2007,1513,3064,1907,2831,1830,1570,7485,9346,5156,8630,116854,46235,8149,3252,35036,9,5,34,19
2021-04-06T23:59:59+02:00,1,4,3741,4033,6865,7916,7272,9585,9015,12358,10557,12604,12035,13060,14867,18305,5826,9788,0,2,350,372,949,1389,1064,1985,1485,3037,1848,2772,1751,1501,7065,8786,5004,8390,115572,44468,8050,3250,34174,8,5,31,19
2021-04-05T23:59:59+02:00,1,4,3735,4031,6853,7902,7258,9574,8996,12330,10493,12544,11923,12911,14768,18212,5824,9785,0,2,348,365,938,1385,1058,1976,1475,3016,1826,2738,1697,1448,6832,8475,4879,8204,115228,43383,8028,3247,33853,8,5,30,19
2021-04-04T23:59:59+02:00,1,4,3735,4031,6851,7896,7257,9573,8993,12330,10483,12539,11919,12907,14765,18211,5824,9785,0,2,348,364,936,1384,1057,1974,1474,3015,1824,2735,1694,1443,6825,8461,4874,8201,115222,43334,8027,3245,33820,8,5,30,19
2021-04-03T23:59:59+02:00,1,4,3735,4031,6851,7895,7256,9573,8993,12329,10482,12539,11919,12906,14763,18208,5824,9785,0,2,348,363,934,1380,1055,1973,1473,3010,1822,2735,1688,1431,6782,8379,4839,8165,115217,43103,8027,3245,33815,7,5,30,19
2021-04-02T23:59:59+02:00,1,4,3733,4029,6846,7891,7249,9567,8980,12320,10466,12523,11792,12790,14719,18150,5821,9776,0,2,346,361,931,1374,1049,1961,1458,2985,1781,2696,1592,1345,6013,7477,4396,7593,115085,40410,8021,2920,33517,7,4,30,19
2021-04-01T23:59:59+02:00,1,3,3694,4016,6811,7869,7207,9535,8927,12281,10392,12452,11440,12382,14338,17628,5815,9758,0,2,341,358,914,1360,1037,1940,1426,2940,1721,2628,1466,1246,5064,6348,3826,6749,114681,36421,6598,2915,33236,7,4,30,19
2021-03-31T23:59:59+02:00,0,3,3688,4010,6797,7850,7189,9516,8891,12247,10302,12380,11105,11973,13987,17129,5809,9736,0,2,338,354,906,1349,1026,1923,1405,2912,1671,2591,1397,1193,4470,5658,3463,6271,114095,34059,5588,2841,32896,7,3,30,19
2021-03-30T23:59:59+02:00,0,3,3670,3983,6761,7811,7131,9449,8801,12144,10139,12223,10844,11696,13766,16863,5802,9722,0,2,334,347,900,1338,1018,1916,1380,2905,1643,2565,1369,1167,4350,5534,3401,6176,113275,33675,5334,2641,32169,7,3,27,19
2021-03-29T23:59:59+02:00,0,3,3660,3961,6735,7788,7091,9394,8705,12049,9955,12013,10404,11225,13392,16394,5786,9689,0,2,328,344,896,1326,1012,1907,1370,2892,1629,2556,1346,1151,4215,5390,3303,6043,111590,33048,5028,2634,31596,6,3,27,19
2021-03-28T23:59:59+02:00,0,3,3619,3904,6620,7630,6974,9250,8579,11855,9801,11821,10193,10962,13215,16212,5782,9680,0,2,328,344,896,1324,1010,1906,1368,2892,1628,2554,1337,1148,4181,5347,3277,6017,111214,33002,4762,2531,30095,5,3,26,18
2021-03-27T23:59:59+01:00,0,3,3618,3892,6608,7566,6944,9137,8529,11684,9749,11667,10080,10838,13121,16123,5781,9680,0,2,328,343,895,1324,1010,1903,1368,2890,1624,2553,1335,1146,4155,5312,3264,6002,111203,32898,4762,2530,29026,5,3,26,18
2021-03-26T23:59:59+01:00,0,3,3611,3885,6580,7529,6916,9062,8481,11571,9657,11539,10031,10775,13072,16066,5773,9659,0,2,323,341,894,1321,1006,1892,1365,2868,1604,2539,1310,1129,3968,5082,3155,5846,111144,32129,4538,2490,28499,5,3,26,18
2021-03-25T23:59:59+01:00,0,3,3587,3853,6486,7405,6824,8895,8290,11340,9348,11222,9651,10390,12766,15749,5768,9648,0,2,323,340,892,1312,1002,1881,1351,2855,1580,2520,1284,1109,3729,4832,2902,5504,110764,30903,4323,2490,26109,4,3,26,18
2021-03-24T23:59:59+01:00,0,3,3529,3801,6396,7221,6699,8669,8125,11102,9121,10897,9234,9899,12348,15290,5757,9637,0,2,323,339,891,1308,997,1879,1344,2850,1564,2504,1275,1099,3662,4758,2717,5277,110245,30277,4183,2490,23271,1,3,26,18
2021-03-23T23:59:59+01:00,0,3,3511,3768,6350,7165,6622,8610,8007,10975,8874,10663,8812,9430,11894,14768,5747,9623,0,2,323,339,890,1298,992,1870,1339,2841,1560,2495,1250,1074,3570,4681,2519,4951,109427,29483,4093,2490,21274,1,2,26,18
2021-03-22T23:59:59+01:00,0,3,3502,3748,6308,7137,6585,8562,7941,10899,8726,10527,8529,9078,11591,14445,5712,9584,0,2,321,334,884,1287,984,1863,1331,2830,1550,2485,1238,1065,3541,4645,2500,4918,108756,29267,4091,2490,20002,1,2,26,18
2021-03-21T23:59:59+01:00,0,3,3500,3746,6304,7127,6567,8546,7924,10880,8669,10469,8409,8961,11521,14342,5709,9581,0,2,319,333,876,1284,977,1856,1322,2828,1545,2481,1234,1062,3532,4630,2485,4908,108669,29163,4089,2490,19472,1,2,26,18
2021-03-20T23:59:59+01:00,0,3,3491,3708,6296,7054,6550,8408,7897,10696,8625,10333,8331,8876,11483,14303,5709,9581,0,2,319,333,876,1284,977,1855,1321,2828,1545,2479,1234,1062,3532,4629,2485,4908,108632,29159,3878,2489,18806,1,2,26,18
2021-03-19T23:59:59+01:00,0,3,3478,3677,6268,6968,6526,8314,7850,10579,8512,10172,7787,8267,11295,14059,5700,9563,0,2,316,332,871,1277,960,1845,1299,2797,1495,2434,1149,993,2859,3832,2065,4324,107003,26340,3577,2489,18410,1,2,26,18
2021-03-18T23:59:59+01:00,0,3,3467,3659,6227,6928,6490,8252,7785,10492,8396,10044,6824,7162,11014,13757,5688,9538,0,2,315,332,867,1272,954,1835,1283,2788,1471,2413,1110,973,2651,3592,1908,4100,103967,25356,3414,2489,18317,1,2,26,18
2021-03-17T23:59:59+01:00,0,3,3429,3620,6156,6841,6435,8148,7693,10361,8265,9886,6134,6310,10733,13442,5671,9511,0,2,314,332,859,1266,949,1822,1269,2766,1452,2386,1072,948,2522,3459,1825,3983,101159,24718,3412,2489,18039,1,2,26,16
2021-03-16T23:59:59+01:00,0,3,3410,3588,6118,6789,6390,8073,7637,10296,8174,9784,5956,6133,10018,12622,5630,9446,0,2,307,321,845,1249,937,1812,1262,2746,1440,2378,1057,927,2305,3212,1688,3785,98871,23769,3399,2487,17771,1,0,26,16
2021-03-15T23:59:59+01:00,0,3,3373,3555,6019,6706,6259,7979,7493,10175,8046,9657,5200,5296,9568,12070,5586,9376,0,2,306,320,841,1245,935,1804,1260,2733,1431,2369,1043,915,2160,3037,1596,3690,95331,23184,3390,2486,17614,1,0,26,16
2021-03-14T23:59:59+01:00,0,3,3249,3414,5740,6362,5987,7618,7176,9760,7760,9340,4867,4905,9407,11869,5582,9361,0,2,306,319,841,1245,934,1804,1257,2732,1429,2366,1039,911,2157,3034,1593,3689,92935,23158,3335,2483,16104,1,0,26,16
2021-03-13T23:59:59+01:00,0,3,2594,2760,4805,5496,4975,6691,5988,8646,6744,8391,4550,4521,9020,11343,5491,9254,0,2,306,318,840,1243,934,1798,1255,2730,1428,2366,1039,910,2133,2997,1562,3653,82266,23014,3335,2483,15645,1,0,26,16
2021-03-12T23:59:59+01:00,0,2,1771,1952,3472,4343,3466,5361,4239,7006,5100,6876,3874,3812,7762,9791,4977,8564,0,2,302,314,838,1239,927,1791,1248,2710,1403,2349,993,883,1776,2531,1288,3290,63397,21384,3332,2483,15613,1,0,26,16
2021-03-11T23:59:59+01:00,0,2,1275,1475,2567,3603,2565,4427,3145,5916,3737,5489,2696,2532,6054,7677,4201,7378,0,2,297,305,822,1231,914,1768,1230,2681,1377,2302,955,863,1616,2296,1161,3100,46075,20420,3329,2483,15309,1,0,26,16
2021-03-10T23:59:59+01:00,0,2,1053,1259,2198,3245,2189,4035,2694,5475,2824,4523,1558,1325,4689,5951,3634,6609,0,2,287,295,804,1210,892,1731,1196,2607,1338,2236,927,843,1434,2105,1064,2924,35000,19505,3328,2374,14910,0,0,25,16
2021-03-09T23:59:59+01:00,0,2,1037,1228,2135,3108,2124,3919,2609,5341,2741,4397,1523,1294,4611,5875,3592,6550,0,2,283,288,790,1189,875,1705,1169,2565,1320,2209,912,831,1356,1980,992,2808,34580,18928,3325,2330,14156,0,0,25,16
2021-03-08T23:59:59+01:00,0,2,1015,1199,2076,3006,2083,3838,2549,5227,2686,4324,1485,1271,4464,5714,3490,6407,0,2,283,284,785,1181,873,1696,1161,2557,1312,2192,887,810,1184,1753,865,2637,33879,18120,3324,2326,13608,0,0,25,16
2021-03-07T23:59:59+01:00,0,2,1010,1180,2036,2960,2041,3797,2508,5162,2645,4287,1480,1268,4457,5706,3487,6407,0,2,283,284,785,1180,873,1696,1161,2557,1311,2192,884,810,1175,1743,856,2626,33843,18119,3318,2283,13247,0,0,25,16
2021-03-06T23:59:59+01:00,0,2,1009,1177,2024,2945,2029,3778,2492,5135,2628,4265,1467,1258,4423,5660,3473,6395,0,2,283,284,785,1180,873,1695,1161,2557,1311,2192,884,810,1175,1743,856,2625,33698,18118,3317,2282,13120,0,0,25,16
2021-03-05T23:59:59+01:00,0,2,1005,1171,2008,2925,1999,3754,2449,5080,2574,4228,1431,1230,4153,5334,3321,6173,0,2,282,280,778,1171,867,1687,1158,2548,1307,2181,870,806,1167,1734,855,2623,32950,18020,2984,2281,12878,0,0,25,15
2021-03-04T23:59:59+01:00,0,2,913,1020,1919,2799,1932,3616,2372,4924,2484,4068,1400,1208,3910,5072,3054,5818,0,2,282,278,775,1166,864,1678,1157,2534,1302,2172,838,790,1153,1724,848,2610,31684,17901,2979,2257,11823,0,0,25,15
2021-03-03T23:59:59+01:00,0,2,866,908,1852,2699,1861,3512,2302,4809,2410,3984,1387,1193,3800,4965,2831,5543,0,2,280,275,774,1154,861,1659,1150,2492,1292,2146,821,786,1145,1703,839,2601,31002,17865,2858,2100,11039,0,0,25,15
2021-03-02T23:59:59+01:00,0,2,822,831,1756,2575,1777,3388,2210,4685,2350,3905,1352,1171,3670,4830,2621,5190,0,2,280,274,773,1148,857,1654,1144,2487,1286,2135,819,784,1130,1682,828,2582,30262,17752,2668,2098,10180,0,0,25,15
2021-03-01T23:59:59+01:00,0,2,799,794,1657,2432,1705,3243,2109,4512,2270,3783,1334,1159,3619,4765,2577,5130,0,2,280,272,769,1143,852,1641,1139,2475,1281,2123,812,781,1125,1670,820,2574,30006,17646,2584,2098,9275,0,0,25,15
2021-02-28T23:59:59+01:00,0,2,793,771,1640,2363,1677,3169,2086,4413,2255,3715,1328,1153,3609,4749,2562,5119,0,2,279,271,769,1142,852,1636,1139,2473,1281,2118,808,779,1117,1657,816,2564,29897,17623,2580,2065,8903,0,0,24,15
2021-02-27T23:59:59+01:00,0,2,778,754,1618,2302,1660,3058,2067,4287,2234,3620,1325,1150,3609,4747,2560,5118,0,2,279,271,769,1142,852,1636,1139,2473,1281,2117,808,779,1107,1651,799,2550,29891,17622,2579,2018,8395,0,0,24,15
2021-02-26T23:59:59+01:00,0,2,650,672,1512,2189,1608,2900,2004,4050,2133,3384,1233,1079,2953,3950,2125,4524,0,2,279,270,768,1140,851,1635,1139,2471,1279,2114,806,774,1089,1638,789,2533,27066,17546,2579,2016,7299,0,0,24,15
2021-02-25T23:59:59+01:00,0,2,501,595,1395,2084,1540,2771,1944,3924,2031,3269,1182,1044,2720,3679,1958,4280,0,2,262,255,744,1118,809,1566,1089,2370,1203,2022,750,753,1056,1600,777,2505,25988,17455,2550,1411,6357,0,0,24,15
2021-02-24T23:59:59+01:00,0,2,472,565,1325,1975,1470,2628,1875,3773,1955,3118,1144,1015,2579,3543,1878,4159,0,2,235,243,719,1072,782,1505,1059,2307,1147,1971,723,730,1008,1570,764,2474,25340,17263,2538,1033,5574,0,0,24,15
2021-02-23T23:59:59+01:00,0,2,417,525,1244,1833,1395,2481,1799,3561,1886,2996,1118,979,2370,3313,1750,3966,0,2,230,237,704,1046,770,1466,1037,2260,1120,1928,714,719,999,1556,761,2470,24399,17168,2529,836,4683,0,0,24,15
2021-02-22T23:59:59+01:00,0,2,404,491,1144,1724,1292,2382,1690,3454,1805,2923,1096,966,2226,3138,1658,3867,0,2,220,228,680,994,739,1403,1011,2166,1077,1845,670,686,929,1476,722,2411,23805,16974,2526,270,3907,0,0,24,15
2021-02-21T23:59:59+01:00,0,2,387,475,1043,1692,1142,2358,1533,3431,1700,2904,1088,964,2225,3137,1658,3867,0,2,193,222,649,986,727,1395,997,2161,1071,1843,667,683,926,1470,714,2403,23774,16840,2526,255,3282,0,0,24,14
2021-02-20T23:59:59+01:00,0,2,386,473,1042,1692,1141,2358,1532,3428,1700,2902,1088,963,2224,3137,1657,3866,0,2,192,220,646,986,725,1394,991,2158,1069,1843,667,683,926,1470,714,2402,23768,16819,2525,255,3274,0,0,24,14
2021-02-19T23:59:59+01:00,0,2,381,464,1030,1688,1130,2348,1517,3409,1667,2887,1037,934,1848,2629,1355,3472,0,2,169,210,620,982,707,1386,974,2156,1063,1841,664,682,925,1470,713,2399,22001,16694,2525,255,3248,0,0,24,14
2021-02-18T23:59:59+01:00,0,2,360,443,991,1602,1092,2262,1462,3292,1625,2795,1007,910,1670,2383,1221,3261,0,2,149,199,581,971,687,1373,940,2139,1037,1818,653,662,904,1442,699,2377,20999,16365,2525,255,2830,0,0,24,13
2021-02-17T23:59:59+01:00,0,2,337,391,908,1459,984,2066,1329,3037,1514,2574,968,879,1478,2169,1120,3080,0,2,143,192,568,940,662,1319,907,2060,990,1741,618,630,897,1415,693,2357,19917,15866,2525,255,1833,0,0,20,13
2021-02-16T23:59:59+01:00,0,2,331,351,866,1321,933,1880,1268,2817,1447,2413,957,862,1415,2072,1052,2977,0,2,137,179,554,899,647,1265,880,1995,960,1699,608,620,873,1382,679,2292,19539,15538,2524,120,881,0,0,20,13
2021-02-15T23:59:59+01:00,0,2,316,309,837,1290,916,1824,1227,2733,1408,2356,928,829,1236,1842,921,2799,0,2,129,171,533,872,629,1203,854,1922,937,1622,587,583,855,1345,670,2247,18620,15068,2523,80,612,0,0,18,13
2021-02-14T23:59:59+01:00,0,2,316,309,836,1290,915,1823,1226,2733,1407,2356,927,828,1236,1842,921,2798,0,2,128,171,532,864,625,1197,848,1916,934,1619,586,582,852,1344,669,2243,18616,15020,2523,79,608,0,0,18,13
2021-02-13T23:59:59+01:00,0,2,316,309,836,1290,915,1820,1226,2731,1407,2354,927,828,1236,1842,919,2798,0,2,128,171,532,864,625,1197,845,1913,932,1615,583,582,837,1322,657,2226,18609,15017,2521,1,608,0,0,18,13
2021-02-12T23:59:59+01:00,0,2,310,308,827,1285,911,1790,1220,2704,1379,2324,925,826,1235,1839,919,2798,0,2,128,171,530,862,624,1190,839,1901,926,1602,580,580,823,1311,652,2213,18601,14920,2521,1,462,0,0,18,13
2021-02-11T23:59:59+01:00,0,2,292,299,812,1250,905,1755,1203,2640,1356,2269,891,812,1223,1828,918,2788,0,2,125,156,512,823,602,1125,805,1801,903,1543,566,566,796,1275,637,2180,18489,14404,2520,0,216,0,0,18,13
2021-02-10T23:59:59+01:00,0,2,288,290,793,1211,892,1726,1191,2594,1341,2227,886,810,1208,1811,912,2769,0,2,121,146,445,738,556,1032,727,1674,845,1457,551,549,779,1252,625,2150,18460,13648,2415,0,59,0,0,17,1
2021-02-09T23:59:59+01:00,0,2,288,287,787,1195,880,1707,1175,2574,1325,2201,871,804,1194,1792,900,2749,0,2,105,127,386,649,503,898,646,1466,756,1264,496,469,659,1080,544,1884,18343,11933,2368,0,3,0,0,17,1
2021-02-08T23:59:59+01:00,0,2,288,286,785,1189,877,1700,1172,2570,1318,2193,865,801,1178,1768,882,2724,0,2,94,103,339,552,451,794,556,1254,648,1096,418,392,570,880,439,1548,18215,10135,2365,0,1,0,0,17,1
2021-02-07T23:59:59+01:00,0,2,287,285,784,1187,876,1700,1172,2569,1318,2190,859,799,1177,1765,880,2722,0,2,91,102,337,547,449,790,554,1244,644,1090,412,386,549,857,433,1533,18191,10019,2364,0,0,0,0,17,1
2021-02-06T23:59:59+01:00,0,2,287,284,783,1186,876,1699,1172,2569,1318,2189,858,799,1175,1759,878,2720,0,2,91,101,337,543,448,789,553,1240,642,1088,408,381,500,788,402,1487,18175,9799,2362,0,0,0,0,17,1
2021-02-05T23:59:59+01:00,0,2,287,283,783,1185,875,1698,1171,2568,1317,2184,851,793,1152,1748,871,2704,0,1,85,98,329,537,432,770,528,1204,613,1044,385,352,474,760,381,1440,18093,9432,2362,0,0,0,0,17,1
2021-02-04T23:59:59+01:00,0,2,284,275,779,1164,863,1676,1156,2540,1303,2160,828,779,1123,1717,864,2685,0,0,71,79,260,414,337,599,410,974,501,841,313,288,366,614,314,1217,17843,7597,2338,0,0,0,0,17,1
2021-02-03T23:59:59+01:00,0,2,283,270,775,1141,861,1649,1149,2489,1291,2129,809,765,1107,1695,852,2672,0,0,57,58,171,284,262,447,290,722,372,599,216,206,261,453,225,911,17744,5533,2178,0,0,0,0,17,1
2021-02-02T23:59:59+01:00,0,2,282,264,771,1131,855,1627,1141,2463,1278,2111,802,758,1099,1684,850,2664,0,0,37,36,94,145,153,260,178,451,241,379,142,136,179,276,158,588,17588,3452,2177,0,0,0,0,17,1
2021-02-01T23:59:59+01:00,0,2,280,260,766,1112,847,1606,1136,2434,1274,2076,792,745,1092,1673,845,2648,0,0,13,13,17,32,29,69,49,91,77,106,56,48,66,83,47,199,17395,995,2176,0,0,0,0,17,0
2021-01-31T23:59:59+01:00,0,2,274,258,750,1110,838,1595,1126,2423,1263,2068,786,739,1082,1655,838,2634,0,0,12,13,16,30,26,66,43,86,69,98,52,48,61,76,44,186,17358,926,2067,0,0,0,0,16,0
2021-01-30T23:59:59+01:00,0,2,274,258,750,1109,837,1595,1126,2423,1263,2068,785,739,1072,1648,821,2619,0,0,12,11,15,30,25,66,43,86,68,96,51,47,60,76,44,185,17353,915,2020,0,0,0,0,16,0
2021-01-29T23:59:59+01:00,0,2,272,258,750,1108,837,1595,1126,2423,1263,2067,784,738,1071,1646,821,2617,0,0,10,6,13,28,25,64,42,85,67,96,50,46,60,76,44,185,17344,897,2018,0,0,0,0,16,0
2021-01-28T23:59:59+01:00,0,2,268,254,739,1082,802,1539,1089,2362,1185,2007,743,723,1043,1626,805,2596,0,0,5,0,4,9,10,28,20,37,22,46,22,22,26,49,17,109,17161,426,1689,0,0,0,0,15,0
2021-01-27T23:59:59+01:00,0,2,262,247,716,1050,756,1482,1030,2281,1112,1926,708,696,1029,1603,802,2589,0,0,4,0,4,6,7,24,15,23,15,33,7,9,11,12,5,30,16711,205,1565,0,0,0,0,15,0
2021-01-26T23:59:59+01:00,0,2,239,238,701,1024,748,1434,1010,2207,1085,1861,696,682,1005,1587,792,2570,0,0,4,0,2,6,6,13,13,12,8,12,4,5,7,8,2,17,16661,119,1206,0,0,0,0,14,0
2021-01-25T23:59:59+01:00,0,2,208,223,648,951,696,1312,967,2061,1027,1725,649,626,927,1490,745,2494,0,0,4,0,2,6,6,13,13,12,8,12,4,5,7,8,2,17,16432,119,305,0,0,0,0,14,0
2021-01-24T23:59:59+01:00,0,2,191,217,622,939,678,1297,949,2044,1011,1715,642,620,916,1470,736,2481,0,0,3,0,2,5,6,13,12,12,7,12,4,5,7,8,2,17,16256,115,260,0,0,0,0,14,0
2021-01-23T23:59:59+01:00,0,2,191,217,622,939,678,1297,949,2044,1011,1715,642,619,916,1470,736,2481,0,0,3,0,2,4,6,13,10,12,7,12,4,5,7,8,2,17,16256,112,260,0,0,0,0,13,0
2021-01-22T23:59:59+01:00,0,2,144,199,564,929,660,1282,915,2034,999,1705,637,618,915,1470,736,2481,0,0,3,0,1,4,6,11,10,12,6,11,4,5,7,8,2,17,16017,107,260,0,0,0,0,13,0
2021-01-21T23:59:59+01:00,0,2,139,190,549,908,639,1241,882,1980,978,1658,625,597,903,1438,729,2462,0,0,3,0,0,4,5,11,9,12,6,11,4,5,7,8,2,16,15647,103,260,0,0,0,0,13,0
2021-01-20T23:59:59+01:00,0,2,133,173,502,845,616,1163,819,1870,941,1586,605,579,886,1415,719,2432,0,0,3,0,0,4,5,11,9,12,6,11,3,5,7,8,2,16,15015,102,258,0,0,0,0,13,0
2021-01-19T23:59:59+01:00,0,2,123,155,430,759,554,1035,735,1681,841,1427,558,529,785,1253,637,2168,0,0,3,0,0,4,5,8,9,12,6,11,3,5,7,8,2,16,13468,99,191,0,0,0,0,13,0
2021-01-18T23:59:59+01:00,0,2,105,121,360,608,463,863,604,1420,715,1217,488,463,696,1089,559,1877,0,0,1,0,0,1,1,0,0,0,0,1,0,0,0,1,0,0,11555,5,82,0,0,0,0,13,0
2021-01-17T23:59:59+01:00,0,2,100,119,356,603,461,857,602,1402,708,1207,482,453,669,1058,539,1831,0,0,1,0,0,1,0,0,0,0,0,1,0,0,0,1,0,0,11355,4,81,0,0,0,0,13,0
2021-01-16T23:59:59+01:00,0,2,100,116,354,594,458,852,590,1389,697,1194,467,439,572,932,478,1732,0,0,0,0,0,1,0,0,0,0,0,0,0,0,0,0,0,0,10950,1,3,0,0,0,0,13,0
2021-01-15T23:59:59+01:00,0,2,98,114,349,592,452,847,584,1381,680,1177,451,421,563,920,467,1708,0,0,0,0,0,0,0,0,0,0,0,0,0,0,0,0,0,0,10792,0,1,0,0,0,0,13,0
2021-01-14T23:59:59+01:00,0,0,80,91,294,490,373,683,466,1127,561,997,370,338,443,754,383,1452,0,0,0,0,0,0,0,0,0,0,0,0,0,0,0,0,0,0,8889,0,0,0,0,0,0,13,0
2021-01-13T23:59:59+01:00,0,0,66,68,208,373,297,512,353,844,430,714,261,239,327,567,294,1114,0,0,0,0,0,0,0,0,0,0,0,0,0,0,0,0,0,0,6655,0,0,0,0,0,0,12,0
2021-01-12T23:59:59+01:00,0,0,44,46,130,221,184,317,214,536,287,446,168,155,214,372,202,749,0,0,0,0,0,0,0,0,0,0,0,0,0,0,0,0,0,0,4285,0,0,0,0,0,0,0,0
2021-01-11T23:59:59+01:00,0,0,14,15,45,63,43,98,62,123,100,132,70,61,94,115,58,256,0,0,0,0,0,0,0,0,0,0,0,0,0,0,0,0,0,0,1349,0,0,0,0,0,0,0,0
2021-01-10T23:59:59+01:00,0,0,13,15,32,51,36,80,53,114,85,122,63,57,86,105,55,241,0,0,0,0,0,0,0,0,0,0,0,0,0,0,0,0,0,0,1208,0,0,0,0,0,0,0,0
2021-01-09T23:59:59+01:00,0,0,13,14,28,50,35,79,52,113,83,119,62,56,85,104,53,240,0,0,0,0,0,0,0,0,0,0,0,0,0,0,0,0,0,0,1186,0,0,0,0,0,0,0,0
2021-01-08T23:59:59+01:00,0,0,9,6,28,44,33,76,50,110,82,118,59,52,79,99,49,240,0,0,0,0,0,0,0,0,0,0,0,0,0,0,0,0,0,0,1134,0,0,0,0,0,0,0,0
2021-01-07T23:59:59+01:00,0,0,6,1,10,22,16,42,28,77,36,77,33,27,52,82,33,183,0,0,0,0,0,0,0,0,0,0,0,0,0,0,0,0,0,0,725,0,0,0,0,0,0,0,0
2021-01-06T23:59:59+01:00,0,0,6,0,5,11,11,34,25,43,22,48,27,24,38,56,23,131,0,0,0,0,0,0,0,0,0,0,0,0,0,0,0,0,0,0,504,0,0,0,0,0,0,0,0
2021-01-05T23:59:59+01:00,0,0,5,0,5,10,11,34,25,43,22,48,27,24,38,55,23,131,0,0,0,0,0,0,0,0,0,0,0,0,0,0,0,0,0,0,501,0,0,0,0,0,0,0,0
2021-01-04T23:59:59+01:00,0,0,4,0,2,5,5,14,14,12,7,12,4,5,7,9,2,18,0,0,0,0,0,0,0,0,0,0,0,0,0,0,0,0,0,0,120,0,0,0,0,0,0,0,0
2021-01-03T23:59:59+01:00,0,0,3,0,2,5,5,13,13,12,7,12,4,5,7,9,2,17,0,0,0,0,0,0,0,0,0,0,0,0,0,0,0,0,0,0,116,0,0,0,0,0,0,0,0
2021-01-02T23:59:59+01:00,0,0,3,0,2,5,5,13,11,12,7,12,4,5,7,9,2,17,0,0,0,0,0,0,0,0,0,0,0,0,0,0,0,0,0,0,114,0,0,0,0,0,0,0,0
2021-01-01T23:59:59+01:00,0,0,3,0,1,4,5,11,11,12,6,12,4,5,7,8,2,17,0,0,0,0,0,0,0,0,0,0,0,0,0,0,0,0,0,0,108,0,0,0,0,0,0,0,0
2020-12-31T23:59:59+01:00,0,0,3,0,0,4,5,11,9,12,6,12,4,5,7,8,2,17,0,0,0,0,0,0,0,0,0,0,0,0,0,0,0,0,0,0,105,0,0,0,0,0,0,0,0
2020-12-30T23:59:59+01:00,0,0,3,0,0,4,5,11,9,12,6,12,3,5,7,8,2,17,0,0,0,0,0,0,0,0,0,0,0,0,0,0,0,0,0,0,104,0,0,0,0,0,0,0,0
2020-12-29T23:59:59+01:00,0,0,3,0,0,3,5,8,9,12,6,12,3,5,7,8,2,17,0,0,0,0,0,0,0,0,0,0,0,0,0,0,0,0,0,0,100,0,0,0,0,0,0,0,0
2020-12-28T23:59:59+01:00,0,0,3,0,0,3,5,8,9,12,5,12,3,5,7,8,2,17,0,0,0,0,0,0,0,0,0,0,0,0,0,0,0,0,0,0,99,0,0,0,0,0,0,0,0
2020-12-27T23:59:59+01:00,0,0,1,0,0,0,0,0,0,0,0,1,0,0,2,4,0,8,0,0,0,0,0,0,0,0,0,0,0,0,0,0,0,0,0,0,16,0,0,0,0,0,0,0,0
