Datum,<15_m,<15_w,15-24_1_m,15-24_1_w,25-34_1_m,25-34_1_w,35-44_1_m,35-44_1_w,45-54_1_m,45-54_1_w,55-64_1_m,55-64_1_w,65-74_1_m,65-74_1_w,75-84_1_m,75-84_1_w,>84_1_m,>84_1_w,<24_2_m,<24_2_w,25-34_2_m,25-34_2_w,35-44_2_m,35-44_2_w,45-54_2_m,45-54_2_w,55-64_2_m,55-64_2_w,65-74_2_m,65-74_2_w,75-84_2_m,75-84_2_w,>84_2_m,>84_2_w,bp_1,bp_2,mo_1,mo_2,az_1,az_2,ja,unb_1,unb_2
2021-09-11T23:59:59+02:00,2999,2710,24002,22970,33325,30808,33673,33664,39261,39667,42888,43060,28206,31408,20024,25183,6109,10357,21378,20403,31031,28087,31736,31346,37165,37213,40808,40959,27075,30126,19225,24006,5831,9751,327825,306124,45177,43479,77786,71254,19462,67,31
2021-09-10T23:59:59+02:00,2958,2665,23872,22852,33208,30695,33575,33590,39192,39591,42842,43024,28190,31391,20020,25175,6108,10355,21267,20311,30927,28003,31650,31292,37104,37175,40768,40927,27067,30117,19219,23996,5829,9750,327130,305631,45158,43461,77786,71253,19165,67,31
2021-09-09T23:59:59+02:00,2913,2627,23708,22711,33109,30573,33490,33494,39126,39529,42805,42977,28164,31373,20011,25170,6106,10353,21153,20190,30835,27911,31579,31203,37047,37122,40721,40882,27043,30103,19211,23988,5825,9747,326330,304940,45134,43441,77783,71250,18935,60,30
2021-09-08T23:59:59+02:00,2892,2597,23670,22662,33078,30532,33474,33467,39106,39509,42790,42962,28158,31364,20008,25165,6105,10353,21120,20159,30807,27894,31564,31180,37031,37099,40711,40869,27036,30096,19205,23983,5824,9746,326020,304715,45128,43439,77783,71249,18904,60,30
2021-09-07T23:59:59+02:00,2839,2543,23519,22520,32961,30426,33398,33382,39051,39447,42747,42928,28141,31346,20005,25160,6104,10350,20984,20024,30693,27810,31487,31116,36984,37048,40672,40841,27020,30070,19199,23972,5823,9744,325277,304067,45105,43419,77782,71243,18645,60,30
2021-09-06T23:59:59+02:00,2816,2529,23488,22477,32930,30393,33377,33362,39031,39434,42731,42913,28138,31342,20003,25158,6103,10347,20943,19981,30663,27783,31466,31090,36965,37030,40658,40829,27012,30062,19197,23963,5820,9742,325015,303768,45089,43411,77781,71242,18629,60,30
2021-09-05T23:59:59+02:00,2805,2526,23480,22471,32929,30388,33376,33358,39028,39431,42727,42907,28136,31338,20001,25157,6102,10346,20930,19973,30656,27778,31464,31087,36962,37029,40653,40826,27007,30060,19195,23959,5819,9742,324951,303699,45088,43411,77781,71241,18628,60,30
2021-09-04T23:59:59+02:00,2805,2526,23477,22471,32928,30388,33376,33356,39027,39430,42726,42906,28136,31338,20001,25157,6102,10346,20928,19973,30656,27777,31463,31085,36961,37029,40652,40826,27007,30060,19195,23959,5819,9742,324946,303691,45088,43411,77781,71241,18623,60,30
2021-09-03T23:59:59+02:00,2782,2491,23403,22397,32860,30320,33337,33313,38983,39401,42696,42894,28128,31325,20000,25155,6100,10345,20879,19917,30609,27738,31431,31050,36933,37004,40623,40814,27000,30052,19193,23957,5818,9742,324464,303353,45060,43403,77777,71233,18571,60,30
2021-09-02T23:59:59+02:00,2752,2459,23297,22301,32804,30232,33283,33258,38946,39367,42658,42862,28108,31314,19996,25141,6098,10342,20804,19858,30556,27678,31396,31021,36895,36967,40593,40785,26990,30040,19190,23946,5818,9742,323874,302941,45029,43387,77775,71228,18482,60,30
2021-09-01T23:59:59+02:00,2731,2445,23275,22265,32776,30201,33263,33230,38920,39346,42645,42847,28099,31306,19991,25139,6098,10342,20763,19817,30528,27652,31376,30999,36876,36951,40576,40769,26981,30031,19189,23940,5818,9742,323624,302681,45018,43383,77774,71228,18445,60,30
2021-08-31T23:59:59+02:00,2686,2402,23157,22160,32697,30102,33209,33171,38874,39305,42619,42822,28088,31300,19985,25135,6097,10339,20676,19724,30456,27595,31329,30955,36836,36919,40548,40745,26972,30020,19183,23935,5818,9740,323052,302268,44987,43368,77773,71222,18278,60,30
2021-08-30T23:59:59+02:00,2664,2378,23105,22117,32657,30062,33186,33134,38845,39287,42599,42804,28083,31294,19978,25127,6096,10335,20552,19626,30362,27503,31272,30904,36803,36891,40528,40711,26957,30007,19182,23926,5818,9738,322720,301574,44972,43360,77773,71218,18228,60,30
2021-08-29T23:59:59+02:00,2633,2348,23023,22053,32598,30007,33142,33105,38799,39251,42569,42783,28073,31287,19975,25122,6096,10334,20448,19559,30297,27455,31235,30871,36762,36861,40503,40692,26944,29996,19181,23921,5818,9738,322273,301146,44956,43337,77771,71208,18140,60,30
2021-08-28T23:59:59+02:00,2627,2346,23023,22053,32596,30007,33140,33105,38796,39250,42568,42783,28072,31287,19975,25122,6096,10334,20447,19558,30293,27454,31235,30868,36759,36859,40503,40692,26944,29996,19181,23921,5818,9738,322260,301134,44955,43336,77771,71208,18136,60,30
2021-08-27T23:59:59+02:00,2627,2346,23018,22049,32592,30007,33139,33103,38794,39248,42564,42783,28071,31287,19975,25122,6095,10334,20442,19556,30281,27452,31234,30866,36757,36858,40501,40692,26944,29996,19181,23920,5818,9738,322246,301117,44955,43336,77771,71205,18124,60,30
2021-08-26T23:59:59+02:00,2545,2262,22835,21843,32466,29868,33024,33001,38707,39159,42500,42715,28046,31254,19962,25104,6094,10328,20170,19290,30140,27287,31097,30744,36648,36763,40419,40619,26902,29954,19162,23896,5812,9737,321047,299614,44935,43313,77770,71189,17903,60,30
2021-08-25T23:59:59+02:00,2539,2254,22815,21817,32456,29849,33011,32986,38696,39145,42490,42710,28041,31252,19955,25098,6091,10326,20122,19249,30101,27257,31076,30708,36622,36730,40400,40603,26889,29941,19159,23887,5811,9736,320867,299249,44935,43312,77770,71188,17901,60,30
2021-08-24T23:59:59+02:00,2521,2243,22777,21775,32429,29807,32992,32953,38688,39125,42472,42696,28035,31241,19950,25090,6090,10325,20084,19206,30067,27217,31055,30672,36608,36709,40380,40586,26883,29931,19155,23884,5811,9732,320584,298959,44925,43306,77770,71183,17872,60,30
2021-08-23T23:59:59+02:00,2501,2211,22707,21704,32365,29751,32956,32922,38648,39094,42441,42683,28019,31232,19947,25079,6090,10323,19962,19084,29950,27139,30990,30624,36559,36666,40338,40557,26871,29918,19149,23874,5811,9726,320150,298230,44914,43281,77767,71178,17784,60,30
2021-08-22T23:59:59+02:00,2492,2202,22673,21672,32346,29733,32939,32914,38632,39078,42436,42674,28015,31227,19942,25079,6090,10322,19923,19047,29915,27106,30959,30588,36538,36650,40319,40535,26863,29914,19146,23871,5811,9724,319984,297943,44907,43278,77766,71169,17751,60,30
2021-08-21T23:59:59+02:00,2473,2190,22619,21623,32307,29696,32915,32890,38618,39056,42419,42664,28008,31219,19940,25076,6090,10321,19821,18950,29844,27050,30925,30545,36504,36608,40295,40514,26852,29905,19141,23867,5809,9724,319743,297441,44894,43263,77764,71163,17665,60,30
2021-08-20T23:59:59+02:00,2436,2150,22531,21520,32232,29615,32853,32843,38571,39017,42378,42636,28001,31206,19936,25062,6089,10317,19651,18825,29717,26946,30849,30486,36444,36564,40249,40477,26837,29885,19132,23859,5808,9720,319174,296629,44871,43241,77761,71145,17529,60,30
2021-08-19T23:59:59+02:00,2349,2083,22372,21389,32102,29497,32763,32760,38470,38941,42308,42582,27975,31174,19929,25050,6084,10308,19391,18619,29514,26797,30732,30377,36324,36468,40147,40391,26810,29855,19121,23843,5804,9715,318264,295363,44851,43211,77761,71119,17203,59,30
2021-08-18T23:59:59+02:00,2340,2074,22346,21367,32081,29477,32742,32738,38442,38922,42295,42566,27960,31164,19923,25045,6084,10306,19337,18560,29475,26763,30707,30346,36295,36447,40123,40359,26793,29843,19116,23831,5799,9711,318007,294928,44851,43211,77761,71117,17196,59,30
2021-08-17T23:59:59+02:00,2323,2058,22319,21339,32064,29449,32717,32714,38430,38910,42271,42547,27955,31152,19918,25040,6084,10306,19294,18507,29442,26722,30663,30319,36267,36412,40095,40335,26771,29828,19109,23814,5795,9707,317768,294524,44851,43208,77761,71113,17159,59,30
2021-08-16T23:59:59+02:00,2287,2041,22253,21296,32025,29403,32693,32692,38406,38890,42240,42530,27946,31145,19916,25030,6084,10305,19087,18365,29300,26607,30585,30231,36220,36359,40055,40293,26752,29813,19102,23795,5789,9705,317424,293530,44851,43202,77759,71112,17091,59,30
2021-08-15T23:59:59+02:00,2260,2019,22198,21239,31981,29363,32670,32659,38378,38871,42222,42517,27939,31140,19909,25023,6083,10305,18970,18248,29144,26477,30503,30148,36152,36308,39998,40238,26733,29789,19093,23786,5786,9704,317096,292603,44843,43186,77757,71104,17023,59,30
2021-08-14T23:59:59+02:00,2254,2016,22172,21223,31969,29346,32666,32653,38370,38866,42216,42514,27938,31139,19908,25022,6083,10304,18857,18155,29083,26412,30468,30101,36128,36277,39977,40224,26725,29783,19090,23785,5785,9701,317006,292066,44840,43167,77757,71100,16999,59,30
2021-08-13T23:59:59+02:00,2237,2005,22127,21187,31932,29322,32630,32626,38354,38852,42206,42505,27936,31135,19905,25019,6082,10304,18601,17896,28903,26256,30353,30007,36075,36207,39932,40188,26709,29771,19085,23776,5782,9697,316778,290699,44835,43153,77755,71090,16939,59,30
2021-08-12T23:59:59+02:00,2200,1968,22041,21094,31861,29247,32577,32576,38307,38810,42169,42470,27919,31116,19898,25009,6080,10304,18295,17581,28647,26032,30208,29880,35980,36113,39856,40118,26673,29725,19065,23754,5780,9694,316211,288949,44824,43098,77752,71044,16802,59,30
2021-08-11T23:59:59+02:00,2198,1963,22022,21076,31844,29225,32562,32560,38299,38801,42158,42454,27911,31113,19894,25004,6079,10300,18239,17524,28609,25986,30159,29843,35958,36076,39819,40085,26661,29699,19058,23744,5780,9692,316030,288467,44824,43095,77752,71041,16800,59,30
2021-08-10T23:59:59+02:00,2190,1942,21995,21040,31811,29203,32548,32541,38274,38775,42140,42447,27905,31105,19893,25001,6078,10296,17716,17072,28437,25829,30063,29752,35789,35953,39768,40043,26637,29676,19050,23728,5776,9691,315793,286760,44819,43066,77750,70791,16765,59,30
2021-08-09T23:59:59+02:00,2166,1928,21943,20990,31754,29159,32515,32512,38249,38754,42127,42423,27894,31096,19892,24992,6077,10294,17244,16614,28304,25724,30008,29698,35744,35907,39734,40008,26628,29662,19045,23722,5776,9689,315423,285280,44814,43047,77749,70778,16722,59,30
2021-08-08T23:59:59+02:00,2151,1911,21891,20950,31712,29125,32486,32489,38227,38747,42107,42403,27887,31092,19886,24988,6077,10291,16900,16270,28192,25641,29952,29627,35696,35869,39713,39982,26616,29649,19036,23713,5774,9684,315133,284041,44813,43026,77748,70771,16669,59,30
2021-08-07T23:59:59+02:00,2106,1868,21758,20867,31630,29058,32412,32428,38171,38695,42074,42375,27878,31065,19881,24979,6075,10289,16391,15816,27890,25358,29723,29443,35518,35712,39573,39872,26559,29586,19017,23684,5771,9680,314507,281406,44781,42904,77742,70682,16522,59,30
2021-08-06T23:59:59+02:00,2096,1858,21708,20830,31589,29025,32379,32409,38145,38675,42064,42359,27872,31056,19877,24979,6075,10289,15361,14836,26742,24465,29431,29211,35269,35514,39258,39631,26515,29540,19007,23674,5770,9677,314280,276407,44777,42882,77742,69879,16429,59,29
2021-08-05T23:59:59+02:00,2057,1829,21600,20744,31531,28948,32321,32353,38087,38624,42019,42322,27855,31037,19868,24966,6073,10286,14470,14089,25721,23688,28717,28697,34739,35080,38942,39385,26447,29461,18975,23640,5767,9667,313730,271528,44754,42829,77741,68381,16238,59,29
2021-08-04T23:59:59+02:00,2036,1810,21527,20691,31484,28876,32289,32311,38052,38601,41985,42296,27843,31021,19863,24953,6071,10283,14101,13748,25316,23381,28503,28473,34597,34954,38845,39292,26408,29416,18952,23617,5762,9662,313277,269085,44748,42801,77741,68339,16169,59,29
2021-08-03T23:59:59+02:00,2027,1794,21500,20665,31467,28861,32276,32301,38042,38587,41969,42284,27833,31015,19859,24946,6070,10281,14017,13658,25237,23305,28435,28415,34549,34908,38794,39252,26382,29389,18940,23605,5759,9656,313071,268356,44744,42800,77740,68313,16165,59,29
2021-08-02T23:59:59+02:00,2017,1773,21455,20629,31424,28840,32249,32270,38016,38572,41956,42269,27824,31003,19859,24938,6069,10277,13813,13449,24528,22756,28155,28194,34399,34796,38714,39190,26355,29357,18932,23601,5759,9654,312788,265937,44741,42786,77740,68088,16114,59,29
2021-08-01T23:59:59+02:00,1997,1757,21404,20582,31372,28801,32224,32251,37997,38553,41934,42252,27818,30996,19856,24929,6069,10276,13642,13290,24226,22502,27914,27976,34307,34687,38644,39118,26339,29338,18926,23595,5759,9652,312489,264234,44735,42774,77739,68065,16048,59,29
2021-07-31T23:59:59+02:00,1972,1727,21322,20504,31305,28765,32169,32213,37960,38525,41911,42231,27814,30988,19851,24925,6069,10276,12696,12262,23705,22059,27568,27622,33997,34390,38212,38775,26269,29253,18900,23551,5754,9646,312074,259194,44723,42739,77737,67493,15935,59,29
2021-07-30T23:59:59+02:00,1947,1708,21301,20482,31273,28746,32154,32195,37954,38518,41903,42223,27809,30985,19850,24925,6068,10276,12609,12185,23374,21771,27284,27409,33778,34227,38051,38641,26245,29235,18898,23543,5754,9644,311892,257759,44722,42731,77737,66937,15908,59,29
2021-07-29T23:59:59+02:00,1878,1639,21068,20247,31134,28600,32053,32086,37861,38429,41810,42163,27781,30960,19837,24906,6061,10268,11979,11652,22244,20929,26244,26571,32795,33533,37666,38350,26163,29134,18869,23496,5748,9635,310690,252140,44695,42640,77729,65179,15609,59,29
2021-07-28T23:59:59+02:00,1858,1624,21028,20197,31114,28571,32038,32064,37840,38410,41787,42142,27770,30948,19832,24896,6061,10266,11700,11351,21833,20546,25808,26141,32631,33379,37555,38259,26126,29083,18850,23473,5747,9630,310375,249214,44694,42640,77717,65119,15603,58,29
2021-07-27T23:59:59+02:00,1848,1618,20987,20155,31090,28538,32005,32048,37819,38376,41763,42128,27763,30941,19831,24891,6061,10263,11451,11137,21631,20356,25666,26019,32519,33273,37466,38175,26094,29044,18840,23461,5744,9626,310137,247734,44694,42604,77716,65044,15521,58,29
2021-07-26T23:59:59+02:00,1822,1583,20861,20032,30984,28439,31947,31984,37764,38308,41720,42096,27739,30923,19820,24877,6055,10260,11157,10811,21125,19914,25419,25810,32357,33120,37334,38087,26059,29010,18827,23438,5743,9618,309382,245438,44663,42490,77711,64839,15401,58,29
2021-07-25T23:59:59+02:00,1815,1574,20839,20021,30974,28429,31936,31969,37757,38301,41710,42086,27735,30921,19819,24875,6055,10259,11052,10705,20974,19806,25185,25617,32119,32912,37191,37954,26041,28996,18821,23430,5742,9615,309267,244178,44653,42475,77703,64427,15395,58,29
2021-07-24T23:59:59+02:00,1795,1559,20758,19947,30931,28391,31901,31933,37731,38273,41687,42074,27728,30915,19816,24873,6055,10259,10989,10650,20894,19744,25113,25556,32066,32881,37162,37933,26035,28991,18819,23428,5742,9615,308923,243805,44642,42452,77699,64360,15305,58,29
2021-07-23T23:59:59+02:00,1740,1524,20567,19803,30766,28278,31813,31861,37662,38221,41647,42031,27717,30897,19811,24867,6054,10254,10733,10446,20528,19437,24307,24910,31582,32550,36595,37476,25992,28949,18803,23411,5741,9613,308091,240929,44633,42406,77681,62969,15051,58,28
2021-07-22T23:59:59+02:00,1676,1467,20255,19530,30525,28093,31682,31745,37530,38114,41548,41948,27691,30873,19800,24843,6050,10253,10273,10071,19783,18926,23349,24241,30873,31962,35561,36716,25881,28851,18770,23378,5739,9609,306605,237326,44597,41739,77675,60447,14689,58,28
2021-07-21T23:59:59+02:00,1661,1459,20216,19481,30497,28063,31658,31722,37510,38089,41527,41924,27682,30865,19795,24837,6045,10249,9962,9736,19322,18473,22475,23475,30537,31627,35326,36518,25798,28754,18739,23325,5731,9599,306277,234576,44591,40047,77673,60274,14682,58,25
2021-07-20T23:59:59+02:00,1655,1454,20182,19454,30469,28038,31633,31703,37493,38072,41515,41910,27667,30850,19795,24830,6045,10246,9694,9457,18990,18204,22205,23188,30361,31473,35162,36374,25752,28709,18723,23290,5730,9595,306023,232185,44589,40038,77672,60173,14670,58,25
2021-07-19T23:59:59+02:00,1644,1446,20070,19366,30387,27966,31575,31650,37474,38053,41500,41891,27662,30839,19789,24823,6044,10243,9494,9260,18675,17928,21741,22769,30107,31241,35042,36272,25718,28670,18705,23274,5730,9592,305449,230552,44583,39094,77671,60058,14662,58,25
2021-07-18T23:59:59+02:00,1633,1440,20002,19300,30260,27866,31509,31585,37412,38001,41458,41839,27641,30808,19780,24808,6040,10240,9384,9145,18507,17775,21550,22579,29939,31043,34928,36171,25686,28646,18694,23257,5730,9586,304660,229290,44583,38794,77669,60017,14653,58,25
2021-07-17T23:59:59+02:00,1632,1436,19995,19298,30260,27863,31509,31581,37407,37999,41454,41837,27640,30807,19779,24808,6040,10240,9363,9130,18474,17753,21531,22566,29929,31036,34909,36167,25683,28644,18694,23256,5730,9586,304627,229135,44583,38791,77669,60006,14649,58,25
2021-07-16T23:59:59+02:00,1579,1391,19720,19050,30135,27766,31425,31508,37350,37936,41413,41805,27621,30790,19772,24798,6038,10234,9246,9015,18099,17450,21226,22292,29538,30679,34774,36061,25659,28620,18687,23243,5728,9584,303626,227866,44561,38069,77667,59673,14420,58,24
2021-07-15T23:59:59+02:00,1521,1348,19458,18801,29953,27620,31317,31409,37266,37853,41344,41737,27578,30760,19756,24784,6034,10231,8882,8711,17181,16617,19679,21064,28619,29755,34153,35481,25491,28437,18632,23194,5722,9571,302345,221747,44519,36613,77659,58745,14190,58,24
2021-07-14T23:59:59+02:00,1507,1335,19429,18765,29930,27594,31293,31377,37253,37840,41324,41730,27570,30753,19747,24777,6033,10227,8595,8413,16628,16017,19185,20544,28053,29256,33761,35104,25379,28308,18593,23128,5717,9560,302067,217576,44516,36255,77656,58315,14188,58,24
2021-07-13T23:59:59+02:00,1495,1325,19391,18740,29912,27570,31270,31362,37238,37812,41300,41702,27561,30739,19745,24772,6032,10221,8290,8152,16229,15662,18911,20266,27790,29007,33489,34848,25280,28188,18560,23087,5715,9555,301780,214875,44515,36220,77655,57823,14180,58,24
2021-07-12T23:59:59+02:00,1479,1315,19345,18723,29878,27541,31253,31341,37226,37795,41283,41687,27558,30735,19743,24766,6031,10221,8030,7935,15949,15385,18208,19718,27477,28687,33074,34486,25112,27993,18500,23012,5709,9550,301523,213593,44514,34280,77655,56844,14171,58,24
2021-07-11T23:59:59+02:00,1469,1307,19313,18693,29848,27510,31237,31310,37218,37773,41269,41675,27549,30726,19741,24766,6030,10220,7986,7888,15884,15314,18120,19664,27393,28625,32962,34424,25058,27948,18480,22990,5709,9547,301270,213019,44511,34269,77653,56601,14163,58,24
2021-07-10T23:59:59+02:00,1340,1190,18807,18275,29405,27217,30949,31075,36971,37614,41068,41524,27475,30666,19715,24734,6027,10217,7855,7818,15601,15179,17899,19513,27151,28485,32795,34307,24992,27902,18464,22977,5708,9547,299069,212597,44371,34148,77624,56359,13148,58,24
2021-07-09T23:59:59+02:00,1329,1184,18779,18244,29383,27200,30936,31061,36960,37602,41057,41516,27471,30662,19713,24730,6027,10216,7813,7771,15531,15113,17835,19420,26931,28255,32546,34094,24928,27839,18442,22951,5708,9544,298923,212317,44352,34145,77621,55196,13117,58,24
2021-07-08T23:59:59+02:00,1251,1102,18511,18029,29234,27048,30798,30943,36857,37500,40958,41438,27436,30627,19694,24711,6022,10210,7645,7636,15234,14866,17404,19059,26237,27653,32274,33827,24759,27682,18383,22889,5705,9536,297648,211183,44298,32720,77613,54178,12753,58,24
2021-07-07T23:59:59+02:00,1152,1010,18200,17704,29033,26864,30666,30820,36744,37380,40852,41352,27402,30578,19680,24694,6019,10207,7448,7425,14793,14498,16938,18616,25481,27042,31866,33447,24493,27358,18288,22794,5696,9527,296069,208260,44247,31883,77602,53219,12382,58,24
2021-07-06T23:59:59+02:00,1129,994,18122,17638,28988,26814,30614,30772,36708,37345,40816,41319,27385,30553,19669,24680,6017,10204,7232,7192,14449,14140,16585,18266,24729,26394,31567,33183,24303,27144,18240,22723,5689,9520,295487,206196,44244,30477,77600,52324,12379,58,24
2021-07-05T23:59:59+02:00,1086,966,18048,17574,28945,26758,30575,30737,36683,37300,40788,41293,27379,30539,19663,24674,6017,10199,7003,7002,14146,13867,16233,17900,24177,25885,30998,32615,24023,26845,18132,22583,5681,9510,295000,204701,44242,28376,77596,51191,12329,58,24
2021-07-04T23:59:59+02:00,1064,950,17977,17525,28906,26737,30554,30708,36673,37290,40773,41281,27373,30528,19658,24671,6017,10198,6977,6985,14092,13821,16158,17842,24093,25829,30845,32524,23931,26756,18100,22542,5679,9506,294684,204310,44241,28367,77585,50684,12316,58,24
2021-07-03T23:59:59+02:00,648,578,16243,15803,27732,25811,29754,29989,36031,36679,40271,40850,27215,30360,19590,24584,6008,10181,6591,6745,13576,13518,15756,17538,23732,25552,30539,32328,23834,26661,18066,22502,5675,9502,287156,204018,44202,28290,77501,50393,9411,58,24
2021-07-02T23:59:59+02:00,609,540,16111,15657,27571,25663,29674,29929,36000,36651,40252,40837,27209,30351,19587,24581,6008,10181,6543,6674,13502,13417,15668,17407,23589,25370,30385,32163,23641,26449,17977,22424,5673,9499,286248,203335,44202,28131,77499,49507,9405,58,24
2021-07-01T23:59:59+02:00,551,492,15933,15502,27354,25509,29596,29851,35945,36600,40186,40791,27188,30333,19576,24569,6006,10177,6403,6545,13161,13145,15139,16965,22323,24381,29621,31479,23360,26161,17858,22290,5666,9483,285056,199802,44197,26455,77486,48358,9363,58,22
2021-06-30T23:59:59+02:00,521,472,15829,15395,27242,25424,29528,29778,35889,36549,40143,40755,27173,30302,19565,24552,6002,10177,6208,6366,12730,12760,14571,16417,21698,23784,29024,30946,22938,25692,17727,22106,5659,9471,284229,195544,44194,26431,77480,46781,9336,58,22
2021-06-29T23:59:59+02:00,464,422,15066,14726,26979,25200,29434,29678,35810,36468,40075,40708,27154,30277,19557,24539,6002,10175,6096,6239,12469,12497,14175,16021,20906,23164,28440,30393,22489,25166,17574,21932,5651,9461,281721,192389,44193,25922,77471,45063,9292,58,22
2021-06-28T23:59:59+02:00,428,391,14437,14086,26822,25095,29359,29612,35752,36403,40031,40674,27136,30256,19549,24528,6002,10171,6029,6144,12290,12358,13987,15844,20286,22613,28039,30021,22152,24807,17445,21769,5646,9456,279783,190705,44189,25265,77465,43670,9238,58,22
2021-06-27T23:59:59+02:00,351,324,14090,13708,26758,25035,29319,29576,35730,36380,40012,40660,27125,30249,19546,24524,6001,10170,5992,6101,12176,12242,13840,15714,19734,22135,27429,29522,21875,24469,17324,21646,5642,9455,278659,189869,44184,23742,77453,42472,9205,58,22
2021-06-26T23:59:59+02:00,350,323,14079,13697,26742,25024,29313,29570,35724,36379,40009,40659,27124,30248,19546,24524,6001,10170,5987,6098,12165,12239,13834,15711,19721,22124,27384,29487,21730,24339,17284,21590,5641,9453,278586,189844,44182,23738,77453,41993,9204,58,22
2021-06-25T23:59:59+02:00,226,210,12812,12477,25274,23877,29011,29336,35618,36296,39942,40597,27100,30221,19535,24512,5998,10168,5944,6051,12069,12159,13692,15589,19411,21885,26999,29128,21407,23945,17110,21393,5638,9444,272344,188620,44178,23455,77432,40582,9199,58,22
2021-06-24T23:59:59+02:00,161,156,11837,11646,24161,22994,28644,28984,35468,36130,39825,40491,27061,30171,19524,24488,5996,10164,5727,5819,11610,11743,13113,14997,17874,20486,25351,27532,20637,23086,16792,20985,5628,9434,267095,183636,44158,19831,77427,38173,9165,57,22
2021-06-23T23:59:59+02:00,125,130,11475,11321,23658,22621,28396,28741,35289,36002,39735,40402,27031,30144,19516,24451,5994,10152,5653,5706,11397,11528,12813,14646,17484,20074,24602,26765,19842,22335,16599,20732,5620,9418,264468,181283,44151,19215,77422,35621,9086,57,22
2021-06-22T23:59:59+02:00,104,117,11292,11109,23498,22479,28316,28669,35213,35940,39689,40357,27016,30120,19508,24442,5994,10151,5544,5585,11130,11267,12446,14275,16882,19478,23870,25999,19462,21911,16436,20553,5613,9402,263321,178254,44148,18347,77420,34171,9069,57,22
2021-06-21T23:59:59+02:00,91,105,11040,10924,22662,21807,28061,28441,35147,35876,39625,40314,26998,30101,19502,24432,5994,10150,5425,5481,10915,11046,12139,13953,16489,19132,23421,25532,19172,21597,16331,20434,5607,9400,260720,176793,44138,17329,77411,32994,8945,57,22
2021-06-20T23:59:59+02:00,85,104,10976,10832,22411,21590,27803,28240,35067,35798,39580,40270,26988,30087,19500,24427,5992,10147,5384,5427,10827,10945,12043,13850,16292,18948,23150,25291,19071,21490,16278,20376,5601,9396,259432,176484,44136,16261,77406,32744,8866,57,22
2021-06-19T23:59:59+02:00,84,100,10952,10807,22378,21566,27785,28227,35055,35794,39570,40266,26986,30086,19500,24425,5992,10147,5353,5395,10745,10855,11951,13729,16144,18796,22843,24930,18985,21403,16266,20363,5600,9396,259278,176380,44113,14763,77406,32731,8866,57,22
2021-06-18T23:59:59+02:00,81,98,10903,10756,22058,21244,27520,28011,35000,35757,39539,40244,26977,30077,19499,24422,5992,10145,5338,5386,10714,10824,11911,13681,16082,18733,22758,24834,18819,21222,16221,20297,5599,9391,257884,175982,44111,14762,77405,32186,8866,57,22
2021-06-17T23:59:59+02:00,72,90,10323,10324,20783,20283,26659,27275,34630,35433,39280,40051,26913,29995,19478,24385,5985,10140,5139,5246,10339,10570,11467,13279,15401,18121,21391,23520,18364,20735,16058,20125,5595,9376,252096,170682,44091,14189,77393,31379,8462,57,22
2021-06-16T23:59:59+02:00,64,78,9985,10011,20102,19651,26021,26672,34381,35231,39117,39898,26868,29942,19454,24360,5984,10136,4995,5101,9950,10234,11007,12826,14697,17430,20541,22588,17961,20289,15888,19912,5585,9364,248247,166902,44076,12917,77379,30339,8196,57,22
2021-06-15T23:59:59+02:00,49,72,9740,9770,19806,19401,25798,26474,34251,35124,39018,39818,26836,29906,19447,24345,5979,10132,4889,4990,9710,10016,10774,12567,14273,17002,19943,22010,17638,19897,15666,19682,5576,9353,246473,164819,44063,11825,77373,29329,8000,57,21
2021-06-14T23:59:59+02:00,45,67,9607,9645,19506,19140,25622,26331,34130,35044,38956,39779,26818,29886,19441,24334,5979,10129,4808,4927,9519,9877,10600,12431,14011,16786,19625,21715,17469,19735,15564,19549,5575,9349,245273,163361,44061,11823,77369,28644,7699,57,21
2021-06-13T23:59:59+02:00,43,63,9447,9516,19215,18954,25270,26077,33929,34875,38850,39712,26802,29874,19431,24326,5979,10126,4725,4861,9309,9709,10434,12260,13686,16448,19277,21384,17342,19586,15517,19482,5573,9347,243626,162512,44061,11823,77365,27211,7380,57,21
2021-06-12T23:59:59+02:00,43,63,9438,9502,19202,18940,25270,26072,33929,34870,38847,39711,26802,29874,19431,24326,5979,10126,4722,4847,9299,9648,10402,12158,13637,16294,19222,21248,17233,19461,15400,19380,5571,9345,243580,162484,44061,11821,77358,26179,7369,57,21
2021-06-11T23:59:59+02:00,38,59,9280,9319,18968,18727,24469,25396,33749,34714,38712,39598,26769,29840,19420,24302,5979,10121,4642,4732,9078,9392,10142,11861,13116,15743,18246,20354,17047,19264,15360,19336,5568,9342,240651,158458,44059,11820,77354,25592,7339,57,21
2021-06-10T23:59:59+02:00,36,55,8886,8985,18316,18233,23616,24717,33428,34432,38507,39433,26710,29784,19396,24274,5976,10114,4467,4555,8496,8897,9334,11140,11967,14639,16256,18441,16156,18302,15075,18969,5559,9320,237014,148779,43398,11787,77328,23892,7102,56,20
2021-06-09T23:59:59+02:00,19,36,8437,8478,17478,17503,22464,23672,32938,33964,38220,39213,26597,29679,19348,24216,5966,10101,4331,4438,8207,8631,9090,10886,11634,14271,15769,17893,15785,17871,14834,18684,5552,9310,233004,146951,41503,11745,77287,21975,6502,33,20
2021-06-08T23:59:59+02:00,11,24,8118,8161,17007,17085,22043,23304,32693,33771,38057,39081,26552,29638,19338,24193,5963,10096,4211,4356,7953,8376,8785,10541,11275,13924,15126,17190,15327,17347,14572,18406,5547,9292,230269,145247,41470,10619,77275,20261,6088,33,20
2021-06-07T23:59:59+02:00,8,20,7920,7929,16649,16758,21499,22847,32411,33500,37939,38963,26522,29590,19317,24163,5958,10095,4134,4276,7772,8234,8625,10398,11104,13752,14812,16863,15128,17090,14397,18215,5543,9287,228642,144163,40493,10527,77251,19257,5670,32,20
2021-06-06T23:59:59+02:00,6,17,7812,7820,16514,16611,21304,22638,32184,33276,37803,38857,26495,29565,19304,24147,5958,10089,4105,4241,7724,8116,8571,10267,10997,13605,14616,16644,14943,16910,14308,18094,5536,9281,227406,143675,40193,10517,77233,18217,5536,32,20
2021-06-05T23:59:59+02:00,6,17,7790,7806,16485,16584,21296,22635,32174,33270,37800,38856,26494,29565,19303,24146,5958,10089,4096,4202,7709,8051,8557,10134,10983,13434,14597,16539,14906,16855,14299,18084,5536,9280,227296,143594,40193,10517,77232,17617,5521,32,20
2021-06-04T23:59:59+02:00,6,15,7676,7703,16207,16346,21019,22387,31750,32896,37685,38735,26461,29525,19291,24133,5956,10087,4089,4193,7683,8028,8531,10103,10916,13361,14492,16408,14824,16762,14262,18040,5536,9278,225695,143258,39417,10188,77213,17526,5521,32,20
2021-06-03T23:59:59+02:00,4,15,7417,7475,15329,15558,19384,20993,30837,31965,37180,38274,26328,29388,19247,24082,5950,10068,4028,4154,7594,7954,8408,10004,10746,13180,13921,15838,14559,16446,14177,17931,5533,9266,219053,141036,37835,10071,77202,17247,5372,32,20
2021-06-02T23:59:59+02:00,4,15,7282,7331,14943,15129,18952,20590,30367,31510,36954,38009,26264,29324,19227,24053,5947,10066,3998,4124,7529,7866,8320,9911,10605,13049,13473,15404,14435,16263,14149,17893,5530,9261,215962,139237,37404,9977,77201,17215,5368,32,20
2021-06-01T23:59:59+02:00,4,12,7006,7086,14542,14817,18606,20271,30039,31199,36731,37775,26208,29242,19203,24023,5945,10055,3896,4038,7286,7689,8088,9718,10338,12774,13068,14980,14001,15810,14033,17740,5523,9253,213205,137108,37359,9722,77180,16404,4988,32,20
2021-05-31T23:59:59+02:00,4,12,6842,6896,14323,14583,17902,19668,29698,30857,36434,37511,26117,29145,19175,23969,5935,10042,3817,3926,7077,7439,7865,9431,9994,12391,12627,14460,13472,15197,13830,17506,5515,9238,211772,133917,35307,9398,77163,15618,4839,32,20
2021-05-30T23:59:59+02:00,4,12,6819,6881,14277,14544,17825,19609,29648,30819,36402,37485,26105,29133,19172,23963,5934,10040,3773,3852,6920,7224,7717,9195,9787,12071,12369,14105,13350,15027,13760,17424,5512,9231,211476,133182,35295,9297,77105,14061,4764,32,20
2021-05-29T23:59:59+02:00,4,12,6817,6880,14268,14538,17820,19603,29643,30815,36399,37484,26103,29130,19172,23962,5934,10040,3764,3839,6891,7191,7684,9143,9751,12024,12296,14007,13309,14958,13730,17400,5511,9226,211444,133043,35295,9296,77090,13609,4763,32,20
2021-05-28T23:59:59+02:00,4,12,6807,6868,14252,14521,17803,19581,29630,30802,36387,37465,26100,29125,19169,23958,5934,10040,3750,3816,6870,7151,7650,9089,9698,11920,12055,13737,13118,14766,13700,17359,5508,9223,211283,131749,35294,9295,77087,13590,4762,32,20
2021-05-27T23:59:59+02:00,4,12,6716,6786,13984,14303,17316,19232,28950,30258,36227,37330,26050,29087,19153,23941,5933,10034,3625,3656,6583,6899,7273,8782,9200,11361,11345,12842,12566,14196,13570,17167,5500,9211,210183,128232,33851,8963,77045,12362,4205,32,20
2021-05-26T23:59:59+02:00,4,12,6645,6678,13769,14100,17063,18923,28404,29745,36048,37151,26009,29035,19135,23912,5932,10027,3533,3512,6358,6610,6985,8356,8857,10882,10690,12041,12002,13580,13424,16951,5495,9189,208558,124612,33097,8780,77031,11185,3874,32,20
2021-05-25T23:59:59+02:00,4,12,6564,6583,13564,13879,16799,18711,27678,29096,35955,37054,25985,29004,19123,23896,5927,10026,3484,3421,6213,6441,6839,8166,8631,10591,10343,11675,11656,13104,13319,16790,5492,9181,207840,122770,31641,8641,76546,10119,3802,31,20
2021-05-24T23:59:59+02:00,4,12,6494,6486,13387,13677,16576,18428,27265,28667,35609,36652,25928,28936,19104,23872,5926,10024,3470,3399,6155,6359,6793,8082,8572,10496,10270,11578,11482,12871,13271,16698,5484,9161,207305,122143,29409,8594,76539,9627,3763,31,20
2021-05-23T23:59:59+02:00,4,12,6492,6485,13382,13668,16573,18418,27246,28657,35579,36618,25925,28929,19104,23866,5926,10024,3465,3395,6149,6349,6783,8075,8544,10465,10230,11521,11399,12770,13251,16667,5484,9160,207190,122131,29392,8182,76538,9620,3757,31,20
2021-05-22T23:59:59+02:00,4,12,6485,6481,13375,13657,16566,18414,27243,28656,35576,36612,25925,28929,19104,23866,5926,10024,3464,3395,6146,6346,6782,8071,8540,10463,10225,11518,11388,12756,13246,16663,5483,9160,207140,122091,29392,8182,76535,9599,3757,31,20
2021-05-21T23:59:59+02:00,4,12,6423,6421,13222,13551,16392,18264,26971,28478,35144,36344,25899,28891,19096,23860,5925,10020,3455,3385,6112,6325,6751,8037,8501,10414,10171,11468,10870,12043,13105,16503,5480,9155,206450,120330,29267,8179,75484,9564,3685,31,20
2021-05-20T23:59:59+02:00,3,11,6130,6220,12611,13133,15195,17341,25055,26976,34189,35572,25794,28745,19042,23778,5919,10005,3395,3340,6018,6208,6638,7881,8353,10253,9933,11160,10531,11586,12992,16321,5470,9142,201673,118328,27521,8098,72939,9222,3556,30,20
2021-05-19T23:59:59+02:00,3,11,5923,5979,12097,12673,14485,16633,24107,26161,33561,34969,25682,28654,19007,23718,5911,9993,3318,3265,5856,6038,6445,7640,8077,9971,9630,10779,10219,11171,12913,16176,5468,9134,195963,116413,27482,7902,72924,8600,3168,30,20
2021-05-18T23:59:59+02:00,3,10,5753,5869,11697,12350,13861,16133,22950,25213,32893,34361,25566,28518,18959,23663,5906,9984,3274,3233,5743,5927,6280,7481,7871,9752,9432,10539,10049,10920,12768,15955,5459,9125,190999,115261,26975,7834,72879,7890,2806,30,20
2021-05-17T23:59:59+02:00,3,9,5700,5824,11534,12243,13588,15911,22133,24577,32581,34046,25484,28458,18937,23633,5897,9975,3157,3157,5552,5742,6105,7265,7661,9523,9207,10295,9960,10796,12710,15891,5456,9120,189224,114502,26275,7828,72485,6731,2519,30,20
2021-05-16T23:59:59+02:00,3,9,5672,5804,11473,12185,13503,15831,21522,24026,31967,33516,25443,28414,18927,23618,5896,9975,3152,3133,5538,5672,6077,7205,7633,9423,9175,10211,9943,10777,12707,15888,5456,9120,188455,114390,24728,7821,72064,6376,2507,30,19
2021-05-15T23:59:59+02:00,3,9,5663,5794,11440,12176,13474,15821,21447,23955,31427,33140,25432,28409,18926,23615,5895,9974,3138,3118,5519,5629,6063,7129,7593,9308,8937,9957,9910,10746,12673,15837,5456,9119,188405,114385,24715,7683,71412,6010,2038,30,19
2021-05-14T23:59:59+02:00,3,9,5623,5769,11378,12138,13402,15756,21036,23643,30996,32793,25396,28363,18915,23598,5895,9972,3106,3078,5483,5540,6042,6993,7553,9106,8877,9762,9838,10636,12586,15710,5456,9116,187682,114216,24396,7350,70540,5263,2037,30,19
2021-05-13T23:59:59+02:00,3,9,5465,5610,10995,11842,12688,15167,18846,21894,29445,31324,25166,28118,18847,23526,5893,9969,3094,3043,5458,5501,6025,6935,7529,9035,8833,9702,9621,10392,12387,15405,5451,9106,183714,113856,20591,6530,68450,5093,2022,30,19
2021-05-12T23:59:59+02:00,2,9,5436,5583,10923,11784,12586,15079,18724,21770,29082,30959,25073,28023,18830,23496,5892,9964,3094,3039,5452,5495,6015,6921,7504,9020,8794,9648,9433,10162,12155,15082,5448,9099,182764,113572,19953,5664,68447,5087,2022,29,19
2021-05-11T23:59:59+02:00,2,9,5299,5479,10675,11534,12220,14706,18112,21132,28149,29989,24880,27834,18770,23419,5887,9949,3052,2998,5363,5339,5915,6736,7374,8778,8632,9425,9251,9966,12007,14892,5439,9081,178681,112528,19059,5555,68314,4187,1962,29,19
2021-05-10T23:59:59+02:00,2,8,5176,5401,10462,11339,11961,14450,17786,20797,27729,29582,24771,27726,18731,23372,5879,9945,2984,2944,5245,5221,5800,6632,7250,8635,8504,9318,9147,9842,11917,14764,5436,9073,176678,111999,18367,5543,68088,3199,1955,29,19
2021-05-09T23:59:59+02:00,2,8,5102,5353,10361,11225,11861,14331,17446,20514,27338,29205,24685,27639,18702,23336,5876,9942,2915,2913,5097,5177,5623,6589,7080,8606,8375,9282,9135,9832,11899,14744,5436,9073,176283,111923,17081,5533,67593,2364,1940,29,19
2021-05-08T23:59:59+02:00,2,8,5101,5352,10359,11221,11861,14331,17442,20512,27335,29202,24685,27639,18702,23336,5876,9942,2915,2912,5096,5177,5623,6589,7080,8606,8372,9282,9134,9831,11899,14744,5436,9073,176266,111920,17081,5533,67590,2360,1940,29,19
2021-05-07T23:59:59+02:00,2,8,5067,5326,10289,11168,11732,14207,17041,20237,26698,28644,24636,27588,18685,23302,5869,9913,2905,2905,5080,5168,5612,6573,7068,8595,8364,9271,9128,9823,11888,14722,5428,9046,175430,111905,17078,5527,66064,2317,1811,29,19
2021-05-06T23:59:59+02:00,1,8,4796,5164,9826,10823,11170,13685,15952,19211,24288,26350,24137,27060,18579,23199,5864,9899,2862,2860,5013,5092,5572,6483,6982,8475,8234,9121,9028,9711,11864,14671,5425,9043,170390,111364,14624,5471,63171,1785,1800,27,19
2021-05-05T23:59:59+02:00,1,8,4718,5086,9532,10593,10828,13359,15371,18604,23444,25382,23876,26736,18510,23093,5854,9881,2842,2824,4963,5007,5513,6362,6898,8310,8110,8906,8921,9580,11786,14586,5424,9035,166720,110424,13311,5466,63021,1363,1797,27,19
2021-05-04T23:59:59+02:00,1,8,4633,4995,9358,10386,10618,13115,14983,18204,22899,24816,23662,26461,18438,23011,5846,9867,2833,2790,4935,4931,5480,6242,6844,8168,8017,8750,8817,9468,11710,14527,5422,9032,164456,109922,12184,5455,62858,796,1776,27,19
2021-05-03T23:59:59+02:00,1,8,4560,4921,9165,10249,10441,12939,14700,17957,22490,24401,23523,26311,18410,22963,5846,9861,2756,2720,4847,4857,5404,6156,6747,8062,7836,8584,8730,9381,11671,14478,5419,9027,162949,109699,12183,5452,62766,686,821,27,19
2021-05-02T23:59:59+02:00,1,8,4547,4907,9088,10191,10315,12827,14373,17650,22186,24114,23473,26251,18391,22938,5845,9860,2750,2713,4787,4823,5313,6072,6609,7933,7718,8483,8684,9340,11647,14444,5417,9022,162060,109583,12180,5450,62662,669,36,27,19
2021-05-01T23:59:59+02:00,1,8,4547,4905,9086,10190,10314,12827,14369,17647,22184,24114,23472,26250,18391,22938,5845,9860,2750,2713,4787,4823,5313,6072,6608,7933,7718,8483,8684,9340,11647,14444,5417,9022,162043,109583,12180,5449,62662,669,36,27,19
2021-04-30T23:59:59+02:00,0,8,4473,4814,8843,9976,10052,12585,13887,17219,21343,23345,23346,26114,18375,22909,5842,9857,2746,2711,4776,4815,5304,6038,6596,7902,7684,8445,8680,9337,11646,14441,5415,9021,158447,109554,12179,5447,62333,537,2,27,19
2021-04-29T23:59:59+02:00,0,8,4324,4670,8358,9563,9348,11981,12883,16318,19497,21664,22638,25353,18236,22698,5836,9840,2723,2690,4734,4743,5260,5962,6533,7795,7604,8327,8569,9221,11580,14365,5409,9012,149240,109058,12165,5173,61782,277,2,26,19
2021-04-28T23:59:59+02:00,0,8,4291,4651,8287,9489,9272,11894,12764,16198,19279,21450,22549,25261,18208,22657,5834,9835,2720,2679,4708,4683,5232,5918,6502,7721,7556,8245,8552,9197,11563,14342,5408,9006,148856,108863,12075,5101,60969,51,1,26,18
2021-04-27T23:59:59+02:00,0,8,4251,4605,8149,9349,9159,11743,12618,16029,18828,20953,22320,25003,18142,22579,5831,9826,2717,2675,4706,4679,5222,5910,6489,7702,7522,8208,8494,9118,11482,14260,5404,9002,148128,108605,10990,4928,60248,43,1,26,15
2021-04-26T23:59:59+02:00,0,8,4209,4577,8043,9254,9012,11638,12444,15855,18415,20589,22186,24856,18106,22547,5830,9824,2717,2673,4702,4675,5217,5901,6475,7682,7487,8180,8446,9070,11426,14181,5400,8985,147350,108496,10855,4670,59162,38,0,26,15
2021-04-25T23:59:59+02:00,0,8,4195,4561,8007,9224,8947,11575,12309,15725,18070,20258,21986,24618,18066,22492,5826,9819,2717,2673,4701,4674,5215,5897,6470,7679,7485,8176,8390,9011,11402,14153,5400,8983,145964,108474,10844,4502,58852,37,0,26,15
2021-04-24T23:59:59+02:00,0,8,4189,4553,7992,9220,8932,11565,12261,15695,18011,20220,21970,24605,18064,22487,5826,9819,2716,2673,4701,4674,5215,5897,6470,7679,7485,8176,8390,9009,11402,14153,5400,8983,145868,108474,10844,4502,58679,36,0,26,13
2021-04-23T23:59:59+02:00,0,8,4169,4520,7935,9157,8847,11463,11918,15369,17577,19821,21756,24372,18000,22410,5824,9811,2713,2671,4698,4671,5208,5890,6456,7670,7462,8145,8369,8982,11394,14145,5398,8980,144599,108462,10495,4344,57837,35,0,26,13
2021-04-22T23:59:59+02:00,0,8,4120,4455,7803,8966,8660,11203,11591,14949,16663,18835,21181,23660,17865,22228,5814,9792,2704,2665,4692,4649,5185,5864,6412,7634,7387,8097,8236,8824,11251,13994,5393,8971,140859,107842,10365,4078,56545,27,0,24,13
2021-04-21T23:59:59+02:00,0,8,4078,4412,7700,8845,8504,11043,11294,14669,15925,18073,20802,23212,17793,22122,5809,9779,2696,2654,4674,4628,5169,5843,6400,7616,7359,8076,8186,8763,11214,13955,5391,8969,137933,107560,10235,3998,55880,25,0,20,12
2021-04-20T23:59:59+02:00,0,8,4053,4385,7665,8793,8428,10963,11131,14494,15490,17596,20338,22695,17691,21969,5801,9768,2688,2645,4664,4615,5144,5823,6372,7592,7319,8036,8092,8631,11139,13868,5387,8965,135781,106988,9969,3958,55498,24,0,20,12
2021-04-19T23:59:59+02:00,0,8,4022,4334,7603,8688,8336,10823,10973,14311,15237,17302,19859,22130,17525,21754,5790,9756,2683,2644,4658,4611,5131,5808,6353,7575,7293,7992,8039,8577,11113,13822,5384,8960,133712,106654,9615,3955,55104,24,0,20,12
2021-04-18T23:59:59+02:00,0,5,4002,4305,7543,8637,8230,10696,10714,14068,14745,16763,19429,21617,17403,21567,5786,9750,2682,2644,4658,4611,5131,5808,6351,7572,7290,7991,8035,8574,11111,13818,5383,8957,131288,106630,9544,3953,54408,23,0,20,12
2021-04-17T23:59:59+02:00,0,5,3999,4297,7523,8631,8220,10678,10672,14022,14635,16675,19308,21493,17381,21539,5785,9748,2682,2644,4657,4609,5125,5803,6337,7567,7265,7967,7989,8528,11092,13795,5381,8957,130851,106619,9535,3746,54205,23,0,20,12
2021-04-16T23:59:59+02:00,0,5,3988,4254,7450,8509,8117,10520,10477,13760,13965,15912,18739,20846,17255,21364,5774,9731,2679,2641,4652,4604,5120,5790,6320,7556,7227,7932,7679,8139,11001,13655,5373,8941,127999,105821,9475,3455,53172,23,0,20,12
2021-04-15T23:59:59+02:00,0,4,3944,4200,7337,8378,7944,10282,10140,13370,13234,15052,17930,19980,17011,21038,5760,9710,2678,2633,4640,4586,5107,5758,6289,7520,7156,7859,7117,7478,10877,13495,5369,8930,124339,104150,9316,3311,51639,21,0,20,12
2021-04-14T23:59:59+02:00,0,3,3917,4171,7271,8272,7838,10132,9965,13169,12814,14606,17398,19366,16859,20826,5755,9697,2645,2614,4622,4554,5078,5711,6254,7487,7099,7798,6481,6714,10613,13204,5365,8922,122946,101824,9080,3311,50013,16,0,20,12
2021-04-13T23:59:59+02:00,0,3,3914,4165,7233,8256,7781,10098,9857,13115,12438,14311,16706,18516,16623,20523,5751,9691,2621,2587,4602,4528,5053,5677,6195,7419,7010,7696,6268,6462,10029,12541,5357,8903,122244,99620,8860,3303,47857,16,0,20,11
2021-04-12T23:59:59+02:00,0,3,3900,4147,7180,8210,7724,10029,9749,13013,12191,14099,16261,17997,16434,20309,5746,9688,2592,2576,4534,4486,4946,5607,6080,7343,6892,7597,5520,5637,9580,12004,5317,8861,121910,96252,8824,3295,45926,16,0,20,11
2021-04-11T23:59:59+02:00,0,3,3885,4139,7138,8157,7663,9984,9656,12935,11951,13891,15695,17306,16157,19966,5741,9678,2516,2492,4404,4363,4791,5473,5917,7191,6739,7490,5217,5274,9449,11842,5317,8857,121315,94063,8395,3245,44215,15,0,20,11
2021-04-10T23:59:59+02:00,0,3,3867,4119,7099,8110,7619,9927,9594,12876,11859,13806,15477,17114,16108,19898,5740,9671,1955,1922,3584,3639,3911,4704,4908,6265,5884,6703,4942,4966,9321,11690,5311,8848,120847,85284,8395,3245,43625,15,0,20,11
2021-04-09T23:59:59+02:00,0,3,3847,4099,7059,8081,7555,9870,9441,12747,11530,13520,14287,15577,15664,19367,5727,9660,1094,1093,2222,2440,2393,3322,3117,4616,4252,5232,4252,4231,9072,11333,5286,8819,118938,69508,8393,3242,40683,15,0,20,11
2021-04-08T23:59:59+02:00,0,3,3821,4083,6998,8028,7452,9775,9253,12627,11126,13165,13153,14311,15242,18824,5697,9613,589,598,1302,1731,1482,2386,2015,3522,2861,3835,2998,2822,8263,10348,5141,8598,117626,55230,8312,3239,37213,13,0,20,11
2021-04-07T23:59:59+02:00,0,3,3773,4058,6920,7974,7359,9705,9124,12496,10817,12856,12424,13538,15023,18556,5691,9593,358,377,950,1386,1074,1999,1502,3059,1911,2826,1814,1532,7357,9206,4986,8339,116651,45418,8161,3239,35079,10,0,19,11
2021-04-06T23:59:59+02:00,0,3,3757,4046,6898,7936,7304,9638,9031,12416,10603,12637,12039,13043,14801,18258,5680,9579,351,363,940,1376,1059,1978,1475,3031,1849,2767,1734,1465,6944,8648,4835,8101,115369,43660,8062,3238,34221,9,0,17,11
2021-04-05T23:59:59+02:00,0,3,3752,4045,6887,7924,7291,9627,9011,12387,10539,12578,11929,12895,14702,18165,5678,9576,349,357,929,1372,1053,1970,1465,3011,1828,2733,1680,1412,6715,8342,4713,7917,115030,42591,8041,3237,33901,9,0,17,11
2021-04-04T23:59:59+02:00,0,3,3752,4045,6885,7918,7290,9626,9008,12387,10528,12573,11926,12891,14699,18164,5678,9576,349,356,927,1372,1052,1968,1464,3010,1826,2730,1677,1407,6708,8329,4708,7914,115025,42543,8040,3236,33867,9,0,17,11
2021-04-03T23:59:59+02:00,0,3,3752,4045,6885,7917,7289,9626,9008,12387,10527,12573,11926,12890,14697,18162,5678,9576,349,355,925,1368,1050,1967,1463,3005,1824,2730,1672,1395,6665,8248,4673,7879,115021,42314,8040,3236,33863,9,0,17,11
2021-04-02T23:59:59+02:00,0,3,3750,4043,6883,7914,7283,9620,8996,12380,10511,12557,11799,12775,14654,18101,5674,9567,347,353,923,1361,1043,1955,1448,2979,1783,2691,1576,1308,5898,7339,4237,7313,114892,39634,8035,2902,33566,9,0,17,11
2021-04-01T23:59:59+02:00,0,2,3710,4031,6849,7892,7241,9589,8944,12340,10440,12486,11453,12364,14264,17569,5661,9540,342,350,907,1346,1031,1934,1416,2933,1724,2623,1452,1215,4961,6230,3687,6489,114447,35725,6622,2897,33289,9,0,17,11
2021-03-31T23:59:59+02:00,0,2,3704,4027,6834,7872,7223,9570,8908,12308,10352,12414,11121,11958,13913,17070,5653,9511,339,347,899,1336,1021,1919,1396,2904,1674,2587,1386,1162,4379,5548,3333,6020,113850,33408,5619,2824,32954,9,0,17,11
2021-03-30T23:59:59+02:00,0,2,3686,4003,6796,7833,7164,9501,8818,12204,10189,12258,10861,11679,13689,16804,5646,9496,335,340,893,1325,1014,1913,1373,2897,1646,2561,1359,1136,4254,5424,3271,5924,113023,33020,5360,2627,32229,9,0,17,11
2021-03-29T23:59:59+02:00,0,2,3677,3981,6770,7810,7124,9448,8722,12108,10006,12051,10427,11211,13312,16335,5629,9461,330,336,889,1315,1008,1905,1365,2887,1630,2552,1334,1122,4121,5279,3174,5793,111342,32402,5051,2621,31664,8,0,17,11
2021-03-28T23:59:59+02:00,0,2,3634,3925,6655,7651,7007,9306,8595,11914,9854,11860,10215,10951,13136,16149,5624,9451,330,336,889,1315,1006,1904,1363,2887,1629,2550,1325,1119,4088,5237,3148,5767,110969,32359,4787,2519,30156,6,0,17,11
2021-03-27T23:59:59+01:00,0,2,3633,3914,6643,7586,6977,9192,8545,11742,9802,11706,10101,10828,13041,16061,5623,9451,330,335,889,1315,1006,1901,1363,2885,1625,2549,1323,1117,4062,5202,3135,5752,110960,32256,4787,2518,29083,6,0,17,11
2021-03-26T23:59:59+01:00,0,2,3627,3906,6615,7549,6948,9119,8497,11629,9710,11578,10052,10764,12995,16005,5614,9429,325,333,888,1312,1002,1889,1360,2864,1604,2535,1297,1101,3881,4976,3029,5599,110900,31503,4564,2477,28558,6,0,17,11
2021-03-25T23:59:59+01:00,0,2,3604,3875,6524,7422,6856,8954,8305,11396,9401,11261,9671,10380,12692,15689,5609,9419,325,332,886,1304,999,1878,1347,2851,1580,2516,1271,1082,3647,4734,2777,5264,110523,30302,4356,2477,26164,5,0,17,11
2021-03-24T23:59:59+01:00,0,2,3548,3823,6435,7236,6734,8726,8137,11159,9171,10934,9252,9891,12273,15229,5598,9409,325,331,885,1301,994,1876,1339,2847,1564,2500,1262,1072,3580,4661,2596,5042,110009,29687,4210,2477,23321,2,0,17,11
2021-03-23T23:59:59+01:00,0,2,3530,3790,6386,7180,6656,8666,8019,11030,8916,10699,8826,9417,11821,14707,5589,9394,325,331,884,1291,989,1867,1334,2838,1560,2492,1238,1047,3484,4585,2403,4722,109188,28902,4104,2477,21319,2,0,17,11
2021-03-22T23:59:59+01:00,0,2,3522,3770,6343,7151,6622,8619,7953,10954,8766,10563,8543,9063,11518,14377,5553,9355,323,326,878,1281,981,1860,1327,2827,1550,2482,1226,1037,3455,4550,2384,4689,108516,28689,4101,2476,20040,2,0,17,11
2021-03-21T23:59:59+01:00,0,2,3520,3768,6339,7140,6605,8603,7934,10935,8710,10505,8423,8946,11446,14274,5551,9352,321,325,869,1278,974,1853,1318,2825,1546,2478,1222,1034,3446,4535,2370,4680,108431,28587,4100,2476,19505,2,0,17,11
2021-03-20T23:59:59+01:00,0,2,3512,3730,6331,7068,6590,8466,7909,10751,8666,10369,8345,8860,11408,14235,5551,9352,321,325,869,1278,974,1852,1317,2825,1546,2476,1222,1034,3446,4534,2370,4679,108398,28582,3888,2475,18842,2,0,17,11
2021-03-19T23:59:59+01:00,0,2,3499,3700,6305,6984,6566,8373,7863,10633,8551,10208,7804,8253,11224,13993,5541,9333,318,324,864,1271,957,1842,1294,2792,1496,2431,1138,966,2779,3744,1957,4109,106777,25796,3588,2475,18450,2,0,17,11
2021-03-18T23:59:59+01:00,0,2,3488,3682,6263,6943,6533,8311,7800,10546,8434,10079,6843,7151,10945,13692,5531,9308,317,324,861,1266,951,1833,1274,2784,1471,2411,1100,949,2572,3505,1801,3888,103746,24821,3429,2475,18359,2,0,17,11
2021-03-17T23:59:59+01:00,0,2,3451,3644,6192,6858,6478,8205,7709,10415,8302,9920,6158,6301,10651,13377,5513,9276,316,324,854,1260,946,1821,1260,2762,1451,2384,1063,925,2453,3379,1722,3778,100926,24212,3428,2475,18081,2,0,17,11
2021-03-16T23:59:59+01:00,0,2,3433,3615,6153,6805,6433,8132,7656,10350,8208,9818,5981,6125,9944,12580,5473,9212,309,314,840,1244,934,1812,1254,2742,1437,2376,1048,904,2238,3137,1588,3582,98670,23275,3418,2473,17815,2,0,17,11
2021-03-15T23:59:59+01:00,0,2,3396,3582,6054,6725,6303,8040,7514,10231,8079,9693,5225,5289,9499,12032,5430,9142,308,313,836,1240,932,1805,1252,2729,1428,2367,1035,891,2095,2964,1502,3488,95148,22702,3411,2472,17660,2,0,17,11
2021-03-14T23:59:59+01:00,0,2,3270,3435,5773,6377,6026,7677,7199,9816,7791,9370,4891,4896,9342,11834,5426,9132,308,312,836,1240,931,1805,1250,2728,1426,2364,1033,889,2092,2961,1499,3487,92741,22681,3356,2469,16143,2,0,17,11
2021-03-13T23:59:59+01:00,0,2,2615,2773,4830,5507,5007,6745,6000,8694,6775,8423,4575,4512,8958,11312,5336,9024,308,312,835,1238,931,1800,1247,2726,1425,2364,1033,888,2068,2925,1469,3452,82026,22541,3356,2469,15689,2,0,17,11
2021-03-12T23:59:59+01:00,0,2,1788,1951,3487,4350,3489,5399,4249,7047,5127,6904,3898,3802,7701,9753,4832,8341,304,309,833,1234,925,1793,1238,2706,1399,2347,987,863,1718,2461,1200,3100,63091,20937,3353,2469,15659,2,0,17,11
2021-03-11T23:59:59+01:00,0,2,1284,1466,2580,3608,2579,4455,3154,5951,3757,5509,2711,2516,5994,7628,4063,7162,299,300,817,1225,912,1770,1220,2677,1374,2301,950,843,1560,2230,1077,2912,45697,19988,3351,2469,15354,2,0,17,10
2021-03-10T23:59:59+01:00,0,2,1060,1245,2211,3244,2203,4062,2700,5509,2846,4539,1576,1311,4637,5900,3504,6392,289,290,799,1206,890,1734,1186,2604,1335,2235,925,823,1380,2040,981,2738,34628,19084,3351,2361,14947,2,0,15,10
2021-03-09T23:59:59+01:00,0,2,1044,1217,2144,3101,2138,3947,2615,5375,2762,4413,1541,1280,4554,5821,3462,6331,285,283,785,1185,872,1708,1161,2563,1317,2206,910,811,1302,1916,910,2627,34202,18514,3348,2317,14182,2,0,15,10
2021-03-08T23:59:59+01:00,0,2,1022,1186,2087,3000,2098,3865,2556,5262,2706,4341,1500,1259,4405,5658,3360,6185,285,279,780,1177,870,1699,1153,2555,1309,2190,885,790,1135,1691,785,2463,33493,17724,3348,2313,13636,1,0,15,10
2021-03-07T23:59:59+01:00,0,2,1017,1167,2047,2957,2056,3824,2516,5197,2665,4304,1495,1256,4398,5650,3358,6185,285,279,780,1177,870,1699,1153,2555,1308,2190,882,790,1126,1681,777,2452,33462,17724,3342,2272,13275,0,0,15,10
2021-03-06T23:59:59+01:00,0,2,1017,1163,2036,2943,2044,3805,2500,5170,2647,4283,1482,1246,4364,5605,3344,6173,285,279,780,1177,870,1698,1153,2555,1308,2190,882,790,1126,1681,777,2451,33317,17723,3341,2271,13151,0,0,15,10
2021-03-05T23:59:59+01:00,0,2,1013,1159,2021,2923,2013,3782,2457,5118,2593,4245,1442,1218,4096,5273,3192,5951,284,276,773,1170,864,1689,1150,2546,1305,2180,868,786,1118,1672,776,2449,32576,17627,2993,2271,12914,0,0,15,10
2021-03-04T23:59:59+01:00,0,2,919,1012,1933,2795,1945,3644,2381,4962,2502,4086,1411,1197,3855,5013,2927,5602,284,274,771,1165,861,1681,1149,2532,1301,2171,835,771,1106,1661,769,2437,31323,17512,2989,2248,11859,0,0,15,10
2021-03-03T23:59:59+01:00,0,2,872,904,1868,2699,1874,3539,2311,4846,2428,4002,1398,1184,3745,4907,2705,5330,283,272,770,1155,858,1663,1143,2490,1291,2144,815,767,1098,1643,762,2430,30647,17486,2872,2090,11080,0,0,15,10
2021-03-02T23:59:59+01:00,0,2,827,829,1771,2575,1789,3415,2221,4722,2368,3922,1363,1162,3611,4772,2502,4982,283,271,769,1149,854,1660,1138,2485,1287,2134,813,765,1084,1622,751,2411,29914,17379,2683,2089,10221,0,0,15,10
2021-03-01T23:59:59+01:00,0,2,804,790,1671,2431,1718,3271,2121,4550,2288,3801,1345,1150,3559,4709,2458,4920,283,269,765,1145,853,1648,1134,2473,1282,2124,805,761,1079,1611,744,2404,29660,17283,2599,2089,9314,0,0,15,10
2021-02-28T23:59:59+01:00,0,2,798,766,1652,2365,1690,3199,2098,4450,2274,3734,1339,1144,3549,4694,2444,4910,282,268,765,1144,853,1643,1134,2471,1282,2119,801,759,1071,1598,740,2394,29553,17260,2597,2056,8943,0,0,15,10
2021-02-27T23:59:59+01:00,0,2,783,749,1630,2304,1673,3085,2079,4324,2252,3638,1336,1141,3549,4692,2443,4909,282,268,765,1144,853,1642,1134,2471,1282,2118,801,759,1061,1592,723,2380,29548,17258,2596,2009,8430,0,0,15,10
2021-02-26T23:59:59+01:00,0,2,655,668,1523,2191,1620,2925,2015,4085,2150,3400,1243,1070,2894,3898,2016,4325,282,268,764,1142,852,1641,1134,2469,1280,2115,799,754,1043,1579,713,2364,26742,17184,2596,2007,7327,0,0,15,10
2021-02-25T23:59:59+01:00,0,2,505,588,1404,2088,1552,2796,1951,3955,2050,3286,1193,1038,2663,3628,1850,4082,265,253,739,1118,810,1571,1086,2367,1206,2022,743,732,1011,1542,701,2336,25669,17091,2564,1403,6383,0,0,15,10
2021-02-24T23:59:59+01:00,0,2,475,557,1335,1975,1479,2652,1881,3801,1971,3135,1153,1008,2524,3490,1771,3963,236,240,712,1073,783,1508,1056,2306,1151,1971,716,709,964,1513,690,2306,25011,16903,2552,1023,5594,0,0,15,10
2021-02-23T23:59:59+01:00,0,2,418,516,1252,1835,1403,2504,1804,3590,1899,3013,1127,972,2319,3259,1644,3772,231,234,697,1049,771,1469,1034,2258,1125,1930,707,697,954,1499,687,2302,24074,16810,2542,826,4698,0,0,15,10
2021-02-22T23:59:59+01:00,0,2,405,482,1152,1723,1300,2407,1694,3483,1818,2942,1105,958,2176,3086,1559,3676,220,225,675,997,740,1406,1008,2164,1081,1848,664,665,885,1422,651,2246,23494,16621,2538,268,3921,0,0,15,10
2021-02-21T23:59:59+01:00,0,2,386,466,1049,1690,1147,2383,1536,3459,1713,2923,1097,956,2175,3085,1559,3676,193,219,644,989,729,1398,994,2159,1072,1846,661,662,882,1417,643,2239,23464,16485,2538,254,3285,0,0,15,10
2021-02-20T23:59:59+01:00,0,2,386,464,1048,1690,1146,2383,1534,3457,1713,2921,1097,955,2174,3085,1558,3675,191,217,641,989,725,1397,988,2156,1070,1846,661,662,882,1417,643,2239,23457,16462,2537,254,3279,0,0,15,10
2021-02-19T23:59:59+01:00,0,2,381,455,1036,1686,1136,2373,1519,3438,1679,2906,1046,927,1802,2577,1261,3292,170,207,615,984,707,1389,971,2154,1064,1844,658,661,879,1417,642,2238,21710,16338,2537,254,3254,0,0,15,10
2021-02-18T23:59:59+01:00,0,2,361,435,996,1603,1098,2286,1466,3319,1638,2816,1015,904,1626,2333,1131,3085,150,196,576,973,687,1376,937,2137,1039,1824,647,642,858,1389,628,2217,20719,16014,2537,254,2843,0,0,15,10
2021-02-17T23:59:59+01:00,0,2,338,382,911,1460,989,2086,1331,3063,1526,2595,978,873,1437,2121,1030,2907,144,189,564,942,661,1325,904,2059,986,1748,612,610,851,1363,623,2198,19638,15517,2537,254,1839,0,0,15,10
2021-02-16T23:59:59+01:00,0,2,332,343,867,1322,937,1898,1269,2838,1458,2433,966,856,1374,2025,963,2811,138,176,550,899,646,1271,876,1995,956,1706,602,600,829,1332,610,2138,19268,15198,2536,118,875,0,0,15,10
2021-02-15T23:59:59+01:00,0,2,316,303,839,1291,920,1842,1229,2754,1420,2376,937,823,1196,1791,832,2634,129,168,528,872,628,1209,850,1921,933,1629,581,563,811,1295,601,2096,18350,14728,2535,78,607,0,0,13,10
2021-02-14T23:59:59+01:00,0,2,316,303,838,1291,919,1842,1227,2754,1420,2376,937,823,1196,1791,832,2633,129,168,527,864,624,1204,844,1915,929,1626,580,562,809,1294,600,2093,18348,14683,2535,77,604,0,0,13,10
2021-02-13T23:59:59+01:00,0,2,316,303,838,1291,919,1839,1227,2752,1420,2374,936,823,1196,1790,830,2633,129,168,527,864,624,1204,842,1912,927,1622,578,562,794,1274,588,2077,18341,14681,2531,3,604,0,0,13,10
2021-02-12T23:59:59+01:00,0,2,312,302,828,1286,915,1809,1221,2724,1392,2345,934,821,1195,1787,830,2633,129,168,525,861,623,1197,836,1900,921,1609,575,560,780,1262,582,2063,18332,14580,2531,3,460,0,0,13,10
2021-02-11T23:59:59+01:00,0,2,293,293,813,1251,909,1774,1204,2658,1370,2290,899,807,1184,1775,829,2623,127,154,507,819,600,1131,802,1800,898,1549,561,546,756,1226,568,2031,18218,14065,2530,2,213,0,0,13,10
2021-02-10T23:59:59+01:00,0,2,290,287,794,1213,896,1744,1192,2612,1355,2248,894,805,1169,1759,824,2606,123,145,440,732,554,1037,723,1673,839,1463,542,530,741,1205,558,2004,18194,13309,2425,2,59,0,0,12,0
2021-02-09T23:59:59+01:00,0,2,290,284,789,1199,884,1726,1177,2593,1340,2224,879,798,1155,1738,813,2581,106,125,384,643,500,903,644,1467,748,1268,490,451,622,1042,489,1764,18078,11648,2379,0,3,0,0,12,0
2021-02-08T23:59:59+01:00,0,2,289,283,787,1194,883,1719,1175,2589,1333,2216,873,794,1138,1716,796,2555,95,102,338,546,447,797,554,1251,640,1102,414,377,538,846,392,1445,17953,9886,2376,0,1,0,0,12,0
2021-02-07T23:59:59+01:00,0,2,288,282,785,1193,882,1719,1175,2588,1333,2213,866,792,1135,1713,795,2553,93,101,336,541,445,793,552,1242,636,1096,409,372,518,820,385,1430,17926,9771,2376,0,0,0,0,12,0
2021-02-06T23:59:59+01:00,0,2,288,281,784,1192,882,1718,1175,2588,1333,2212,865,791,1133,1707,793,2551,93,100,336,538,444,792,551,1238,634,1095,405,367,468,750,356,1384,17909,9553,2374,0,0,0,0,12,0
2021-02-05T23:59:59+01:00,0,2,288,281,784,1191,881,1716,1174,2587,1332,2207,858,784,1109,1696,786,2535,87,97,328,532,427,774,525,1203,605,1052,382,339,446,724,339,1338,17825,9199,2374,0,0,0,0,12,0
2021-02-04T23:59:59+01:00,0,2,285,273,781,1169,869,1693,1160,2559,1316,2184,835,770,1081,1666,779,2517,72,79,256,411,332,606,407,975,493,843,309,276,341,587,279,1125,17576,7391,2351,0,0,0,0,12,0
2021-02-03T23:59:59+01:00,0,2,284,268,777,1147,866,1664,1153,2508,1303,2151,812,756,1064,1643,769,2501,58,56,170,282,258,450,286,725,367,594,209,194,242,430,195,845,17469,5361,2187,0,0,0,0,12,0
2021-02-02T23:59:59+01:00,0,2,283,262,773,1138,859,1642,1145,2481,1291,2133,805,748,1055,1631,766,2489,36,36,92,140,149,260,173,452,235,374,135,124,165,261,136,542,17304,3310,2187,0,0,0,0,12,0
2021-02-01T23:59:59+01:00,0,2,281,259,768,1119,851,1622,1138,2450,1286,2098,796,734,1048,1620,762,2473,11,13,15,28,26,66,46,88,71,106,49,45,58,75,39,178,17109,914,2187,0,0,0,0,11,0
2021-01-31T23:59:59+01:00,0,2,275,257,752,1117,843,1611,1128,2439,1275,2089,790,728,1038,1602,755,2460,10,13,14,27,24,63,40,83,64,98,46,45,53,68,36,165,17073,849,2077,0,0,0,0,11,0
2021-01-30T23:59:59+01:00,0,2,275,257,752,1116,842,1611,1128,2439,1275,2089,789,728,1028,1595,738,2446,10,11,14,27,24,63,40,83,63,96,45,44,52,68,36,164,17069,840,2030,0,0,0,0,11,0
2021-01-29T23:59:59+01:00,0,2,275,257,752,1115,842,1611,1128,2439,1275,2088,788,727,1027,1593,738,2444,9,6,12,25,24,62,38,81,62,96,44,43,52,68,36,164,17062,822,2028,0,0,0,0,11,0
2021-01-28T23:59:59+01:00,0,2,271,252,740,1090,807,1556,1091,2378,1197,2029,747,713,998,1573,722,2422,4,0,3,6,9,26,19,36,20,48,21,22,23,45,15,97,16881,394,1696,0,0,0,0,11,0
2021-01-27T23:59:59+01:00,0,2,265,245,717,1058,759,1501,1031,2297,1115,1948,712,686,983,1552,719,2414,3,0,3,4,6,22,15,22,13,35,6,9,10,10,4,27,16420,189,1573,0,0,0,0,11,0
2021-01-26T23:59:59+01:00,0,2,241,236,700,1032,751,1451,1011,2221,1087,1883,700,672,960,1536,709,2395,3,0,1,4,5,12,13,12,6,11,3,5,6,7,1,16,16367,105,1209,0,0,0,0,11,0
2021-01-25T23:59:59+01:00,0,2,208,221,647,959,698,1328,968,2072,1028,1746,652,616,882,1441,665,2322,3,0,1,4,5,12,13,12,6,11,3,5,6,7,1,16,16135,105,309,0,0,0,0,11,0
2021-01-24T23:59:59+01:00,0,2,191,215,621,947,679,1314,950,2056,1013,1736,644,610,872,1421,656,2309,3,0,1,4,5,11,12,12,5,11,3,5,6,7,1,16,15961,102,264,0,0,0,0,11,0
2021-01-23T23:59:59+01:00,0,2,191,215,621,947,679,1314,950,2056,1013,1736,644,610,872,1421,656,2309,3,0,1,4,5,11,10,12,5,11,3,5,6,7,1,16,15961,100,264,0,0,0,0,11,0
2021-01-22T23:59:59+01:00,0,2,144,197,563,937,661,1299,916,2046,1000,1725,639,609,871,1421,656,2309,3,0,0,4,5,11,10,12,5,11,3,5,6,7,1,16,15720,99,264,0,0,0,0,11,0
2021-01-21T23:59:59+01:00,0,2,139,189,548,913,639,1258,883,1992,978,1677,625,588,859,1389,649,2290,3,0,0,4,4,11,9,12,5,11,3,5,6,7,1,15,15343,96,264,0,0,0,0,11,0
2021-01-20T23:59:59+01:00,0,2,134,173,501,847,616,1177,820,1882,941,1606,604,571,842,1366,639,2262,3,0,0,4,4,11,9,12,5,11,3,5,6,7,1,15,14710,96,262,0,0,0,0,11,0
2021-01-19T23:59:59+01:00,0,2,123,154,429,760,553,1043,736,1691,840,1444,556,521,743,1206,562,2008,3,0,0,4,4,9,9,12,5,11,3,5,6,7,1,15,13167,94,193,0,0,0,0,11,0
2021-01-18T23:59:59+01:00,0,2,104,122,360,606,462,869,605,1423,714,1235,488,455,659,1045,495,1736,1,0,0,1,0,1,0,0,0,0,0,0,0,1,0,0,11286,4,83,0,0,0,0,11,0
2021-01-17T23:59:59+01:00,0,2,100,120,356,600,460,864,603,1404,706,1225,483,444,632,1014,478,1694,1,0,0,1,0,1,0,0,0,0,0,0,0,1,0,0,11092,4,82,0,0,0,0,11,0
2021-01-16T23:59:59+01:00,0,2,100,117,354,592,457,859,592,1391,695,1213,466,429,535,885,416,1595,0,0,0,1,0,1,0,0,0,0,0,0,0,0,0,0,10684,2,3,0,0,0,0,11,0
2021-01-15T23:59:59+01:00,0,2,99,115,349,590,451,855,586,1384,678,1197,450,411,527,873,408,1572,0,0,0,0,0,0,0,0,0,0,0,0,0,0,0,0,10535,0,1,0,0,0,0,11,0
2021-01-14T23:59:59+01:00,0,0,81,93,291,488,372,691,467,1129,557,1012,370,327,412,715,335,1332,0,0,0,0,0,0,0,0,0,0,0,0,0,0,0,0,8661,0,0,0,0,0,0,11,0
2021-01-13T23:59:59+01:00,0,0,67,70,207,370,296,513,352,846,430,718,256,228,303,536,252,1023,0,0,0,0,0,0,0,0,0,0,0,0,0,0,0,0,6457,0,0,0,0,0,0,10,0
2021-01-12T23:59:59+01:00,0,0,45,47,126,218,182,319,211,538,285,447,161,145,196,351,172,686,0,0,0,0,0,0,0,0,0,0,0,0,0,0,0,0,4129,0,0,0,0,0,0,0,0
2021-01-11T23:59:59+01:00,0,0,11,15,42,60,42,94,60,119,94,134,65,58,83,103,49,223,0,0,0,0,0,0,0,0,0,0,0,0,0,0,0,0,1252,0,0,0,0,0,0,0,0
2021-01-10T23:59:59+01:00,0,0,11,15,29,49,35,76,51,110,81,124,57,54,77,93,46,209,0,0,0,0,0,0,0,0,0,0,0,0,0,0,0,0,1117,0,0,0,0,0,0,0,0
2021-01-09T23:59:59+01:00,0,0,11,14,26,48,35,76,50,109,79,121,56,53,76,92,45,208,0,0,0,0,0,0,0,0,0,0,0,0,0,0,0,0,1099,0,0,0,0,0,0,0,0
2021-01-08T23:59:59+01:00,0,0,7,7,26,42,33,73,47,107,78,120,53,49,71,87,41,208,0,0,0,0,0,0,0,0,0,0,0,0,0,0,0,0,1049,0,0,0,0,0,0,0,0
2021-01-07T23:59:59+01:00,0,0,5,1,9,21,15,39,28,77,34,82,32,27,47,74,28,162,0,0,0,0,0,0,0,0,0,0,0,0,0,0,0,0,681,0,0,0,0,0,0,0,0
2021-01-06T23:59:59+01:00,0,0,5,0,4,8,10,31,25,43,19,52,26,24,34,51,19,120,0,0,0,0,0,0,0,0,0,0,0,0,0,0,0,0,471,0,0,0,0,0,0,0,0
2021-01-05T23:59:59+01:00,0,0,5,0,4,8,10,31,25,43,19,52,26,24,34,50,19,120,0,0,0,0,0,0,0,0,0,0,0,0,0,0,0,0,470,0,0,0,0,0,0,0,0
2021-01-04T23:59:59+01:00,0,0,4,0,1,3,4,12,13,12,5,12,3,5,6,8,1,17,0,0,0,0,0,0,0,0,0,0,0,0,0,0,0,0,106,0,0,0,0,0,0,0,0
2021-01-03T23:59:59+01:00,0,0,3,0,1,3,4,10,12,12,5,12,3,5,6,8,1,16,0,0,0,0,0,0,0,0,0,0,0,0,0,0,0,0,101,0,0,0,0,0,0,0,0
2021-01-02T23:59:59+01:00,0,0,3,0,1,3,4,10,10,12,5,12,3,5,6,8,1,16,0,0,0,0,0,0,0,0,0,0,0,0,0,0,0,0,99,0,0,0,0,0,0,0,0
2021-01-01T23:59:59+01:00,0,0,3,0,0,3,4,10,10,12,5,12,3,5,6,7,1,16,0,0,0,0,0,0,0,0,0,0,0,0,0,0,0,0,97,0,0,0,0,0,0,0,0
2020-12-31T23:59:59+01:00,0,0,3,0,0,3,4,10,9,12,5,12,3,5,6,7,1,16,0,0,0,0,0,0,0,0,0,0,0,0,0,0,0,0,96,0,0,0,0,0,0,0,0
2020-12-30T23:59:59+01:00,0,0,3,0,0,3,4,10,9,12,5,12,3,5,6,7,1,16,0,0,0,0,0,0,0,0,0,0,0,0,0,0,0,0,96,0,0,0,0,0,0,0,0
2020-12-29T23:59:59+01:00,0,0,3,0,0,3,4,8,9,12,5,12,3,5,6,7,1,16,0,0,0,0,0,0,0,0,0,0,0,0,0,0,0,0,94,0,0,0,0,0,0,0,0
2020-12-28T23:59:59+01:00,0,0,3,0,0,3,4,8,9,12,5,12,3,5,6,7,1,16,0,0,0,0,0,0,0,0,0,0,0,0,0,0,0,0,94,0,0,0,0,0,0,0,0
2020-12-27T23:59:59+01:00,0,0,1,0,0,0,0,0,0,0,0,0,0,0,1,3,0,7,0,0,0,0,0,0,0,0,0,0,0,0,0,0,0,0,12,0,0,0,0,0,0,0,0
