Datum,<15_1_m,<15_1_w,15-24_1_m,15-24_1_w,25-34_1_m,25-34_1_w,35-44_1_m,35-44_1_w,45-54_1_m,45-54_1_w,55-64_1_m,55-64_1_w,65-74_1_m,65-74_1_w,75-84_1_m,75-84_1_w,>84_1_m,>84_1_w,<15_2_m,<15_2_w,15-24_2_m,15-24_2_w,25-34_2_m,25-34_2_w,35-44_2_m,35-44_2_w,45-54_2_m,45-54_2_w,55-64_2_m,55-64_2_w,65-74_2_m,65-74_2_w,75-84_2_m,75-84_2_w,>84_2_m,>84_2_w,bp_1,bp_2,mo_1,mo_2,az_1,az_2,ja,unb_1,unb_2
2021-11-15T23:59:59+01:00,5120,4766,29286,27548,38564,35511,37427,36876,42175,42250,44976,44738,28778,32050,20418,25599,6398,10798,3851,3593,24825,23736,34021,31150,33933,33499,39029,39012,42291,42280,27737,30845,19753,24657,6133,10256,366887,332559,46580,44513,77606,71340,22143,69,46
2021-11-14T23:59:59+01:00,5087,4737,29217,27484,38472,35418,37375,36825,42131,42199,44939,44704,28769,32034,20409,25584,6396,10792,3843,3583,24798,23719,33989,31113,33909,33477,39011,38990,42276,42266,27727,30838,19747,24648,6132,10256,366195,332296,46573,44504,77606,71340,22136,69,46
2021-11-13T23:59:59+01:00,5028,4697,29074,27382,38357,35281,37267,36749,42059,42129,44899,44667,28757,32020,20405,25583,6394,10790,3839,3580,24762,23699,33970,31093,33889,33455,38991,38972,42268,42259,27723,30836,19746,24648,6132,10255,365197,332108,46552,44502,77606,71340,22121,69,46
2021-11-12T23:59:59+01:00,4924,4608,28720,27077,38093,35030,37084,36536,41911,41975,44782,44576,28726,31998,20399,25569,6393,10790,3821,3550,24659,23617,33864,31001,33799,33380,38922,38925,42220,42226,27708,30820,19740,24643,6131,10255,363002,331370,46470,44474,77606,71340,22051,69,46
2021-11-11T23:59:59+01:00,4805,4476,28430,26808,37806,34734,36862,36314,41734,41804,44649,44463,28685,31943,20385,25549,6387,10779,3787,3507,24554,23524,33777,30889,33691,33299,38847,38848,42158,42173,27689,30799,19730,24629,6130,10253,360550,330482,46405,44427,77606,71340,21989,69,46
2021-11-10T23:59:59+01:00,4748,4415,28286,26704,37682,34590,36755,36211,41666,41726,44580,44390,28672,31923,20376,25536,6382,10768,3773,3488,24512,23484,33726,30837,33646,33264,38815,38817,42133,42143,27671,30789,19720,24619,6127,10242,359405,330044,46374,44415,77606,71339,21962,69,46
2021-11-09T23:59:59+01:00,4682,4356,28045,26499,37458,34382,36605,36077,41538,41604,44501,44319,28652,31893,20361,25515,6379,10761,3756,3466,24447,23427,33648,30761,33600,33220,38776,38775,42095,42113,27661,30764,19708,24606,6124,10234,357721,329495,46316,44379,77605,71339,21922,69,46
2021-11-08T23:59:59+01:00,4624,4307,27825,26321,37209,34183,36427,35942,41418,41496,44405,44239,28619,31858,20350,25501,6376,10758,3741,3447,24383,23376,33593,30709,33566,33178,38741,38731,42061,42074,27645,30749,19694,24594,6123,10227,356021,328986,46272,44364,77605,71339,21897,69,46
2021-11-07T23:59:59+01:00,4587,4273,27627,26168,36998,33997,36286,35798,41298,41396,44320,44180,28602,31841,20342,25493,6374,10750,3734,3439,24345,23348,33538,30670,33539,33152,38714,38706,42039,42049,27640,30737,19688,24587,6121,10224,354588,328699,46237,44349,77605,71339,21837,69,46
2021-11-06T23:59:59+01:00,4567,4257,27578,26130,36935,33957,36257,35780,41261,41380,44295,44157,28598,31839,20336,25491,6374,10748,3733,3436,24339,23344,33531,30666,33536,33148,38709,38704,42036,42048,27637,30737,19686,24585,6120,10223,354226,328663,46225,44349,77605,71339,21821,69,46
2021-11-05T23:59:59+01:00,4472,4159,27327,25936,36703,33723,36052,35621,41132,41243,44214,44087,28583,31822,20333,25479,6372,10747,3716,3415,24273,23307,33479,30618,33484,33112,38669,38666,42010,42028,27626,30731,19682,24578,6118,10221,352503,328294,46080,44301,77605,71339,21753,69,46
2021-11-04T23:59:59+01:00,4396,4109,27100,25769,36478,33512,35870,35497,41010,41128,44128,44023,28562,31807,20324,25468,6370,10744,3684,3366,24180,23193,33375,30504,33403,33032,38604,38600,41946,41971,27607,30706,19672,24566,6113,10212,350939,327420,46022,44264,77605,71339,21665,69,46
2021-11-03T23:59:59+01:00,4377,4078,27038,25713,36392,33432,35798,35460,40952,41083,44091,43994,28555,31796,20318,25462,6369,10744,3658,3336,24146,23152,33342,30461,33367,33008,38584,38574,41921,41950,27592,30688,19666,24557,6108,10207,350323,327019,46003,44257,77605,71338,21657,69,46
2021-11-02T23:59:59+01:00,4343,4037,26819,25575,36159,33261,35636,35348,40818,40983,44009,43926,28530,31779,20307,25453,6368,10740,3629,3309,24044,23073,33230,30385,33300,32958,38523,38520,41876,41918,27572,30667,19650,24546,6106,10200,348934,326355,45952,44231,77605,71338,21536,69,46
2021-11-01T23:59:59+01:00,4301,4000,26730,25512,36044,33187,35559,35302,40747,40932,43971,43907,28523,31770,20303,25452,6367,10739,3611,3273,23997,23024,33175,30350,33265,32928,38484,38495,41850,41892,27562,30660,19644,24537,6105,10198,348246,325949,45926,44214,77605,71336,21505,69,46
2021-10-31T23:59:59+01:00,4301,4000,26726,25512,36042,33187,35559,35302,40746,40932,43970,43906,28522,31770,20303,25452,6367,10739,3611,3273,23997,23024,33175,30350,33265,32928,38483,38495,41849,41892,27562,30660,19644,24537,6105,10198,348238,325948,45925,44214,77605,71336,21504,69,46
2021-10-30T23:59:59+02:00,4298,3998,26715,25507,36028,33179,35553,35298,40737,40928,43962,43906,28521,31770,20303,25451,6367,10738,3611,3273,23993,23021,33172,30350,33265,32925,38482,38494,41848,41892,27562,30660,19644,24537,6105,10198,348161,325932,45925,44214,77605,71336,21504,69,46
2021-10-29T23:59:59+02:00,4274,3979,26573,25412,35843,33060,35439,35227,40637,40859,43916,43881,28518,31760,20302,25449,6367,10738,3599,3265,23939,22984,33119,30295,33217,32890,38441,38456,41822,41874,27557,30652,19639,24530,6104,10198,347234,325544,45869,44194,77605,71335,21462,69,46
2021-10-28T23:59:59+02:00,4242,3937,26402,25283,35646,32926,35292,35127,40540,40784,43852,43840,28507,31748,20293,25442,6366,10736,3570,3229,23851,22898,33034,30202,33154,32839,38386,38406,41774,41845,27546,30637,19631,24520,6100,10191,346145,324923,45794,44154,77605,71335,21355,69,46
2021-10-27T23:59:59+02:00,4216,3913,26362,25250,35602,32881,35251,35077,40504,40756,43828,43822,28504,31741,20291,25436,6362,10734,3555,3210,23804,22858,32987,30163,33129,32812,38375,38382,41763,41825,27537,30621,19623,24513,6099,10189,345724,324564,45784,44148,77605,71334,21353,69,46
2021-10-26T23:59:59+02:00,4173,3884,26224,25135,35458,32777,35157,34999,40434,40707,43787,43800,28493,31730,20286,25430,6359,10732,3527,3197,23738,22775,32909,30093,33083,32762,38320,38343,41724,41802,27529,30611,19618,24504,6098,10187,344867,324053,45755,44116,77605,71331,21274,69,46
2021-10-25T23:59:59+02:00,4164,3876,26210,25117,35425,32754,35130,34985,40420,40700,43783,43796,28492,31729,20285,25430,6359,10732,3522,3190,23734,22769,32890,30074,33080,32756,38313,38339,41723,41799,27528,30610,19618,24501,6098,10187,344714,323989,45746,44108,77605,71330,21258,69,46
2021-10-24T23:59:59+02:00,4153,3871,26187,25087,35392,32726,35100,34961,40406,40682,43771,43787,28491,31725,20284,25428,6359,10732,3512,3181,23720,22752,32879,30065,33068,32748,38304,38330,41715,41791,27522,30607,19618,24496,6098,10186,344478,323850,45738,44108,77604,71330,21258,69,46
2021-10-23T23:59:59+02:00,4153,3871,26185,25083,35387,32725,35096,34958,40403,40680,43769,43787,28491,31725,20284,25428,6359,10732,3512,3181,23720,22751,32878,30065,33066,32748,38303,38329,41715,41791,27522,30607,19618,24496,6098,10186,344452,323844,45738,44108,77604,71330,21258,69,46
2021-10-22T23:59:59+02:00,4132,3839,26089,25011,35277,32628,35003,34896,40327,40638,43728,43760,28484,31720,20281,25421,6359,10731,3474,3152,23661,22688,32814,30009,33014,32710,38266,38298,41681,41766,27515,30599,19614,24493,6097,10185,343734,323357,45704,44085,77604,71330,21218,69,46
2021-10-21T23:59:59+02:00,4066,3792,25983,24918,35151,32513,34903,34825,40256,40582,43668,43724,28472,31706,20274,25415,6359,10729,3287,3000,23517,22535,32719,29918,32943,32642,38207,38244,41630,41726,27497,30580,19598,24476,6092,10176,342830,322197,45678,44053,77603,71330,21161,69,46
2021-10-20T23:59:59+02:00,4057,3775,25951,24888,35101,32466,34867,34792,40234,40560,43648,43710,28467,31701,20270,25410,6354,10725,3253,2972,23477,22495,32677,29885,32915,32614,38181,38214,41608,41704,27482,30568,19588,24465,6089,10172,342490,321795,45670,44039,77603,71330,21149,69,46
2021-10-19T23:59:59+02:00,4038,3749,25880,24843,35046,32419,34828,34753,40200,40533,43627,43696,28463,31696,20262,25401,6349,10722,3149,2858,23358,22385,32598,29817,32875,32571,38154,38170,41577,41680,27467,30551,19579,24458,6082,10167,342072,321003,45646,43998,77603,71329,21120,69,46
2021-10-18T23:59:59+02:00,4029,3731,25840,24817,35015,32381,34809,34739,40182,40519,43617,43682,28456,31689,20252,25394,6348,10722,3120,2840,23310,22347,32566,29774,32851,32535,38128,38150,41557,41657,27460,30544,19572,24449,6079,10163,341810,320640,45638,43980,77603,71329,21107,69,46
2021-10-17T23:59:59+02:00,4022,3719,25824,24811,35002,32369,34800,34734,40179,40515,43612,43674,28455,31685,20252,25389,6347,10720,3031,2761,23270,22320,32555,29760,32845,32525,38124,38143,41556,41648,27459,30541,19571,24447,6077,10163,341698,320335,45638,43980,77603,71329,21106,69,46
2021-10-16T23:59:59+02:00,4022,3719,25824,24811,35002,32369,34800,34734,40178,40514,43612,43674,28454,31684,20252,25388,6347,10719,3030,2759,23269,22320,32555,29760,32845,32524,38122,38142,41555,41647,27458,30541,19571,24446,6076,10161,341693,320321,45638,43980,77603,71329,21105,69,46
2021-10-15T23:59:59+02:00,4012,3710,25786,24780,34970,32343,34777,34711,40159,40502,43601,43667,28450,31681,20249,25385,6345,10715,2999,2734,23208,22248,32498,29710,32813,32476,38093,38115,41535,41630,27450,30534,19568,24442,6076,10157,341459,319862,45622,43953,77602,71329,21096,69,46
2021-10-14T23:59:59+02:00,3992,3680,25713,24720,34905,32276,34731,34675,40125,40469,43570,43652,28442,31672,20243,25381,6342,10710,2955,2677,23125,22162,32435,29615,32761,32419,38035,38072,41496,41593,27432,30519,19560,24433,6073,10156,340974,319178,45601,43908,77602,71329,21057,69,46
2021-10-13T23:59:59+02:00,3977,3657,25682,24699,34878,32245,34711,34660,40111,40447,43552,43632,28434,31666,20239,25372,6336,10703,2934,2656,23092,22122,32409,29576,32750,32384,38015,38052,41480,41581,27425,30505,19553,24426,6073,10151,340687,318857,45596,43900,77602,71329,21052,69,46
2021-10-12T23:59:59+02:00,3960,3636,25631,24647,34818,32181,34678,34630,40082,40420,43532,43619,28421,31651,20235,25363,6330,10696,2906,2622,23004,22024,32310,29486,32706,32336,37958,38014,41455,41544,27400,30492,19546,24416,6070,10141,340257,318165,45578,43863,77602,71327,21029,69,46
2021-10-11T23:59:59+02:00,3952,3624,25604,24621,34803,32158,34649,34611,40071,40408,43521,43606,28411,31642,20228,25357,6326,10691,2885,2611,22973,21991,32267,29451,32681,32306,37941,37997,41434,41527,27394,30486,19540,24409,6068,10137,340033,317851,45565,43855,77602,71327,21019,69,46
2021-10-10T23:59:59+02:00,3949,3622,25599,24614,34794,32147,34643,34597,40062,40403,43512,43598,28410,31637,20223,25353,6326,10687,2877,2605,22963,21975,32255,29434,32676,32299,37930,37986,41428,41522,27388,30482,19539,24408,6068,10137,339928,317728,45563,43852,77602,71327,21019,69,46
2021-10-09T23:59:59+02:00,3948,3619,25598,24612,34793,32143,34640,34596,40059,40399,43510,43598,28408,31636,20222,25350,6325,10687,2877,2604,22963,21975,32255,29434,32674,32298,37929,37986,41427,41521,27388,30482,19538,24408,6068,10136,339895,317719,45563,43852,77602,71327,21019,69,46
2021-10-08T23:59:59+02:00,3913,3595,25525,24554,34730,32089,34608,34565,40025,40371,43476,43572,28398,31626,20211,25334,6317,10683,2850,2568,22865,21908,32205,29378,32637,32250,37901,37942,41402,41497,27376,30464,19532,24400,6064,10135,339381,317165,45545,43837,77602,71326,21000,69,46
2021-10-07T23:59:59+02:00,3889,3551,25448,24473,34660,32016,34560,34525,39985,40329,43443,43545,28388,31614,20194,25323,6310,10673,2792,2506,22738,21766,32133,29290,32585,32172,37854,37894,41359,41456,27356,30446,19516,24386,6057,10123,338784,316289,45518,43811,77602,71325,20958,69,46
2021-10-06T23:59:59+02:00,3875,3531,25412,24429,34620,31977,34534,34495,39966,40312,43424,43527,28381,31605,20182,25305,6306,10661,2777,2489,22705,21724,32102,29253,32563,32142,37838,37869,41340,41441,27346,30436,19506,24374,6055,10119,338409,315948,45515,43808,77602,71325,20952,69,46
2021-10-05T23:59:59+02:00,3853,3512,25355,24366,34550,31903,34495,34456,39947,40276,43386,43504,28371,31593,20162,25285,6301,10632,2740,2447,22627,21604,32010,29162,32508,32078,37796,37828,41310,41412,27330,30426,19496,24364,6045,10109,337894,315245,45493,43782,77600,71323,20896,69,46
2021-10-04T23:59:59+02:00,3830,3490,25307,24321,34504,31867,34460,34423,39920,40255,43366,43483,28363,31584,20154,25268,6292,10618,2725,2437,22582,21558,31981,29113,32479,32054,37776,37810,41284,41396,27319,30410,19487,24355,6041,10099,337481,314894,45482,43768,77600,71320,20878,69,46
2021-10-03T23:59:59+02:00,3821,3487,25292,24314,34494,31860,34452,34416,39914,40245,43360,43479,28359,31582,20151,25259,6291,10611,2720,2431,22568,21547,31973,29103,32465,32045,37769,37804,41276,41392,27317,30405,19483,24349,6036,10093,337367,314769,45481,43766,77600,71320,20875,69,46
2021-10-02T23:59:59+02:00,3821,3487,25292,24314,34493,31860,34452,34416,39913,40245,43360,43479,28359,31582,20151,25259,6291,10611,2719,2431,22568,21547,31973,29103,32465,32045,37769,37804,41276,41392,27317,30405,19483,24349,6036,10093,337365,314768,45481,43766,77600,71320,20875,69,46
2021-10-01T23:59:59+02:00,3802,3469,25243,24248,34426,31791,34390,34375,39878,40220,43330,43461,28355,31575,20149,25257,6289,10608,2676,2389,22468,21458,31921,29032,32415,32003,37731,37756,41251,41375,27310,30400,19479,24344,6035,10091,336925,314206,45454,43739,77598,71318,20825,69,46
2021-09-30T23:59:59+02:00,3770,3428,25142,24126,34316,31708,34310,34312,39803,40158,43275,43412,28339,31556,20138,25249,6286,10597,2614,2337,22346,21340,31839,28928,32355,31932,37681,37708,41211,41349,27281,30388,19476,24331,6033,10086,336109,313410,45412,43714,77593,71318,20747,69,46
2021-09-29T23:59:59+02:00,3752,3408,25114,24079,34285,31680,34284,34286,39784,40136,43254,43394,28330,31548,20133,25243,6280,10590,2607,2323,22318,21309,31816,28908,32335,31908,37664,37691,41195,41337,27276,30377,19471,24322,6032,10082,335781,313163,45408,43710,77593,71318,20734,69,46
2021-09-28T23:59:59+02:00,3724,3376,25027,24007,34203,31611,34234,34236,39735,40096,43218,43362,28314,31529,20125,25231,6276,10581,2586,2297,22224,21235,31750,28835,32288,31861,37630,37648,41170,41311,27255,30362,19469,24313,6029,10080,335212,312658,45374,43680,77593,71317,20642,69,46
2021-09-27T23:59:59+02:00,3701,3352,24984,23979,34166,31571,34211,34206,39714,40062,43197,43341,28306,31519,20118,25226,6272,10575,2567,2283,22188,21203,31718,28795,32262,31840,37608,37630,41150,41298,27246,30357,19466,24309,6028,10076,334874,312391,45364,43664,77592,71317,20606,69,46
2021-09-26T23:59:59+02:00,3548,3248,24926,23944,34156,31563,34204,34203,39708,40056,43191,43335,28305,31517,20116,25225,6271,10574,2556,2276,22172,21184,31714,28788,32258,31836,37600,37623,41144,41292,27243,30353,19463,24307,6027,10075,334469,312285,45364,43663,77592,71316,20601,69,46
2021-09-25T23:59:59+02:00,3547,3248,24925,23944,34156,31563,34204,34203,39706,40055,43190,43335,28305,31516,20116,25225,6271,10574,2556,2275,22170,21181,31714,28788,32256,31835,37597,37621,41144,41292,27243,30352,19463,24307,6027,10075,334463,312270,45364,43663,77591,71316,20601,69,46
2021-09-24T23:59:59+02:00,3523,3216,24843,23868,34043,31484,34136,34140,39649,40008,43156,43309,28291,31505,20113,25219,6270,10572,2520,2244,22084,21092,31620,28724,32211,31798,37541,37582,41124,41270,27231,30341,19460,24304,6026,10075,333936,311813,45331,43650,77590,71315,20424,69,45
2021-09-23T23:59:59+02:00,3351,3065,24705,23720,33953,31394,34059,34080,39591,39955,43098,43265,28274,31491,20105,25207,6267,10570,2470,2200,21970,20988,31551,28647,32159,31742,37505,37548,41089,41236,27217,30321,19453,24288,6025,10072,332894,311192,45303,43632,77590,71313,20299,69,45
2021-09-22T23:59:59+02:00,3328,3040,24669,23665,33921,31361,34036,34041,39562,39939,43075,43240,28264,31482,20101,25196,6267,10565,2455,2188,21940,20957,31514,28609,32141,31713,37482,37533,41066,41225,27207,30315,19450,24284,6025,10071,332543,310927,45294,43628,77588,71312,20263,69,45
2021-09-21T23:59:59+02:00,3200,2907,24472,23507,33777,31261,33971,33957,39493,39891,43054,43198,28245,31462,20092,25190,6259,10558,2391,2157,21802,20819,31403,28504,32064,31635,37427,37485,41034,41191,27196,30303,19442,24269,6022,10066,331483,310150,45255,43600,77588,71311,20104,69,45
2021-09-20T23:59:59+02:00,3176,2885,24426,23461,33729,31221,33941,33924,39462,39860,43030,43173,28240,31452,20088,25184,6259,10554,2383,2145,21764,20777,31357,28457,32041,31599,37397,37466,41021,41182,27185,30296,19433,24262,6020,10059,331117,309841,45240,43593,77588,71309,20056,69,45
2021-09-19T23:59:59+02:00,3172,2883,24416,23455,33721,31213,33933,33917,39457,39845,43021,43172,28239,31451,20088,25182,6259,10554,2379,2141,21757,20770,31353,28449,32037,31598,37390,37458,41013,41181,27185,30296,19432,24261,6020,10059,331040,309786,45240,43592,77587,71309,20047,69,45
2021-09-18T23:59:59+02:00,3172,2883,24416,23455,33721,31213,33933,33917,39457,39845,43021,43172,28239,31451,20088,25182,6259,10554,2379,2141,21757,20770,31353,28446,32035,31598,37390,37458,41013,41181,27185,30296,19432,24260,6020,10059,331040,309780,45240,43592,77587,71309,20047,69,45
2021-09-17T23:59:59+02:00,3145,2845,24311,23340,33616,31112,33857,33849,39387,39791,42986,43145,28225,31443,20086,25175,6257,10552,2332,2098,21677,20692,31280,28383,31972,31551,37350,37424,40993,41167,27177,30281,19430,24253,6020,10058,330388,309327,45199,43572,77586,71309,19885,68,45
2021-09-16T23:59:59+02:00,3095,2797,24198,23208,33520,31004,33789,33745,39341,39730,42932,43096,28199,31422,20070,25164,6254,10544,2292,2056,21572,20594,31197,28308,31905,31485,37327,37368,40959,41128,27166,30261,19423,24245,6018,10057,329566,308720,45161,43562,77586,71303,19731,68,45
2021-09-15T23:59:59+02:00,3072,2784,24157,23161,33489,30960,33774,33714,39312,39701,42914,43078,28189,31411,20064,25159,6253,10542,2279,2041,21535,20552,31165,28262,31879,31462,37295,37334,40936,41101,27152,30252,19416,24237,6018,10053,329236,308361,45148,43561,77585,71301,19701,68,45
2021-09-14T23:59:59+02:00,3032,2752,24049,23018,33346,30821,33689,33629,39255,39650,42863,43028,28171,31395,20055,25151,6249,10537,2260,2016,21451,20470,31075,28173,31814,31400,37246,37292,40892,41074,27142,30232,19407,24229,6016,10050,328423,307837,45113,43554,77584,71297,19506,68,45
2021-09-13T23:59:59+02:00,3014,2732,23998,22965,33299,30763,33656,33579,39230,39619,42832,43004,28165,31381,20050,25149,6247,10533,2245,2000,21399,20422,31030,28122,31784,31368,37223,37272,40878,41052,27136,30226,19403,24225,6015,10049,328039,307537,45097,43541,77584,71294,19432,68,45
2021-09-12T23:59:59+02:00,3010,2725,23994,22957,33293,30758,33647,33573,39225,39616,42829,43002,28163,31379,20049,25148,6247,10532,2242,1997,21383,20413,31020,28104,31765,31360,37217,37265,40872,41046,27131,30225,19401,24222,6015,10047,327971,307415,45097,43541,77583,71292,19432,68,45
2021-09-11T23:59:59+02:00,3008,2724,23992,22955,33291,30757,33645,33572,39225,39614,42828,43002,28160,31377,20049,25148,6247,10532,2241,1995,21379,20412,31019,28101,31765,31360,37217,37263,40871,41045,27129,30225,19401,24222,6015,10047,327951,307398,45097,43541,77583,71292,19431,68,45
2021-09-10T23:59:59+02:00,2966,2682,23860,22827,33161,30641,33543,33495,39150,39530,42780,42961,28144,31360,20044,25140,6246,10530,2204,1957,21264,20309,30907,28008,31675,31305,37152,37221,40825,41012,27121,30215,19395,24212,6013,10046,327208,306855,45077,43522,77583,71291,19128,68,45
2021-09-09T23:59:59+02:00,2916,2643,23679,22679,33050,30511,33442,33393,39078,39457,42739,42913,28116,31343,20035,25134,6244,10528,2150,1900,21143,20179,30815,27910,31599,31209,37089,37165,40777,40964,27097,30199,19386,24203,6009,10043,326305,306103,45053,43503,77581,71288,18898,67,45
2021-09-08T23:59:59+02:00,2895,2612,23638,22628,33020,30472,33426,33365,39058,39436,42724,42898,28110,31334,20032,25129,6243,10528,2139,1888,21109,20148,30784,27894,31584,31184,37071,37142,40766,40950,27091,30194,19381,24198,6008,10042,325990,305876,45047,43499,77580,71287,18868,67,43
2021-09-07T23:59:59+02:00,2842,2557,23489,22483,32901,30364,33351,33279,39002,39372,42679,42864,28092,31317,20028,25124,6242,10525,2084,1847,20974,20014,30668,27807,31509,31118,37023,37090,40728,40921,27074,30169,19375,24187,6007,10040,325237,305224,45022,43477,77579,71282,18609,67,43
2021-09-06T23:59:59+02:00,2819,2542,23457,22439,32870,30331,33330,33259,38980,39359,42663,42849,28089,31313,20026,25122,6241,10522,2060,1829,20932,19970,30637,27780,31488,31091,37004,37070,40714,40909,27066,30161,19373,24178,6004,10038,324970,304919,45006,43469,77578,71280,18593,67,43
2021-09-05T23:59:59+02:00,2808,2539,23451,22434,32868,30326,33328,33254,38977,39356,42659,42843,28087,31309,20024,25121,6240,10521,2056,1826,20920,19963,30627,27774,31485,31087,37001,37068,40710,40906,27061,30159,19371,24174,6003,10038,324907,304846,45005,43469,77578,71280,18591,67,43
2021-09-04T23:59:59+02:00,2808,2539,23448,22433,32867,30326,33328,33253,38977,39355,42658,42842,28087,31309,20024,25121,6240,10521,2054,1823,20918,19963,30627,27774,31484,31086,37001,37068,40709,40906,27061,30159,19371,24174,6003,10038,324901,304839,45005,43469,77578,71280,18588,67,43
2021-09-03T23:59:59+02:00,2785,2505,23371,22355,32793,30255,33288,33210,38933,39326,42628,42829,28079,31296,20023,25119,6238,10520,2038,1806,20869,19904,30578,27735,31450,31051,36973,37042,40679,40894,27053,30151,19369,24172,6002,10038,324402,304495,44977,43460,77576,71272,18534,67,43
2021-09-02T23:59:59+02:00,2754,2473,23265,22258,32733,30165,33229,33155,38895,39293,42589,42796,28059,31284,20019,25105,6236,10517,2015,1787,20795,19844,30518,27673,31412,31020,36933,37005,40646,40865,27043,30139,19366,24161,6002,10038,323797,304068,44947,43442,77575,71267,18442,67,43
2021-09-01T23:59:59+02:00,2732,2459,23241,22221,32703,30133,33207,33129,38868,39272,42576,42780,28051,31277,20014,25103,6236,10517,1998,1772,20754,19802,30485,27645,31385,30997,36914,36989,40628,40849,27033,30130,19365,24155,6002,10038,323542,303794,44936,43435,77574,71266,18403,67,43
2021-08-31T23:59:59+02:00,2687,2416,23118,22115,32622,30032,33153,33072,38823,39231,42550,42755,28040,31271,20008,25099,6235,10513,1974,1752,20668,19707,30413,27585,31336,30955,36874,36957,40599,40824,27024,30118,19359,24150,6002,10036,322964,303378,44906,43420,77573,71259,18233,67,43
2021-08-30T23:59:59+02:00,2665,2392,23066,22072,32582,29990,33127,33035,38794,39211,42531,42737,28035,31264,20001,25090,6234,10509,1927,1712,20544,19603,30318,27490,31275,30904,36841,36930,40578,40790,27008,30103,19358,24141,6002,10034,322622,302665,44891,43411,77573,71254,18185,67,43
2021-08-29T23:59:59+02:00,2634,2362,22978,22005,32519,29933,33084,33004,38748,39175,42501,42716,28026,31257,19998,25085,6234,10508,1901,1687,20440,19534,30249,27440,31240,30870,36800,36901,40553,40772,26995,30092,19357,24136,6002,10034,322164,302235,44875,43388,77571,71244,18093,67,43
2021-08-28T23:59:59+02:00,2628,2360,22978,22005,32515,29933,33083,33004,38745,39174,42500,42716,28025,31257,19998,25085,6234,10508,1901,1685,20439,19533,30243,27440,31240,30867,36797,36899,40553,40772,26995,30092,19357,24136,6002,10034,322151,302224,44875,43387,77571,71244,18087,67,43
2021-08-27T23:59:59+02:00,2628,2360,22973,22002,32508,29932,33081,33001,38743,39172,42496,42716,28024,31257,19998,25085,6233,10508,1900,1684,20433,19532,30235,27439,31238,30865,36794,36898,40551,40772,26995,30092,19357,24135,6002,10034,322132,302209,44875,43387,77571,71242,18075,67,43
2021-08-26T23:59:59+02:00,2545,2276,22785,21796,32375,29790,32962,32894,38655,39084,42430,42647,27999,31224,19985,25067,6232,10502,1814,1603,20164,19262,30095,27274,31095,30738,36685,36804,40465,40698,26953,30051,19338,24111,5996,10032,320911,300698,44855,43363,77570,71226,17848,67,43
2021-08-25T23:59:59+02:00,2539,2268,22765,21771,32364,29768,32948,32879,38643,39069,42419,42641,27994,31221,19978,25061,6229,10500,1803,1594,20116,19218,30059,27244,31074,30701,36660,36772,40446,40682,26940,30038,19335,24103,5995,10031,320722,300335,44855,43363,77570,71224,17846,67,43
2021-08-24T23:59:59+02:00,2521,2257,22726,21729,32338,29723,32929,32847,38633,39049,42400,42627,27988,31210,19973,25053,6228,10499,1793,1585,20078,19176,30026,27203,31053,30666,36646,36751,40426,40664,26934,30028,19331,24100,5995,10027,320435,300046,44845,43358,77570,71219,17816,67,43
2021-08-23T23:59:59+02:00,2502,2225,22658,21656,32267,29666,32893,32816,38594,39018,42370,42614,27972,31201,19970,25042,6228,10497,1749,1541,19954,19054,29907,27124,30988,30619,36597,36707,40384,40635,26922,30013,19325,24090,5995,10021,319993,299307,44834,43334,77568,71211,17730,67,43
2021-08-22T23:59:59+02:00,2493,2216,22622,21624,32248,29648,32877,32808,38577,39002,42365,42605,27968,31196,19965,25042,6228,10496,1739,1528,19914,19016,29871,27090,30957,30583,36576,36691,40366,40613,26914,30009,19322,24087,5995,10019,319823,299016,44828,43331,77567,71202,17698,67,43
2021-08-21T23:59:59+02:00,2474,2203,22567,21574,32208,29611,32854,32784,38563,38979,42348,42595,27961,31188,19963,25039,6228,10495,1709,1504,19813,18918,29799,27032,30923,30539,36541,36649,40342,40592,26903,30000,19317,24083,5993,10019,319577,298508,44815,43316,77565,71196,17613,67,43
2021-08-20T23:59:59+02:00,2436,2161,22480,21467,32131,29528,32792,32736,38512,38939,42306,42567,27954,31174,19959,25024,6227,10491,1662,1467,19639,18791,29672,26929,30848,30480,36478,36603,40296,40554,26888,29981,19308,24074,5992,10015,318992,297692,44792,43290,77562,71178,17474,67,43
2021-08-19T23:59:59+02:00,2346,2093,22320,21329,31993,29403,32701,32652,38410,38859,42236,42512,27928,31141,19952,25012,6222,10482,1606,1417,19380,18584,29458,26779,30727,30371,36359,36507,40194,40469,26860,29951,19297,24058,5988,10010,318053,296418,44771,43260,77562,71153,17141,67,43
2021-08-18T23:59:59+02:00,2336,2084,22294,21307,31971,29382,32679,32629,38382,38841,42223,42497,27913,31131,19946,25007,6222,10480,1583,1399,19325,18525,29418,26745,30701,30340,36330,36486,40170,40438,26843,29940,19293,24046,5983,10006,317793,295984,44771,43259,77562,71151,17134,67,43
2021-08-17T23:59:59+02:00,2319,2068,22269,21279,31955,29352,32653,32604,38369,38829,42199,42478,27907,31118,19940,25002,6222,10480,1570,1388,19282,18476,29386,26706,30656,30313,36302,36452,40142,40414,26821,29925,19286,24029,5979,10002,317546,295583,44771,43256,77562,71147,17100,67,43
2021-08-16T23:59:59+02:00,2280,2051,22202,21236,31914,29307,32628,32583,38345,38808,42167,42461,27898,31110,19938,24992,6222,10479,1546,1363,19073,18331,29240,26590,30579,30224,36255,36398,40104,40372,26801,29909,19279,24010,5973,10000,317196,294578,44771,43250,77559,71145,17031,67,43
2021-08-15T23:59:59+02:00,2253,2028,22148,21179,31866,29266,32604,32550,38317,38789,42146,42447,27892,31105,19932,24985,6221,10479,1524,1347,18953,18213,29082,26462,30499,30142,36189,36347,40049,40315,26783,29885,19269,24001,5970,9999,316860,293653,44762,43233,77558,71137,16963,67,43
2021-08-14T23:59:59+02:00,2247,2025,22122,21163,31854,29250,32600,32544,38309,38784,42140,42444,27891,31104,19931,24984,6221,10478,1494,1319,18840,18119,29019,26398,30459,30094,36164,36316,40028,40300,26776,29879,19266,24000,5969,9996,316771,293107,44759,43214,77558,71133,16939,67,43
2021-08-13T23:59:59+02:00,2230,2014,22076,21125,31817,29226,32562,32515,38294,38770,42130,42434,27889,31100,19928,24981,6220,10478,1419,1254,18584,17859,28842,26237,30343,30003,36112,36248,39983,40264,26760,29866,19261,23991,5966,9992,316535,291740,44754,43198,77556,71123,16880,67,43
2021-08-12T23:59:59+02:00,2194,1976,21987,21030,31746,29148,32506,32465,38247,38727,42090,42400,27873,31081,19921,24971,6218,10478,1326,1194,18282,17545,28590,26009,30198,29872,36017,36154,39906,40195,26725,29819,19241,23968,5964,9989,315957,289988,44743,43146,77553,71076,16741,67,43
2021-08-11T23:59:59+02:00,2192,1971,21967,21014,31728,29127,32491,32449,38239,38718,42079,42383,27864,31078,19918,24967,6217,10474,1318,1181,18226,17490,28554,25964,30151,29834,35997,36116,39870,40162,26713,29792,19234,23958,5964,9987,315776,289512,44743,43143,77553,71073,16740,67,43
2021-08-10T23:59:59+02:00,2183,1950,21940,20977,31690,29105,32475,32429,38212,38691,42061,42373,27857,31070,19917,24964,6216,10470,1284,1147,17712,17035,28378,25809,30057,29743,35828,35993,39820,40118,26689,29769,19227,23942,5960,9986,315526,287814,44738,43114,77551,70823,16703,65,43
2021-08-09T23:59:59+02:00,2159,1936,21890,20924,31632,29058,32440,32399,38187,38670,42047,42348,27846,31061,19916,24955,6215,10468,1241,1107,17243,16581,28246,25703,30001,29688,35781,35948,39788,40083,26680,29755,19222,23936,5960,9984,315145,286338,44732,43094,77551,70811,16661,65,43
2021-08-08T23:59:59+02:00,2143,1918,21836,20878,31588,29021,32406,32373,38163,38661,42025,42327,27839,31057,19910,24951,6215,10465,1176,1045,16897,16239,28135,25619,29943,29614,35733,35910,39766,40057,26668,29741,19213,23926,5958,9979,314826,285093,44731,43073,77550,70803,16607,65,43
2021-08-07T23:59:59+02:00,2099,1875,21700,20795,31506,28953,32332,32312,38106,38612,41992,42298,27830,31030,19905,24942,6213,10463,1030,919,16386,15786,27829,25328,29715,29427,35556,35752,39625,39945,26612,29677,19194,23897,5955,9975,314196,282437,44698,42952,77544,70713,16463,65,43
2021-08-06T23:59:59+02:00,2089,1865,21649,20756,31463,28920,32299,32293,38080,38592,41980,42282,27826,31021,19901,24942,6213,10463,911,811,15359,14808,26682,24429,29424,29194,35309,35551,39308,39705,26570,29630,19184,23887,5954,9972,313964,277437,44694,42930,77544,69908,16370,65,43
2021-08-05T23:59:59+02:00,2050,1836,21543,20669,31406,28843,32238,32234,38020,38541,41935,42244,27809,31002,19893,24929,6211,10460,812,705,14468,14061,25655,23646,28707,28676,34776,35116,38990,39459,26503,29550,19152,23853,5951,9962,313405,272531,44671,42878,77543,68408,16182,65,43
2021-08-04T23:59:59+02:00,2030,1817,21471,20618,31361,28774,32204,32192,37984,38519,41898,42215,27796,30986,19888,24916,6209,10456,734,659,14095,13717,25249,23342,28495,28449,34633,34991,38890,39365,26464,29505,19130,23830,5946,9957,312954,270082,44664,42848,77543,68367,16111,65,43
2021-08-03T23:59:59+02:00,2021,1801,21444,20591,31343,28761,32191,32182,37974,38505,41882,42202,27787,30980,19883,24909,6208,10454,714,645,14011,13626,25171,23266,28427,28392,34585,34943,38838,39326,26438,29478,19118,23818,5943,9951,312747,269354,44660,42844,77541,68341,16108,65,43
2021-08-02T23:59:59+02:00,2011,1780,21399,20553,31297,28739,32164,32151,37948,38489,41869,42187,27778,30968,19883,24901,6207,10450,683,615,13808,13416,24466,22716,28143,28168,34437,34831,38760,39262,26411,29446,19110,23814,5943,9949,312456,266934,44657,42830,77541,68113,16058,65,43
2021-08-01T23:59:59+02:00,1991,1763,21347,20506,31248,28699,32137,32132,37929,38470,41848,42170,27772,30961,19880,24893,6207,10450,645,587,13639,13256,24165,22459,27904,27950,34347,34722,38692,39190,26395,29427,19104,23808,5943,9947,312152,265231,44651,42818,77540,68090,15998,65,43
2021-07-31T23:59:59+02:00,1966,1733,21266,20429,31178,28660,32082,32092,37894,38441,41825,42149,27769,30952,19875,24889,6207,10450,373,357,12694,12233,23648,22017,27558,27593,34035,34427,38260,38846,26325,29342,19078,23763,5938,9941,311729,260197,44639,42782,77538,67518,15888,65,43
2021-07-30T23:59:59+02:00,1941,1713,21241,20407,31146,28640,32067,32071,37888,38434,41817,42141,27764,30949,19874,24889,6206,10450,365,350,12607,12160,23324,21726,27281,27381,33816,34262,38098,38711,26301,29324,19076,23755,5938,9939,311538,258777,44638,42774,77538,66959,15861,65,43
2021-07-29T23:59:59+02:00,1872,1644,21009,20168,31004,28492,31963,31958,37797,38344,41723,42081,27736,30924,19861,24870,6199,10441,299,290,11978,11625,22195,20887,26239,26542,32831,33568,37715,38420,26218,29223,19047,23708,5932,9930,310320,253157,44609,42684,77530,65199,15564,65,43
2021-07-28T23:59:59+02:00,1852,1629,20969,20116,30984,28462,31947,31937,37775,38325,41700,42060,27725,30912,19856,24860,6199,10439,255,239,11695,11320,21787,20505,25808,26115,32665,33411,37601,38329,26181,29172,19028,23685,5931,9925,309999,250228,44609,42684,77518,65138,15559,64,43
2021-07-27T23:59:59+02:00,1842,1623,20930,20073,30960,28429,31912,31921,37753,38292,41676,42047,27718,30905,19855,24855,6199,10436,216,216,11448,11103,21583,20315,25662,25994,32552,33303,37512,38245,26150,29134,19018,23673,5928,9921,309762,248741,44609,42649,77517,65065,15476,64,42
2021-07-26T23:59:59+02:00,1816,1587,20804,19942,30852,28328,31853,31858,37698,38223,41633,42016,27692,30887,19844,24841,6193,10433,181,188,11153,10780,21078,19872,25412,25785,32390,33153,37380,38157,26114,29100,19005,23650,5927,9913,308996,246448,44578,42535,77510,64859,15354,64,42
2021-07-25T23:59:59+02:00,1809,1579,20781,19930,30842,28318,31841,31843,37691,38217,41623,42007,27688,30884,19843,24839,6193,10432,169,175,11047,10673,20926,19766,25179,25591,32149,32943,37234,38021,26095,29086,18999,23643,5926,9910,308880,245180,44569,42520,77502,64443,15347,64,42
2021-07-24T23:59:59+02:00,1789,1564,20699,19856,30797,28278,31806,31807,37662,38188,41601,41995,27681,30878,19840,24837,6193,10432,163,170,10984,10618,20850,19703,25107,25530,32096,32912,37204,38000,26089,29081,18997,23641,5926,9910,308529,244810,44558,42497,77498,64376,15256,64,42
2021-07-23T23:59:59+02:00,1734,1529,20506,19710,30638,28163,31720,31733,37595,38136,41562,41952,27670,30861,19835,24831,6192,10427,151,159,10724,10411,20493,19401,24300,24883,31611,32580,36634,37542,26045,29039,18981,23623,5925,9908,307697,241932,44549,42450,77481,62982,15004,64,42
2021-07-22T23:59:59+02:00,1670,1472,20197,19436,30394,27984,31590,31620,37466,38030,41465,41869,27643,30837,19824,24807,6188,10426,114,132,10260,10033,19748,18887,23345,24210,30900,31990,35596,36778,25933,28941,18947,23590,5923,9904,306221,238313,44514,41785,77476,60447,14644,64,42
2021-07-21T23:59:59+02:00,1655,1464,20159,19384,30364,27954,31566,31597,37446,38005,41444,41845,27634,30829,19819,24801,6183,10422,96,111,9950,9701,19289,18435,22471,23443,30565,31657,35361,36580,25851,28844,18916,23537,5915,9894,305893,235570,44505,40094,77474,60275,14636,64,41
2021-07-20T23:59:59+02:00,1648,1458,20125,19357,30332,27930,31541,31577,37430,37987,41432,41833,27619,30814,19819,24794,6183,10419,85,100,9682,9420,18957,18167,22198,23159,30387,31500,35196,36436,25805,28796,18900,23501,5914,9890,305634,233168,44503,40086,77473,60173,14625,64,41
2021-07-19T23:59:59+02:00,1637,1450,20011,19271,30248,27859,31481,31520,37411,37968,41417,41814,27614,30803,19813,24787,6182,10416,78,94,9485,9223,18645,17892,21736,22737,30133,31269,35078,36332,25771,28757,18882,23485,5914,9887,305055,231538,44497,39145,77471,60058,14616,64,41
2021-07-18T23:59:59+02:00,1626,1444,19942,19203,30120,27762,31417,31454,37352,37916,41373,41762,27593,30772,19804,24772,6178,10413,72,86,9374,9107,18475,17741,21544,22548,29964,31070,34964,36231,25739,28734,18871,23467,5914,9881,304269,230278,44497,38841,77468,60016,14606,64,41
2021-07-17T23:59:59+02:00,1625,1440,19935,19201,30120,27761,31417,31450,37347,37914,41368,41760,27592,30771,19803,24772,6178,10413,72,82,9353,9092,18444,17719,21525,22535,29954,31063,34946,36227,25736,28732,18871,23466,5914,9881,304237,230126,44497,38838,77468,60005,14602,64,41
2021-07-16T23:59:59+02:00,1572,1395,19662,18961,30000,27665,31335,31381,37292,37851,41327,41728,27574,30753,19796,24762,6176,10407,71,80,9235,8978,18062,17414,21222,22261,29564,30706,34810,36121,25713,28708,18864,23453,5912,9879,303259,228849,44474,38115,77467,59675,14374,64,40
2021-07-15T23:59:59+02:00,1514,1351,19405,18714,29827,27517,31224,31281,37209,37768,41257,41661,27531,30724,19780,24749,6172,10404,62,68,8870,8674,17157,16592,19667,21033,28644,29784,34186,35539,25545,28527,18808,23403,5906,9867,301981,222733,44434,36654,77459,58754,14151,64,40
2021-07-14T23:59:59+02:00,1500,1338,19375,18678,29802,27491,31200,31249,37197,37754,41238,41654,27523,30717,19771,24742,6171,10401,54,63,8580,8376,16608,15989,19172,20513,28079,29282,33795,35165,25432,28398,18768,23336,5901,9856,301700,218559,44433,36295,77457,58325,14148,64,40
2021-07-13T23:59:59+02:00,1489,1327,19337,18653,29785,27466,31176,31233,37182,37727,41214,41626,27514,30703,19769,24737,6170,10395,36,57,8272,8117,16212,15640,18895,20234,27815,29031,33525,34906,25333,28277,18735,23295,5899,9851,301413,215860,44432,36258,77456,57833,14139,64,40
2021-07-12T23:59:59+02:00,1473,1317,19286,18635,29749,27437,31159,31212,37170,37710,41198,41612,27510,30699,19767,24731,6169,10395,35,52,8011,7905,15932,15361,18195,19684,27498,28710,33113,34544,25164,28080,18676,23221,5893,9846,301148,214571,44431,34327,77456,56851,14131,64,40
2021-07-11T23:59:59+02:00,1463,1309,19254,18604,29722,27405,31142,31181,37162,37689,41184,41600,27501,30690,19765,24731,6168,10394,33,51,7966,7859,15867,15291,18105,19630,27414,28647,32998,34481,25109,28035,18656,23199,5893,9843,300895,213994,44428,34316,77454,56603,14124,64,40
2021-07-10T23:59:59+02:00,1334,1193,18748,18183,29269,27102,30857,30948,36915,37528,40980,41450,27427,30630,19739,24699,6165,10391,32,51,7836,7789,15578,15153,17886,19480,27170,28505,32831,34365,25043,27989,18640,23186,5892,9843,298675,213572,44292,34193,77425,56361,13103,64,40
2021-07-09T23:59:59+02:00,1323,1187,18720,18152,29248,27085,30844,30935,36904,37516,40969,41441,27423,30626,19737,24695,6165,10390,29,49,7794,7744,15507,15086,17821,19386,26948,28275,32581,34152,24979,27926,18618,23160,5892,9840,298529,213287,44273,34189,77424,55200,13071,64,40
2021-07-08T23:59:59+02:00,1245,1105,18453,17937,29097,26932,30705,30814,36801,37413,40870,41363,27389,30592,19718,24676,6160,10384,24,45,7628,7609,15210,14839,17390,19026,26256,27671,32306,33884,24810,27768,18559,23097,5889,9832,297253,212150,44216,32767,77416,54180,12706,64,40
2021-07-07T23:59:59+02:00,1146,1013,18142,17614,28895,26747,30575,30689,36689,37291,40763,41276,27354,30543,19704,24660,6157,10381,21,37,7432,7398,14768,14473,16923,18581,25502,27058,31897,33502,24541,27442,18465,23004,5880,9823,295678,209230,44165,31930,77406,53220,12327,64,40
2021-07-06T23:59:59+02:00,1123,996,18064,17546,28850,26697,30525,30642,36653,37256,40728,41245,27337,30517,19693,24646,6155,10378,14,31,7215,7168,14421,14111,16571,18231,24749,26411,31595,33238,24351,27228,18417,22933,5873,9816,295100,207161,44161,30523,77403,52325,12324,64,40
2021-07-05T23:59:59+02:00,1081,968,17988,17483,28805,26638,30485,30607,36628,37211,40700,41219,27331,30503,19687,24640,6155,10373,4,18,6986,6982,14116,13841,16219,17868,24191,25899,31022,32671,24070,26930,18309,22793,5865,9806,294608,205664,44159,28421,77399,51192,12273,64,40
2021-07-04T23:59:59+02:00,1059,952,17916,17433,28767,26615,30462,30578,36619,37202,40685,41207,27325,30492,19682,24637,6155,10372,4,18,6961,6963,14063,13788,16142,17807,24107,25842,30868,32579,23977,26841,18277,22752,5863,9802,294291,205268,44159,28411,77388,50678,12257,64,40
2021-07-03T23:59:59+02:00,645,581,16178,15717,27606,25695,29668,29856,35977,36590,40184,40776,27167,30325,19617,24549,6146,10355,4,18,6572,6724,13552,13489,15745,17503,23746,25564,30560,32383,23878,26745,18245,22712,5859,9798,286774,204968,44120,28334,77305,50385,9370,64,40
2021-07-02T23:59:59+02:00,606,542,16048,15572,27449,25546,29587,29797,35947,36561,40165,40763,27161,30316,19614,24546,6146,10355,4,18,6525,6650,13478,13393,15658,17372,23602,25378,30406,32218,23686,26534,18156,22634,5857,9795,285871,204284,44120,28175,77304,49502,9363,64,40
2021-07-01T23:59:59+02:00,548,494,15868,15417,27235,25390,29509,29717,35892,36509,40100,40717,27140,30298,19603,24533,6144,10351,4,17,6378,6518,13130,13119,15129,16933,22331,24387,29646,31534,23405,26244,18037,22499,5850,9779,284676,200739,44116,26497,77291,48347,9319,64,38
2021-06-30T23:59:59+02:00,518,474,15763,15310,27126,25303,29441,29643,35835,36457,40058,40682,27124,30267,19592,24516,6140,10351,3,15,6183,6337,12698,12731,14558,16385,21706,23788,29051,31003,22987,25777,17906,22316,5843,9767,283851,196473,44113,26472,77283,46781,9290,64,38
2021-06-29T23:59:59+02:00,462,423,15014,14642,26862,25085,29343,29544,35755,36374,39989,40633,27105,30242,19584,24503,6140,10349,3,13,6070,6209,12439,12469,14162,15991,20915,23163,28465,30449,22539,25253,17753,22141,5835,9757,281360,193322,44109,25962,77274,45061,9243,64,38
2021-06-28T23:59:59+02:00,426,392,14390,14006,26703,24981,29270,29478,35695,36307,39946,40599,27087,30222,19576,24492,6140,10345,2,13,6002,6113,12261,12329,13975,15815,20289,22612,28063,30076,22203,24896,17624,21978,5830,9752,279429,191640,44106,25298,77269,43669,9188,64,38
2021-06-27T23:59:59+02:00,349,325,14044,13633,26640,24923,29231,29441,35673,36285,39928,40585,27076,30215,19573,24488,6139,10344,2,13,5964,6069,12145,12213,13829,15685,19735,22134,27452,29574,21926,24557,17503,21854,5826,9751,278314,190799,44102,23769,77259,42472,9154,64,38
2021-06-26T23:59:59+02:00,348,324,14033,13621,26625,24912,29226,29434,35666,36284,39925,40584,27075,30214,19573,24488,6139,10344,2,13,5959,6067,12134,12211,13823,15682,19722,22122,27407,29539,21779,24427,17463,21798,5825,9749,278241,190776,44099,23765,77259,41990,9153,64,38
2021-06-25T23:59:59+02:00,224,211,12775,12406,25169,23760,28927,29201,35560,36198,39857,40522,27051,30186,19562,24476,6137,10342,2,13,5916,6022,12035,12130,13679,15561,19411,21882,27021,29181,21455,24032,17285,21601,5822,9740,272020,189547,44095,23480,77239,40576,9147,64,38
2021-06-24T23:59:59+02:00,159,157,11800,11574,24049,22880,28563,28848,35409,36032,39742,40416,27012,30137,19551,24452,6135,10338,2,12,5699,5793,11578,11715,13098,14967,17871,20483,25365,27584,20680,23173,16964,21194,5812,9730,266770,184556,44074,19855,77235,38159,9112,64,38
2021-06-23T23:59:59+02:00,123,131,11435,11252,23554,22510,28314,28604,35232,35905,39652,40328,26981,30110,19542,24414,6133,10326,2,12,5624,5682,11365,11500,12798,14618,17477,20073,24615,26814,19885,22422,16770,20940,5804,9714,264156,182202,44064,19236,77230,35606,9033,64,38
2021-06-22T23:59:59+02:00,102,118,11254,11043,23393,22370,28234,28531,35156,35844,39605,40283,26966,30085,19534,24405,6133,10325,1,10,5515,5561,11098,11240,12431,14249,16873,19472,23881,26044,19505,21997,16607,20761,5797,9698,263014,179162,44060,18361,77228,34163,9016,64,38
2021-06-21T23:59:59+02:00,90,106,11003,10859,22559,21704,27982,28302,35088,35781,39542,40241,26949,30066,19528,24395,6133,10324,1,9,5397,5461,10879,11024,12123,13927,16483,19127,23430,25574,19213,21681,16503,20641,5791,9696,260425,177695,44049,17347,77221,32986,8894,64,38
2021-06-20T23:59:59+02:00,84,105,10938,10768,22310,21489,27723,28101,35008,35704,39497,40196,26937,30050,19526,24390,6131,10321,1,8,5356,5409,10791,10922,12028,13824,16286,18942,23159,25333,19112,21574,16450,20583,5785,9692,259135,177380,44047,16285,77215,32735,8817,64,38
2021-06-19T23:59:59+02:00,83,101,10915,10745,22278,21466,27705,28088,34996,35700,39488,40192,26936,30049,19526,24388,6131,10321,1,8,5324,5378,10709,10830,11935,13704,16138,18791,22850,24971,19024,21487,16438,20570,5784,9692,258985,177272,44027,14785,77215,32722,8817,64,38
2021-06-18T23:59:59+02:00,80,99,10867,10694,21965,21141,27446,27869,34941,35663,39455,40169,26927,30040,19525,24385,6131,10319,1,8,5308,5369,10680,10799,11895,13656,16076,18728,22766,24875,18858,21305,16393,20504,5783,9687,257598,176877,44023,14784,77214,32175,8817,64,38
2021-06-17T23:59:59+02:00,71,91,10289,10264,20687,20180,26584,27134,34569,35336,39195,39978,26863,29958,19504,24348,6124,10314,1,8,5113,5229,10302,10545,11449,13254,15394,18116,21395,23551,18399,20813,16229,20332,5779,9673,251811,171561,44002,14210,77201,31362,8411,64,38
2021-06-16T23:59:59+02:00,63,79,9955,9955,20002,19549,25951,26532,34317,35133,39034,39828,26817,29905,19480,24323,6123,10310,1,7,4971,5083,9915,10212,10988,12803,14690,17425,20542,22610,17995,20366,16059,20118,5769,9661,247973,167774,43986,12940,77188,30319,8145,64,37
2021-06-15T23:59:59+02:00,48,73,9711,9710,19702,19304,25724,26334,34185,35024,38938,39747,26785,29869,19473,24308,6118,10306,1,7,4866,4966,9677,9996,10753,12543,14265,16997,19940,22031,17670,19974,15837,19886,5760,9649,246191,165675,43976,11849,77180,29310,7948,64,36
2021-06-14T23:59:59+02:00,44,68,9579,9583,19405,19044,25547,26190,34068,34944,38874,39707,26766,29849,19467,24297,6118,10303,1,7,4786,4902,9489,9857,10577,12407,14005,16780,19623,21736,17504,19816,15735,19752,5759,9645,244986,164209,43974,11847,77176,28636,7653,64,36
2021-06-13T23:59:59+02:00,43,64,9418,9455,19116,18861,25191,25938,33867,34776,38766,39640,26750,29837,19457,24289,6118,10299,0,7,4702,4833,9280,9684,10407,12231,13681,16433,19274,21405,17375,19666,15687,19687,5757,9643,243339,163343,43973,11846,77171,27189,7338,64,36
2021-06-12T23:59:59+02:00,43,64,9408,9437,19104,18848,25191,25933,33867,34773,38763,39639,26750,29837,19457,24289,6118,10299,0,7,4699,4819,9269,9622,10374,12129,13632,16279,19219,21269,17266,19540,15570,19585,5755,9641,243290,163314,43973,11844,77166,26154,7327,64,36
2021-06-11T23:59:59+02:00,38,60,9247,9257,18869,18638,24388,25260,33689,34616,38628,39526,26716,29803,19446,24265,6118,10294,0,7,4621,4709,9048,9363,10114,11831,13109,15725,18242,20369,17080,19342,15530,19541,5752,9638,240365,159280,43971,11843,77161,25565,7297,64,36
2021-06-10T23:59:59+02:00,36,56,8851,8928,18223,18143,23541,24588,33370,34335,38425,39360,26657,29750,19422,24237,6115,10287,0,7,4446,4532,8471,8867,9305,11107,11960,14618,16236,18445,16190,18373,15244,19174,5743,9616,236749,149566,43317,11810,77135,23861,7061,62,36
2021-06-09T23:59:59+02:00,19,38,8399,8425,17393,17421,22393,23545,32883,33866,38137,39139,26549,29645,19374,24178,6105,10274,0,7,4310,4414,8182,8606,9059,10853,11623,14249,15751,17896,15815,17941,15002,18889,5736,9606,232748,147729,41428,11769,77094,21940,6466,47,35
2021-06-08T23:59:59+02:00,11,26,8081,8105,16923,17010,21969,23178,32637,33671,37974,39009,26505,29604,19364,24156,6102,10269,0,7,4192,4333,7928,8354,8753,10508,11261,13902,15108,17190,15352,17418,14740,18610,5731,9588,230020,146015,41396,10652,77084,20226,6047,47,35
2021-06-07T23:59:59+02:00,8,22,7883,7875,16565,16688,21430,22719,32355,33402,37857,38891,26475,29556,19344,24127,6097,10268,0,7,4116,4253,7746,8211,8594,10363,11088,13730,14793,16862,15152,17161,14566,18417,5727,9583,228395,144926,40424,10559,77064,19217,5632,47,35
2021-06-06T23:59:59+02:00,6,19,7776,7767,16431,16541,21235,22513,32128,33175,37721,38785,26448,29531,19332,24110,6097,10262,0,7,4088,4216,7698,8092,8539,10232,10979,13583,14596,16641,14966,16981,14477,18296,5720,9577,227160,144434,40125,10546,77046,18174,5499,47,35
2021-06-05T23:59:59+02:00,6,19,7753,7754,16406,16517,21227,22510,32117,33168,37719,38784,26447,29531,19331,24109,6097,10262,0,7,4077,4175,7683,8026,8525,10100,10964,13411,14577,16536,14931,16926,14468,18286,5720,9576,227055,144348,40125,10546,77045,17574,5485,47,35
2021-06-04T23:59:59+02:00,6,17,7642,7652,16128,16278,20953,22260,31694,32793,37604,38662,26414,29492,19320,24096,6095,10260,0,7,4070,4165,7655,8003,8498,10069,10897,13338,14472,16403,14848,16833,14431,18242,5720,9574,225457,144008,39350,10216,77027,17481,5485,47,35
2021-06-03T23:59:59+02:00,4,17,7387,7420,15250,15488,19319,20870,30781,31867,37098,38199,26282,29356,19275,24044,6089,10242,0,7,4010,4126,7566,7932,8374,9972,10724,13155,13900,15829,14583,16516,14345,18134,5717,9561,218824,141778,37769,10096,77015,17209,5333,47,35
2021-06-02T23:59:59+02:00,4,17,7252,7275,14874,15063,18888,20465,30314,31410,36870,37936,26218,29292,19255,24015,6086,10240,0,7,3980,4096,7504,7846,8286,9877,10583,13024,13452,15397,14458,16333,14315,18096,5714,9556,215746,139982,37338,10002,77014,17176,5329,47,35
2021-06-01T23:59:59+02:00,4,14,6976,7036,14477,14753,18544,20147,29986,31098,36645,37703,26162,29213,19231,23986,6084,10229,0,7,3879,4012,7262,7672,8052,9684,10319,12748,13043,14973,14022,15878,14199,17941,5707,9548,213004,137841,37291,9748,76993,16369,4953,47,35
2021-05-31T23:59:59+02:00,4,14,6815,6848,14254,14519,17842,19546,29643,30757,36353,37439,26069,29115,19204,23933,6074,10217,0,7,3802,3903,7052,7424,7828,9400,9975,12363,12604,14452,13492,15263,13998,17710,5698,9532,211562,134650,35255,9426,76978,15588,4804,47,35
2021-05-30T23:59:59+02:00,4,14,6792,6832,14207,14479,17764,19487,29593,30718,36323,37413,26057,29103,19201,23926,6073,10215,0,7,3758,3831,6893,7210,7680,9164,9767,12042,12347,14098,13371,15092,13932,17627,5695,9525,211264,133911,35242,9324,76920,14041,4728,47,35
2021-05-29T23:59:59+02:00,4,14,6791,6831,14197,14473,17759,19481,29588,30714,36320,37412,26055,29100,19201,23925,6073,10215,0,7,3747,3819,6863,7176,7646,9113,9731,11995,12273,13999,13328,15023,13902,17602,5694,9520,211232,133769,35242,9323,76905,13584,4727,47,35
2021-05-28T23:59:59+02:00,4,14,6781,6818,14180,14461,17743,19460,29575,30701,36309,37392,26052,29096,19199,23921,6073,10215,0,6,3733,3796,6842,7136,7611,9058,9677,11890,12029,13730,13138,14831,13872,17561,5691,9517,211079,132471,35241,9322,76902,13565,4725,47,35
2021-05-27T23:59:59+02:00,4,14,6691,6735,13910,14243,17256,19114,28894,30158,36148,37260,26003,29061,19184,23905,6072,10209,0,6,3610,3633,6554,6883,7236,8749,9179,11332,11319,12832,12584,14259,13741,17367,5683,9505,209990,128941,33796,8991,76861,12338,4167,47,35
2021-05-26T23:59:59+02:00,4,14,6621,6629,13701,14041,17001,18803,28350,29643,35972,37086,25962,29011,19167,23875,6071,10202,0,6,3519,3491,6331,6593,6946,8322,8837,10854,10666,12029,12019,13642,13594,17151,5678,9483,208378,125315,33045,8807,76845,11167,3839,46,33
2021-05-25T23:59:59+02:00,4,14,6540,6533,13494,13819,16738,18591,27625,28996,35879,36989,25938,28981,19155,23859,6066,10201,0,6,3470,3399,6188,6425,6799,8131,8610,10564,10318,11662,11675,13163,13487,16989,5675,9475,207658,123464,31588,8669,76362,10101,3769,45,33
2021-05-24T23:59:59+02:00,4,14,6470,6437,13316,13620,16515,18311,27209,28566,35533,36588,25881,28913,19136,23835,6065,10199,0,6,3457,3378,6128,6344,6753,8047,8550,10468,10246,11563,11500,12929,13439,16897,5666,9454,207127,122832,29355,8619,76355,9611,3730,45,33
2021-05-23T23:59:59+02:00,4,14,6468,6436,13311,13611,16512,18301,27190,28556,35503,36554,25878,28907,19136,23829,6065,10199,0,3,3452,3374,6122,6333,6743,8040,8522,10437,10206,11504,11417,12825,13419,16864,5666,9453,207012,122818,29339,8202,76354,9603,3724,45,33
2021-05-22T23:59:59+02:00,4,14,6461,6433,13303,13599,16506,18296,27186,28554,35500,36548,25878,28907,19136,23829,6065,10199,0,3,3450,3374,6118,6330,6741,8036,8518,10435,10201,11501,11406,12811,13414,16860,5665,9453,206958,122778,29339,8202,76352,9579,3724,45,33
2021-05-21T23:59:59+02:00,4,14,6398,6376,13150,13494,16332,18146,26917,28375,35070,36282,25852,28869,19128,23823,6064,10195,0,3,3441,3364,6085,6308,6711,8002,8478,10386,10146,11452,10886,12097,13273,16700,5662,9448,206269,121014,29214,8199,75309,9544,3652,45,33
2021-05-20T23:59:59+02:00,3,13,6105,6176,12538,13078,15139,17224,25005,26874,34115,35514,25747,28723,19073,23742,6058,10180,0,3,3382,3318,5988,6192,6595,7845,8329,10220,9904,11144,10546,11639,13160,16516,5652,9434,201498,118998,27471,8116,72770,9196,3524,44,33
2021-05-19T23:59:59+02:00,3,13,5897,5934,12027,12617,14434,16518,24056,26056,33488,34909,25630,28631,19038,23682,6050,10168,0,3,3306,3243,5829,6020,6406,7600,8054,9938,9601,10762,10233,11223,13081,16371,5650,9426,195784,117075,27429,7920,72753,8576,3142,43,33
2021-05-18T23:59:59+02:00,3,12,5726,5823,11628,12298,13812,16018,22901,25106,32820,34301,25513,28496,18990,23629,6045,10158,0,3,3264,3211,5712,5909,6239,7440,7848,9724,9401,10522,10057,10970,12934,16147,5640,9417,190831,115905,26917,7851,72709,7870,2779,43,33
2021-05-17T23:59:59+02:00,3,11,5673,5780,11465,12192,13537,15797,22082,24468,32508,33985,25435,28436,18968,23599,6036,10149,0,3,3147,3137,5522,5725,6064,7225,7640,9496,9176,10277,9965,10846,12876,16083,5637,9412,189059,115144,26215,7843,72313,6717,2494,43,33
2021-05-16T23:59:59+02:00,3,11,5644,5760,11402,12135,13452,15717,21466,23918,31895,33456,25395,28392,18958,23584,6035,10149,0,3,3141,3115,5508,5656,6036,7165,7612,9397,9145,10193,9948,10825,12873,16080,5637,9412,188292,115032,24669,7837,71887,6366,2481,43,30
2021-05-15T23:59:59+02:00,3,11,5635,5750,11370,12126,13423,15708,21390,23847,31355,33080,25384,28387,18957,23581,6034,10148,0,3,3128,3100,5489,5614,6022,7090,7568,9281,8906,9938,9915,10794,12839,16029,5637,9411,188241,115027,24656,7699,71239,6000,2010,43,28
2021-05-14T23:59:59+02:00,3,11,5596,5724,11307,12087,13350,15644,20979,23534,30923,32733,25349,28341,18945,23565,6034,10146,0,3,3095,3060,5452,5526,6000,6954,7527,9078,8845,9743,9840,10684,12753,15900,5637,9408,187517,114854,24335,7363,70367,5251,2009,43,28
2021-05-13T23:59:59+02:00,3,10,5441,5569,10925,11790,12636,15057,18791,21788,29376,31264,25122,28098,18877,23493,6032,10143,0,3,3084,3025,5430,5487,5984,6897,7501,9008,8801,9683,9624,10439,12549,15593,5632,9397,183559,114494,20540,6536,68279,5085,1994,43,28
2021-05-12T23:59:59+02:00,2,10,5411,5542,10855,11732,12535,14969,18668,21664,29013,30899,25027,28001,18860,23464,6031,10138,0,3,3083,3020,5424,5481,5974,6884,7476,8993,8762,9629,9435,10205,12317,15268,5629,9390,182607,114210,19902,5664,68276,5079,1993,43,27
2021-05-11T23:59:59+02:00,2,10,5272,5436,10605,11479,12168,14601,18057,21024,28081,29925,24835,27811,18800,23388,6026,10124,0,3,3040,2979,5335,5325,5874,6698,7346,8750,8597,9406,9253,10007,12166,15079,5620,9370,178517,113151,19006,5556,68144,4180,1934,43,27
2021-05-10T23:59:59+02:00,2,9,5147,5361,10389,11288,11908,14345,17731,20690,27658,29516,24727,27703,18761,23341,6018,10120,0,3,2970,2925,5217,5209,5760,6594,7222,8609,8468,9299,9149,9883,12076,14950,5617,9361,176507,112619,18322,5544,67916,3196,1926,43,27
2021-05-09T23:59:59+02:00,2,9,5072,5316,10291,11173,11808,14226,17389,20405,27267,29139,24639,27616,18732,23305,6015,10117,0,3,2902,2894,5071,5168,5583,6551,7054,8580,8339,9263,9136,9873,12058,14930,5617,9361,176113,112543,17041,5535,67415,2369,1909,43,27
2021-05-08T23:59:59+02:00,2,9,5070,5315,10289,11168,11808,14226,17385,20403,27264,29137,24639,27616,18732,23305,6015,10117,0,3,2901,2893,5069,5168,5583,6551,7054,8580,8336,9262,9135,9872,12058,14930,5617,9361,176096,112540,17041,5535,67412,2363,1908,43,27
2021-05-07T23:59:59+02:00,2,9,5037,5289,10221,11116,11678,14102,16984,20130,26627,28580,24590,27565,18715,23273,6009,10087,0,3,2889,2886,5054,5159,5572,6535,7042,8569,8328,9251,9129,9864,12047,14910,5610,9333,175262,112525,17038,5529,65889,2318,1782,43,27
2021-05-06T23:59:59+02:00,1,9,4768,5130,9765,10773,11112,13585,15894,19106,24214,26283,24090,27035,18610,23171,6004,10073,0,3,2846,2838,4987,5082,5531,6443,6959,8451,8199,9099,9028,9749,12023,14859,5607,9330,170222,111984,14588,5473,63000,1778,1772,41,27
2021-05-05T23:59:59+02:00,1,9,4689,5047,9470,10544,10769,13260,15314,18507,23367,25315,23830,26709,18542,23066,5994,10055,0,2,2827,2801,4939,4997,5472,6323,6877,8285,8074,8883,8920,9616,11945,14772,5606,9321,166556,111035,13270,5467,62850,1360,1771,41,27
2021-05-04T23:59:59+02:00,1,9,4605,4955,9297,10345,10558,13018,14925,18111,22817,24747,23618,26436,18470,22986,5986,10041,0,2,2819,2766,4910,4922,5440,6202,6824,8145,7978,8728,8816,9503,11870,14713,5604,9318,164301,110533,12144,5455,62685,791,1754,41,27
2021-05-03T23:59:59+02:00,1,9,4534,4879,9109,10209,10384,12843,14642,17867,22405,24332,23479,26286,18443,22938,5986,10035,0,2,2746,2695,4829,4849,5366,6117,6729,8041,7796,8562,8730,9416,11831,14664,5601,9313,162788,110310,12143,5452,62592,681,817,41,27
2021-05-02T23:59:59+02:00,1,9,4521,4864,9035,10151,10260,12733,14315,17562,22103,24045,23429,26227,18424,22913,5985,10034,0,2,2740,2688,4772,4815,5278,6034,6591,7913,7677,8460,8684,9374,11807,14630,5599,9308,161901,110190,12140,5450,62488,664,41,41,27
2021-05-01T23:59:59+02:00,1,9,4521,4861,9033,10149,10259,12733,14311,17558,22101,24045,23428,26226,18424,22913,5985,10034,0,2,2740,2688,4772,4815,5278,6034,6590,7913,7677,8460,8684,9374,11807,14630,5599,9308,161881,110190,12140,5449,62488,664,41,41,27
2021-04-30T23:59:59+02:00,0,9,4449,4775,8794,9934,9997,12492,13829,17132,21258,23271,23303,26089,18408,22882,5982,10031,0,2,2736,2686,4761,4807,5269,6000,6579,7882,7644,8420,8680,9371,11806,14627,5597,9307,158288,110161,12139,5447,62160,532,7,41,27
2021-04-29T23:59:59+02:00,0,9,4303,4630,8314,9522,9296,11888,12828,16228,19405,21583,22595,25324,18269,22671,5976,10014,0,2,2713,2666,4719,4736,5226,5926,6515,7776,7562,8304,8570,9256,11740,14551,5590,9298,149075,109662,12124,5183,61609,271,7,40,27
2021-04-28T23:59:59+02:00,0,9,4272,4611,8243,9449,9220,11801,12709,16107,19188,21369,22506,25232,18242,22630,5974,10009,0,2,2710,2654,4694,4675,5198,5882,6485,7702,7514,8221,8553,9231,11723,14528,5588,9292,148690,109468,12036,5109,60799,44,6,40,25
2021-04-27T23:59:59+02:00,0,9,4234,4564,8106,9314,9105,11651,12562,15939,18737,20873,22275,24975,18177,22552,5971,10000,0,2,2707,2650,4692,4671,5188,5874,6472,7683,7479,8183,8490,9152,11641,14446,5584,9288,147960,109206,10962,4935,60076,36,6,40,19
2021-04-26T23:59:59+02:00,0,9,4192,4537,7999,9218,8958,11545,12389,15765,18325,20508,22141,24828,18141,22520,5970,9998,0,2,2707,2648,4688,4667,5183,5866,6459,7663,7446,8154,8442,9104,11585,14367,5580,9271,147182,109101,10827,4677,58989,31,5,40,18
2021-04-25T23:59:59+02:00,0,9,4178,4522,7961,9187,8894,11482,12254,15636,17982,20175,21941,24591,18101,22465,5966,9993,0,2,2707,2648,4687,4665,5180,5862,6454,7660,7444,8150,8387,9045,11562,14339,5580,9269,145799,109078,10816,4510,58677,30,5,40,18
2021-04-24T23:59:59+02:00,0,9,4170,4513,7945,9182,8879,11472,12204,15604,17924,20137,21926,24578,18099,22460,5966,9993,0,2,2706,2648,4687,4665,5180,5862,6454,7660,7444,8150,8387,9044,11562,14339,5580,9269,145699,109078,10815,4510,58504,29,5,38,17
2021-04-23T23:59:59+02:00,0,9,4150,4483,7888,9119,8793,11370,11866,15278,17489,19739,21711,24345,18034,22383,5964,9985,0,2,2703,2646,4684,4662,5173,5854,6439,7650,7421,8119,8366,9017,11553,14330,5578,9266,144431,109064,10468,4350,57665,28,4,38,17
2021-04-22T23:59:59+02:00,0,9,4102,4419,7757,8931,8609,11112,11539,14860,16575,18753,21138,23633,17899,22203,5954,9967,0,2,2695,2640,4678,4640,5151,5828,6396,7615,7352,8072,8238,8858,11407,14179,5573,9257,140702,108445,10338,4095,56379,20,4,37,17
2021-04-21T23:59:59+02:00,0,9,4059,4375,7657,8809,8452,10951,11242,14579,15836,17997,20758,23186,17824,22098,5949,9954,0,2,2686,2629,4660,4619,5134,5807,6384,7597,7323,8048,8189,8795,11367,14139,5571,9255,137772,108156,10208,4011,55716,18,4,35,16
2021-04-20T23:59:59+02:00,0,9,4034,4350,7623,8755,8375,10871,11079,14405,15401,17521,20292,22668,17720,21947,5940,9942,0,2,2677,2619,4650,4606,5110,5787,6356,7572,7283,8008,8094,8663,11291,14052,5567,9251,135619,107580,9942,3971,55332,17,4,35,16
2021-04-19T23:59:59+02:00,0,9,4004,4301,7560,8650,8283,10732,10921,14222,15148,17226,19810,22103,17553,21730,5929,9930,0,2,2672,2617,4646,4602,5096,5772,6337,7555,7256,7963,8041,8610,11264,14005,5565,9247,133549,107246,9589,3967,54936,17,4,33,16
2021-04-18T23:59:59+02:00,0,6,3984,4273,7501,8598,8179,10606,10662,13979,14656,16688,19378,21592,17429,21545,5925,9923,0,2,2671,2616,4646,4602,5096,5772,6336,7552,7253,7962,8037,8607,11262,14001,5564,9244,131127,107222,9518,3965,54242,16,4,33,16
2021-04-17T23:59:59+02:00,0,6,3981,4265,7481,8591,8168,10588,10620,13933,14544,16600,19258,21469,17407,21517,5924,9921,0,2,2671,2616,4645,4600,5089,5767,6322,7547,7228,7939,7990,8561,11243,13978,5562,9244,130688,107209,9508,3759,54040,16,4,33,16
2021-04-16T23:59:59+02:00,0,6,3970,4221,7408,8469,8065,10433,10427,13671,13874,15838,18693,20827,17282,21342,5913,9903,0,2,2668,2613,4640,4593,5084,5754,6304,7536,7190,7904,7680,8170,11148,13837,5555,9227,127846,106405,9447,3466,53013,15,3,33,16
2021-04-15T23:59:59+02:00,0,5,3926,4169,7294,8337,7888,10198,10092,13281,13148,14979,17884,19963,17041,21020,5898,9883,0,2,2667,2605,4628,4576,5070,5721,6271,7500,7118,7831,7120,7504,11019,13675,5551,9217,124203,104727,9287,3316,51480,13,3,33,16
2021-04-14T23:59:59+02:00,0,4,3899,4138,7228,8231,7781,10047,9914,13081,12730,14532,17357,19349,16889,20811,5892,9869,0,2,2633,2586,4610,4544,5042,5674,6236,7467,7060,7771,6470,6735,10754,13375,5547,9209,122810,102370,9050,3315,49858,11,3,31,16
2021-04-13T23:59:59+02:00,0,4,3895,4132,7190,8214,7724,10012,9806,13028,12357,14239,16668,18497,16651,20507,5888,9863,0,2,2607,2557,4590,4518,5015,5639,6178,7397,6972,7667,6257,6480,10163,12688,5538,9188,122104,100122,8828,3304,47709,11,3,31,16
2021-04-12T23:59:59+02:00,0,4,3882,4114,7136,8167,7666,9941,9698,12927,12110,14024,16225,17979,16463,20293,5883,9860,0,2,2578,2546,4523,4475,4909,5569,6060,7320,6854,7567,5510,5656,9711,12149,5498,9146,121768,96748,8791,3295,45780,11,3,30,16
2021-04-11T23:59:59+02:00,0,4,3867,4106,7094,8116,7607,9898,9607,12849,11872,13815,15656,17287,16187,19952,5878,9850,0,2,2502,2467,4394,4354,4758,5436,5898,7168,6705,7462,5208,5295,9579,11987,5498,9142,121174,94582,8359,3244,44079,10,3,30,16
2021-04-10T23:59:59+02:00,0,4,3849,4086,7055,8069,7564,9841,9545,12790,11781,13730,15438,17094,16138,19883,5877,9843,0,2,1942,1904,3582,3635,3887,4672,4895,6251,5850,6673,4936,4990,9450,11835,5491,9133,120709,85855,8359,3244,43486,10,3,30,16
2021-04-09T23:59:59+02:00,0,4,3828,4066,7018,8038,7503,9784,9394,12660,11453,13449,14252,15559,15693,19351,5864,9831,0,2,1085,1085,2222,2439,2379,3302,3109,4606,4222,5207,4243,4254,9198,11476,5466,9103,118806,70129,8357,3241,40552,10,2,30,16
2021-04-08T23:59:59+02:00,0,4,3802,4050,6956,7981,7399,9689,9206,12543,11047,13097,13117,14295,15275,18821,5842,9795,0,2,587,597,1300,1734,1476,2376,2008,3517,2847,3818,2993,2849,8376,10470,5308,8866,117539,55860,8274,3238,37075,9,1,30,16
2021-04-07T23:59:59+02:00,0,4,3755,4024,6878,7925,7307,9618,9078,12414,10737,12789,12386,13525,15055,18557,5836,9773,0,2,358,380,950,1388,1070,1990,1499,3054,1898,2813,1808,1560,7468,9320,5152,8607,116574,46054,8121,3238,34937,8,1,28,16
2021-04-06T23:59:59+02:00,0,4,3739,4012,6857,7887,7251,9551,8985,12334,10525,12572,11999,13028,14835,18264,5825,9760,0,2,351,367,940,1377,1056,1968,1471,3026,1839,2754,1729,1491,7048,8759,4999,8368,115301,44285,8022,3236,34079,7,1,25,16
2021-04-05T23:59:59+02:00,0,4,3733,4011,6846,7874,7237,9541,8966,12306,10461,12513,11888,12881,14736,18171,5823,9757,0,2,349,361,930,1373,1050,1959,1461,3005,1817,2720,1675,1438,6817,8450,4874,8182,114963,43204,8000,3235,33760,7,1,24,16
2021-04-04T23:59:59+02:00,0,4,3733,4011,6844,7868,7236,9540,8963,12306,10451,12508,11884,12877,14733,18170,5823,9757,0,2,349,360,928,1372,1049,1957,1460,3004,1815,2717,1672,1433,6810,8437,4869,8179,114957,43156,7999,3233,33727,7,1,24,16
2021-04-03T23:59:59+02:00,0,4,3733,4011,6844,7867,7235,9540,8963,12306,10450,12508,11884,12876,14731,18168,5823,9757,0,2,349,359,926,1368,1047,1956,1459,2999,1813,2717,1666,1421,6767,8355,4834,8143,114953,42925,7999,3233,33723,6,1,24,16
2021-04-02T23:59:59+02:00,0,4,3731,4009,6841,7864,7228,9534,8950,12299,10434,12492,11757,12761,14688,18109,5820,9748,0,2,347,357,924,1362,1041,1945,1444,2974,1772,2679,1571,1335,6000,7456,4393,7573,114826,40241,7993,2911,33425,6,1,24,16
2021-04-01T23:59:59+02:00,0,3,3692,3997,6807,7843,7186,9503,8898,12260,10361,12421,11410,12353,14307,17589,5814,9728,0,2,342,354,907,1348,1029,1924,1412,2929,1712,2612,1447,1237,5052,6332,3824,6732,114423,36266,6577,2906,33147,6,1,24,16
2021-03-31T23:59:59+02:00,0,3,3686,3992,6793,7823,7168,9485,8863,12227,10271,12349,11075,11943,13958,17089,5808,9706,0,2,339,350,899,1338,1018,1908,1392,2901,1662,2575,1380,1184,4458,5642,3461,6254,113839,33907,5567,2833,32808,6,1,24,16
2021-03-30T23:59:59+02:00,0,3,3668,3967,6757,7785,7111,9418,8774,12124,10109,12193,10816,11666,13737,16824,5801,9692,0,2,335,343,894,1327,1010,1902,1369,2894,1634,2549,1353,1158,4339,5520,3399,6159,113024,33530,5317,2634,32081,6,1,22,16
2021-03-29T23:59:59+02:00,0,3,3658,3945,6731,7763,7071,9365,8678,12029,9926,11984,10377,11196,13365,16358,5785,9659,0,2,330,340,890,1316,1004,1894,1360,2883,1620,2540,1331,1144,4204,5376,3302,6026,111349,32912,5011,2628,31510,5,1,22,16
2021-03-28T23:59:59+02:00,0,3,3617,3888,6616,7605,6954,9221,8552,11837,9772,11793,10169,10934,13189,16177,5781,9650,0,2,330,340,890,1314,1002,1893,1359,2883,1619,2538,1322,1141,4171,5333,3276,6000,110977,32867,4745,2525,30014,4,1,21,16
2021-03-27T23:59:59+01:00,0,3,3616,3876,6604,7541,6924,9108,8502,11667,9720,11639,10056,10810,13094,16088,5780,9650,0,2,330,339,890,1314,1002,1890,1359,2881,1615,2537,1320,1139,4145,5298,3263,5985,110967,32764,4745,2524,28944,4,1,21,16
2021-03-26T23:59:59+01:00,0,3,3609,3869,6576,7504,6896,9033,8454,11554,9629,11511,10007,10747,13046,16031,5772,9629,0,2,325,337,889,1311,998,1878,1356,2860,1595,2523,1295,1122,3958,5068,3154,5830,110908,31997,4521,2483,28419,4,1,21,16
2021-03-25T23:59:59+01:00,0,3,3585,3838,6483,7379,6804,8867,8265,11323,9319,11193,9627,10362,12740,15715,5767,9618,0,2,325,336,887,1303,995,1868,1343,2847,1572,2504,1270,1102,3719,4818,2901,5490,110530,30779,4308,2483,26028,3,1,21,16
2021-03-24T23:59:59+01:00,0,3,3527,3786,6393,7195,6680,8641,8100,11085,9092,10868,9211,9871,12322,15256,5756,9607,0,2,325,335,886,1299,990,1866,1336,2843,1556,2488,1261,1092,3652,4744,2716,5264,110012,30155,4169,2483,23190,0,1,21,16
2021-03-23T23:59:59+01:00,0,3,3509,3753,6346,7140,6603,8582,7983,10957,8845,10634,8789,9404,11871,14734,5746,9593,0,2,325,335,885,1289,985,1857,1331,2834,1552,2480,1236,1067,3560,4667,2519,4941,109197,29366,4078,2483,21196,0,0,21,16
2021-03-22T23:59:59+01:00,0,3,3501,3733,6304,7112,6568,8534,7917,10882,8697,10498,8508,9053,11569,14411,5711,9554,0,2,323,330,879,1278,977,1850,1324,2823,1542,2470,1224,1058,3531,4631,2500,4908,108530,29151,4076,2483,19928,0,0,21,16
2021-03-21T23:59:59+01:00,0,3,3499,3731,6300,7102,6550,8518,7900,10863,8641,10440,8388,8936,11499,14308,5708,9551,0,2,321,329,871,1275,970,1843,1315,2821,1537,2466,1220,1054,3522,4616,2485,4898,108444,29047,4074,2483,19398,0,0,21,15
2021-03-20T23:59:59+01:00,0,3,3491,3693,6292,7030,6533,8381,7875,10680,8597,10305,8310,8850,11461,14269,5708,9551,0,2,321,329,871,1275,970,1842,1314,2821,1537,2464,1220,1054,3522,4615,2485,4897,108410,29042,3863,2482,18735,0,0,21,15
2021-03-19T23:59:59+01:00,0,3,3478,3663,6264,6944,6509,8288,7829,10563,8484,10145,7768,8243,11274,14026,5699,9533,0,2,318,328,866,1268,953,1833,1292,2790,1487,2420,1137,986,2850,3819,2066,4315,106790,26233,3562,2482,18340,0,0,21,15
2021-03-18T23:59:59+01:00,0,3,3467,3645,6223,6904,6474,8226,7765,10477,8368,10017,6807,7140,10993,13725,5687,9508,0,2,317,328,862,1263,947,1823,1277,2782,1463,2400,1098,966,2642,3578,1909,4092,103759,25252,3401,2482,18248,0,0,21,15
2021-03-17T23:59:59+01:00,0,3,3429,3607,6153,6821,6419,8122,7674,10345,8237,9860,6120,6290,10708,13410,5670,9481,0,2,316,328,854,1257,942,1810,1263,2760,1444,2373,1060,941,2513,3446,1828,3975,100955,24617,3400,2482,17973,0,0,21,13
2021-03-16T23:59:59+01:00,0,3,3410,3576,6115,6768,6374,8048,7620,10279,8146,9758,5943,6113,9997,12592,5629,9417,0,2,309,317,840,1240,930,1801,1257,2740,1432,2365,1045,921,2298,3198,1691,3777,98674,23670,3387,2480,17706,0,0,21,13
2021-03-15T23:59:59+01:00,0,3,3373,3544,6016,6687,6244,7955,7476,10159,8018,9631,5189,5279,9550,12041,5585,9347,0,2,308,316,836,1236,928,1794,1255,2727,1423,2356,1031,909,2153,3024,1599,3682,95147,23088,3378,2479,17551,0,0,21,12
2021-03-14T23:59:59+01:00,0,3,3249,3403,5737,6343,5971,7597,7160,9743,7732,9314,4858,4890,9389,11842,5581,9332,0,2,308,315,836,1236,927,1794,1253,2726,1421,2353,1029,906,2150,3021,1596,3681,92755,23066,3324,2476,16044,0,0,21,12
2021-03-13T23:59:59+01:00,0,3,2594,2749,4803,5476,4960,6671,5973,8630,6719,8366,4542,4507,9003,11318,5489,9224,0,2,308,314,835,1234,927,1788,1251,2724,1420,2353,1029,905,2126,2984,1565,3645,82095,22922,3324,2476,15587,0,0,21,12
2021-03-12T23:59:59+01:00,0,2,1772,1939,3467,4322,3452,5342,4225,6990,5081,6857,3867,3801,7746,9767,4974,8534,0,2,304,310,833,1230,921,1782,1244,2704,1395,2336,984,878,1769,2518,1291,3283,63241,21296,3321,2476,15555,0,0,21,12
2021-03-11T23:59:59+01:00,0,2,1276,1462,2562,3587,2552,4407,3133,5900,3723,5470,2691,2522,6038,7658,4199,7354,0,2,299,301,817,1222,908,1759,1226,2675,1370,2289,947,858,1610,2283,1164,3093,45940,20335,3319,2476,15256,0,0,21,12
2021-03-10T23:59:59+01:00,0,2,1055,1246,2195,3227,2178,4014,2683,5459,2811,4503,1554,1317,4675,5935,3632,6586,0,2,289,291,799,1202,886,1723,1192,2601,1331,2223,920,839,1428,2092,1067,2917,34878,19423,3318,2367,14856,0,0,20,12
2021-03-09T23:59:59+01:00,0,2,1039,1216,2132,3090,2114,3899,2599,5326,2728,4377,1520,1286,4598,5862,3590,6527,0,2,285,284,785,1181,869,1697,1166,2560,1313,2195,906,827,1351,1968,995,2801,34466,18850,3315,2323,14104,0,0,20,12
2021-03-08T23:59:59+01:00,0,2,1018,1187,2074,2990,2075,3818,2539,5214,2673,4304,1482,1265,4452,5701,3489,6384,0,2,285,280,780,1173,867,1688,1158,2552,1305,2179,881,806,1180,1742,868,2630,33773,18045,3315,2319,13559,0,0,20,12
2021-03-07T23:59:59+01:00,0,2,1013,1168,2034,2944,2033,3777,2500,5149,2632,4267,1477,1262,4445,5693,3486,6384,0,2,285,280,780,1173,867,1688,1158,2552,1304,2179,878,806,1171,1733,859,2619,33739,18044,3309,2278,13198,0,0,20,12
2021-03-06T23:59:59+01:00,0,2,1012,1165,2023,2930,2021,3758,2484,5122,2615,4245,1464,1252,4411,5647,3472,6372,0,2,285,280,780,1173,867,1687,1158,2552,1304,2179,878,806,1171,1733,859,2618,33595,18043,3308,2277,13072,0,0,20,12
2021-03-05T23:59:59+01:00,0,2,1008,1160,2008,2910,1991,3735,2441,5069,2563,4207,1428,1224,4141,5321,3320,6151,0,2,284,277,773,1166,861,1679,1155,2543,1300,2169,864,802,1163,1724,858,2616,32850,17947,2974,2277,12835,0,0,20,12
2021-03-04T23:59:59+01:00,0,2,915,1012,1919,2784,1925,3598,2365,4914,2473,4047,1397,1202,3898,5059,3053,5797,0,2,284,275,771,1161,858,1670,1154,2528,1295,2160,832,786,1150,1714,851,2603,31588,17828,2970,2254,11782,0,0,20,12
2021-03-03T23:59:59+01:00,0,2,868,903,1852,2686,1854,3494,2296,4799,2399,3964,1384,1187,3788,4952,2830,5522,0,2,282,272,770,1150,855,1651,1147,2486,1285,2134,815,782,1142,1693,843,2595,30908,17795,2851,2097,11001,0,0,20,12
2021-03-02T23:59:59+01:00,0,2,824,827,1756,2563,1770,3370,2204,4675,2339,3886,1349,1165,3658,4817,2621,5171,0,2,282,271,769,1144,851,1648,1142,2481,1281,2124,813,780,1127,1672,832,2576,30171,17687,2661,2096,10145,0,0,20,12
2021-03-01T23:59:59+01:00,0,2,801,791,1656,2420,1699,3225,2105,4502,2259,3765,1331,1153,3607,4752,2577,5111,0,2,282,269,765,1140,848,1636,1138,2469,1276,2113,806,777,1122,1660,824,2569,29916,17588,2577,2096,9243,0,0,20,12
2021-02-28T23:59:59+01:00,0,2,795,768,1638,2352,1671,3153,2082,4403,2244,3698,1325,1147,3597,4737,2562,5100,0,2,281,268,765,1139,848,1631,1138,2467,1276,2108,802,775,1114,1647,820,2559,29807,17565,2574,2063,8873,0,0,20,12
2021-02-27T23:59:59+01:00,0,2,780,751,1617,2292,1654,3042,2063,4277,2223,3604,1322,1144,3597,4735,2561,5099,0,2,281,268,765,1139,848,1631,1138,2467,1276,2107,802,775,1104,1641,803,2545,29802,17564,2573,2016,8368,0,0,20,12
2021-02-26T23:59:59+01:00,0,2,652,670,1513,2179,1603,2885,2000,4041,2122,3368,1230,1074,2941,3938,2126,4506,0,2,281,267,764,1137,847,1630,1138,2465,1274,2104,801,771,1086,1628,793,2528,26980,17490,2573,2014,7277,0,0,20,12
2021-02-25T23:59:59+01:00,0,2,504,593,1396,2074,1536,2757,1940,3914,2022,3254,1179,1039,2708,3666,1959,4262,0,2,264,252,740,1116,805,1561,1088,2364,1200,2012,745,750,1053,1590,781,2500,25901,17399,2545,1412,6339,0,0,20,12
2021-02-24T23:59:59+01:00,0,2,474,563,1326,1964,1466,2614,1870,3764,1946,3104,1141,1010,2568,3531,1880,4141,0,2,235,240,715,1070,778,1499,1058,2301,1145,1961,718,727,1006,1560,768,2469,25257,17208,2533,1032,5554,0,0,20,12
2021-02-23T23:59:59+01:00,0,2,419,523,1244,1824,1391,2470,1794,3554,1878,2982,1115,975,2361,3300,1752,3948,0,2,230,234,700,1044,766,1460,1036,2254,1119,1920,709,716,997,1546,765,2465,24317,17116,2524,835,4671,0,0,20,12
2021-02-22T23:59:59+01:00,0,2,406,489,1144,1715,1288,2373,1685,3447,1797,2911,1093,962,2217,3126,1660,3849,0,2,220,225,676,992,735,1398,1010,2160,1076,1838,665,683,927,1466,726,2406,23725,16924,2521,269,3898,0,0,20,12
2021-02-21T23:59:59+01:00,0,2,389,473,1042,1683,1138,2349,1530,3425,1692,2893,1085,960,2216,3125,1660,3849,0,2,193,219,645,984,724,1390,996,2155,1070,1836,662,680,924,1460,718,2398,23695,16790,2521,254,3275,0,0,20,12
2021-02-20T23:59:59+01:00,0,2,388,471,1041,1683,1137,2349,1529,3423,1692,2891,1085,959,2215,3125,1659,3848,0,2,192,217,642,984,721,1389,990,2152,1068,1836,662,680,924,1460,718,2397,23689,16768,2520,254,3268,0,0,20,12
2021-02-19T23:59:59+01:00,0,2,383,461,1029,1679,1127,2339,1515,3404,1659,2876,1034,930,1839,2618,1357,3455,0,2,169,207,616,980,704,1381,973,2150,1062,1834,659,679,923,1460,717,2394,21925,16644,2520,254,3242,0,0,20,12
2021-02-18T23:59:59+01:00,0,2,361,440,990,1595,1089,2253,1460,3287,1618,2784,1005,906,1662,2372,1223,3244,0,2,149,196,577,969,684,1368,939,2133,1036,1812,648,660,902,1432,703,2373,20925,16317,2520,254,2826,0,0,20,12
2021-02-17T23:59:59+01:00,0,2,338,388,907,1452,980,2056,1327,3033,1507,2564,967,876,1470,2158,1122,3063,0,2,143,189,565,938,659,1314,907,2054,989,1735,613,628,895,1405,697,2353,19843,15820,2520,254,1829,0,0,18,12
2021-02-16T23:59:59+01:00,0,2,332,348,864,1313,929,1871,1266,2813,1440,2403,956,859,1409,2061,1054,2963,0,2,137,176,551,897,644,1260,880,1989,959,1693,603,618,871,1371,683,2288,19471,15491,2519,119,875,0,0,18,12
2021-02-15T23:59:59+01:00,0,2,317,306,835,1282,912,1815,1226,2729,1401,2347,926,826,1230,1831,923,2785,0,2,129,168,530,871,627,1198,854,1916,936,1616,582,581,853,1334,674,2243,18553,15023,2518,79,607,0,0,15,12
2021-02-14T23:59:59+01:00,0,2,317,306,834,1282,911,1815,1225,2729,1401,2347,926,825,1230,1831,923,2784,0,2,128,168,529,863,623,1192,848,1910,932,1613,581,580,850,1333,672,2239,18551,14973,2518,78,605,0,0,14,12
2021-02-13T23:59:59+01:00,0,2,317,306,834,1282,911,1812,1225,2727,1401,2345,926,825,1230,1830,921,2784,0,2,128,168,529,863,623,1192,845,1907,930,1609,578,580,835,1312,660,2222,18544,14970,2515,1,605,0,0,14,12
2021-02-12T23:59:59+01:00,0,2,311,305,825,1277,907,1783,1219,2700,1373,2315,924,823,1229,1827,921,2784,0,2,128,168,527,861,622,1185,839,1895,924,1596,575,578,821,1301,654,2209,18536,14872,2515,1,460,0,0,14,12
2021-02-11T23:59:59+01:00,0,2,293,296,810,1242,901,1748,1202,2635,1350,2260,890,809,1218,1816,920,2774,0,2,125,154,509,822,600,1120,805,1795,902,1537,562,564,794,1267,639,2176,18424,14361,2514,0,214,0,0,14,12
2021-02-10T23:59:59+01:00,0,2,289,287,791,1204,888,1719,1190,2590,1335,2218,885,807,1203,1799,915,2756,0,2,121,144,442,736,554,1027,727,1669,844,1450,547,547,777,1244,626,2146,18398,13603,2409,0,58,0,0,13,0
2021-02-09T23:59:59+01:00,0,2,289,284,785,1189,876,1702,1175,2570,1321,2194,870,801,1189,1780,903,2736,0,2,105,125,385,647,500,892,646,1462,755,1257,492,467,657,1075,545,1878,18288,11890,2362,0,3,0,0,13,0
2021-02-08T23:59:59+01:00,0,2,289,283,783,1184,873,1695,1172,2566,1314,2186,864,798,1173,1756,885,2711,0,2,94,101,339,551,448,789,556,1251,647,1090,415,391,568,877,440,1545,18161,10104,2359,0,1,0,0,13,0
2021-02-07T23:59:59+01:00,0,2,288,282,782,1183,872,1695,1172,2565,1314,2183,858,796,1172,1753,883,2709,0,2,91,100,337,546,446,785,554,1241,643,1084,409,385,547,854,434,1530,18137,9988,2359,0,0,0,0,13,0
2021-02-06T23:59:59+01:00,0,2,288,281,781,1182,872,1694,1172,2565,1314,2182,857,796,1170,1747,881,2707,0,2,91,99,337,542,445,784,553,1237,641,1083,406,380,498,785,403,1484,18121,9770,2357,0,0,0,0,13,0
2021-02-05T23:59:59+01:00,0,2,288,280,781,1181,871,1693,1171,2564,1313,2177,850,790,1146,1736,874,2691,0,1,85,96,329,536,429,765,528,1202,612,1040,383,351,473,757,382,1437,18038,9406,2357,0,0,0,0,13,0
2021-02-04T23:59:59+01:00,0,2,285,272,778,1160,860,1671,1157,2536,1299,2153,827,776,1117,1705,867,2672,0,0,71,77,260,413,334,594,410,972,500,837,311,288,365,612,315,1214,17790,7573,2334,0,0,0,0,13,0
2021-02-03T23:59:59+01:00,0,2,284,267,775,1137,858,1644,1150,2485,1287,2122,807,762,1101,1683,855,2659,0,0,57,56,172,284,259,442,290,721,372,597,214,206,260,452,226,909,17691,5517,2174,0,0,0,0,13,0
2021-02-02T23:59:59+01:00,0,2,283,261,771,1128,852,1622,1142,2459,1275,2105,800,755,1093,1672,853,2651,0,0,37,35,94,144,150,255,177,451,240,377,140,136,178,275,159,586,17538,3434,2173,0,0,0,0,13,0
2021-02-01T23:59:59+01:00,0,2,281,257,766,1109,844,1603,1137,2430,1271,2070,790,742,1087,1660,848,2635,0,0,13,12,17,30,27,65,48,91,76,105,54,48,65,83,47,198,17346,979,2173,0,0,0,0,13,0
2021-01-31T23:59:59+01:00,0,2,275,255,750,1107,836,1592,1126,2419,1260,2062,784,736,1077,1642,841,2621,0,0,12,12,16,28,25,62,42,86,68,97,51,48,60,76,44,185,17309,912,2063,0,0,0,0,13,0
2021-01-30T23:59:59+01:00,0,2,275,255,750,1106,835,1592,1126,2419,1260,2062,783,736,1067,1635,824,2606,0,0,12,10,15,28,25,62,42,86,67,95,50,47,59,76,44,184,17304,902,2016,0,0,0,0,13,0
2021-01-29T23:59:59+01:00,0,2,273,255,750,1105,835,1592,1126,2419,1260,2061,782,735,1066,1633,824,2604,0,0,10,5,13,26,25,60,41,85,66,95,49,46,59,76,44,184,17295,884,2014,0,0,0,0,13,0
2021-01-28T23:59:59+01:00,0,2,269,251,737,1079,800,1536,1089,2358,1184,2001,741,721,1038,1613,808,2584,0,0,5,0,4,8,10,24,20,37,21,45,21,22,25,49,17,108,17111,416,1687,0,0,0,0,13,0
2021-01-27T23:59:59+01:00,0,2,263,244,714,1047,754,1480,1030,2277,1111,1921,706,694,1023,1590,805,2576,0,0,4,0,4,5,7,20,15,23,14,32,6,9,11,12,5,30,16661,197,1563,0,0,0,0,13,0
2021-01-26T23:59:59+01:00,0,2,239,235,699,1022,746,1432,1010,2203,1084,1856,694,680,999,1574,795,2557,0,0,4,0,2,5,6,10,13,12,7,11,3,5,7,8,2,17,16611,112,1203,0,0,0,0,13,0
2021-01-25T23:59:59+01:00,0,2,208,220,646,950,694,1310,967,2057,1026,1721,647,624,921,1477,748,2481,0,0,4,0,2,5,6,10,13,12,7,11,3,5,7,8,2,17,16383,112,303,0,0,0,0,13,0
2021-01-24T23:59:59+01:00,0,2,191,214,620,938,676,1295,949,2040,1010,1711,640,618,910,1458,739,2468,0,0,3,0,2,5,6,10,12,12,6,11,3,5,7,8,2,17,16207,109,259,0,0,0,0,13,0
2021-01-23T23:59:59+01:00,0,2,191,214,620,938,676,1295,949,2040,1010,1711,640,618,910,1458,739,2468,0,0,3,0,2,4,6,10,10,12,6,11,3,5,7,8,2,17,16207,106,259,0,0,0,0,13,0
2021-01-22T23:59:59+01:00,0,2,144,196,562,928,658,1280,915,2030,998,1700,635,617,909,1458,739,2468,0,0,3,0,1,4,6,10,10,12,6,11,3,5,7,8,2,17,15967,105,259,0,0,0,0,13,0
2021-01-21T23:59:59+01:00,0,2,139,188,547,907,638,1239,882,1976,977,1653,623,596,897,1427,732,2449,0,0,3,0,0,4,5,10,9,12,6,11,3,5,7,8,2,16,15600,101,259,0,0,0,0,13,0
2021-01-20T23:59:59+01:00,0,2,133,171,500,842,615,1161,819,1866,940,1581,603,578,880,1404,722,2419,0,0,3,0,0,4,5,10,9,12,6,11,3,5,7,8,2,16,14966,101,257,0,0,0,0,13,0
2021-01-19T23:59:59+01:00,0,2,123,153,429,756,551,1032,735,1677,840,1422,556,528,781,1249,640,2163,0,0,3,0,0,4,5,8,9,12,6,11,3,5,7,8,2,16,13434,99,190,0,0,0,0,13,0
2021-01-18T23:59:59+01:00,0,2,105,119,360,605,461,860,604,1417,714,1213,486,462,692,1086,561,1873,0,0,1,0,0,1,1,0,0,0,0,1,0,0,0,1,0,0,11526,5,81,0,0,0,0,13,0
2021-01-17T23:59:59+01:00,0,2,100,117,356,600,460,854,602,1398,707,1203,480,452,665,1055,541,1826,0,0,1,0,0,1,0,0,0,0,0,1,0,0,0,1,0,0,11325,4,80,0,0,0,0,13,0
2021-01-16T23:59:59+01:00,0,2,100,114,354,591,457,849,590,1385,696,1191,465,438,568,930,479,1727,0,0,0,0,0,1,0,0,0,0,0,0,0,0,0,0,0,0,10920,1,3,0,0,0,0,13,0
2021-01-15T23:59:59+01:00,0,2,98,112,349,589,451,844,584,1378,679,1175,449,420,559,918,468,1703,0,0,0,0,0,0,0,0,0,0,0,0,0,0,0,0,0,0,10764,0,1,0,0,0,0,13,0
2021-01-14T23:59:59+01:00,0,0,80,90,294,487,372,679,466,1124,560,995,368,338,440,752,384,1447,0,0,0,0,0,0,0,0,0,0,0,0,0,0,0,0,0,0,8863,0,0,0,0,0,0,13,0
2021-01-13T23:59:59+01:00,0,0,66,67,209,370,296,508,353,842,430,713,259,239,324,565,295,1109,0,0,0,0,0,0,0,0,0,0,0,0,0,0,0,0,0,0,6633,0,0,0,0,0,0,12,0
2021-01-12T23:59:59+01:00,0,0,44,45,130,219,183,314,213,535,287,445,166,155,212,371,203,745,0,0,0,0,0,0,0,0,0,0,0,0,0,0,0,0,0,0,4267,0,0,0,0,0,0,0,0
2021-01-11T23:59:59+01:00,0,0,14,14,45,60,42,94,61,123,99,132,69,61,93,115,58,254,0,0,0,0,0,0,0,0,0,0,0,0,0,0,0,0,0,0,1334,0,0,0,0,0,0,0,0
2021-01-10T23:59:59+01:00,0,0,13,14,32,48,35,76,52,114,84,122,62,57,85,105,55,239,0,0,0,0,0,0,0,0,0,0,0,0,0,0,0,0,0,0,1193,0,0,0,0,0,0,0,0
2021-01-09T23:59:59+01:00,0,0,13,13,28,47,35,75,51,113,82,119,61,56,84,104,53,238,0,0,0,0,0,0,0,0,0,0,0,0,0,0,0,0,0,0,1172,0,0,0,0,0,0,0,0
2021-01-08T23:59:59+01:00,0,0,9,5,28,42,33,72,49,110,81,118,58,52,78,99,49,238,0,0,0,0,0,0,0,0,0,0,0,0,0,0,0,0,0,0,1121,0,0,0,0,0,0,0,0
2021-01-07T23:59:59+01:00,0,0,6,1,10,21,16,38,28,77,35,77,32,27,51,82,33,181,0,0,0,0,0,0,0,0,0,0,0,0,0,0,0,0,0,0,715,0,0,0,0,0,0,0,0
2021-01-06T23:59:59+01:00,0,0,6,0,5,10,11,30,25,43,21,48,26,24,37,56,23,130,0,0,0,0,0,0,0,0,0,0,0,0,0,0,0,0,0,0,495,0,0,0,0,0,0,0,0
2021-01-05T23:59:59+01:00,0,0,5,0,5,9,11,30,25,43,21,48,26,24,37,55,23,130,0,0,0,0,0,0,0,0,0,0,0,0,0,0,0,0,0,0,492,0,0,0,0,0,0,0,0
2021-01-04T23:59:59+01:00,0,0,4,0,2,4,5,11,14,12,6,12,3,5,7,9,2,18,0,0,0,0,0,0,0,0,0,0,0,0,0,0,0,0,0,0,114,0,0,0,0,0,0,0,0
2021-01-03T23:59:59+01:00,0,0,3,0,2,4,5,10,13,12,6,12,3,5,7,9,2,17,0,0,0,0,0,0,0,0,0,0,0,0,0,0,0,0,0,0,110,0,0,0,0,0,0,0,0
2021-01-02T23:59:59+01:00,0,0,3,0,2,4,5,10,11,12,6,12,3,5,7,9,2,17,0,0,0,0,0,0,0,0,0,0,0,0,0,0,0,0,0,0,108,0,0,0,0,0,0,0,0
2021-01-01T23:59:59+01:00,0,0,3,0,1,4,5,10,11,12,6,12,3,5,7,8,2,17,0,0,0,0,0,0,0,0,0,0,0,0,0,0,0,0,0,0,106,0,0,0,0,0,0,0,0
2020-12-31T23:59:59+01:00,0,0,3,0,0,4,5,10,9,12,6,12,3,5,7,8,2,17,0,0,0,0,0,0,0,0,0,0,0,0,0,0,0,0,0,0,103,0,0,0,0,0,0,0,0
2020-12-30T23:59:59+01:00,0,0,3,0,0,4,5,10,9,12,6,12,3,5,7,8,2,17,0,0,0,0,0,0,0,0,0,0,0,0,0,0,0,0,0,0,103,0,0,0,0,0,0,0,0
2020-12-29T23:59:59+01:00,0,0,3,0,0,3,5,8,9,12,6,12,3,5,7,8,2,17,0,0,0,0,0,0,0,0,0,0,0,0,0,0,0,0,0,0,100,0,0,0,0,0,0,0,0
2020-12-28T23:59:59+01:00,0,0,3,0,0,3,5,8,9,12,5,12,3,5,7,8,2,17,0,0,0,0,0,0,0,0,0,0,0,0,0,0,0,0,0,0,99,0,0,0,0,0,0,0,0
2020-12-27T23:59:59+01:00,0,0,1,0,0,0,0,0,0,0,0,1,0,0,2,4,0,8,0,0,0,0,0,0,0,0,0,0,0,0,0,0,0,0,0,0,16,0,0,0,0,0,0,0,0
