Datum,<15_m,<15_w,15-24_1_m,15-24_1_w,25-34_1_m,25-34_1_w,35-44_1_m,35-44_1_w,45-54_1_m,45-54_1_w,55-64_1_m,55-64_1_w,65-74_1_m,65-74_1_w,75-84_1_m,75-84_1_w,>84_1_m,>84_1_w,<24_2_m,<24_2_w,25-34_2_m,25-34_2_w,35-44_2_m,35-44_2_w,45-54_2_m,45-54_2_w,55-64_2_m,55-64_2_w,65-74_2_m,65-74_2_w,75-84_2_m,75-84_2_w,>84_2_m,>84_2_w,bp_1,bp_2,mo_1,mo_2,az_1,az_2,ja,unb_1,unb_2
2021-09-02T23:59:59+02:00,2743,2452,23231,22232,32712,30119,33170,33105,38824,39214,42460,42675,27913,31147,19824,24891,6027,10186,20736,19798,30475,27587,31304,30906,36788,36842,40442,40645,26858,29922,19095,23824,5785,9689,322045,301762,44857,43232,77543,71028,18422,58,27
2021-09-01T23:59:59+02:00,2722,2438,23209,22196,32684,30089,33150,33077,38799,39194,42447,42661,27905,31139,19819,24889,6027,10186,20695,19757,30447,27563,31285,30884,36769,36826,40425,40629,26849,29913,19094,23818,5785,9689,321799,301504,44846,43228,77542,71028,18386,58,27
2021-08-31T23:59:59+02:00,2677,2395,23091,22091,32605,29990,33096,33018,38753,39153,42421,42636,27894,31133,19813,24885,6026,10183,20608,19665,30375,27506,31238,30841,36730,36794,40397,40605,26840,29903,19088,23813,5785,9687,321227,301095,44815,43213,77541,71022,18219,58,27
2021-08-30T23:59:59+02:00,2655,2371,23039,22048,32565,29950,33073,32981,38724,39135,42402,42618,27889,31127,19806,24877,6025,10179,20484,19567,30282,27414,31181,30791,36697,36766,40377,40571,26825,29891,19087,23804,5785,9685,320896,300405,44800,43205,77541,71018,18169,58,27
2021-08-29T23:59:59+02:00,2624,2341,22957,21985,32506,29895,33029,32952,38678,39099,42372,42597,27880,31120,19803,24872,6025,10178,20380,19500,30217,27366,31145,30758,36656,36736,40352,40552,26812,29880,19086,23799,5785,9685,320450,299977,44785,43183,77539,71008,18081,58,27
2021-08-28T23:59:59+02:00,2618,2339,22957,21985,32504,29895,33027,32952,38675,39098,42371,42597,27879,31120,19803,24872,6025,10178,20379,19499,30214,27365,31145,30755,36653,36734,40352,40552,26812,29880,19086,23799,5785,9685,320437,299965,44784,43183,77539,71008,18077,58,27
2021-08-27T23:59:59+02:00,2618,2339,22952,21981,32500,29895,33026,32950,38673,39097,42367,42597,27878,31120,19803,24872,6024,10178,20374,19497,30202,27363,31144,30753,36651,36734,40350,40552,26812,29880,19086,23798,5785,9685,320423,299948,44784,43183,77539,71005,18066,58,27
2021-08-26T23:59:59+02:00,2536,2255,22770,21777,32374,29757,32912,32848,38587,39009,42303,42529,27853,31087,19790,24855,6023,10172,20104,19232,30061,27199,31008,30632,36543,36640,40270,40479,26770,29841,19067,23775,5779,9684,319230,298459,44764,43160,77538,70989,17847,58,27
2021-08-25T23:59:59+02:00,2530,2247,22750,21752,32364,29738,32899,32833,38576,38995,42293,42524,27848,31085,19783,24849,6020,10170,20057,19190,30022,27169,30987,30596,36517,36608,40252,40463,26757,29828,19064,23767,5778,9683,319051,298098,44764,43159,77538,70988,17845,58,27
2021-08-24T23:59:59+02:00,2512,2236,22712,21710,32338,29697,32880,32800,38568,38976,42275,42510,27842,31074,19778,24841,6019,10169,20019,19148,29990,27129,30966,30560,36503,36587,40232,40446,26752,29818,19060,23764,5778,9679,318771,297812,44754,43153,77538,70983,17816,58,27
2021-08-23T23:59:59+02:00,2492,2204,22642,21640,32274,29641,32845,32770,38529,38946,42245,42498,27826,31065,19775,24831,6019,10167,19898,19027,29875,27052,30902,30512,36454,36545,40191,40417,26740,29805,19054,23755,5778,9673,318342,297090,44743,43129,77536,70978,17730,58,27
2021-08-22T23:59:59+02:00,2483,2195,22608,21608,32255,29623,32828,32762,38513,38930,42240,42490,27822,31060,19770,24831,6019,10166,19859,18990,29840,27019,30871,30477,36434,36529,40173,40395,26732,29801,19051,23752,5778,9671,318177,296806,44736,43126,77535,70969,17697,58,27
2021-08-21T23:59:59+02:00,2464,2183,22554,21559,32216,29586,32804,32738,38499,38908,42223,42480,27815,31052,19768,24828,6019,10165,19757,18893,29770,26963,30837,30435,36400,36487,40148,40374,26721,29792,19046,23748,5776,9671,317936,296305,44723,43111,77533,70963,17611,58,27
2021-08-20T23:59:59+02:00,2428,2143,22466,21456,32143,29506,32742,32691,38452,38869,42182,42452,27808,31039,19764,24814,6018,10161,19587,18768,29643,26860,30763,30377,36341,36443,40102,40337,26706,29774,19037,23740,5775,9667,317371,295501,44700,43089,77530,70945,17475,58,27
2021-08-19T23:59:59+02:00,2341,2077,22309,21327,32014,29388,32653,32608,38352,38794,42114,42399,27783,31007,19757,24802,6013,10153,19329,18563,29441,26711,30647,30270,36222,36348,40002,40252,26679,29744,19026,23724,5771,9662,316471,294241,44680,43060,77530,70921,17153,57,27
2021-08-18T23:59:59+02:00,2332,2069,22284,21305,31993,29368,32632,32586,38324,38776,42101,42384,27769,30997,19751,24797,6013,10151,19275,18504,29402,26677,30622,30239,36196,36327,39978,40221,26662,29733,19022,23712,5766,9658,316219,293812,44680,43060,77530,70919,17146,57,27
2021-08-17T23:59:59+02:00,2315,2053,22257,21278,31976,29342,32607,32562,38312,38764,42079,42366,27764,30985,19746,24792,6013,10151,19232,18451,29369,26636,30580,30212,36171,36295,39953,40200,26645,29721,19019,23698,5764,9654,315986,293439,44680,43057,77530,70915,17109,57,27
2021-08-16T23:59:59+02:00,2282,2036,22191,21237,31937,29297,32583,32540,38288,38744,42048,42349,27755,30978,19744,24782,6013,10150,19029,18312,29229,26526,30503,30125,36124,36242,39915,40159,26626,29706,19011,23680,5758,9652,315645,292462,44680,43052,77528,70914,17044,57,27
2021-08-15T23:59:59+02:00,2255,2014,22137,21180,31893,29259,32560,32508,38260,38725,42031,42336,27748,30973,19739,24775,6012,10150,18914,18196,29075,26397,30422,30042,36057,36191,39858,40104,26609,29683,19002,23671,5755,9651,315322,291546,44672,43036,77528,70906,16976,57,27
2021-08-14T23:59:59+02:00,2249,2011,22111,21164,31881,29242,32556,32502,38252,38720,42025,42333,27747,30972,19738,24774,6012,10149,18801,18103,29014,26332,30387,29995,36033,36160,39837,40091,26601,29677,18999,23670,5754,9648,315232,291009,44669,43018,77528,70902,16952,57,27
2021-08-13T23:59:59+02:00,2232,2000,22066,21128,31845,29218,32521,32475,38236,38706,42015,42324,27745,30968,19735,24771,6011,10149,18546,17845,28836,26177,30272,29903,35980,36090,39792,40056,26585,29665,18994,23661,5751,9644,315005,289648,44664,43004,77526,70893,16893,57,27
2021-08-12T23:59:59+02:00,2196,1963,21980,21037,31774,29145,32468,32425,38189,38664,41979,42291,27728,30949,19728,24761,6010,10149,18241,17533,28581,25955,30127,29776,35886,35998,39717,39990,26551,29620,18974,23639,5749,9641,314445,287912,44653,42951,77523,70847,16758,57,27
2021-08-11T23:59:59+02:00,2194,1958,21961,21020,31757,29123,32453,32409,38181,38655,41968,42275,27720,30946,19724,24756,6009,10145,18185,17476,28544,25909,30078,29739,35865,35961,39682,39958,26540,29594,18967,23629,5749,9639,314265,287435,44653,42949,77523,70844,16756,57,27
2021-08-10T23:59:59+02:00,2186,1937,21934,20984,31727,29103,32439,32390,38157,38629,41951,42269,27715,30938,19723,24753,6008,10141,17664,17025,28372,25753,29983,29652,35696,35838,39634,39918,26519,29571,18962,23615,5745,9638,314034,285740,44650,42930,77521,70594,16722,57,27
2021-08-09T23:59:59+02:00,2162,1923,21882,20934,31670,29059,32406,32361,38132,38608,41938,42245,27704,30929,19722,24744,6007,10139,17193,16569,28239,25648,29928,29599,35651,35792,39602,39883,26510,29557,18957,23609,5745,9636,313664,284265,44645,42911,77520,70582,16679,57,27
2021-08-08T23:59:59+02:00,2147,1906,21830,20894,31629,29026,32377,32339,38110,38601,41918,42225,27697,30925,19718,24740,6007,10136,16851,16228,28128,25566,29873,29528,35605,35754,39581,39857,26499,29544,18948,23600,5743,9631,313377,283037,44644,42890,77520,70575,16627,57,27
2021-08-07T23:59:59+02:00,2102,1863,21698,20811,31547,28959,32303,32278,38054,38550,41885,42197,27689,30899,19713,24731,6005,10134,16344,15774,27827,25285,29645,29345,35427,35599,39442,39747,26445,29483,18929,23571,5740,9627,312752,280414,44612,42768,77514,70486,16483,57,27
2021-08-06T23:59:59+02:00,2092,1853,21649,20775,31507,28927,32270,32259,38028,38530,41876,42181,27683,30890,19709,24731,6005,10134,15318,14797,26681,24392,29353,29113,35178,35401,39128,39508,26401,29438,18919,23561,5739,9624,312529,275425,44609,42747,77514,69685,16390,57,26
2021-08-05T23:59:59+02:00,2053,1824,21542,20689,31449,28850,32215,32203,37972,38480,41831,42144,27666,30871,19700,24718,6003,10131,14429,14051,25662,23615,28640,28601,34651,34969,38813,39262,26334,29359,18887,23527,5736,9614,311984,270558,44586,42694,77513,68188,16201,57,26
2021-08-04T23:59:59+02:00,2034,1805,21471,20636,31404,28779,32184,32161,37939,38457,41797,42118,27654,30856,19695,24705,6001,10128,14061,13713,25259,23311,28428,28381,34512,34844,38719,39169,26296,29315,18866,23504,5732,9609,311540,268140,44580,42666,77513,68146,16134,57,26
2021-08-03T23:59:59+02:00,2025,1789,21445,20610,31387,28765,32171,32152,37930,38444,41782,42106,27647,30850,19691,24698,6000,10126,13977,13624,25180,23235,28361,28325,34466,34798,38673,39136,26281,29293,18857,23496,5730,9603,311342,267453,44577,42665,77512,68120,16130,57,26
2021-08-02T23:59:59+02:00,2015,1768,21400,20574,31344,28744,32144,32121,37904,38429,41769,42091,27638,30838,19691,24691,5999,10122,13773,13415,24473,22686,28082,28104,34316,34686,38593,39075,26254,29261,18849,23492,5730,9601,311060,265038,44574,42651,77512,67895,16079,57,26
2021-08-01T23:59:59+02:00,1997,1752,21349,20527,31293,28707,32119,32103,37885,38410,41747,42074,27632,30831,19688,24682,5999,10121,13604,13256,24172,22431,27841,27887,34224,34577,38524,39003,26238,29242,18843,23486,5730,9599,310767,263339,44568,42639,77511,67872,16013,57,26
2021-07-31T23:59:59+02:00,1972,1722,21266,20451,31228,28671,32064,32065,37849,38382,41724,42053,27628,30823,19683,24678,5999,10121,12662,12230,23652,21988,27496,27533,33915,34280,38093,38662,26168,29157,18817,23442,5725,9593,310355,258308,44557,42604,77509,67303,15901,57,26
2021-07-30T23:59:59+02:00,1947,1703,21245,20429,31196,28652,32049,32047,37843,38375,41716,42045,27623,30820,19682,24678,5998,10121,12575,12154,23321,21700,27213,27321,33698,34118,37932,38529,26144,29140,18815,23434,5725,9591,310173,256879,44556,42596,77509,66749,15874,57,26
2021-07-29T23:59:59+02:00,1878,1634,21012,20195,31057,28506,31948,31938,37751,38286,41625,41985,27595,30796,19669,24659,5991,10113,11948,11622,22192,20860,26175,26483,32719,33427,37548,38240,26062,29039,18786,23387,5719,9582,308975,251272,44529,42509,77501,64993,15576,57,26
2021-07-28T23:59:59+02:00,1858,1619,20972,20146,31037,28477,31933,31917,37731,38267,41603,41964,27584,30784,19664,24649,5991,10111,11670,11321,21781,20478,25740,26053,32555,33275,37437,38149,26025,28988,18768,23364,5718,9577,308664,248352,44528,42509,77489,64933,15570,56,26
2021-07-27T23:59:59+02:00,1848,1613,20931,20104,31013,28444,31900,31902,37710,38234,41579,41950,27577,30777,19663,24644,5991,10108,11421,11107,21583,20289,25600,25933,32446,33172,37355,38068,26000,28951,18760,23355,5715,9573,308428,246880,44528,42505,77488,64858,15488,56,26
2021-07-26T23:59:59+02:00,1822,1579,20805,19983,30908,28345,31842,31840,37656,38166,41536,41919,27553,30759,19652,24630,5985,10105,11127,10782,21077,19847,25354,25726,32284,33022,37223,37981,25965,28916,18747,23332,5714,9565,307679,244588,44497,42392,77483,64653,15370,56,26
2021-07-25T23:59:59+02:00,1815,1570,20783,19972,30898,28336,31831,31825,37650,38160,41526,41910,27549,30757,19651,24628,5985,10104,11022,10676,20926,19739,25120,25533,32046,32815,37080,37848,25947,28902,18741,23325,5713,9562,307568,243329,44487,42377,77475,64242,15364,56,26
2021-07-24T23:59:59+02:00,1795,1555,20703,19898,30856,28298,31796,31789,37624,38132,41503,41898,27542,30752,19648,24626,5985,10104,10959,10621,20850,19677,25048,25472,31993,32784,37051,37828,25941,28898,18739,23323,5713,9562,307226,242960,44476,42354,77471,64176,15275,56,26
2021-07-23T23:59:59+02:00,1740,1520,20512,19756,30692,28185,31708,31718,37557,38080,41463,41855,27531,30736,19643,24620,5984,10099,10703,10418,20487,19370,24242,24828,31509,32454,36485,37371,25898,28856,18723,23306,5712,9560,306400,240091,44467,42309,77454,62784,15022,56,25
2021-07-22T23:59:59+02:00,1676,1463,20201,19486,30453,28004,31577,31605,37428,37974,41365,41773,27505,30712,19632,24596,5980,10098,10243,10043,19743,18860,23285,24160,30800,31867,35452,36611,25787,28759,18690,23274,5710,9556,304928,236490,44432,41643,77450,60265,14662,56,25
2021-07-21T23:59:59+02:00,1661,1455,20163,19437,30425,27975,31554,31582,37408,37949,41344,41749,27496,30704,19627,24590,5975,10094,9932,9708,19282,18409,22414,23396,30466,31534,35221,36413,25704,28662,18659,23222,5702,9546,304603,233748,44426,39958,77448,60093,14655,56,22
2021-07-20T23:59:59+02:00,1655,1450,20129,19410,30398,27952,31530,31563,37391,37932,41332,41737,27481,30689,19627,24583,5975,10091,9664,9429,18951,18140,22145,23111,30291,31380,35057,36268,25658,28617,18643,23188,5701,9542,304355,231361,44424,39949,77447,59993,14643,56,22
2021-07-19T23:59:59+02:00,1644,1442,20017,19322,30316,27881,31472,31510,37372,37913,41317,41719,27476,30678,19621,24576,5974,10088,9464,9232,18636,17864,21681,22693,30037,31148,34937,36167,25624,28579,18625,23172,5701,9539,303783,229729,44418,39006,77446,59879,14635,56,22
2021-07-18T23:59:59+02:00,1633,1437,19950,19256,30190,27781,31407,31445,37310,37861,41275,41667,27455,30647,19612,24561,5970,10085,9355,9117,18469,17714,21491,22503,29869,30950,34824,36066,25594,28556,18614,23155,5701,9533,302998,228477,44418,38706,77444,59838,14626,56,22
2021-07-17T23:59:59+02:00,1632,1433,19943,19254,30190,27778,31407,31441,37305,37859,41271,41665,27454,30646,19611,24561,5970,10085,9334,9102,18436,17692,21472,22490,29859,30943,34805,36062,25591,28554,18614,23154,5701,9533,302965,228322,44418,38703,77444,59827,14622,56,22
2021-07-16T23:59:59+02:00,1579,1388,19668,19006,30065,27682,31323,31368,37248,37796,41230,41633,27435,30629,19604,24551,5968,10079,9216,8987,18061,17389,21166,22216,29470,30586,34670,35956,25568,28531,18607,23141,5699,9531,301965,227053,44396,37982,77442,59494,14393,56,21
2021-07-15T23:59:59+02:00,1521,1345,19407,18757,29883,27536,31215,31269,37165,37714,41163,41565,27392,30599,19588,24537,5964,10076,8853,8683,17145,16558,19619,20992,28553,29663,34050,35377,25402,28351,18552,23092,5693,9519,300689,220952,44354,36526,77434,58569,14163,56,21
2021-07-14T23:59:59+02:00,1507,1332,19378,18721,29860,27510,31191,31238,37154,37701,41143,41558,27384,30592,19579,24530,5963,10073,8566,8385,16592,15958,19126,20474,27988,29165,33659,35002,25290,28222,18513,23026,5688,9508,300414,216785,44352,36169,77431,58142,14161,56,21
2021-07-13T23:59:59+02:00,1495,1322,19342,18696,29843,27486,31169,31223,37139,37674,41119,41530,27375,30578,19577,24525,5962,10067,8262,8124,16194,15603,18852,20196,27725,28916,33388,34746,25192,28102,18480,22985,5686,9503,300132,214088,44351,36134,77430,57650,14153,56,21
2021-07-12T23:59:59+02:00,1479,1312,19296,18679,29809,27457,31152,31202,37127,37657,41102,41515,27372,30574,19575,24519,5961,10067,8002,7907,15914,15326,18150,19648,27412,28596,32973,34384,25024,27907,18421,22910,5680,9498,299875,212806,44350,34195,77430,56672,14144,56,21
2021-07-11T23:59:59+02:00,1469,1304,19264,18649,29779,27426,31136,31172,37119,37635,41088,41503,27363,30565,19573,24519,5960,10066,7958,7860,15849,15255,18062,19594,27328,28534,32861,34322,24970,27862,18401,22888,5680,9495,299623,212232,44347,34184,77428,56429,14136,56,21
2021-07-10T23:59:59+02:00,1340,1187,18759,18231,29336,27133,30852,30941,36875,37476,40888,41353,27290,30505,19547,24487,5957,10063,7828,7790,15566,15121,17842,19444,27088,28394,32696,34205,24904,27816,18385,22875,5679,9495,297426,211811,44213,34064,77399,56188,13126,56,21
2021-07-09T23:59:59+02:00,1329,1181,18731,18201,29316,27116,30840,30928,36865,37464,40877,41345,27286,30501,19545,24483,5957,10062,7786,7743,15496,15055,17779,19351,26868,28164,32447,33992,24840,27753,18363,22849,5679,9492,297284,211532,44194,34061,77398,55025,13095,56,21
2021-07-08T23:59:59+02:00,1251,1100,18465,17987,29168,26966,30703,30811,36763,37362,40779,41268,27252,30466,19526,24465,5952,10058,7619,7609,15200,14808,17349,18991,26175,27563,32177,33726,24672,27596,18305,22787,5676,9486,296019,210400,44140,32641,77390,54008,12737,56,21
2021-07-07T23:59:59+02:00,1152,1008,18155,17662,28968,26783,30575,30688,36650,37242,40673,41182,27218,30418,19512,24448,5949,10055,7422,7398,14759,14440,16883,18549,25421,26954,31769,33346,24406,27272,18210,22693,5667,9477,294448,207482,44089,31805,77379,53049,12366,56,21
2021-07-06T23:59:59+02:00,1129,992,18078,17596,28923,26733,30524,30642,36614,37207,40638,41150,27201,30393,19501,24435,5947,10052,7206,7166,14416,14084,16532,18200,24671,26306,31470,33082,24216,27058,18162,22622,5660,9470,293872,205426,44086,30399,77378,52156,12363,56,21
2021-07-05T23:59:59+02:00,1086,964,18005,17532,28880,26677,30485,30608,36590,37162,40610,41124,27195,30379,19495,24429,5947,10047,6977,6976,14113,13813,16180,17834,24120,25798,30901,32516,23936,26759,18054,22482,5652,9460,293388,203932,44084,28303,77374,51023,12313,56,21
2021-07-04T23:59:59+02:00,1064,948,17934,17483,28841,26656,30464,30579,36580,37152,40595,41112,27189,30368,19490,24426,5947,10046,6951,6959,14059,13767,16105,17776,24036,25742,30748,32425,23844,26670,18022,22441,5650,9456,293072,203541,44083,28294,77363,50516,12300,56,21
2021-07-03T23:59:59+02:00,648,576,16207,15763,27670,25731,29665,29861,35939,36542,40097,40682,27032,30200,19422,24339,5938,10029,6566,6719,13544,13464,15703,17473,23675,25465,30443,32231,23748,26575,17988,22402,5646,9452,285561,203250,44044,28217,77280,50227,9400,56,21
2021-07-02T23:59:59+02:00,609,538,16075,15617,27509,25585,29585,29801,35908,36515,40078,40669,27026,30191,19419,24336,5938,10029,6518,6648,13470,13363,15615,17342,23532,25282,30289,32066,23555,26363,17899,22324,5644,9449,284655,202567,44044,28058,77279,49340,9394,56,21
2021-07-01T23:59:59+02:00,551,490,15897,15463,27292,25431,29508,29723,35853,36464,40012,40624,27006,30174,19408,24324,5936,10025,6378,6519,13130,13092,15087,16900,22267,24296,29528,31384,23277,26076,17781,22190,5637,9433,283467,199038,44039,26387,77267,48197,9352,56,21
2021-06-30T23:59:59+02:00,521,470,15793,15356,27181,25345,29441,29652,35797,36413,39969,40588,26991,30143,19397,24307,5932,10025,6184,6341,12699,12708,14519,16352,21644,23700,28936,30856,22858,25612,17651,22006,5630,9421,282643,194791,44036,26363,77261,46634,9325,56,21
2021-06-29T23:59:59+02:00,464,420,15030,14688,26919,25121,29347,29553,35718,36332,39901,40541,26972,30120,19389,24294,5932,10023,6072,6214,12439,12445,14124,15956,20853,23080,28352,30304,22411,25088,17499,21832,5622,9411,280139,191640,44035,25854,77253,44921,9281,56,21
2021-06-28T23:59:59+02:00,428,389,14401,14049,26762,25017,29273,29487,35660,36267,39857,40507,26954,30100,19381,24283,5932,10019,6005,6119,12260,12306,13936,15779,20233,22531,27952,29933,22075,24731,17370,21669,5617,9407,278203,189957,44031,25198,77249,43534,9227,56,21
2021-06-27T23:59:59+02:00,351,322,14055,13671,26698,24958,29233,29451,35638,36245,39840,40494,26943,30093,19378,24279,5931,10018,5968,6076,12146,12191,13791,15650,19682,22055,27344,29435,21798,24395,17250,21546,5613,9406,277081,189123,44029,23678,77238,42344,9194,56,21
2021-06-26T23:59:59+02:00,350,322,14044,13660,26682,24947,29227,29445,35632,36244,39837,40493,26942,30092,19378,24279,5931,10018,5963,6073,12135,12188,13785,15646,19669,22044,27299,29400,21653,24265,17210,21490,5612,9404,277009,189097,44027,23674,77238,41865,9193,56,21
2021-06-25T23:59:59+02:00,226,209,12780,12441,25218,23801,28926,29211,35526,36162,39771,40431,26918,30065,19368,24268,5928,10016,5920,6026,12039,12109,13643,15524,19359,21806,26915,29041,21330,23872,17036,21293,5609,9395,270776,187874,44023,23391,77220,40455,9190,56,21
2021-06-24T23:59:59+02:00,161,155,11807,11611,24104,22920,28560,28861,35379,35996,39659,40327,26883,30015,19357,24244,5926,10012,5703,5795,11580,11693,13064,14933,17825,20409,25269,27447,20560,23015,16720,20887,5599,9385,265542,182895,44006,19770,77216,38054,9157,56,21
2021-06-23T23:59:59+02:00,125,129,11446,11288,23604,22549,28314,28620,35201,35869,39569,40239,26853,29988,19349,24207,5924,10001,5629,5682,11367,11478,12765,14582,17435,19999,24522,26681,19765,22265,16528,20635,5591,9369,262930,180546,44000,19156,77211,35505,9078,56,21
2021-06-22T23:59:59+02:00,104,116,11263,11076,23445,22407,28234,28548,35125,35807,39523,40194,26838,29964,19341,24199,5924,10000,5520,5561,11100,11219,12398,14212,16833,19403,23790,25915,19385,21841,16365,20456,5584,9353,261785,177518,43997,18290,77209,34055,9061,56,21
2021-06-21T23:59:59+02:00,91,104,11011,10891,22611,21735,27981,28322,35059,35745,39459,40153,26822,29946,19335,24190,5924,9999,5401,5457,10885,10999,12091,13891,16442,19057,23344,25448,19095,21527,16261,20337,5578,9351,259190,176061,43991,17274,77204,32880,8937,56,21
2021-06-20T23:59:59+02:00,85,103,10947,10800,22362,21519,27723,28121,34979,35667,39414,40109,26813,29932,19333,24186,5922,9996,5360,5402,10798,10898,11995,13788,16245,18873,23073,25207,18994,21421,16208,20279,5572,9347,257906,175751,43989,16207,77201,32630,8859,56,21
2021-06-19T23:59:59+02:00,84,99,10923,10776,22329,21495,27705,28108,34967,35663,39404,40105,26812,29931,19333,24184,5922,9996,5329,5370,10717,10808,11903,13667,16097,18721,22766,24846,18908,21334,16196,20266,5571,9347,257752,175647,43968,14710,77201,32617,8859,56,21
2021-06-18T23:59:59+02:00,81,97,10875,10725,22010,21173,27441,27892,34914,35626,39373,40083,26804,29922,19332,24181,5922,9994,5314,5361,10686,10778,11863,13619,16035,18658,22681,24750,18742,21153,16151,20200,5570,9342,256364,175250,43966,14709,77200,32072,8859,56,21
2021-06-17T23:59:59+02:00,72,89,10295,10294,20736,20214,26581,27161,34546,35302,39120,39895,26740,29840,19312,24145,5915,9989,5116,5222,10311,10524,11419,13219,15355,18046,21314,23436,18288,20667,15988,20029,5566,9327,250599,169957,43947,14136,77189,31266,8455,56,21
2021-06-16T23:59:59+02:00,64,77,9958,9981,20056,19583,25943,26558,34298,35102,38960,39747,26698,29787,19289,24122,5914,9985,4973,5077,9925,10190,10961,12768,14650,17355,20465,22503,17885,20221,15818,19816,5556,9315,246767,166178,43933,12866,77176,30231,8190,56,21
2021-06-15T23:59:59+02:00,49,71,9713,9740,19760,19333,25720,26361,34168,34996,38864,39667,26669,29751,19282,24107,5909,9981,4867,4966,9686,9972,10729,12509,14228,16928,19867,21928,17564,19831,15597,19587,5547,9304,245000,164103,43921,11776,77170,29225,7994,56,20
2021-06-14T23:59:59+02:00,45,66,9580,9615,19460,19072,25545,26218,34047,34917,38803,39628,26652,29731,19276,24096,5909,9978,4786,4903,9495,9833,10556,12373,13966,16712,19551,21635,17399,19674,15496,19454,5546,9300,243803,162648,43919,11774,77166,28551,7694,56,20
2021-06-13T23:59:59+02:00,43,62,9421,9485,19170,18886,25194,25964,33846,34750,38697,39561,26636,29719,19266,24089,5909,9975,4703,4837,9286,9666,10392,12202,13641,16375,19203,21304,17272,19526,15449,19389,5544,9298,242160,161800,43919,11774,77162,27124,7376,56,20
2021-06-12T23:59:59+02:00,43,62,9412,9471,19157,18873,25194,25959,33846,34747,38694,39560,26636,29719,19266,24089,5909,9975,4700,4823,9276,9605,10360,12100,13592,16220,19148,21168,17163,19401,15332,19287,5542,9296,242114,161772,43919,11772,77158,26091,7365,56,20
2021-06-11T23:59:59+02:00,38,58,9254,9289,18924,18660,24394,25286,33666,34593,38560,39447,26603,29686,19255,24066,5909,9970,4623,4708,9057,9350,10100,11806,13071,15672,18174,20277,16977,19204,15292,19243,5539,9293,239194,157762,43918,11771,77155,25505,7335,56,20
2021-06-10T23:59:59+02:00,36,54,8860,8955,18272,18168,23542,24608,33346,34313,38358,39282,26547,29632,19232,24038,5906,9963,4448,4531,8477,8856,9294,11085,11923,14571,16184,18367,16087,18244,15006,18876,5530,9271,235573,148094,43257,11738,77129,23808,7098,55,19
2021-06-09T23:59:59+02:00,19,36,8411,8450,17436,17441,22390,23564,32857,33847,38072,39064,26438,29528,19186,23982,5896,9950,4312,4414,8188,8590,9051,10831,11592,14204,15700,17820,15716,17814,14765,18591,5523,9261,231581,146270,41366,11696,77094,21896,6498,28,19
2021-06-08T23:59:59+02:00,11,24,8093,8133,16965,17024,21971,23199,32612,33654,37910,38934,26394,29488,19176,23959,5893,9945,4192,4332,7934,8336,8746,10486,11234,13857,15057,17117,15260,17291,14503,18314,5518,9243,228854,144567,41334,10573,77085,20184,6084,28,19
2021-06-07T23:59:59+02:00,8,20,7895,7901,16607,16700,21427,22744,32331,33383,37793,38817,26368,29440,19159,23933,5888,9944,4116,4252,7753,8195,8586,10343,11063,13685,14745,16791,15063,17036,14330,18123,5514,9238,227232,143488,40359,10481,77074,19186,5666,27,19
2021-06-06T23:59:59+02:00,6,17,7787,7792,16472,16555,21232,22536,32104,33159,37658,38711,26341,29415,19146,23917,5888,9938,4087,4217,7707,8077,8534,10215,10958,13539,14549,16574,14879,16857,14241,18003,5507,9232,225999,143006,40060,10471,77056,18155,5532,27,19
2021-06-05T23:59:59+02:00,6,17,7765,7778,16443,16528,21224,22533,32094,33153,37655,38710,26340,29415,19145,23916,5888,9938,4078,4178,7692,8012,8520,10082,10944,13368,14530,16469,14842,16802,14232,17993,5507,9231,225889,142925,40060,10471,77055,17555,5517,27,19
2021-06-04T23:59:59+02:00,6,15,7651,7675,16165,16290,20947,22286,31670,32779,37540,38589,26307,29376,19133,23903,5886,9936,4071,4169,7666,7989,8494,10052,10877,13295,14425,16339,14761,16709,14195,17949,5507,9229,224290,142592,39284,10142,77036,17464,5517,27,19
2021-06-03T23:59:59+02:00,4,15,7395,7447,15288,15505,19312,20894,30759,31849,37037,38130,26176,29243,19089,23852,5880,9918,4010,4131,7577,7918,8372,9954,10707,13114,13856,15770,14496,16393,14110,17841,5504,9216,217668,140373,37704,10026,77026,17190,5368,27,19
2021-06-02T23:59:59+02:00,4,15,7260,7303,14902,15076,18880,20492,30289,31394,36811,37866,26112,29179,19069,23823,5877,9916,3980,4101,7512,7831,8284,9862,10566,12983,13408,15338,14372,16210,14082,17803,5501,9211,214579,138578,37273,9932,77025,17158,5364,27,19
2021-06-01T23:59:59+02:00,4,12,6984,7058,14505,14764,18537,20174,29962,31083,36588,37632,26056,29100,19045,23794,5875,9905,3878,4015,7269,7654,8052,9669,10302,12709,13005,14915,13939,15758,13966,17650,5494,9203,211835,136454,37228,9678,77004,16350,4984,27,19
2021-05-31T23:59:59+02:00,4,12,6821,6868,14286,14531,17833,19572,29621,30742,36291,37369,25966,29003,19019,23740,5865,9892,3799,3903,7060,7407,7829,9383,9959,12326,12564,14396,13410,15145,13767,17421,5486,9188,210406,133272,35179,9353,76987,15570,4836,27,19
2021-05-30T23:59:59+02:00,4,12,6798,6853,14240,14493,17756,19513,29571,30704,36260,37346,25954,28991,19016,23734,5864,9890,3756,3829,6903,7193,7681,9149,9752,12007,12307,14043,13289,14975,13698,17339,5483,9181,210111,132537,35167,9252,76933,14023,4761,27,19
2021-05-29T23:59:59+02:00,4,12,6796,6852,14231,14487,17751,19507,29566,30700,36257,37345,25952,28988,19016,23733,5864,9890,3747,3816,6874,7160,7648,9098,9716,11960,12234,13945,13248,14907,13668,17315,5482,9176,210079,132398,35167,9251,76918,13573,4760,27,19
2021-05-28T23:59:59+02:00,4,12,6786,6840,14216,14470,17734,19486,29555,30687,36246,37327,25951,28984,19014,23729,5864,9890,3733,3793,6852,7120,7614,9044,9663,11856,11994,13675,13059,14716,13638,17274,5479,9173,209928,131107,35166,9250,76915,13554,4759,27,19
2021-05-27T23:59:59+02:00,4,12,6695,6759,13948,14253,17249,19139,28876,30144,36087,37196,25905,28950,18999,23715,5863,9884,3608,3633,6565,6868,7238,8737,9165,11297,11284,12780,12507,14147,13508,17082,5472,9161,208851,127591,33725,8920,76873,12326,4202,27,19
2021-05-26T23:59:59+02:00,4,12,6624,6651,13734,14050,16996,18832,28332,29632,35912,37021,25868,28905,18984,23691,5862,9879,3517,3489,6340,6579,6950,8310,8824,10819,10631,11982,11945,13531,13362,16866,5467,9139,207260,123976,32971,8737,76860,11154,3871,27,19
2021-05-25T23:59:59+02:00,4,12,6543,6556,13529,13829,16733,18621,27607,28985,35819,36924,25845,28876,18972,23676,5857,9878,3468,3398,6195,6410,6804,8120,8598,10528,10285,11616,11599,13056,13257,16705,5464,9131,206549,122136,31517,8598,76375,10088,3799,26,19
2021-05-24T23:59:59+02:00,4,12,6473,6459,13352,13629,16511,18338,27195,28558,35473,36525,25788,28808,18953,23652,5856,9876,3454,3376,6137,6328,6759,8036,8539,10433,10212,11519,11426,12823,13209,16614,5456,9111,206015,121511,29293,8552,76368,9596,3760,26,19
2021-05-23T23:59:59+02:00,4,12,6471,6458,13347,13620,16508,18328,27176,28548,35443,36491,25785,28802,18953,23646,5856,9876,3449,3372,6131,6318,6749,8029,8511,10402,10172,11462,11343,12722,13189,16583,5456,9110,205900,121499,29277,8140,76367,9589,3754,26,19
2021-05-22T23:59:59+02:00,4,12,6464,6454,13340,13609,16502,18324,27173,28547,35440,36485,25785,28802,18953,23646,5856,9876,3448,3372,6128,6315,6748,8025,8507,10400,10167,11459,11332,12708,13184,16579,5455,9110,205850,121459,29277,8140,76365,9568,3754,26,19
2021-05-21T23:59:59+02:00,4,12,6402,6394,13187,13503,16329,18173,26902,28369,35010,36218,25759,28765,18945,23640,5855,9872,3439,3362,6095,6294,6717,7991,8468,10351,10114,11409,10814,11995,13043,16419,5452,9105,205161,119699,29152,8137,75317,9533,3683,26,19
2021-05-20T23:59:59+02:00,3,11,6109,6193,12577,13086,15135,17251,24988,26873,34057,35448,25654,28620,18891,23559,5849,9857,3379,3317,6002,6177,6604,7835,8321,10190,9877,11101,10479,11541,12930,16238,5442,9092,200401,117705,27407,8059,72774,9191,3554,25,19
2021-05-19T23:59:59+02:00,3,11,5903,5952,12063,12627,14426,16546,24041,26059,33430,34851,25544,28530,18856,23503,5841,9845,3302,3244,5840,6007,6414,7594,8046,9909,9574,10721,10167,11126,12851,16093,5440,9084,194711,115796,27369,7863,72759,8570,3167,25,19
2021-05-18T23:59:59+02:00,3,10,5733,5843,11663,12304,13803,16047,22885,25110,32764,34245,25428,28395,18810,23453,5836,9836,3259,3212,5727,5896,6249,7435,7841,9691,9376,10481,9998,10876,12706,15872,5431,9075,189760,114646,26863,7795,72715,7863,2805,25,19
2021-05-17T23:59:59+02:00,3,9,5680,5798,11500,12197,13532,15825,22070,24475,32455,33931,25348,28336,18788,23423,5827,9827,3142,3136,5536,5712,6075,7219,7631,9463,9151,10238,9909,10752,12648,15809,5428,9070,187995,113890,26163,7789,72322,6705,2519,25,19
2021-05-16T23:59:59+02:00,3,9,5652,5778,11439,12140,13447,15745,21460,23927,31841,33401,25307,28293,18778,23408,5826,9827,3137,3113,5522,5642,6047,7159,7603,9362,9119,10154,9893,10733,12645,15806,5428,9070,187227,113778,24619,7782,71903,6351,2507,25,18
2021-05-15T23:59:59+02:00,3,9,5643,5768,11406,12131,13418,15735,21386,23856,31301,33027,25296,28288,18777,23405,5825,9826,3123,3098,5503,5600,6033,7083,7563,9247,8881,9900,9860,10702,12611,15755,5428,9069,187177,113773,24607,7644,71254,5987,2037,25,18
2021-05-14T23:59:59+02:00,3,9,5603,5743,11344,12093,13346,15670,20975,23544,30870,32681,25260,28242,18766,23388,5825,9824,3091,3058,5467,5511,6012,6947,7523,9045,8821,9705,9789,10592,12524,15628,5428,9066,186454,113604,24288,7312,70383,5240,2036,25,18
2021-05-13T23:59:59+02:00,3,9,5445,5585,10962,11797,12632,15081,18789,21795,29324,31213,25030,27999,18699,23317,5823,9821,3079,3023,5442,5472,5995,6889,7499,8974,8777,9645,9572,10348,12327,15325,5423,9056,182499,113247,20486,6493,68293,5070,2021,25,18
2021-05-12T23:59:59+02:00,2,9,5416,5558,10890,11739,12531,14993,18667,21671,28961,30849,24938,27904,18682,23288,5822,9816,3079,3019,5436,5466,5985,6875,7474,8959,8738,9591,9387,10118,12096,15003,5420,9049,181551,112966,19849,5629,68290,5064,2021,25,18
2021-05-11T23:59:59+02:00,2,9,5279,5454,10643,11491,12165,14621,18056,21035,28029,29879,24745,27715,18623,23213,5817,9801,3037,2978,5347,5311,5885,6691,7344,8717,8578,9369,9206,9923,11949,14815,5411,9031,177476,111929,18958,5520,68157,4167,1961,25,18
2021-05-10T23:59:59+02:00,2,8,5156,5376,10430,11296,11906,14366,17730,20700,27609,29472,24636,27608,18585,23166,5809,9797,2969,2925,5230,5194,5771,6588,7220,8576,8451,9262,9102,9799,11859,14687,5408,9023,175475,111400,18266,5508,67932,3187,1954,25,18
2021-05-09T23:59:59+02:00,2,8,5082,5328,10330,11182,11806,14247,17390,20417,27218,29095,24550,27522,18556,23130,5806,9794,2900,2894,5084,5150,5595,6545,7052,8547,8323,9226,9090,9789,11841,14667,5408,9023,175080,111324,16982,5498,67437,2358,1939,25,18
2021-05-08T23:59:59+02:00,2,8,5081,5327,10328,11178,11806,14247,17386,20415,27215,29092,24550,27522,18556,23130,5806,9794,2900,2893,5083,5150,5595,6545,7052,8547,8320,9226,9089,9788,11841,14667,5408,9023,175063,111321,16982,5498,67434,2354,1939,25,18
2021-05-07T23:59:59+02:00,2,8,5047,5301,10258,11125,11677,14123,16985,20140,26578,28534,24502,27471,18539,23096,5799,9765,2890,2886,5067,5141,5584,6529,7040,8536,8312,9215,9083,9780,11830,14645,5400,8996,174228,111306,16979,5492,65908,2311,1810,25,18
2021-05-06T23:59:59+02:00,1,8,4777,5140,9795,10780,11115,13607,15897,19118,24170,26243,24004,26946,18433,22993,5794,9751,2848,2841,5000,5066,5544,6436,6957,8417,8181,9064,8983,9669,11806,14594,5397,8993,169202,110763,14526,5436,63022,1783,1799,23,18
2021-05-05T23:59:59+02:00,1,8,4699,5063,9502,10550,10773,13281,15316,18513,23326,25278,23743,26622,18364,22887,5784,9733,2828,2805,4950,4980,5485,6315,6873,8252,8057,8849,8876,9538,11728,14509,5396,8985,165538,109823,13214,5431,62872,1360,1796,23,18
2021-05-04T23:59:59+02:00,1,8,4614,4972,9328,10343,10565,13039,14928,18114,22782,24714,23529,26349,18292,22808,5776,9720,2819,2771,4922,4904,5452,6195,6819,8111,7964,8694,8772,9427,11653,14450,5394,8982,163282,109324,12090,5420,62711,793,1776,23,18
2021-05-03T23:59:59+02:00,1,8,4541,4898,9135,10206,10388,12863,14645,17867,22373,24299,23390,26199,18265,22761,5776,9714,2742,2701,4834,4830,5376,6109,6723,8005,7783,8528,8686,9340,11614,14401,5391,8977,161777,109103,12089,5417,62619,683,821,23,18
2021-05-02T23:59:59+02:00,1,8,4528,4884,9058,10148,10262,12751,14318,17560,22070,24012,23340,26140,18246,22736,5775,9713,2736,2694,4774,4796,5285,6025,6585,7876,7666,8427,8640,9298,11590,14367,5389,8972,160890,108987,12086,5415,62515,666,36,23,18
2021-05-01T23:59:59+02:00,1,8,4528,4882,9056,10147,10261,12751,14314,17557,22068,24012,23339,26139,18246,22736,5775,9713,2736,2694,4774,4796,5285,6025,6584,7876,7666,8427,8640,9298,11590,14367,5389,8972,160873,108987,12086,5414,62515,666,36,23,18
2021-04-30T23:59:59+02:00,0,8,4455,4791,8814,9933,9999,12509,13832,17132,21227,23244,23213,26003,18230,22707,5772,9710,2732,2692,4763,4788,5276,5991,6572,7846,7632,8390,8636,9295,11589,14364,5387,8971,157283,108960,12085,5412,62186,534,2,23,18
2021-04-29T23:59:59+02:00,0,8,4306,4647,8330,9522,9296,11905,12830,16234,19384,21564,22507,25243,18092,22497,5766,9693,2709,2671,4721,4716,5232,5915,6509,7740,7553,8272,8525,9180,11523,14288,5381,8962,148094,108466,12071,5139,61635,274,2,22,18
2021-04-28T23:59:59+02:00,0,8,4273,4628,8259,9448,9220,11818,12711,16115,19167,21350,22419,25151,18064,22456,5764,9688,2706,2660,4695,4656,5204,5871,6478,7666,7505,8190,8508,9156,11507,14266,5380,8956,147713,108273,11981,5067,60822,48,1,22,17
2021-04-27T23:59:59+02:00,0,8,4233,4582,8121,9308,9107,11667,12566,15946,18718,20852,22190,24893,17999,22378,5761,9680,2703,2656,4693,4652,5194,5863,6465,7647,7472,8153,8450,9077,11426,14184,5376,8952,146987,108016,10898,4894,60101,40,1,22,14
2021-04-26T23:59:59+02:00,0,8,4191,4554,8015,9213,8960,11562,12392,15773,18306,20488,22056,24747,17964,22350,5761,9679,2703,2654,4689,4648,5189,5854,6451,7627,7438,8125,8402,9029,11370,14105,5372,8935,146219,107908,10763,4636,59015,35,0,22,14
2021-04-25T23:59:59+02:00,0,8,4177,4538,7979,9183,8896,11499,12257,15643,17961,20158,21856,24509,17924,22295,5757,9674,2703,2654,4688,4647,5187,5850,6446,7624,7436,8121,8346,8970,11346,14077,5372,8934,144835,107886,10752,4469,58705,34,0,22,14
2021-04-24T23:59:59+02:00,0,8,4171,4530,7964,9179,8881,11489,12209,15613,17903,20120,21840,24496,17922,22290,5757,9674,2702,2654,4688,4647,5187,5850,6446,7624,7436,8121,8346,8969,11346,14077,5372,8934,144739,107886,10752,4469,58533,33,0,22,13
2021-04-23T23:59:59+02:00,0,8,4151,4497,7907,9116,8798,11387,11869,15287,17470,19723,21626,24263,17859,22213,5755,9666,2699,2652,4685,4644,5180,5843,6432,7615,7413,8090,8325,8942,11338,14069,5370,8931,143477,107874,10404,4311,57692,32,0,22,13
2021-04-22T23:59:59+02:00,0,8,4102,4432,7775,8924,8613,11127,11542,14867,16556,18737,21051,23552,17724,22032,5746,9647,2690,2646,4679,4623,5157,5817,6389,7579,7341,8042,8192,8784,11196,13918,5365,8922,139739,107256,10274,4048,56402,25,0,20,13
2021-04-21T23:59:59+02:00,0,8,4060,4389,7672,8804,8457,10968,11247,14588,15820,17978,20672,23104,17652,21926,5741,9634,2682,2635,4661,4603,5141,5796,6377,7561,7313,8021,8142,8723,11159,13879,5363,8920,136820,106975,10144,3968,55739,23,0,17,12
2021-04-20T23:59:59+02:00,0,8,4035,4363,7637,8752,8381,10888,11084,14413,15385,17501,20208,22588,17553,21774,5733,9623,2674,2626,4651,4590,5116,5776,6349,7537,7273,7981,8048,8591,11084,13792,5359,8916,134672,106403,9880,3928,55357,22,0,17,12
2021-04-19T23:59:59+02:00,0,8,4004,4312,7575,8648,8289,10749,10926,14230,15132,17207,19729,22024,17387,21560,5722,9611,2669,2625,4645,4586,5103,5761,6330,7520,7247,7937,7995,8537,11058,13746,5356,8911,132607,106069,9526,3925,54963,22,0,17,12
2021-04-18T23:59:59+02:00,0,5,3984,4283,7515,8597,8183,10622,10667,13987,14640,16668,19299,21513,17265,21374,5718,9605,2668,2625,4645,4586,5103,5761,6328,7517,7244,7936,7991,8534,11056,13742,5355,8908,130186,106045,9455,3923,54267,21,0,17,12
2021-04-17T23:59:59+02:00,0,5,3981,4275,7495,8591,8173,10604,10625,13941,14530,16580,19178,21389,17243,21346,5717,9603,2668,2625,4644,4584,5097,5756,6314,7512,7219,7913,7945,8488,11037,13719,5354,8908,129749,106035,9446,3717,54064,21,0,17,12
2021-04-16T23:59:59+02:00,0,5,3970,4232,7422,8469,8070,10446,10431,13679,13861,15817,18610,20743,17118,21171,5706,9586,2665,2622,4639,4579,5092,5744,6296,7501,7181,7878,7636,8099,10946,13580,5346,8892,126902,105238,9386,3427,53031,21,0,17,12
2021-04-15T23:59:59+02:00,0,4,3926,4178,7309,8338,7899,10208,10096,13289,13131,14958,17802,19877,16876,20846,5693,9565,2664,2614,4627,4563,5079,5712,6265,7465,7110,7805,7075,7444,10822,13420,5342,8881,123248,103576,9227,3283,51503,19,0,17,12
2021-04-14T23:59:59+02:00,0,3,3899,4149,7243,8232,7793,10058,9921,13090,12713,14512,17276,19265,16725,20636,5688,9552,2631,2595,4609,4531,5050,5665,6230,7432,7053,7744,6441,6682,10560,13128,5338,8873,121861,101255,8993,3283,49884,14,0,17,12
2021-04-13T23:59:59+02:00,0,3,3896,4143,7206,8216,7736,10024,9813,13037,12340,14219,16587,18417,16489,20335,5684,9546,2607,2568,4589,4505,5025,5631,6171,7364,6964,7643,6228,6430,9977,12466,5330,8854,121168,99054,8775,3275,47731,14,0,17,11
2021-04-12T23:59:59+02:00,0,3,3882,4125,7153,8170,7679,9955,9705,12935,12093,14007,16144,17901,16301,20121,5679,9543,2578,2557,4522,4463,4918,5562,6056,7288,6846,7544,5483,5608,9529,11930,5290,8812,120835,95696,8739,3267,45805,14,0,17,11
2021-04-11T23:59:59+02:00,0,3,3867,4117,7111,8118,7620,9911,9612,12857,11855,13799,15579,17212,16025,19780,5674,9533,2502,2474,4393,4341,4763,5429,5893,7136,6694,7438,5180,5247,9398,11771,5290,8808,120246,93517,8311,3218,44099,13,0,17,11
2021-04-10T23:59:59+02:00,0,3,3849,4098,7072,8071,7576,9855,9552,12798,11763,13714,15362,17020,15976,19712,5673,9526,1943,1906,3574,3620,3888,4664,4888,6216,5839,6651,4906,4941,9270,11619,5284,8799,119782,84768,8311,3218,43510,13,0,17,11
2021-04-09T23:59:59+02:00,0,3,3829,4078,7034,8042,7512,9799,9399,12670,11436,13429,14178,15489,15533,19181,5661,9516,1084,1078,2216,2427,2380,3291,3102,4574,4219,5187,4222,4207,9023,11265,5260,8770,117884,69068,8309,3215,40579,13,0,17,11
2021-04-08T23:59:59+02:00,0,3,3803,4062,6973,7989,7409,9704,9212,12551,11032,13075,13045,14229,15124,18660,5642,9486,582,589,1298,1719,1473,2359,2002,3485,2835,3800,2976,2809,8220,10286,5118,8549,116638,54868,8228,3212,37116,11,0,17,11
2021-04-07T23:59:59+02:00,0,3,3756,4037,6895,7935,7316,9634,9084,12422,10723,12767,12317,13459,14907,18395,5636,9467,351,372,947,1374,1066,1973,1491,3022,1890,2792,1794,1521,7315,9145,4963,8290,115676,45077,8077,3212,34984,8,0,16,11
2021-04-06T23:59:59+02:00,0,3,3740,4025,6873,7897,7261,9567,8991,12342,10510,12549,11932,12964,14685,18099,5625,9453,344,358,937,1364,1051,1952,1464,2994,1831,2733,1715,1454,6903,8589,4812,8052,114397,43326,7978,3211,34127,7,0,14,11
2021-04-05T23:59:59+02:00,0,3,3735,4024,6862,7885,7248,9557,8972,12314,10446,12490,11822,12818,14587,18007,5623,9450,342,352,926,1360,1045,1944,1454,2974,1810,2699,1661,1401,6674,8284,4690,7869,114062,42259,7957,3210,33810,7,0,14,11
2021-04-04T23:59:59+02:00,0,3,3735,4024,6860,7879,7247,9556,8969,12314,10436,12485,11819,12814,14584,18006,5623,9450,342,351,924,1360,1044,1942,1453,2973,1808,2696,1658,1396,6667,8271,4685,7866,114057,42211,7956,3209,33777,7,0,14,11
2021-04-03T23:59:59+02:00,0,3,3735,4024,6860,7878,7246,9556,8969,12314,10435,12485,11819,12813,14582,18004,5623,9450,342,350,922,1356,1042,1941,1452,2968,1806,2696,1653,1384,6624,8190,4650,7831,114053,41982,7956,3209,33773,7,0,14,11
2021-04-02T23:59:59+02:00,0,3,3733,4022,6858,7875,7240,9550,8957,12307,10419,12469,11692,12699,14539,17947,5619,9442,340,348,920,1349,1036,1930,1437,2943,1766,2657,1558,1298,5861,7290,4217,7269,113930,39316,7951,2887,33476,7,0,14,11
2021-04-01T23:59:59+02:00,0,2,3693,4010,6824,7853,7198,9519,8905,12268,10348,12398,11350,12291,14163,17434,5615,9429,335,345,904,1334,1024,1909,1405,2897,1707,2591,1435,1205,4928,6185,3667,6447,113547,35420,6540,2882,33199,7,0,14,11
2021-03-31T23:59:59+02:00,0,2,3687,4006,6809,7834,7181,9501,8870,12236,10260,12326,11019,11885,13818,16941,5609,9408,332,342,896,1326,1014,1894,1385,2869,1657,2555,1370,1153,4348,5511,3315,5979,112974,33121,5540,2809,32864,7,0,14,11
2021-03-30T23:59:59+02:00,0,2,3669,3982,6773,7795,7124,9434,8781,12132,10097,12171,10761,11608,13595,16675,5603,9394,328,335,890,1316,1007,1888,1362,2862,1629,2529,1343,1127,4230,5389,3255,5887,112153,32749,5290,2612,32139,7,0,14,11
2021-03-29T23:59:59+02:00,0,2,3660,3960,6747,7773,7084,9381,8685,12037,9914,11964,10328,11140,13222,16206,5586,9361,323,331,886,1306,1001,1880,1354,2851,1613,2520,1318,1113,4097,5245,3158,5756,110477,32131,4982,2606,31577,6,0,14,11
2021-03-28T23:59:59+02:00,0,2,3618,3904,6632,7615,6967,9240,8558,11844,9762,11773,10117,10880,13046,16020,5581,9351,323,331,886,1306,999,1879,1353,2851,1612,2518,1309,1110,4064,5203,3132,5730,110104,32088,4718,2504,30074,5,0,14,11
2021-03-27T23:59:59+01:00,0,2,3617,3893,6620,7550,6937,9126,8508,11673,9710,11619,10003,10757,12951,15932,5580,9351,323,330,886,1306,999,1876,1353,2849,1608,2517,1307,1108,4038,5168,3119,5715,110095,31985,4718,2503,29002,5,0,14,11
2021-03-26T23:59:59+01:00,0,2,3611,3885,6592,7513,6908,9053,8460,11560,9619,11491,9954,10694,12905,15877,5572,9331,318,328,885,1303,995,1864,1350,2828,1587,2503,1282,1092,3857,4943,3013,5562,110039,31234,4496,2462,28478,5,0,14,11
2021-03-25T23:59:59+01:00,0,2,3588,3854,6501,7386,6816,8888,8269,11328,9310,11174,9575,10312,12602,15562,5567,9322,318,327,883,1295,992,1853,1337,2815,1563,2484,1256,1073,3624,4701,2762,5227,109666,30035,4289,2462,26087,4,0,14,11
2021-03-24T23:59:59+01:00,0,2,3533,3803,6412,7200,6696,8662,8102,11092,9084,10849,9160,9824,12184,15103,5556,9312,318,326,882,1292,987,1851,1329,2811,1547,2468,1247,1063,3557,4628,2581,5005,109155,29420,4153,2462,23252,1,0,14,11
2021-03-23T23:59:59+01:00,0,2,3515,3770,6363,7144,6620,8603,7984,10963,8835,10616,8739,9354,11733,14584,5547,9297,318,326,881,1282,982,1842,1324,2802,1543,2460,1223,1038,3465,4552,2388,4688,108340,28642,4060,2462,21255,1,0,14,11
2021-03-22T23:59:59+01:00,0,2,3507,3750,6320,7115,6586,8556,7918,10887,8686,10480,8458,9001,11430,14258,5511,9258,316,321,875,1272,974,1835,1317,2791,1533,2450,1211,1029,3437,4517,2369,4655,107669,28431,4057,2461,19983,1,0,14,11
2021-03-21T23:59:59+01:00,0,2,3505,3748,6316,7104,6569,8540,7899,10868,8630,10422,8338,8885,11359,14156,5509,9255,314,320,866,1269,967,1828,1308,2789,1529,2446,1207,1026,3428,4502,2355,4646,107584,28329,4056,2461,19451,1,0,14,11
2021-03-20T23:59:59+01:00,0,2,3497,3710,6308,7032,6554,8403,7874,10684,8586,10286,8260,8799,11321,14117,5509,9255,314,320,866,1269,967,1827,1307,2789,1529,2444,1207,1026,3428,4501,2355,4645,107551,28324,3844,2460,18788,1,0,14,11
2021-03-19T23:59:59+01:00,0,2,3484,3680,6282,6948,6530,8310,7828,10567,8472,10125,7721,8192,11137,13876,5499,9237,311,319,861,1262,950,1817,1284,2758,1479,2399,1123,958,2764,3712,1943,4076,105935,25546,3544,2460,18397,1,0,14,11
2021-03-18T23:59:59+01:00,0,2,3473,3662,6241,6907,6497,8248,7765,10480,8357,9996,6763,7096,10858,13575,5489,9212,310,319,858,1257,944,1808,1265,2750,1454,2380,1086,941,2557,3473,1787,3855,102915,24574,3386,2460,18306,1,0,14,11
2021-03-17T23:59:59+01:00,0,2,3436,3624,6170,6823,6444,8145,7675,10352,8227,9838,6080,6253,10572,13269,5472,9186,309,319,851,1251,939,1796,1251,2728,1435,2354,1049,917,2438,3348,1708,3745,100141,23968,3385,2460,18028,1,0,14,11
2021-03-16T23:59:59+01:00,0,2,3418,3595,6131,6770,6399,8072,7622,10287,8137,9737,5904,6077,9866,12474,5433,9123,302,309,837,1235,927,1787,1245,2708,1422,2346,1035,898,2224,3108,1575,3550,97896,23040,3375,2458,17762,1,0,14,11
2021-03-15T23:59:59+01:00,0,2,3381,3563,6034,6691,6269,7980,7480,10168,8008,9612,5152,5243,9423,11926,5390,9053,301,308,833,1231,925,1780,1243,2695,1413,2337,1022,886,2082,2935,1489,3456,94385,22469,3368,2457,17608,1,0,14,11
2021-03-14T23:59:59+01:00,0,2,3256,3416,5753,6345,5993,7619,7165,9753,7723,9291,4818,4852,9266,11729,5386,9043,301,307,833,1231,924,1780,1241,2694,1411,2334,1020,884,2079,2932,1486,3455,91989,22448,3313,2454,16094,1,0,14,11
2021-03-13T23:59:59+01:00,0,2,2601,2754,4812,5477,4975,6690,5970,8634,6708,8346,4504,4469,8883,11209,5296,8935,301,307,832,1229,924,1775,1238,2692,1410,2334,1020,883,2055,2896,1456,3420,81298,22308,3313,2454,15640,1,0,14,11
2021-03-12T23:59:59+01:00,0,2,1775,1933,3474,4327,3468,5355,4223,6994,5072,6838,3835,3764,7634,9661,4795,8256,297,304,830,1225,918,1768,1230,2672,1384,2317,974,858,1707,2433,1188,3069,62471,20710,3310,2454,15611,1,0,14,11
2021-03-11T23:59:59+01:00,0,2,1274,1456,2570,3586,2563,4415,3130,5904,3710,5452,2659,2487,5937,7550,4030,7081,292,295,814,1216,905,1745,1212,2643,1359,2271,937,838,1550,2204,1065,2881,45177,19764,3308,2454,15307,1,0,14,10
2021-03-10T23:59:59+01:00,0,2,1050,1238,2201,3225,2188,4024,2678,5463,2806,4485,1531,1287,4587,5832,3474,6312,282,285,796,1197,883,1709,1178,2570,1320,2205,912,818,1371,2014,969,2708,34157,18861,3308,2347,14905,1,0,13,10
2021-03-09T23:59:59+01:00,0,2,1034,1210,2135,3084,2123,3909,2593,5329,2722,4359,1497,1257,4512,5759,3435,6255,278,278,782,1176,866,1683,1153,2530,1302,2177,897,806,1293,1890,898,2598,33752,18295,3305,2303,14145,1,0,13,10
2021-03-08T23:59:59+01:00,0,2,1012,1179,2078,2985,2083,3827,2534,5216,2666,4287,1459,1237,4366,5601,3334,6114,278,274,777,1168,864,1674,1145,2522,1294,2161,872,785,1127,1665,775,2434,33063,17507,3305,2299,13599,1,0,13,10
2021-03-07T23:59:59+01:00,0,2,1007,1160,2038,2942,2041,3786,2494,5151,2625,4250,1454,1234,4359,5593,3332,6114,278,274,777,1168,864,1674,1145,2522,1293,2161,869,785,1118,1655,767,2423,33033,17507,3299,2258,13237,0,0,13,10
2021-03-06T23:59:59+01:00,0,2,1007,1156,2027,2928,2029,3767,2478,5124,2607,4229,1441,1224,4325,5548,3318,6102,278,274,777,1168,864,1673,1145,2522,1293,2161,869,785,1118,1655,767,2422,32888,17506,3298,2257,13113,0,0,13,10
2021-03-05T23:59:59+01:00,0,2,1003,1152,2012,2908,1999,3744,2435,5072,2554,4192,1405,1196,4059,5222,3168,5881,277,271,770,1161,858,1665,1142,2513,1290,2151,855,781,1110,1646,766,2420,32148,17411,2967,2257,12876,0,0,13,10
2021-03-04T23:59:59+01:00,0,2,909,1005,1924,2780,1931,3607,2359,4918,2464,4034,1375,1175,3819,4963,2904,5532,277,269,768,1156,855,1657,1141,2499,1286,2142,822,766,1098,1635,759,2408,30902,17296,2963,2234,11823,0,0,13,10
2021-03-03T23:59:59+01:00,0,2,863,897,1859,2684,1860,3502,2290,4802,2390,3950,1362,1162,3709,4858,2682,5260,276,267,767,1146,852,1639,1135,2457,1276,2116,805,762,1090,1617,752,2401,30228,17270,2846,2080,11045,0,0,13,10
2021-03-02T23:59:59+01:00,0,2,818,822,1762,2560,1775,3378,2199,4678,2330,3872,1327,1140,3579,4723,2479,4914,276,266,766,1140,848,1636,1130,2452,1272,2106,803,760,1076,1596,741,2382,29503,17163,2657,2079,10185,0,0,13,10
2021-03-01T23:59:59+01:00,0,2,795,783,1662,2416,1704,3234,2099,4506,2250,3751,1309,1128,3529,4660,2435,4852,276,264,762,1136,847,1624,1126,2440,1267,2096,797,758,1071,1585,734,2375,29251,17071,2573,2079,9278,0,0,13,10
2021-02-28T23:59:59+01:00,0,2,789,760,1643,2350,1676,3162,2076,4406,2236,3684,1303,1122,3519,4645,2421,4842,275,263,762,1135,847,1619,1126,2438,1267,2091,793,756,1063,1572,730,2365,29144,17048,2571,2046,8908,0,0,13,10
2021-02-27T23:59:59+01:00,0,2,774,743,1621,2290,1659,3050,2057,4280,2215,3588,1300,1119,3519,4643,2420,4841,275,263,762,1135,847,1618,1126,2438,1267,2090,793,756,1053,1566,713,2351,29139,17046,2570,1999,8399,0,0,13,10
2021-02-26T23:59:59+01:00,0,2,646,662,1516,2177,1607,2891,1994,4043,2114,3352,1210,1048,2868,3850,1994,4259,275,263,761,1133,846,1617,1126,2436,1265,2087,791,751,1035,1553,703,2335,26349,16972,2570,1997,7301,0,0,13,10
2021-02-25T23:59:59+01:00,0,2,496,582,1397,2075,1540,2763,1933,3915,2014,3240,1161,1016,2638,3580,1830,4016,258,248,736,1109,804,1547,1079,2338,1191,1994,734,730,1003,1516,692,2307,25284,16880,2543,1398,6358,0,0,13,10
2021-02-24T23:59:59+01:00,0,2,466,551,1328,1962,1467,2619,1863,3762,1937,3090,1122,986,2499,3443,1751,3897,229,235,709,1064,777,1484,1049,2278,1137,1943,707,707,956,1487,681,2277,24631,16693,2532,1019,5569,0,0,13,10
2021-02-23T23:59:59+01:00,0,2,410,511,1245,1822,1392,2472,1786,3551,1866,2968,1097,952,2296,3214,1626,3711,224,229,694,1041,765,1445,1027,2234,1112,1902,698,695,947,1473,678,2273,23709,16606,2522,823,4677,0,0,13,10
2021-02-22T23:59:59+01:00,0,2,397,478,1145,1711,1289,2375,1677,3445,1785,2897,1076,939,2154,3042,1541,3615,213,220,672,990,734,1382,1001,2140,1068,1820,655,663,878,1396,642,2217,23133,16417,2518,266,3904,0,0,13,10
2021-02-21T23:59:59+01:00,0,2,378,462,1044,1679,1136,2351,1522,3422,1682,2879,1068,937,2153,3041,1541,3615,186,214,641,982,723,1374,987,2135,1063,1818,652,660,875,1392,634,2210,23104,16286,2518,252,3277,0,0,13,10
2021-02-20T23:59:59+01:00,0,2,378,460,1043,1679,1135,2351,1520,3420,1682,2877,1068,936,2152,3041,1540,3614,185,212,638,982,720,1373,981,2132,1061,1818,652,660,875,1392,634,2210,23097,16265,2517,252,3271,0,0,13,10
2021-02-19T23:59:59+01:00,0,2,373,451,1031,1675,1125,2341,1507,3401,1649,2862,1018,908,1781,2534,1243,3232,164,202,612,978,702,1365,964,2130,1055,1816,649,659,873,1392,633,2209,21356,16143,2517,252,3247,0,0,13,10
2021-02-18T23:59:59+01:00,0,2,353,431,991,1593,1087,2254,1454,3283,1608,2772,988,885,1608,2291,1114,3028,144,191,573,967,682,1352,930,2113,1030,1796,638,640,852,1364,619,2188,20376,15819,2517,252,2836,0,0,13,10
2021-02-17T23:59:59+01:00,0,2,330,378,907,1450,980,2054,1319,3029,1496,2552,951,855,1419,2079,1013,2851,138,184,561,936,656,1301,897,2035,980,1720,603,608,845,1338,614,2169,19303,15325,2517,252,1832,0,0,13,10
2021-02-16T23:59:59+01:00,0,2,324,339,863,1312,928,1867,1258,2804,1430,2391,939,838,1356,1983,946,2755,132,171,547,893,641,1247,869,1971,950,1678,593,598,823,1307,601,2109,18933,15006,2516,116,873,0,0,13,10
2021-02-15T23:59:59+01:00,0,2,308,299,835,1281,911,1811,1218,2720,1392,2335,911,806,1179,1751,817,2579,123,163,525,866,623,1185,843,1898,927,1601,572,561,805,1270,592,2067,18022,14537,2515,76,605,0,0,13,10
2021-02-14T23:59:59+01:00,0,2,308,299,834,1281,910,1811,1216,2720,1392,2335,911,806,1179,1751,817,2579,123,163,524,859,619,1180,837,1892,923,1598,571,560,803,1269,591,2064,18021,14493,2515,75,602,0,0,13,10
2021-02-13T23:59:59+01:00,0,2,308,299,834,1281,910,1808,1216,2718,1392,2333,911,806,1179,1751,817,2579,123,163,524,859,619,1180,835,1889,921,1594,569,560,788,1249,579,2048,18014,14491,2515,1,602,0,0,13,10
2021-02-12T23:59:59+01:00,0,2,304,298,824,1276,906,1778,1210,2690,1364,2304,909,804,1178,1748,817,2579,123,163,522,856,618,1173,829,1877,915,1581,566,558,774,1238,573,2035,18005,14392,2515,1,458,0,0,13,10
2021-02-11T23:59:59+01:00,0,2,285,289,809,1241,900,1743,1194,2624,1342,2249,874,790,1167,1736,816,2569,121,149,504,815,596,1108,795,1777,892,1521,552,544,750,1203,559,2003,17891,13881,2514,0,212,0,0,13,10
2021-02-10T23:59:59+01:00,0,2,282,283,790,1203,887,1713,1182,2578,1327,2207,869,788,1152,1720,811,2552,117,140,437,728,550,1015,717,1650,833,1437,537,528,735,1183,549,1976,17867,13134,2409,0,58,0,0,12,0
2021-02-09T23:59:59+01:00,0,2,282,280,786,1189,875,1696,1167,2559,1313,2183,854,783,1138,1703,800,2536,100,121,382,641,497,886,638,1449,744,1248,485,450,616,1021,481,1738,17768,11499,2363,0,3,0,0,12,0
2021-02-08T23:59:59+01:00,0,2,282,279,784,1184,875,1689,1165,2555,1307,2175,848,780,1122,1681,783,2515,90,99,336,545,444,786,549,1241,636,1083,409,376,532,831,388,1428,17653,9775,2360,0,1,0,0,12,0
2021-02-07T23:59:59+01:00,0,2,281,278,782,1183,874,1689,1165,2554,1307,2172,842,778,1120,1678,782,2513,88,98,334,540,442,782,547,1232,632,1077,404,371,511,808,382,1414,17628,9664,2360,0,0,0,0,12,0
2021-02-06T23:59:59+01:00,0,2,281,277,781,1182,874,1688,1165,2554,1307,2171,841,777,1118,1672,781,2511,88,97,334,537,441,781,546,1228,630,1076,400,366,463,739,354,1369,17611,9451,2359,0,0,0,0,12,0
2021-02-05T23:59:59+01:00,0,2,281,277,781,1181,873,1686,1164,2553,1306,2168,834,771,1095,1662,774,2495,82,95,326,531,425,763,521,1193,601,1033,377,339,441,713,337,1324,17532,9102,2359,0,0,0,0,12,0
2021-02-04T23:59:59+01:00,0,2,278,269,778,1160,861,1664,1151,2525,1292,2145,812,758,1067,1632,767,2479,68,77,256,409,330,596,404,965,488,830,304,275,336,577,277,1114,17292,7306,2336,0,0,0,0,12,0
2021-02-03T23:59:59+01:00,0,2,277,264,774,1138,859,1638,1144,2475,1279,2115,793,744,1050,1609,758,2465,54,54,170,280,256,445,284,715,363,590,208,195,238,424,194,837,17196,5307,2176,0,0,0,0,12,0
2021-02-02T23:59:59+01:00,0,2,276,259,770,1130,852,1616,1136,2450,1267,2098,789,737,1041,1598,756,2457,35,35,92,139,147,256,172,448,235,370,134,125,161,255,136,538,17046,3278,2176,0,0,0,0,12,0
2021-02-01T23:59:59+01:00,0,2,274,256,765,1111,844,1596,1130,2421,1263,2065,780,724,1034,1588,752,2444,11,12,15,27,25,66,45,88,71,102,49,45,57,75,39,178,16862,905,2176,0,0,0,0,11,0
2021-01-31T23:59:59+01:00,0,2,268,254,749,1109,836,1585,1120,2410,1252,2056,774,718,1024,1571,745,2431,10,12,14,26,23,63,39,83,64,94,46,45,53,68,36,165,16827,841,2066,0,0,0,0,11,0
2021-01-30T23:59:59+01:00,0,2,268,254,749,1108,835,1585,1120,2410,1252,2056,773,718,1014,1564,728,2417,10,10,14,26,23,63,39,83,63,92,45,44,52,68,36,164,16823,832,2019,0,0,0,0,11,0
2021-01-29T23:59:59+01:00,0,2,268,254,749,1107,835,1585,1120,2410,1252,2055,772,717,1013,1562,728,2415,9,5,12,24,23,62,37,81,62,92,44,43,52,68,36,164,16816,814,2017,0,0,0,0,11,0
2021-01-28T23:59:59+01:00,0,2,264,249,737,1082,800,1530,1083,2349,1175,1997,731,703,984,1542,712,2393,4,0,3,6,9,26,18,36,20,45,21,22,23,45,15,97,16636,390,1686,0,0,0,0,11,0
2021-01-27T23:59:59+01:00,0,2,258,242,714,1050,752,1475,1025,2268,1102,1916,696,676,970,1521,709,2386,3,0,3,4,6,22,14,22,13,32,6,9,10,10,4,27,16188,185,1563,0,0,0,0,11,0
2021-01-26T23:59:59+01:00,0,2,234,233,697,1026,744,1425,1005,2194,1075,1851,684,662,947,1505,699,2367,3,0,1,4,5,12,12,12,6,11,3,5,6,7,1,16,16137,104,1202,0,0,0,0,11,0
2021-01-25T23:59:59+01:00,0,2,202,218,644,953,692,1302,962,2048,1017,1715,636,607,869,1410,656,2294,3,0,1,4,5,12,12,12,6,11,3,5,6,7,1,16,15909,104,307,0,0,0,0,11,0
2021-01-24T23:59:59+01:00,0,2,185,212,618,941,673,1288,944,2032,1002,1705,629,601,859,1390,647,2281,3,0,1,4,5,11,11,12,5,11,3,5,6,7,1,16,15736,101,262,0,0,0,0,11,0
2021-01-23T23:59:59+01:00,0,2,185,212,618,941,673,1288,944,2032,1002,1705,629,601,859,1390,647,2281,3,0,1,4,5,11,9,12,5,11,3,5,6,7,1,16,15736,99,262,0,0,0,0,11,0
2021-01-22T23:59:59+01:00,0,2,138,194,560,931,655,1273,910,2022,990,1694,624,600,858,1390,647,2281,3,0,0,4,5,11,9,12,5,11,3,5,6,7,1,16,15496,98,262,0,0,0,0,11,0
2021-01-21T23:59:59+01:00,0,2,133,186,545,908,634,1232,877,1968,968,1646,613,579,846,1359,640,2262,3,0,0,4,4,11,9,12,5,11,3,5,6,7,1,15,15125,96,262,0,0,0,0,11,0
2021-01-20T23:59:59+01:00,0,2,128,170,498,842,611,1156,814,1858,931,1575,592,562,829,1336,630,2234,3,0,0,4,4,11,9,12,5,11,3,5,6,7,1,15,14497,96,260,0,0,0,0,11,0
2021-01-19T23:59:59+01:00,0,2,117,152,427,756,549,1029,730,1670,831,1417,548,512,732,1184,558,1988,3,0,0,4,4,9,9,12,5,11,3,5,6,7,1,15,12998,94,193,0,0,0,0,11,0
2021-01-18T23:59:59+01:00,0,2,99,120,358,603,458,857,600,1409,705,1211,480,446,648,1026,491,1719,1,0,0,1,0,1,0,0,0,0,0,0,0,1,0,0,11138,4,83,0,0,0,0,11,0
2021-01-17T23:59:59+01:00,0,2,95,118,354,597,457,852,598,1390,697,1201,475,436,621,997,475,1678,1,0,0,1,0,1,0,0,0,0,0,0,0,1,0,0,10950,4,82,0,0,0,0,11,0
2021-01-16T23:59:59+01:00,0,2,95,115,352,589,454,847,587,1377,686,1189,460,422,526,871,414,1581,0,0,0,1,0,1,0,0,0,0,0,0,0,0,0,0,10553,2,3,0,0,0,0,11,0
2021-01-15T23:59:59+01:00,0,2,94,113,347,587,448,843,581,1370,669,1173,444,404,518,859,406,1558,0,0,0,0,0,0,0,0,0,0,0,0,0,0,0,0,10404,0,1,0,0,0,0,11,0
2021-01-14T23:59:59+01:00,0,0,77,91,290,485,370,679,464,1116,549,991,365,324,406,702,333,1323,0,0,0,0,0,0,0,0,0,0,0,0,0,0,0,0,8554,0,0,0,0,0,0,11,0
2021-01-13T23:59:59+01:00,0,0,63,68,206,367,294,506,350,834,423,710,255,228,298,527,251,1017,0,0,0,0,0,0,0,0,0,0,0,0,0,0,0,0,6387,0,0,0,0,0,0,10,0
2021-01-12T23:59:59+01:00,0,0,41,45,125,216,180,313,209,532,282,441,160,145,192,344,172,683,0,0,0,0,0,0,0,0,0,0,0,0,0,0,0,0,4080,0,0,0,0,0,0,0,0
2021-01-11T23:59:59+01:00,0,0,11,14,42,58,41,93,60,119,93,129,65,58,83,103,49,223,0,0,0,0,0,0,0,0,0,0,0,0,0,0,0,0,1241,0,0,0,0,0,0,0,0
2021-01-10T23:59:59+01:00,0,0,11,14,29,47,34,75,51,110,80,119,57,54,77,93,46,209,0,0,0,0,0,0,0,0,0,0,0,0,0,0,0,0,1106,0,0,0,0,0,0,0,0
2021-01-09T23:59:59+01:00,0,0,11,13,26,46,34,75,50,109,78,116,56,53,76,92,45,208,0,0,0,0,0,0,0,0,0,0,0,0,0,0,0,0,1088,0,0,0,0,0,0,0,0
2021-01-08T23:59:59+01:00,0,0,7,6,26,41,32,72,47,107,77,115,53,49,71,87,41,208,0,0,0,0,0,0,0,0,0,0,0,0,0,0,0,0,1039,0,0,0,0,0,0,0,0
2021-01-07T23:59:59+01:00,0,0,5,1,9,20,15,38,28,77,33,77,32,27,47,74,28,162,0,0,0,0,0,0,0,0,0,0,0,0,0,0,0,0,673,0,0,0,0,0,0,0,0
2021-01-06T23:59:59+01:00,0,0,5,0,4,8,10,30,25,43,19,47,26,24,34,51,19,120,0,0,0,0,0,0,0,0,0,0,0,0,0,0,0,0,465,0,0,0,0,0,0,0,0
2021-01-05T23:59:59+01:00,0,0,5,0,4,8,10,30,25,43,19,47,26,24,34,50,19,120,0,0,0,0,0,0,0,0,0,0,0,0,0,0,0,0,464,0,0,0,0,0,0,0,0
2021-01-04T23:59:59+01:00,0,0,4,0,1,3,4,11,13,12,5,11,3,5,6,8,1,17,0,0,0,0,0,0,0,0,0,0,0,0,0,0,0,0,104,0,0,0,0,0,0,0,0
2021-01-03T23:59:59+01:00,0,0,3,0,1,3,4,10,12,12,5,11,3,5,6,8,1,16,0,0,0,0,0,0,0,0,0,0,0,0,0,0,0,0,100,0,0,0,0,0,0,0,0
2021-01-02T23:59:59+01:00,0,0,3,0,1,3,4,10,10,12,5,11,3,5,6,8,1,16,0,0,0,0,0,0,0,0,0,0,0,0,0,0,0,0,98,0,0,0,0,0,0,0,0
2021-01-01T23:59:59+01:00,0,0,3,0,0,3,4,10,10,12,5,11,3,5,6,7,1,16,0,0,0,0,0,0,0,0,0,0,0,0,0,0,0,0,96,0,0,0,0,0,0,0,0
2020-12-31T23:59:59+01:00,0,0,3,0,0,3,4,10,9,12,5,11,3,5,6,7,1,16,0,0,0,0,0,0,0,0,0,0,0,0,0,0,0,0,95,0,0,0,0,0,0,0,0
2020-12-30T23:59:59+01:00,0,0,3,0,0,3,4,10,9,12,5,11,3,5,6,7,1,16,0,0,0,0,0,0,0,0,0,0,0,0,0,0,0,0,95,0,0,0,0,0,0,0,0
2020-12-29T23:59:59+01:00,0,0,3,0,0,3,4,8,9,12,5,11,3,5,6,7,1,16,0,0,0,0,0,0,0,0,0,0,0,0,0,0,0,0,93,0,0,0,0,0,0,0,0
2020-12-28T23:59:59+01:00,0,0,3,0,0,3,4,8,9,12,5,11,3,5,6,7,1,16,0,0,0,0,0,0,0,0,0,0,0,0,0,0,0,0,93,0,0,0,0,0,0,0,0
2020-12-27T23:59:59+01:00,0,0,1,0,0,0,0,0,0,0,0,0,0,0,1,3,0,7,0,0,0,0,0,0,0,0,0,0,0,0,0,0,0,0,12,0,0,0,0,0,0,0,0
