Datum,<15_m,<15_w,15-24_1_m,15-24_1_w,25-34_1_m,25-34_1_w,35-44_1_m,35-44_1_w,45-54_1_m,45-54_1_w,55-64_1_m,55-64_1_w,65-74_1_m,65-74_1_w,75-84_1_m,75-84_1_w,>84_1_m,>84_1_w,<24_2_m,<24_2_w,25-34_2_m,25-34_2_w,35-44_2_m,35-44_2_w,45-54_2_m,45-54_2_w,55-64_2_m,55-64_2_w,65-74_2_m,65-74_2_w,75-84_2_m,75-84_2_w,>84_2_m,>84_2_w,bp_1,bp_2,mo_1,mo_2,az_1,az_2,ja,unb_1,unb_2
2021-08-25T23:59:59+02:00,2492,2202,22646,21644,32261,29658,32832,32785,38516,38952,42230,42488,27815,31059,19773,24830,6017,10165,19864,19004,29825,27032,30875,30488,36427,36528,40162,40388,26702,29765,19028,23728,5773,9672,318366,296826,44726,43077,77511,70913,17701,61,27
2021-08-24T23:59:59+02:00,2475,2191,22608,21602,32235,29617,32813,32752,38508,38933,42212,42474,27809,31048,19768,24822,6016,10164,19827,18964,29795,26992,30854,30452,36413,36508,40142,40371,26697,29755,19024,23725,5773,9668,318087,296546,44716,43072,77511,70908,17672,61,27
2021-08-23T23:59:59+02:00,2474,2181,22597,21590,32222,29601,32805,32745,38497,38922,42206,42470,27797,31045,19766,24817,6016,10164,19789,18946,29765,26979,30842,30442,36404,36495,40130,40362,26694,29750,19022,23720,5773,9665,317962,296353,44715,43072,77511,70906,17666,61,27
2021-08-22T23:59:59+02:00,2465,2173,22563,21558,32203,29582,32788,32737,38481,38906,42201,42462,27793,31040,19761,24817,6016,10163,19751,18909,29730,26946,30811,30407,36384,36479,40112,40340,26686,29746,19019,23717,5773,9663,317797,296070,44708,43069,77510,70897,17633,61,27
2021-08-21T23:59:59+02:00,2446,2161,22510,21509,32164,29545,32764,32713,38467,38884,42184,42452,27786,31032,19759,24814,6016,10162,19649,18812,29660,26890,30777,30365,36351,36438,40087,40319,26675,29737,19014,23713,5771,9663,317557,295571,44695,43054,77508,70891,17547,61,27
2021-08-20T23:59:59+02:00,2415,2123,22429,21416,32093,29466,32707,32669,38421,38848,42144,42426,27780,31021,19755,24800,6015,10158,19498,18691,29543,26792,30705,30312,36294,36399,40042,40284,26661,29719,19005,23705,5771,9659,317033,294826,44672,43032,77506,70875,17414,61,27
2021-08-19T23:59:59+02:00,2336,2069,22288,21306,31979,29373,32635,32600,38331,38781,42087,42378,27761,30994,19749,24788,6012,10152,19256,18515,29367,26663,30605,30220,36187,36318,39952,40205,26638,29697,18994,23692,5768,9654,316272,293715,44653,43004,77506,70851,17128,60,27
2021-08-18T23:59:59+02:00,2327,2061,22263,21284,31958,29353,32614,32578,38303,38763,42074,42363,27747,30984,19743,24783,6012,10150,19202,18456,29328,26629,30580,30189,36161,36297,39928,40174,26622,29686,18990,23680,5763,9650,316020,293287,44653,43004,77506,70849,17121,60,27
2021-08-17T23:59:59+02:00,2310,2045,22236,21257,31941,29327,32589,32554,38291,38752,42052,42345,27742,30972,19738,24778,6012,10150,19159,18404,29295,26588,30538,30162,36136,36265,39903,40153,26605,29674,18987,23666,5761,9646,315788,292915,44653,43001,77506,70845,17084,60,27
2021-08-16T23:59:59+02:00,2279,2030,22174,21216,31905,29282,32565,32532,38267,38732,42021,42328,27733,30965,19736,24768,6012,10149,18996,18290,29181,26499,30473,30095,36092,36218,39867,40119,26589,29663,18981,23650,5755,9646,315457,292117,44653,42998,77504,70844,17020,60,27
2021-08-15T23:59:59+02:00,2252,2008,22120,21159,31861,29244,32542,32500,38241,38713,42005,42315,27726,30960,19731,24761,6011,10149,18882,18174,29028,26370,30392,30012,36027,36167,39810,40064,26572,29641,18972,23641,5752,9645,315136,291204,44646,42984,77504,70836,16952,60,27
2021-08-14T23:59:59+02:00,2246,2005,22094,21143,31849,29227,32538,32494,38233,38708,41999,42312,27725,30959,19730,24760,6011,10148,18769,18082,28967,26305,30357,29965,36003,36136,39789,40051,26564,29635,18969,23640,5751,9642,315046,290668,44643,42966,77504,70832,16928,60,27
2021-08-13T23:59:59+02:00,2229,1994,22049,21107,31813,29203,32504,32467,38217,38694,41989,42303,27723,30955,19727,24757,6010,10148,18516,17825,28789,26151,30243,29874,35950,36066,39744,40016,26548,29623,18964,23631,5748,9638,314819,289312,44638,42952,77502,70823,16870,60,27
2021-08-12T23:59:59+02:00,2193,1957,21963,21016,31742,29130,32451,32417,38170,38652,41953,42270,27706,30936,19720,24747,6009,10148,18211,17516,28536,25929,30098,29749,35856,35975,39669,39950,26514,29578,18944,23609,5746,9635,314259,287586,44627,42900,77499,70777,16735,60,27
2021-08-11T23:59:59+02:00,2191,1952,21944,20999,31725,29108,32436,32401,38162,38643,41942,42254,27698,30933,19716,24742,6008,10144,18155,17459,28499,25883,30049,29712,35835,35938,39634,39918,26503,29552,18937,23599,5746,9633,314079,287109,44627,42898,77499,70774,16733,60,27
2021-08-10T23:59:59+02:00,2183,1931,21917,20963,31695,29088,32422,32382,38138,38617,41925,42248,27693,30925,19715,24739,6007,10140,17637,17009,28327,25727,29954,29625,35667,35816,39586,39878,26482,29529,18932,23585,5742,9632,313848,285420,44624,42879,77497,70524,16699,60,27
2021-08-09T23:59:59+02:00,2159,1917,21865,20913,31639,29044,32389,32353,38113,38596,41912,42224,27682,30917,19714,24730,6006,10138,17167,16555,28194,25622,29899,29572,35622,35770,39554,39843,26473,29515,18927,23579,5742,9630,313480,283948,44619,42860,77496,70512,16656,60,27
2021-08-08T23:59:59+02:00,2144,1901,21813,20873,31598,29011,32361,32332,38091,38589,41892,42204,27675,30913,19710,24726,6006,10135,16825,16214,28083,25540,29844,29502,35576,35732,39534,39818,26462,29502,18918,23570,5740,9625,313196,282724,44618,42839,77496,70505,16604,60,27
2021-08-07T23:59:59+02:00,2099,1858,21681,20790,31516,28944,32287,32271,38035,38538,41859,42177,27667,30887,19705,24717,6004,10133,16319,15762,27783,25259,29616,29319,35398,35577,39395,39708,26408,29441,18899,23541,5737,9621,312572,280103,44586,42719,77490,70416,16460,60,27
2021-08-06T23:59:59+02:00,2089,1848,21632,20754,31476,28912,32254,32252,38009,38518,41850,42161,27661,30878,19701,24717,6004,10133,15295,14786,26638,24367,29324,29087,35150,35379,39082,39469,26364,29396,18889,23531,5736,9618,312349,275117,44583,42698,77490,69619,16367,60,26
2021-08-05T23:59:59+02:00,2052,1819,21525,20668,31418,28835,32199,32196,37954,38468,41805,42124,27644,30859,19692,24704,6002,10130,14409,14040,25622,23593,28612,28577,34624,34947,38767,39223,26297,29317,18857,23497,5733,9608,311808,270261,44560,42645,77488,68124,16178,60,26
2021-08-04T23:59:59+02:00,2033,1800,21454,20615,31376,28764,32169,32155,37922,38445,41773,42098,27632,30844,19687,24691,6000,10127,14042,13702,25227,23289,28400,28358,34485,34822,38674,39130,26259,29273,18836,23474,5729,9603,311368,267850,44554,42618,77488,68082,16115,60,26
2021-08-03T23:59:59+02:00,2024,1784,21428,20589,31359,28750,32156,32146,37913,38432,41758,42086,27625,30838,19683,24684,5999,10125,13958,13614,25149,23213,28333,28302,34439,34776,38628,39097,26244,29251,18827,23466,5727,9597,311170,267166,44551,42617,77487,68056,16111,60,26
2021-08-02T23:59:59+02:00,2014,1763,21383,20553,31316,28730,32130,32115,37887,38417,41745,42071,27616,30826,19683,24677,5998,10121,13754,13405,24444,22664,28055,28081,34289,34664,38548,39036,26217,29219,18819,23461,5727,9595,310890,264753,44548,42603,77487,67831,16060,60,26
2021-08-01T23:59:59+02:00,1997,1747,21332,20506,31265,28693,32105,32097,37868,38398,41723,42054,27611,30819,19680,24668,5998,10120,13585,13246,24143,22409,27815,27864,34197,34555,38479,38964,26201,29200,18813,23455,5727,9593,310599,263055,44542,42591,77486,67808,15994,60,26
2021-07-31T23:59:59+02:00,1972,1717,21249,20432,31200,28657,32050,32059,37832,38370,41700,42033,27607,30811,19675,24664,5998,10120,12645,12222,23623,21968,27470,27510,33888,34258,38049,38623,26131,29115,18787,23411,5722,9587,310189,258031,44531,42556,77484,67239,15882,60,26
2021-07-30T23:59:59+02:00,1947,1698,21228,20410,31168,28638,32035,32041,37826,38363,41692,42025,27602,30808,19674,24664,5997,10120,12558,12146,23293,21680,27187,27298,33671,34096,37888,38491,26107,29098,18785,23403,5722,9585,310007,256603,44530,42548,77484,66686,15855,60,26
2021-07-29T23:59:59+02:00,1878,1629,20995,20177,31029,28492,31934,31932,37734,38274,41602,41965,27574,30784,19661,24645,5991,10112,11932,11615,22164,20842,26149,26460,32693,33405,37504,38202,26025,28997,18756,23356,5717,9578,308812,251003,44503,42461,77476,64931,15557,60,26
2021-07-28T23:59:59+02:00,1858,1614,20955,20128,31009,28463,31919,31911,37714,38254,41580,41945,27563,30772,19656,24635,5991,10110,11655,11314,21753,20461,25717,26030,32529,33254,37393,38111,25988,28946,18738,23333,5716,9573,308501,248091,44502,42459,77464,64871,15551,59,26
2021-07-27T23:59:59+02:00,1848,1608,20914,20086,30985,28430,31886,31896,37693,38221,41556,41931,27556,30765,19655,24630,5991,10107,11406,11101,21555,20272,25577,25910,32420,33151,37311,38030,25963,28909,18730,23324,5713,9569,308265,246621,44502,42455,77463,64796,15469,59,26
2021-07-26T23:59:59+02:00,1822,1574,20789,19970,30880,28331,31829,31834,37641,38155,41513,41901,27532,30747,19644,24616,5985,10104,11116,10777,21050,19831,25332,25703,32259,33001,37180,37944,25928,28874,18717,23301,5712,9561,307523,244336,44473,42343,77458,64591,15354,59,26
2021-07-25T23:59:59+02:00,1815,1565,20767,19959,30870,28322,31819,31819,37635,38149,41503,41892,27528,30745,19643,24614,5985,10103,11012,10671,20899,19723,25098,25510,32021,32794,37037,37811,25910,28860,18711,23294,5711,9558,307413,243078,44463,42328,77450,64180,15348,59,26
2021-07-24T23:59:59+02:00,1795,1550,20687,19885,30828,28284,31784,31783,37609,38121,41480,41880,27521,30740,19640,24612,5985,10103,10949,10616,20823,19661,25026,25449,31968,32763,37008,37791,25904,28856,18709,23292,5711,9558,307071,242709,44452,42305,77446,64114,15259,59,26
2021-07-23T23:59:59+02:00,1740,1515,20497,19743,30664,28173,31696,31712,37542,38069,41440,41837,27510,30724,19635,24606,5984,10098,10693,10413,20461,19355,24220,24805,31485,32434,36444,37334,25861,28814,18693,23275,5710,9556,306247,239843,44443,42260,77429,62724,15007,59,25
2021-07-22T23:59:59+02:00,1677,1458,20186,19474,30425,27993,31565,31599,37413,37963,41342,41756,27484,30700,19624,24582,5980,10097,10234,10038,19717,18846,23264,24138,30778,31847,35414,36574,25750,28717,18660,23243,5708,9552,304779,236245,44408,41595,77425,60210,14647,59,25
2021-07-21T23:59:59+02:00,1662,1450,20150,19426,30397,27964,31542,31576,37393,37938,41321,41732,27475,30692,19619,24576,5975,10093,9923,9703,19256,18396,22394,23375,30444,31514,35183,36376,25667,28620,18629,23191,5700,9542,304457,233506,44402,39910,77423,60038,14640,59,22
2021-07-20T23:59:59+02:00,1656,1445,20117,19399,30370,27941,31518,31557,37377,37922,41309,41720,27460,30677,19619,24569,5975,10090,9656,9424,18925,18127,22126,23090,30269,31360,35019,36231,25621,28575,18614,23157,5699,9538,304212,231121,44400,39901,77422,59939,14628,59,22
2021-07-19T23:59:59+02:00,1645,1437,20004,19311,30290,27869,31460,31504,37358,37903,41294,41702,27455,30666,19613,24562,5974,10087,9456,9227,18611,17851,21662,22672,30015,31128,34899,36130,25587,28537,18596,23141,5699,9535,303640,229490,44394,38958,77421,59825,14620,59,22
2021-07-18T23:59:59+02:00,1634,1432,19937,19245,30164,27769,31395,31439,37296,37851,41252,41650,27434,30635,19604,24547,5970,10084,9347,9112,18446,17702,21473,22482,29847,30930,34786,36030,25557,28514,18585,23124,5699,9529,302855,228243,44394,38658,77419,59784,14611,59,22
2021-07-17T23:59:59+02:00,1633,1428,19930,19243,30164,27766,31395,31435,37291,37849,41248,41648,27433,30634,19603,24547,5970,10084,9326,9097,18413,17680,21455,22469,29837,30923,34767,36026,25554,28512,18585,23123,5699,9529,302822,228089,44394,38655,77419,59773,14607,59,22
2021-07-16T23:59:59+02:00,1580,1383,19655,18995,30039,27670,31311,31362,37234,37786,41207,41616,27414,30617,19596,24537,5968,10078,9208,8982,18040,17376,21149,22195,29448,30567,34634,35920,25531,28489,18578,23110,5697,9527,301822,226823,44372,37934,77417,59441,14378,59,21
2021-07-15T23:59:59+02:00,1522,1340,19394,18747,29857,27523,31203,31263,37152,37704,41140,41548,27371,30587,19580,24523,5964,10075,8846,8678,17124,16545,19602,20972,28531,29644,34014,35341,25365,28309,18523,23061,5691,9515,300548,220724,44330,36479,77409,58516,14147,59,21
2021-07-14T23:59:59+02:00,1508,1327,19365,18711,29834,27497,31180,31232,37141,37691,41121,41541,27363,30580,19571,24516,5963,10072,8559,8380,16571,15945,19109,20454,27968,29146,33622,34966,25253,28180,18484,22995,5686,9504,300275,216559,44328,36121,77406,58089,14145,59,21
2021-07-13T23:59:59+02:00,1496,1317,19329,18686,29817,27473,31158,31217,37126,37664,41097,41513,27354,30566,19569,24511,5962,10066,8255,8119,16173,15590,18835,20176,27705,28897,33351,34710,25155,28060,18451,22954,5684,9499,299993,213862,44327,36086,77405,57597,14137,59,21
2021-07-12T23:59:59+02:00,1480,1307,19284,18669,29783,27444,31141,31196,37114,37647,41080,41498,27351,30562,19567,24505,5961,10066,7995,7903,15893,15313,18136,19630,27392,28577,32938,34348,24988,27866,18392,22879,5678,9494,299737,212583,44326,34154,77405,56619,14128,59,21
2021-07-11T23:59:59+02:00,1470,1299,19252,18639,29753,27413,31125,31167,37106,37625,41066,41486,27342,30553,19565,24505,5960,10065,7951,7856,15828,15242,18048,19576,27308,28515,32826,34286,24934,27821,18372,22857,5678,9491,299485,212009,44324,34143,77403,56376,14120,59,21
2021-07-10T23:59:59+02:00,1341,1182,18748,18221,29311,27120,30842,30936,36862,37466,40866,41336,27269,30493,19539,24473,5957,10062,7821,7786,15545,15108,17829,19426,27068,28375,32661,34169,24868,27775,18356,22844,5677,9491,297289,211588,44191,34023,77374,56135,13111,59,21
2021-07-09T23:59:59+02:00,1330,1176,18720,18191,29291,27103,30830,30923,36852,37454,40855,41328,27265,30489,19537,24469,5957,10061,7779,7739,15475,15042,17766,19333,26848,28145,32412,33956,24804,27712,18334,22818,5677,9488,297147,211309,44172,34020,77373,54972,13080,59,21
2021-07-08T23:59:59+02:00,1252,1095,18454,17978,29144,26953,30693,30806,36750,37352,40757,41251,27231,30454,19518,24451,5952,10057,7612,7605,15179,14795,17336,18973,26156,27544,32142,33690,24636,27555,18276,22756,5674,9482,295884,210177,44118,32602,77365,53954,12722,59,21
2021-07-07T23:59:59+02:00,1153,1003,18144,17654,28946,26770,30565,30683,36637,37232,40651,41166,27197,30406,19504,24434,5949,10054,7416,7394,14738,14427,16871,18531,25402,26935,31734,33311,24371,27231,18181,22662,5665,9473,294314,207260,44069,31767,77354,52996,12352,59,21
2021-07-06T23:59:59+02:00,1130,987,18067,17588,28901,26720,30514,30637,36601,37197,40616,41134,27180,30381,19493,24421,5947,10051,7200,7162,14395,14071,16521,18182,24653,26288,31435,33047,24181,27017,18133,22591,5658,9466,293738,205205,44066,30362,77353,52104,12349,59,21
2021-07-05T23:59:59+02:00,1087,959,17994,17524,28858,26664,30475,30603,36577,37152,40588,41108,27174,30367,19487,24415,5947,10046,6971,6972,14092,13800,16169,17817,24104,25780,30867,32481,23901,26718,18025,22451,5650,9456,293254,203711,44064,28270,77349,50971,12299,59,21
2021-07-04T23:59:59+02:00,1065,943,17923,17475,28819,26643,30454,30574,36567,37142,40573,41096,27168,30356,19482,24412,5947,10045,6945,6955,14038,13754,16095,17759,24020,25724,30714,32390,23809,26629,17993,22410,5648,9452,292938,203321,44063,28261,77338,50464,12286,59,21
2021-07-03T23:59:59+02:00,649,571,16196,15757,27649,25720,29655,29857,35927,36532,40075,40666,27011,30188,19414,24326,5938,10028,6560,6715,13524,13451,15693,17456,23659,25447,30409,32196,23713,26534,17959,22372,5644,9448,285433,203030,44024,28184,77255,50175,9388,59,21
2021-07-02T23:59:59+02:00,610,533,16065,15612,27488,25574,29575,29797,35896,36505,40056,40653,27005,30178,19411,24323,5938,10028,6512,6644,13450,13350,15605,17325,23516,25264,30255,32031,23520,26323,17870,22294,5642,9445,284529,202347,44024,28025,77253,49289,9382,59,21
2021-07-01T23:59:59+02:00,552,487,15887,15458,27270,25420,29498,29719,35841,36454,39990,40608,26985,30161,19400,24311,5936,10024,6373,6515,13110,13079,15078,16887,22253,24279,29494,31350,23242,26036,17752,22160,5635,9430,283342,198822,44019,26358,77241,48149,9340,59,21
2021-06-30T23:59:59+02:00,522,467,15783,15352,27159,25334,29431,29648,35785,36403,39947,40572,26970,30130,19389,24294,5932,10024,6179,6337,12679,12695,14510,16339,21631,23686,28904,30822,22823,25572,17622,21976,5628,9418,282519,194580,44016,26334,77235,46587,9313,59,21
2021-06-29T23:59:59+02:00,465,417,15020,14684,26897,25110,29337,29549,35706,36322,39879,40525,26951,30107,19381,24281,5932,10022,6067,6210,12419,12432,14115,15943,20841,23066,28320,30271,22376,25049,17470,21801,5620,9408,280015,191430,44015,25826,77227,44874,9269,59,21
2021-06-28T23:59:59+02:00,429,386,14391,14045,26740,25006,29263,29483,35648,36257,39835,40491,26933,30087,19373,24270,5932,10018,6000,6115,12240,12293,13927,15766,20221,22517,27921,29901,22040,24692,17341,21638,5615,9404,278079,189748,44011,25170,77223,43488,9215,59,21
2021-06-27T23:59:59+02:00,352,319,14045,13667,26676,24947,29223,29447,35626,36235,39818,40478,26922,30080,19370,24266,5931,10017,5964,6072,12126,12179,13782,15637,19671,22042,27313,29404,21763,24356,17221,21515,5611,9403,276957,188916,44009,23652,77212,42299,9182,59,21
2021-06-26T23:59:59+02:00,351,319,14034,13656,26660,24936,29217,29441,35620,36234,39815,40477,26921,30079,19370,24266,5931,10017,5959,6069,12115,12176,13776,15633,19658,22031,27268,29369,21618,24226,17181,21459,5610,9401,276885,188890,44007,23648,77212,41820,9181,59,21
2021-06-25T23:59:59+02:00,227,206,12771,12437,25196,23790,28916,29207,35514,36152,39749,40415,26897,30052,19360,24255,5928,10015,5916,6022,12019,12097,13634,15511,19348,21793,26884,29010,21295,23833,17007,21262,5607,9392,270653,187667,44003,23365,77194,40410,9178,59,21
2021-06-24T23:59:59+02:00,162,152,11800,11607,24083,22911,28550,28858,35367,35986,39637,40311,26862,30002,19349,24231,5926,10011,5699,5791,11560,11681,13055,14920,17816,20397,25240,27417,20525,22979,16692,20856,5597,9382,265426,182691,43986,19746,77190,38014,9145,58,21
2021-06-23T23:59:59+02:00,126,126,11439,11284,23586,22542,28304,28617,35189,35859,39548,40223,26832,29975,19341,24194,5924,10000,5625,5678,11348,11466,12756,14569,17426,19986,24492,26651,19733,22231,16500,20604,5589,9366,262820,180341,43980,19132,77185,35470,9066,58,21
2021-06-22T23:59:59+02:00,105,113,11256,11072,23428,22400,28224,28545,35113,35797,39502,40178,26817,29951,19333,24186,5924,9999,5516,5557,11082,11208,12389,14199,16824,19390,23760,25885,19353,21807,16337,20425,5582,9350,261675,177313,43977,18267,77183,34020,9050,58,21
2021-06-21T23:59:59+02:00,92,101,11004,10887,22595,21728,27972,28319,35047,35735,39438,40137,26801,29933,19327,24177,5924,9998,5397,5453,10867,10988,12082,13878,16433,19044,23314,25418,19063,21493,16233,20306,5576,9348,259082,175856,43971,17251,77178,32845,8926,58,21
2021-06-20T23:59:59+02:00,86,100,10940,10796,22347,21512,27714,28119,34967,35657,39393,40093,26792,29919,19325,24173,5922,9995,5356,5398,10780,10887,11986,13776,16236,18860,23043,25179,18962,21387,16180,20248,5570,9344,257799,175546,43969,16186,77175,32595,8849,58,21
2021-06-19T23:59:59+02:00,85,96,10916,10772,22314,21488,27696,28106,34955,35653,39383,40089,26791,29918,19325,24171,5922,9995,5325,5366,10699,10797,11894,13655,16088,18708,22736,24818,18876,21300,16168,20235,5569,9344,257645,175442,43948,14689,77175,32582,8849,58,21
2021-06-18T23:59:59+02:00,82,94,10868,10721,21996,21166,27432,27891,34902,35616,39352,40067,26783,29909,19324,24168,5922,9993,5310,5357,10668,10767,11854,13607,16026,18645,22651,24722,18710,21119,16123,20169,5568,9339,256259,175045,43946,14688,77174,32037,8849,58,21
2021-06-17T23:59:59+02:00,73,86,10288,10291,20723,20208,26573,27160,34534,35292,39099,39879,26719,29827,19304,24132,5915,9988,5112,5218,10293,10513,11411,13207,15346,18035,21286,23412,18256,20634,15960,19998,5564,9324,250496,169760,43928,14115,77163,31232,8446,58,21
2021-06-16T23:59:59+02:00,65,74,9951,9978,20044,19577,25935,26557,34286,35092,38939,39731,26677,29774,19281,24109,5914,9984,4969,5073,9907,10179,10953,12756,14642,17344,20438,22483,17853,20188,15792,19786,5554,9312,246664,165986,43915,12846,77150,30200,8181,58,21
2021-06-15T23:59:59+02:00,50,68,9706,9737,19748,19328,25712,26360,34156,34986,38843,39651,26648,29738,19274,24094,5909,9980,4863,4962,9668,9961,10722,12497,14220,16917,19841,21908,17535,19802,15571,19557,5545,9301,244898,163918,43903,11757,77144,29195,7985,58,20
2021-06-14T23:59:59+02:00,46,63,9573,9612,19448,19068,25537,26217,34035,34907,38782,39612,26631,29718,19268,24083,5909,9977,4782,4899,9477,9822,10549,12361,13959,16701,19525,21615,17370,19645,15470,19424,5544,9297,243702,162464,43901,11755,77140,28521,7685,58,20
2021-06-13T23:59:59+02:00,44,59,9414,9482,19158,18883,25186,25963,33834,34740,38676,39545,26616,29706,19258,24076,5909,9974,4699,4833,9268,9656,10385,12190,13634,16365,19177,21284,17243,19497,15423,19359,5542,9295,242059,161617,43901,11755,77137,27094,7368,58,20
2021-06-12T23:59:59+02:00,44,59,9405,9468,19145,18870,25186,25958,33834,34737,38673,39544,26616,29706,19258,24076,5909,9974,4696,4819,9258,9595,10353,12088,13585,16211,19122,21148,17134,19372,15307,19257,5540,9293,242013,161589,43901,11753,77133,26063,7357,58,20
2021-06-11T23:59:59+02:00,39,55,9247,9286,18912,18657,24386,25285,33654,34584,38539,39431,26583,29673,19248,24053,5909,9969,4619,4704,9041,9340,10093,11794,13064,15663,18149,20257,16948,19175,15267,19213,5537,9290,239095,157582,43900,11752,77130,25477,7327,58,20
2021-06-10T23:59:59+02:00,37,51,8853,8952,18260,18166,23535,24607,33334,34304,38337,39266,26527,29619,19225,24025,5906,9962,4444,4527,8462,8846,9288,11073,11917,14562,16166,18348,16059,18216,14982,18846,5528,9268,235475,147928,43240,11719,77104,23780,7090,57,19
2021-06-09T23:59:59+02:00,20,33,8404,8448,17425,17439,22383,23563,32845,33838,38051,39048,26418,29515,19179,23969,5896,9949,4308,4412,8174,8580,9045,10819,11586,14195,15681,17802,15688,17786,14741,18561,5521,9258,231484,146105,41349,11677,77069,21868,6492,29,19
2021-06-08T23:59:59+02:00,11,21,8086,8131,16954,17022,21965,23198,32600,33645,37889,38918,26374,29475,19169,23946,5893,9944,4188,4330,7920,8326,8740,10474,11228,13848,15039,17099,15232,17263,14479,18284,5516,9240,228757,144402,41317,10555,77060,20156,6078,29,19
2021-06-07T23:59:59+02:00,8,17,7888,7899,16596,16698,21421,22743,32319,33374,37772,38802,26348,29427,19152,23920,5888,9943,4112,4250,7739,8185,8580,10332,11058,13676,14727,16773,15035,17009,14306,18093,5512,9235,227136,143324,40342,10463,77049,19160,5660,28,19
2021-06-06T23:59:59+02:00,6,14,7780,7790,16462,16553,21226,22535,32092,33150,37637,38696,26321,29402,19139,23904,5888,9937,4083,4215,7693,8067,8528,10204,10953,13530,14531,16556,14852,16830,14217,17973,5505,9229,225904,142842,40043,10453,77031,18130,5526,28,19
2021-06-05T23:59:59+02:00,6,14,7758,7776,16433,16526,21219,22532,32082,33144,37634,38695,26320,29402,19138,23903,5888,9937,4074,4176,7678,8002,8514,10071,10939,13359,14512,16451,14815,16775,14208,17963,5505,9228,225795,142761,40043,10453,77030,17530,5511,28,19
2021-06-04T23:59:59+02:00,6,12,7644,7673,16155,16288,20942,22285,31658,32771,37521,38574,26287,29363,19126,23890,5886,9935,4067,4167,7652,7979,8488,10041,10872,13286,14407,16321,14734,16682,14171,17919,5505,9226,224199,142428,39267,10124,77011,17439,5511,28,19
2021-06-03T23:59:59+02:00,4,12,7388,7445,15278,15503,19307,20893,30747,31841,37018,38115,26156,29230,19082,23839,5880,9917,4006,4129,7564,7908,8366,9943,10703,13105,13838,15752,14471,16367,14086,17811,5502,9213,217577,140212,37687,10010,77001,17165,5362,28,19
2021-06-02T23:59:59+02:00,4,12,7253,7301,14892,15074,18875,20491,30278,31386,36792,37851,26092,29166,19062,23810,5877,9915,3976,4099,7499,7821,8278,9851,10562,12974,13392,15320,14347,16184,14059,17774,5499,9208,214489,138421,37256,9916,77000,17133,5358,28,19
2021-06-01T23:59:59+02:00,4,9,6977,7056,14495,14762,18532,20173,29951,31075,36569,37617,26036,29087,19038,23781,5875,9904,3874,4013,7256,7644,8046,9658,10298,12700,12990,14898,13915,15733,13943,17622,5492,9200,211745,136302,37211,9662,76979,16325,4978,28,19
2021-05-31T23:59:59+02:00,4,9,6814,6866,14276,14529,17828,19571,29610,30735,36272,37354,25947,28990,19012,23727,5865,9891,3795,3901,7047,7397,7823,9372,9955,12317,12550,14379,13387,15120,13744,17393,5484,9185,210318,133122,35162,9337,76962,15545,4830,28,19
2021-05-30T23:59:59+02:00,4,9,6791,6851,14230,14491,17751,19512,29560,30697,36241,37331,25935,28978,19009,23721,5864,9889,3752,3827,6898,7190,7675,9142,9750,12002,12294,14029,13266,14950,13675,17311,5481,9178,210023,132401,35150,9236,76908,14013,4755,28,19
2021-05-29T23:59:59+02:00,4,9,6789,6850,14221,14485,17746,19506,29555,30693,36238,37330,25933,28975,19009,23720,5864,9889,3743,3814,6869,7157,7642,9091,9714,11955,12221,13931,13225,14882,13645,17287,5480,9173,209991,132262,35150,9235,76893,13563,4754,28,19
2021-05-28T23:59:59+02:00,4,9,6779,6838,14206,14468,17729,19485,29544,30680,36227,37312,25932,28971,19007,23716,5864,9889,3729,3791,6847,7117,7608,9037,9661,11851,11981,13661,13036,14691,13615,17247,5477,9170,209840,130972,35149,9234,76890,13544,4753,28,19
2021-05-27T23:59:59+02:00,4,9,6688,6757,13938,14251,17244,19138,28865,30137,36068,37181,25886,28937,18992,23702,5863,9883,3604,3631,6560,6865,7232,8730,9163,11292,11272,12767,12486,14123,13485,17055,5470,9158,208763,127461,33708,8904,76848,12316,4196,28,19
2021-05-26T23:59:59+02:00,4,9,6617,6649,13724,14048,16991,18831,28321,29625,35893,37006,25849,28892,18977,23678,5862,9878,3513,3487,6335,6576,6944,8303,8822,10814,10620,11969,11924,13507,13339,16840,5465,9136,207172,123848,32954,8721,76835,11144,3865,28,19
2021-05-25T23:59:59+02:00,4,9,6536,6554,13519,13827,16728,18621,27596,28979,35800,36909,25826,28864,18965,23663,5857,9877,3464,3396,6190,6407,6798,8113,8596,10523,10274,11603,11578,13033,13234,16679,5462,9128,206462,122009,31502,8582,76350,10078,3793,27,19
2021-05-24T23:59:59+02:00,4,9,6466,6457,13342,13627,16506,18338,27185,28552,35454,36510,25769,28796,18946,23639,5856,9875,3450,3374,6132,6325,6753,8030,8537,10428,10201,11506,11405,12800,13186,16588,5454,9108,205928,121384,29279,8537,76343,9586,3754,27,19
2021-05-23T23:59:59+02:00,4,9,6464,6456,13337,13618,16503,18328,27166,28542,35424,36476,25766,28790,18946,23633,5856,9875,3447,3370,6126,6315,6743,8023,8509,10398,10161,11449,11322,12699,13166,16557,5454,9107,205813,121378,29263,8125,76342,9579,3748,27,19
2021-05-22T23:59:59+02:00,4,9,6457,6452,13330,13607,16497,18324,27163,28541,35421,36470,25766,28790,18946,23633,5856,9875,3446,3370,6123,6312,6742,8019,8505,10396,10156,11446,11311,12685,13161,16553,5453,9107,205763,121338,29263,8125,76340,9558,3748,27,19
2021-05-21T23:59:59+02:00,4,9,6397,6392,13178,13501,16324,18173,26893,28363,34992,36203,25740,28753,18938,23627,5855,9871,3437,3360,6090,6291,6711,7985,8466,10347,10103,11396,10793,11972,13020,16393,5450,9102,205074,119578,29138,8122,75297,9523,3677,27,19
2021-05-20T23:59:59+02:00,3,8,6104,6191,12568,13084,15130,17251,24979,26867,34039,35433,25635,28608,18884,23546,5849,9856,3377,3315,5997,6174,6598,7829,8319,10186,9866,11089,10458,11521,12908,16212,5440,9089,200314,117588,27393,8045,72754,9181,3548,26,19
2021-05-19T23:59:59+02:00,3,8,5898,5950,12054,12625,14421,16546,24032,26053,33413,34836,25525,28518,18849,23490,5841,9844,3300,3242,5835,6004,6408,7588,8044,9905,9563,10709,10146,11106,12829,16067,5438,9081,194625,115679,27355,7849,72739,8560,3161,26,19
2021-05-18T23:59:59+02:00,3,7,5728,5841,11654,12302,13798,16047,22876,25104,32747,34230,25409,28383,18803,23440,5836,9835,3257,3210,5722,5893,6244,7429,7839,9687,9365,10469,9979,10858,12684,15846,5429,9072,189674,114533,26849,7781,72695,7854,2799,26,19
2021-05-17T23:59:59+02:00,3,6,5675,5796,11491,12195,13527,15825,22062,24469,32439,33916,25330,28324,18781,23410,5827,9826,3140,3134,5531,5709,6071,7214,7629,9460,9140,10226,9891,10734,12626,15783,5426,9067,187911,113780,26149,7775,72303,6697,2513,26,19
2021-05-16T23:59:59+02:00,3,6,5647,5776,11430,12139,13442,15745,21452,23921,31825,33386,25289,28281,18771,23395,5826,9826,3135,3112,5517,5639,6043,7154,7601,9359,9108,10142,9875,10715,12623,15780,5426,9067,187144,113669,24605,7768,71884,6343,2501,26,18
2021-05-15T23:59:59+02:00,3,6,5638,5767,11397,12130,13413,15735,21378,23850,31286,33012,25278,28276,18770,23392,5825,9825,3121,3097,5498,5597,6029,7078,7561,9244,8872,9888,9842,10684,12589,15729,5426,9066,187095,113664,24593,7630,71235,5980,2032,26,18
2021-05-14T23:59:59+02:00,3,6,5598,5742,11335,12092,13341,15670,20967,23538,30855,32667,25242,28230,18759,23375,5825,9823,3089,3057,5462,5508,6008,6943,7521,9042,8812,9693,9771,10574,12502,15603,5426,9063,186372,113495,24274,7299,70365,5234,2031,26,18
2021-05-13T23:59:59+02:00,3,6,5440,5584,10954,11796,12627,15081,18781,21790,29310,31199,25012,27987,18692,23304,5823,9820,3077,3022,5437,5469,5991,6885,7497,8971,8768,9633,9555,10330,12305,15301,5421,9053,182418,113138,20474,6482,68275,5064,2016,26,18
2021-05-12T23:59:59+02:00,2,6,5411,5557,10882,11738,12526,14993,18659,21666,28947,30835,24920,27892,18675,23275,5822,9815,3077,3018,5431,5463,5981,6871,7472,8956,8729,9579,9371,10100,12075,14979,5418,9046,181470,112857,19837,5620,68272,5058,2016,26,18
2021-05-11T23:59:59+02:00,2,6,5274,5453,10635,11491,12160,14621,18048,21030,28016,29866,24727,27703,18616,23200,5817,9800,3035,2977,5342,5308,5881,6687,7342,8714,8569,9357,9190,9905,11928,14791,5409,9028,177397,111820,18947,5511,68139,4161,1956,26,18
2021-05-10T23:59:59+02:00,2,5,5150,5375,10422,11296,11901,14366,17722,20695,27596,29459,24618,27596,18578,23153,5809,9796,2966,2924,5225,5191,5767,6584,7218,8573,8442,9250,9086,9781,11838,14663,5406,9020,175396,111291,18255,5499,67914,3181,1948,26,18
2021-05-09T23:59:59+02:00,2,5,5076,5327,10322,11182,11801,14247,17382,20412,27205,29084,24532,27510,18549,23117,5806,9793,2897,2893,5079,5148,5592,6541,7050,8544,8314,9214,9074,9771,11820,14643,5406,9020,175001,111215,16973,5489,67419,2354,1933,26,18
2021-05-08T23:59:59+02:00,2,5,5075,5326,10320,11178,11801,14247,17378,20410,27202,29081,24532,27510,18549,23117,5806,9793,2897,2892,5078,5148,5592,6541,7050,8544,8311,9214,9073,9770,11820,14643,5406,9020,174984,111212,16973,5489,67416,2350,1933,26,18
2021-05-07T23:59:59+02:00,2,5,5041,5300,10251,11125,11672,14123,16978,20135,26566,28523,24484,27459,18532,23083,5799,9764,2887,2885,5062,5139,5581,6525,7038,8533,8303,9203,9067,9762,11809,14621,5398,8993,174150,111197,16970,5483,65892,2307,1804,26,18
2021-05-06T23:59:59+02:00,1,5,4771,5139,9789,10780,11110,13607,15891,19114,24159,26232,23986,26934,18426,22980,5794,9750,2845,2841,4995,5064,5541,6433,6955,8414,8172,9052,8967,9652,11785,14570,5395,8990,169126,110655,14517,5427,63008,1781,1793,24,18
2021-05-05T23:59:59+02:00,1,5,4693,5062,9496,10550,10768,13281,15311,18509,23316,25269,23725,26610,18357,22874,5784,9732,2825,2805,4945,4978,5482,6312,6871,8249,8048,8837,8861,9521,11707,14485,5394,8982,165465,109716,13206,5422,62858,1358,1790,24,18
2021-05-04T23:59:59+02:00,1,5,4608,4971,9322,10343,10560,13039,14923,18110,22772,24705,23511,26337,18285,22795,5776,9719,2816,2771,4917,4902,5449,6193,6817,8108,7955,8682,8757,9410,11633,14427,5392,8979,163209,109218,12082,5411,62697,793,1770,24,18
2021-05-03T23:59:59+02:00,1,5,4536,4897,9130,10206,10383,12863,14640,17864,22363,24290,23372,26188,18258,22748,5776,9713,2740,2701,4830,4828,5373,6107,6721,8002,7774,8516,8671,9324,11594,14378,5389,8974,161705,108997,12081,5408,62605,683,818,24,18
2021-05-02T23:59:59+02:00,1,5,4523,4883,9053,10148,10257,12751,14314,17557,22061,24004,23322,26129,18239,22723,5775,9712,2734,2694,4770,4794,5282,6023,6584,7873,7657,8416,8625,9282,11570,14344,5387,8969,160819,108881,12078,5406,62501,666,35,24,18
2021-05-01T23:59:59+02:00,1,5,4523,4881,9051,10147,10256,12751,14310,17554,22059,24004,23321,26128,18239,22723,5775,9712,2734,2694,4770,4794,5282,6023,6583,7873,7657,8416,8625,9282,11570,14344,5387,8969,160802,108881,12078,5405,62501,666,35,24,18
2021-04-30T23:59:59+02:00,0,5,4451,4790,8809,9933,9994,12509,13828,17129,21218,23236,23195,25992,18223,22695,5772,9709,2731,2692,4759,4786,5273,5989,6571,7843,7623,8379,8621,9279,11569,14341,5385,8968,157213,108854,12077,5403,62172,534,2,24,18
2021-04-29T23:59:59+02:00,0,5,4302,4646,8326,9522,9293,11905,12827,16231,19377,21556,22489,25233,18085,22485,5766,9692,2708,2671,4718,4714,5229,5913,6508,7737,7544,8261,8510,9164,11504,14265,5379,8959,148031,108362,12063,5130,61621,274,2,23,18
2021-04-28T23:59:59+02:00,0,5,4269,4627,8255,9448,9217,11818,12708,16112,19160,21342,22401,25141,18057,22444,5764,9687,2705,2660,4692,4654,5202,5869,6477,7663,7496,8179,8493,9140,11488,14243,5378,8953,147650,108170,11973,5058,60808,48,1,23,17
2021-04-27T23:59:59+02:00,0,5,4229,4581,8117,9308,9104,11667,12563,15943,18712,20844,22172,24883,17992,22366,5761,9679,2702,2656,4690,4650,5192,5861,6464,7644,7464,8142,8435,9061,11407,14161,5374,8949,146924,107914,10891,4885,60087,40,1,23,14
2021-04-26T23:59:59+02:00,0,5,4187,4553,8011,9213,8957,11562,12389,15770,18300,20480,22038,24737,17957,22338,5761,9678,2702,2654,4686,4646,5187,5851,6450,7624,7430,8114,8387,9013,11351,14083,5370,8932,146156,107805,10756,4628,59001,35,0,23,14
2021-04-25T23:59:59+02:00,0,5,4173,4538,7976,9183,8893,11499,12254,15640,17955,20150,21838,24499,17917,22283,5757,9673,2702,2654,4685,4645,5185,5847,6445,7621,7428,8110,8331,8954,11328,14055,5370,8931,144774,107784,10745,4461,58691,34,0,23,14
2021-04-24T23:59:59+02:00,0,5,4167,4530,7961,9179,8878,11489,12206,15610,17897,20112,21822,24486,17915,22278,5757,9673,2701,2654,4685,4645,5185,5847,6445,7621,7428,8110,8331,8953,11328,14055,5370,8931,144678,107784,10745,4461,58519,33,0,23,13
2021-04-23T23:59:59+02:00,0,5,4147,4497,7904,9116,8795,11387,11866,15284,17464,19715,21608,24253,17852,22201,5755,9665,2698,2652,4682,4642,5178,5840,6431,7612,7405,8079,8310,8926,11320,14047,5368,8928,143416,107772,10397,4303,57678,32,0,23,13
2021-04-22T23:59:59+02:00,0,5,4098,4432,7772,8924,8610,11127,11539,14864,16550,18729,21035,23543,17717,22020,5746,9646,2689,2646,4677,4621,5155,5814,6388,7576,7334,8031,8177,8770,11178,13896,5363,8919,139679,107155,10269,4043,56388,25,0,21,13
2021-04-21T23:59:59+02:00,0,5,4056,4389,7669,8804,8454,10968,11245,14585,15816,17970,20656,23095,17645,21915,5741,9633,2681,2635,4659,4601,5139,5793,6376,7558,7306,8010,8127,8709,11141,13857,5361,8917,136764,106874,10139,3963,55726,23,0,17,12
2021-04-20T23:59:59+02:00,0,5,4031,4363,7634,8752,8377,10888,11082,14410,15381,17493,20193,22580,17546,21763,5733,9622,2673,2626,4649,4588,5114,5773,6348,7534,7266,7970,8033,8577,11066,13770,5357,8913,134617,106302,9875,3923,55344,22,0,17,12
2021-04-19T23:59:59+02:00,0,5,4000,4312,7572,8648,8285,10749,10924,14227,15128,17199,19715,22016,17380,21549,5722,9610,2668,2625,4643,4584,5101,5758,6329,7517,7240,7926,7980,8523,11040,13724,5354,8908,132553,105968,9521,3920,54950,22,0,17,12
2021-04-18T23:59:59+02:00,0,5,3982,4283,7512,8597,8179,10622,10665,13985,14636,16660,19285,21506,17258,21363,5718,9604,2667,2625,4643,4584,5101,5758,6327,7514,7237,7925,7976,8520,11038,13720,5353,8905,130139,105944,9450,3918,54254,21,0,17,12
2021-04-17T23:59:59+02:00,0,5,3979,4275,7492,8591,8169,10604,10623,13939,14526,16572,19164,21382,17236,21335,5717,9602,2667,2625,4642,4582,5095,5753,6313,7509,7212,7902,7930,8474,11019,13697,5352,8905,129702,105934,9441,3712,54051,21,0,17,12
2021-04-16T23:59:59+02:00,0,5,3968,4232,7419,8469,8066,10446,10429,13677,13857,15810,18596,20736,17111,21160,5706,9585,2664,2622,4637,4577,5090,5741,6295,7498,7174,7867,7623,8085,10928,13558,5344,8889,126855,105139,9381,3422,53019,21,0,17,12
2021-04-15T23:59:59+02:00,0,4,3924,4178,7306,8338,7895,10208,10094,13287,13127,14951,17788,19870,16869,20836,5693,9564,2663,2614,4625,4561,5077,5709,6265,7462,7104,7796,7065,7437,10809,13405,5340,8878,123202,103501,9222,3280,51491,19,0,17,12
2021-04-14T23:59:59+02:00,0,3,3897,4149,7240,8232,7789,10058,9919,13088,12709,14505,17262,19258,16718,20626,5688,9551,2630,2595,4607,4529,5048,5662,6230,7429,7047,7735,6432,6677,10547,13115,5336,8870,121815,101185,8988,3280,49872,14,0,17,12
2021-04-13T23:59:59+02:00,0,3,3894,4143,7203,8216,7732,10024,9811,13035,12336,14212,16573,18411,16482,20325,5684,9545,2606,2568,4587,4503,5023,5628,6171,7361,6958,7634,6219,6425,9969,12456,5328,8851,121123,98992,8770,3272,47719,14,0,17,11
2021-04-12T23:59:59+02:00,0,3,3880,4125,7150,8170,7675,9955,9703,12933,12089,14000,16130,17895,16294,20111,5679,9542,2577,2557,4521,4461,4916,5559,6056,7285,6840,7535,5474,5605,9521,11920,5288,8809,120790,95637,8734,3264,45793,14,0,17,11
2021-04-11T23:59:59+02:00,0,3,3866,4117,7108,8118,7616,9911,9610,12855,11851,13792,15565,17206,16018,19770,5674,9532,2501,2474,4392,4339,4761,5426,5893,7133,6688,7429,5171,5244,9390,11761,5288,8805,120201,93458,8306,3215,44088,13,0,17,11
2021-04-10T23:59:59+02:00,0,3,3848,4098,7069,8071,7572,9855,9550,12796,11759,13707,15348,17014,15969,19702,5673,9525,1942,1906,3573,3618,3886,4661,4888,6213,5833,6642,4898,4938,9262,11609,5282,8796,119737,84710,8306,3215,43499,13,0,17,11
2021-04-09T23:59:59+02:00,0,3,3828,4078,7031,8042,7508,9799,9397,12668,11432,13422,14164,15484,15526,19171,5661,9515,1083,1078,2216,2425,2378,3288,3102,4571,4215,5180,4215,4204,9015,11255,5258,8767,117839,69016,8304,3212,40569,13,0,17,11
2021-04-08T23:59:59+02:00,0,3,3802,4062,6970,7989,7405,9704,9210,12549,11028,13068,13031,14227,15117,18650,5642,9485,582,589,1298,1718,1471,2356,2002,3482,2831,3794,2970,2806,8214,10277,5116,8546,116595,54823,8223,3209,37107,11,0,17,11
2021-04-07T23:59:59+02:00,0,3,3755,4037,6892,7935,7313,9634,9082,12420,10719,12760,12304,13457,14900,18385,5636,9466,351,372,947,1373,1065,1970,1491,3019,1887,2787,1788,1518,7309,9137,4961,8287,115634,45036,8072,3209,34976,8,0,16,11
2021-04-06T23:59:59+02:00,0,3,3739,4025,6870,7897,7258,9567,8989,12340,10507,12542,11919,12962,14678,18089,5625,9452,344,358,937,1363,1050,1949,1464,2991,1828,2728,1709,1452,6899,8582,4811,8049,114356,43290,7973,3208,34119,7,0,14,11
2021-04-05T23:59:59+02:00,0,3,3734,4024,6859,7885,7245,9557,8970,12312,10443,12483,11808,12816,14580,17997,5623,9449,342,352,926,1359,1044,1941,1454,2971,1807,2694,1656,1399,6671,8279,4689,7867,114020,42228,7952,3207,33802,7,0,14,11
2021-04-04T23:59:59+02:00,0,3,3734,4024,6857,7879,7244,9556,8967,12312,10433,12478,11805,12812,14577,17996,5623,9449,342,351,924,1359,1043,1939,1453,2970,1805,2691,1653,1394,6664,8266,4684,7864,114015,42180,7951,3206,33769,7,0,14,11
2021-04-03T23:59:59+02:00,0,3,3734,4024,6857,7878,7243,9556,8967,12312,10432,12478,11805,12811,14575,17994,5623,9449,342,350,922,1355,1041,1938,1452,2965,1803,2691,1648,1382,6621,8185,4649,7829,114011,41951,7951,3206,33765,7,0,14,11
2021-04-02T23:59:59+02:00,0,3,3732,4022,6855,7875,7237,9550,8955,12305,10416,12462,11678,12697,14532,17937,5619,9441,340,348,920,1348,1035,1927,1437,2940,1763,2652,1553,1296,5858,7286,4216,7267,113888,39286,7946,2884,33468,7,0,14,11
2021-04-01T23:59:59+02:00,0,2,3692,4010,6821,7853,7195,9519,8903,12266,10345,12391,11337,12289,14157,17425,5615,9428,335,345,904,1333,1023,1907,1405,2894,1704,2586,1430,1203,4925,6181,3666,6445,113505,35391,6537,2879,33192,7,0,14,11
2021-03-31T23:59:59+02:00,0,2,3686,4006,6806,7834,7178,9501,8868,12234,10257,12319,11007,11883,13813,16932,5609,9407,332,342,896,1325,1013,1892,1385,2866,1654,2550,1365,1151,4345,5507,3314,5977,112932,33092,5539,2806,32857,7,0,14,11
2021-03-30T23:59:59+02:00,0,2,3668,3982,6770,7795,7121,9434,8779,12130,10094,12164,10749,11606,13590,16666,5603,9393,328,335,890,1315,1006,1886,1362,2860,1626,2524,1338,1125,4227,5385,3254,5885,112111,32720,5289,2610,32132,7,0,14,11
2021-03-29T23:59:59+02:00,0,2,3659,3960,6744,7773,7081,9381,8683,12035,9911,11957,10317,11138,13217,16198,5586,9360,323,331,886,1305,1000,1878,1354,2849,1610,2515,1313,1111,4094,5242,3157,5754,110437,32103,4981,2604,31570,6,0,14,11
2021-03-28T23:59:59+02:00,0,2,3617,3904,6629,7615,6964,9240,8556,11842,9759,11766,10106,10878,13041,16012,5581,9350,323,331,886,1305,998,1877,1353,2849,1609,2513,1304,1108,4061,5200,3131,5728,110064,32060,4717,2502,30067,5,0,14,11
2021-03-27T23:59:59+01:00,0,2,3616,3893,6617,7550,6934,9126,8506,11671,9707,11612,9992,10755,12947,15924,5580,9350,323,330,886,1305,998,1874,1353,2847,1605,2512,1302,1106,4035,5165,3118,5713,110055,31957,4717,2501,28996,5,0,14,11
2021-03-26T23:59:59+01:00,0,2,3610,3885,6589,7513,6905,9053,8458,11558,9616,11484,9943,10692,12901,15870,5572,9330,318,328,885,1302,994,1862,1350,2826,1584,2498,1277,1090,3855,4942,3012,5560,109999,31209,4496,2460,28472,5,0,14,11
2021-03-25T23:59:59+01:00,0,2,3587,3854,6498,7386,6813,8888,8267,11326,9307,11167,9564,10310,12598,15555,5567,9321,318,327,883,1294,991,1851,1337,2813,1560,2479,1251,1071,3622,4700,2761,5225,109626,30010,4289,2460,26081,4,0,14,11
2021-03-24T23:59:59+01:00,0,2,3532,3803,6409,7200,6693,8662,8100,11090,9081,10842,9149,9822,12181,15096,5556,9311,318,326,882,1291,986,1849,1329,2809,1544,2463,1243,1061,3555,4627,2580,5004,109115,29397,4153,2460,23247,1,0,14,11
2021-03-23T23:59:59+01:00,0,2,3514,3770,6360,7144,6617,8603,7982,10961,8832,10609,8728,9352,11730,14577,5547,9296,318,326,881,1281,981,1840,1324,2800,1540,2455,1219,1036,3463,4551,2387,4687,108300,28619,4060,2460,21250,1,0,14,11
2021-03-22T23:59:59+01:00,0,2,3506,3750,6317,7115,6583,8556,7916,10885,8683,10473,8447,8999,11427,14251,5511,9257,316,321,875,1271,973,1833,1317,2789,1531,2445,1207,1027,3435,4516,2368,4654,107629,28409,4057,2459,19978,1,0,14,11
2021-03-21T23:59:59+01:00,0,2,3504,3748,6313,7104,6566,8540,7897,10866,8627,10415,8327,8882,11356,14149,5509,9254,314,320,866,1268,966,1826,1308,2787,1527,2441,1203,1024,3426,4501,2354,4645,107544,28307,4056,2459,19445,1,0,14,11
2021-03-20T23:59:59+01:00,0,2,3496,3710,6305,7032,6551,8403,7872,10682,8583,10279,8249,8796,11318,14110,5509,9254,314,320,866,1268,966,1825,1307,2787,1527,2439,1203,1024,3426,4500,2354,4644,107511,28302,3844,2458,18782,1,0,14,11
2021-03-19T23:59:59+01:00,0,2,3483,3680,6279,6948,6527,8310,7826,10565,8469,10118,7712,8189,11134,13869,5499,9236,311,319,861,1261,949,1815,1284,2756,1477,2394,1119,956,2762,3711,1943,4075,105897,25525,3544,2458,18391,1,0,14,11
2021-03-18T23:59:59+01:00,0,2,3472,3662,6238,6907,6494,8248,7763,10478,8354,9989,6755,7093,10855,13568,5489,9211,310,319,858,1256,943,1806,1265,2748,1452,2375,1082,939,2555,3472,1787,3854,102878,24553,3386,2458,18300,1,0,14,11
2021-03-17T23:59:59+01:00,0,2,3435,3624,6167,6823,6441,8145,7673,10350,8224,9831,6073,6251,10569,13264,5472,9185,309,319,851,1250,938,1794,1251,2726,1433,2350,1046,916,2436,3347,1708,3744,100108,23950,3385,2458,18022,1,0,14,11
2021-03-16T23:59:59+01:00,0,2,3417,3595,6128,6770,6396,8072,7620,10285,8134,9730,5897,6075,9865,12471,5433,9122,302,309,837,1234,926,1785,1245,2706,1420,2342,1032,897,2222,3107,1575,3549,97867,23022,3375,2456,17756,1,0,14,11
2021-03-15T23:59:59+01:00,0,2,3380,3563,6032,6691,6266,7980,7478,10166,8005,9605,5145,5241,9422,11923,5390,9052,301,308,833,1230,925,1778,1243,2693,1411,2333,1019,885,2080,2934,1489,3455,94357,22452,3368,2455,17602,1,0,14,11
2021-03-14T23:59:59+01:00,0,2,3255,3416,5754,6345,5990,7619,7163,9751,7720,9286,4812,4850,9265,11726,5386,9042,301,307,833,1230,924,1778,1241,2692,1409,2330,1017,883,2077,2931,1486,3454,91963,22431,3313,2452,16092,1,0,14,11
2021-03-13T23:59:59+01:00,0,2,2600,2754,4813,5477,4972,6690,5968,8632,6705,8341,4499,4467,8882,11206,5296,8934,301,307,832,1228,924,1773,1238,2690,1408,2330,1017,882,2053,2895,1456,3419,81273,22291,3313,2452,15638,1,0,14,11
2021-03-12T23:59:59+01:00,0,2,1774,1933,3475,4327,3466,5356,4221,6992,5071,6835,3832,3762,7633,9659,4795,8255,297,304,830,1224,918,1766,1230,2670,1382,2313,971,857,1705,2432,1188,3068,62455,20693,3310,2452,15609,1,0,14,11
2021-03-11T23:59:59+01:00,0,2,1274,1456,2571,3586,2561,4416,3128,5902,3709,5451,2657,2485,5936,7549,4030,7080,292,295,814,1215,905,1743,1212,2641,1357,2267,934,837,1548,2203,1065,2880,45166,19747,3308,2452,15305,1,0,14,10
2021-03-10T23:59:59+01:00,0,2,1050,1238,2202,3225,2186,4025,2677,5461,2806,4484,1529,1286,4586,5831,3474,6311,282,285,796,1196,883,1707,1178,2568,1318,2201,909,817,1369,2013,969,2707,34149,18844,3308,2345,14903,1,0,13,10
2021-03-09T23:59:59+01:00,0,2,1034,1210,2136,3084,2121,3910,2592,5327,2722,4358,1495,1256,4511,5758,3435,6254,278,278,782,1175,866,1680,1153,2528,1300,2173,894,805,1292,1889,898,2597,33744,18278,3305,2301,14143,1,0,13,10
2021-03-08T23:59:59+01:00,0,2,1012,1179,2079,2985,2081,3828,2533,5214,2666,4286,1457,1236,4365,5600,3334,6113,278,274,777,1167,864,1671,1145,2520,1292,2157,870,784,1126,1664,775,2433,33055,17491,3305,2297,13597,1,0,13,10
2021-03-07T23:59:59+01:00,0,2,1007,1160,2039,2942,2039,3787,2493,5149,2625,4249,1452,1233,4358,5592,3332,6113,278,274,777,1167,864,1671,1145,2520,1291,2157,867,784,1117,1654,767,2422,33025,17491,3299,2256,13235,0,0,13,10
2021-03-06T23:59:59+01:00,0,2,1007,1156,2028,2928,2027,3768,2477,5122,2607,4228,1439,1223,4324,5548,3318,6101,278,274,777,1167,864,1670,1145,2520,1291,2157,867,784,1117,1654,767,2421,32881,17490,3298,2255,13111,0,0,13,10
2021-03-05T23:59:59+01:00,0,2,1003,1152,2013,2908,1997,3745,2434,5070,2554,4191,1403,1195,4058,5222,3168,5880,277,271,770,1160,858,1662,1142,2511,1288,2147,853,780,1109,1645,766,2419,32141,17395,2967,2255,12874,0,0,13,10
2021-03-04T23:59:59+01:00,0,2,909,1005,1925,2780,1929,3608,2358,4916,2464,4033,1373,1174,3818,4963,2904,5531,277,269,768,1155,855,1654,1141,2497,1284,2138,821,766,1097,1634,759,2407,30895,17282,2963,2232,11821,0,0,13,10
2021-03-03T23:59:59+01:00,0,2,863,897,1860,2684,1858,3503,2289,4800,2390,3949,1361,1161,3708,4858,2682,5259,276,267,767,1145,852,1636,1135,2455,1274,2112,804,762,1089,1616,752,2400,30222,17256,2846,2078,11043,0,0,13,10
2021-03-02T23:59:59+01:00,0,2,818,822,1763,2560,1773,3379,2198,4676,2330,3871,1326,1139,3579,4723,2479,4913,276,266,766,1139,848,1633,1130,2450,1270,2102,802,760,1075,1595,741,2381,29498,17149,2657,2077,10183,0,0,13,10
2021-03-01T23:59:59+01:00,0,2,795,783,1663,2416,1702,3235,2098,4504,2250,3750,1308,1127,3529,4660,2435,4851,276,264,762,1135,847,1621,1126,2438,1265,2092,796,758,1070,1584,734,2374,29246,17057,2573,2077,9276,0,0,13,10
2021-02-28T23:59:59+01:00,0,2,789,760,1644,2350,1674,3163,2075,4404,2236,3683,1302,1121,3519,4645,2421,4841,275,263,762,1134,847,1616,1126,2436,1265,2087,792,756,1062,1571,730,2364,29139,17034,2571,2044,8906,0,0,13,10
2021-02-27T23:59:59+01:00,0,2,774,743,1622,2290,1657,3051,2056,4278,2215,3587,1299,1118,3519,4643,2420,4840,275,263,762,1134,847,1615,1126,2436,1265,2086,792,756,1052,1565,713,2350,29134,17032,2570,1997,8397,0,0,13,10
2021-02-26T23:59:59+01:00,0,2,646,662,1517,2177,1605,2892,1993,4041,2114,3351,1209,1047,2868,3850,1994,4258,275,263,761,1132,846,1614,1126,2434,1263,2083,790,751,1034,1552,703,2334,26344,16958,2570,1995,7299,0,0,13,10
2021-02-25T23:59:59+01:00,0,2,496,582,1398,2075,1538,2764,1932,3913,2014,3239,1160,1015,2638,3580,1830,4015,258,248,736,1108,804,1545,1079,2336,1189,1990,733,730,1002,1515,692,2306,25279,16866,2543,1397,6356,0,0,13,10
2021-02-24T23:59:59+01:00,0,2,466,551,1329,1962,1465,2620,1862,3760,1937,3089,1122,985,2499,3443,1751,3896,229,235,709,1063,777,1483,1049,2276,1135,1939,706,707,955,1486,681,2276,24627,16679,2532,1019,5567,0,0,13,10
2021-02-23T23:59:59+01:00,0,2,410,511,1246,1822,1390,2473,1785,3549,1866,2967,1097,951,2296,3214,1626,3710,224,229,694,1040,765,1444,1027,2232,1110,1898,697,695,946,1472,678,2272,23705,16592,2522,823,4675,0,0,13,10
2021-02-22T23:59:59+01:00,0,2,397,478,1146,1711,1288,2376,1676,3443,1785,2896,1076,938,2154,3042,1541,3614,213,220,672,989,734,1381,1001,2138,1066,1816,654,663,877,1395,642,2216,23130,16403,2518,266,3902,0,0,13,10
2021-02-21T23:59:59+01:00,0,2,378,462,1045,1679,1136,2352,1521,3420,1682,2878,1068,936,2153,3041,1541,3614,186,214,641,981,723,1373,987,2133,1061,1814,651,660,874,1391,634,2209,23101,16272,2518,252,3276,0,0,13,10
2021-02-20T23:59:59+01:00,0,2,378,460,1044,1679,1135,2352,1519,3418,1682,2876,1068,935,2152,3041,1540,3613,185,212,638,981,720,1372,981,2130,1059,1814,651,660,874,1391,634,2209,23094,16251,2517,252,3270,0,0,13,10
2021-02-19T23:59:59+01:00,0,2,373,451,1031,1675,1125,2342,1506,3399,1649,2861,1018,907,1781,2534,1243,3231,164,202,612,977,702,1364,964,2128,1053,1812,648,659,872,1391,633,2208,21352,16129,2517,252,3246,0,0,13,10
2021-02-18T23:59:59+01:00,0,2,353,431,991,1593,1087,2255,1453,3281,1608,2771,988,884,1608,2291,1114,3027,144,191,573,966,682,1351,930,2112,1028,1792,637,640,851,1363,619,2187,20372,15806,2517,252,2835,0,0,13,10
2021-02-17T23:59:59+01:00,0,2,330,378,907,1450,980,2055,1319,3027,1496,2551,951,854,1419,2079,1013,2850,138,184,561,935,656,1300,897,2034,978,1716,603,608,844,1337,614,2168,19299,15313,2517,252,1832,0,0,13,10
2021-02-16T23:59:59+01:00,0,2,324,339,863,1312,928,1867,1258,2802,1430,2390,939,837,1356,1983,946,2754,132,171,547,892,641,1246,869,1970,948,1674,593,598,822,1306,601,2108,18928,14994,2516,116,873,0,0,13,10
2021-02-15T23:59:59+01:00,0,2,308,299,835,1281,911,1811,1218,2718,1392,2334,911,805,1179,1751,817,2578,123,163,525,865,623,1184,843,1897,925,1597,572,561,804,1269,592,2066,18017,14525,2515,76,605,0,0,13,10
2021-02-14T23:59:59+01:00,0,2,308,299,834,1281,910,1811,1216,2718,1392,2334,911,805,1179,1751,817,2578,123,163,524,858,619,1179,837,1891,921,1594,571,560,802,1268,591,2063,18016,14481,2515,75,602,0,0,13,10
2021-02-13T23:59:59+01:00,0,2,308,299,834,1281,910,1808,1216,2716,1392,2332,911,805,1179,1751,817,2578,123,163,524,858,619,1179,835,1888,919,1590,569,560,787,1248,579,2047,18009,14479,2515,1,602,0,0,13,10
2021-02-12T23:59:59+01:00,0,2,304,298,824,1276,906,1778,1210,2688,1364,2303,909,803,1178,1748,817,2578,123,163,522,855,618,1172,829,1876,913,1577,566,558,773,1237,573,2034,18000,14380,2515,1,458,0,0,13,10
2021-02-11T23:59:59+01:00,0,2,285,289,809,1241,900,1743,1194,2622,1342,2248,874,790,1167,1736,816,2568,121,149,504,814,596,1107,795,1776,890,1517,552,544,749,1202,559,2002,17887,13869,2514,0,212,0,0,13,10
2021-02-10T23:59:59+01:00,0,2,282,283,790,1203,887,1713,1182,2576,1327,2206,869,788,1152,1720,811,2551,117,140,437,728,550,1014,717,1649,831,1433,537,528,735,1182,549,1975,17863,13124,2409,0,58,0,0,12,0
2021-02-09T23:59:59+01:00,0,2,282,280,786,1189,875,1696,1167,2557,1313,2182,854,783,1138,1703,800,2535,100,121,382,641,497,885,638,1449,742,1245,485,450,616,1020,481,1737,17764,11491,2363,0,3,0,0,12,0
2021-02-08T23:59:59+01:00,0,2,282,279,784,1184,875,1689,1165,2553,1307,2174,848,780,1122,1681,783,2514,90,99,336,545,444,785,549,1241,635,1080,409,376,532,830,388,1428,17649,9769,2360,0,1,0,0,12,0
2021-02-07T23:59:59+01:00,0,2,281,278,782,1183,874,1689,1165,2552,1307,2171,842,778,1120,1678,782,2512,88,98,334,540,442,781,547,1232,631,1074,404,371,511,807,382,1414,17624,9658,2360,0,0,0,0,12,0
2021-02-06T23:59:59+01:00,0,2,281,277,781,1182,874,1688,1165,2552,1307,2170,841,777,1118,1672,781,2510,88,97,334,537,441,780,546,1228,629,1073,400,366,463,738,354,1369,17607,9445,2359,0,0,0,0,12,0
2021-02-05T23:59:59+01:00,0,2,281,277,781,1181,873,1687,1164,2551,1306,2167,834,771,1095,1662,774,2494,82,95,326,531,425,762,521,1193,600,1031,377,339,441,712,337,1324,17529,9097,2359,0,0,0,0,12,0
2021-02-04T23:59:59+01:00,0,2,278,269,778,1160,861,1665,1151,2523,1292,2144,812,758,1067,1632,767,2478,68,77,256,409,330,595,404,965,487,828,304,275,336,576,277,1114,17289,7301,2336,0,0,0,0,12,0
2021-02-03T23:59:59+01:00,0,2,277,264,774,1138,859,1639,1144,2473,1279,2114,793,744,1050,1609,758,2464,54,54,170,280,256,444,284,715,363,589,208,195,238,423,194,837,17193,5304,2176,0,0,0,0,12,0
2021-02-02T23:59:59+01:00,0,2,276,259,770,1130,852,1617,1136,2448,1267,2097,789,737,1041,1598,756,2456,35,35,92,139,147,255,172,448,235,369,134,125,161,254,136,538,17043,3275,2176,0,0,0,0,12,0
2021-02-01T23:59:59+01:00,0,2,274,256,765,1111,844,1597,1130,2419,1263,2064,780,724,1034,1588,752,2443,11,12,15,27,25,65,45,88,71,102,49,45,57,74,39,178,16859,903,2176,0,0,0,0,11,0
2021-01-31T23:59:59+01:00,0,2,268,254,749,1109,836,1586,1120,2408,1252,2055,774,718,1024,1571,745,2430,10,12,14,26,23,62,39,83,64,94,46,45,53,67,36,165,16824,839,2066,0,0,0,0,11,0
2021-01-30T23:59:59+01:00,0,2,268,254,749,1108,835,1586,1120,2408,1252,2055,773,718,1014,1564,728,2416,10,10,14,26,23,62,39,83,63,92,45,44,52,67,36,164,16820,830,2019,0,0,0,0,11,0
2021-01-29T23:59:59+01:00,0,2,268,254,749,1107,835,1586,1120,2408,1252,2054,772,717,1013,1562,728,2414,9,5,12,24,23,61,37,81,62,92,44,43,52,67,36,164,16813,812,2017,0,0,0,0,11,0
2021-01-28T23:59:59+01:00,0,2,264,249,737,1082,800,1531,1083,2348,1175,1996,731,703,984,1542,712,2392,4,0,3,6,9,25,18,36,20,45,21,22,23,45,15,97,16634,389,1686,0,0,0,0,11,0
2021-01-27T23:59:59+01:00,0,2,258,242,714,1050,752,1476,1025,2267,1102,1915,696,676,970,1521,709,2385,3,0,3,4,6,21,14,22,13,32,6,9,10,10,4,27,16186,184,1563,0,0,0,0,11,0
2021-01-26T23:59:59+01:00,0,2,234,233,697,1026,744,1426,1005,2193,1075,1850,684,662,947,1505,699,2366,3,0,1,4,5,11,12,12,6,11,3,5,6,7,1,16,16135,103,1202,0,0,0,0,11,0
2021-01-25T23:59:59+01:00,0,2,202,218,644,953,692,1303,962,2047,1017,1714,636,607,869,1410,656,2293,3,0,1,4,5,11,12,12,6,11,3,5,6,7,1,16,15907,103,307,0,0,0,0,11,0
2021-01-24T23:59:59+01:00,0,2,185,212,618,941,673,1289,944,2031,1002,1704,629,601,859,1390,647,2280,3,0,1,4,5,10,11,12,5,11,3,5,6,7,1,16,15734,100,262,0,0,0,0,11,0
2021-01-23T23:59:59+01:00,0,2,185,212,618,941,673,1289,944,2031,1002,1704,629,601,859,1390,647,2280,3,0,1,4,5,10,9,12,5,11,3,5,6,7,1,16,15734,98,262,0,0,0,0,11,0
2021-01-22T23:59:59+01:00,0,2,138,194,560,931,655,1274,910,2021,990,1693,624,600,858,1390,647,2280,3,0,0,4,5,10,9,12,5,11,3,5,6,7,1,16,15494,97,262,0,0,0,0,11,0
2021-01-21T23:59:59+01:00,0,2,133,186,545,908,634,1233,877,1967,968,1645,613,579,846,1359,640,2261,3,0,0,4,4,10,9,12,5,11,3,5,6,7,1,15,15123,95,262,0,0,0,0,11,0
2021-01-20T23:59:59+01:00,0,2,128,170,498,842,611,1157,814,1857,931,1574,592,562,829,1336,630,2233,3,0,0,4,4,10,9,12,5,11,3,5,6,7,1,15,14495,95,260,0,0,0,0,11,0
2021-01-19T23:59:59+01:00,0,2,117,152,427,756,549,1030,730,1669,831,1416,548,512,732,1184,558,1987,3,0,0,4,4,8,9,12,5,11,3,5,6,7,1,15,12996,93,193,0,0,0,0,11,0
2021-01-18T23:59:59+01:00,0,2,99,120,358,603,458,858,600,1408,705,1210,480,446,648,1026,491,1719,1,0,0,1,0,0,0,0,0,0,0,0,0,1,0,0,11137,3,83,0,0,0,0,11,0
2021-01-17T23:59:59+01:00,0,2,95,118,354,597,457,853,598,1389,697,1200,475,436,621,997,475,1678,1,0,0,1,0,0,0,0,0,0,0,0,0,1,0,0,10949,3,82,0,0,0,0,11,0
2021-01-16T23:59:59+01:00,0,2,95,115,352,589,454,848,587,1376,686,1188,460,422,526,871,414,1581,0,0,0,1,0,0,0,0,0,0,0,0,0,0,0,0,10552,1,3,0,0,0,0,11,0
2021-01-15T23:59:59+01:00,0,2,94,113,347,587,448,843,581,1369,669,1172,444,404,518,859,406,1558,0,0,0,0,0,0,0,0,0,0,0,0,0,0,0,0,10402,0,1,0,0,0,0,11,0
2021-01-14T23:59:59+01:00,0,0,77,91,290,485,370,679,464,1115,549,990,365,324,406,702,333,1323,0,0,0,0,0,0,0,0,0,0,0,0,0,0,0,0,8552,0,0,0,0,0,0,11,0
2021-01-13T23:59:59+01:00,0,0,63,68,206,367,294,506,350,833,423,709,255,228,298,527,251,1017,0,0,0,0,0,0,0,0,0,0,0,0,0,0,0,0,6385,0,0,0,0,0,0,10,0
2021-01-12T23:59:59+01:00,0,0,41,45,125,216,180,313,209,532,282,441,160,145,192,344,172,683,0,0,0,0,0,0,0,0,0,0,0,0,0,0,0,0,4080,0,0,0,0,0,0,0,0
2021-01-11T23:59:59+01:00,0,0,11,14,42,58,41,93,60,119,93,129,65,58,83,103,49,223,0,0,0,0,0,0,0,0,0,0,0,0,0,0,0,0,1241,0,0,0,0,0,0,0,0
2021-01-10T23:59:59+01:00,0,0,11,14,29,47,34,75,51,110,80,119,57,54,77,93,46,209,0,0,0,0,0,0,0,0,0,0,0,0,0,0,0,0,1106,0,0,0,0,0,0,0,0
2021-01-09T23:59:59+01:00,0,0,11,13,26,46,34,75,50,109,78,116,56,53,76,92,45,208,0,0,0,0,0,0,0,0,0,0,0,0,0,0,0,0,1088,0,0,0,0,0,0,0,0
2021-01-08T23:59:59+01:00,0,0,7,6,26,41,32,72,47,107,77,115,53,49,71,87,41,208,0,0,0,0,0,0,0,0,0,0,0,0,0,0,0,0,1039,0,0,0,0,0,0,0,0
2021-01-07T23:59:59+01:00,0,0,5,1,9,20,15,38,28,77,33,77,32,27,47,74,28,162,0,0,0,0,0,0,0,0,0,0,0,0,0,0,0,0,673,0,0,0,0,0,0,0,0
2021-01-06T23:59:59+01:00,0,0,5,0,4,8,10,30,25,43,19,47,26,24,34,51,19,120,0,0,0,0,0,0,0,0,0,0,0,0,0,0,0,0,465,0,0,0,0,0,0,0,0
2021-01-05T23:59:59+01:00,0,0,5,0,4,8,10,30,25,43,19,47,26,24,34,50,19,120,0,0,0,0,0,0,0,0,0,0,0,0,0,0,0,0,464,0,0,0,0,0,0,0,0
2021-01-04T23:59:59+01:00,0,0,4,0,1,3,4,11,13,12,5,11,3,5,6,8,1,17,0,0,0,0,0,0,0,0,0,0,0,0,0,0,0,0,104,0,0,0,0,0,0,0,0
2021-01-03T23:59:59+01:00,0,0,3,0,1,3,4,10,12,12,5,11,3,5,6,8,1,16,0,0,0,0,0,0,0,0,0,0,0,0,0,0,0,0,100,0,0,0,0,0,0,0,0
2021-01-02T23:59:59+01:00,0,0,3,0,1,3,4,10,10,12,5,11,3,5,6,8,1,16,0,0,0,0,0,0,0,0,0,0,0,0,0,0,0,0,98,0,0,0,0,0,0,0,0
2021-01-01T23:59:59+01:00,0,0,3,0,0,3,4,10,10,12,5,11,3,5,6,7,1,16,0,0,0,0,0,0,0,0,0,0,0,0,0,0,0,0,96,0,0,0,0,0,0,0,0
2020-12-31T23:59:59+01:00,0,0,3,0,0,3,4,10,9,12,5,11,3,5,6,7,1,16,0,0,0,0,0,0,0,0,0,0,0,0,0,0,0,0,95,0,0,0,0,0,0,0,0
2020-12-30T23:59:59+01:00,0,0,3,0,0,3,4,10,9,12,5,11,3,5,6,7,1,16,0,0,0,0,0,0,0,0,0,0,0,0,0,0,0,0,95,0,0,0,0,0,0,0,0
2020-12-29T23:59:59+01:00,0,0,3,0,0,3,4,8,9,12,5,11,3,5,6,7,1,16,0,0,0,0,0,0,0,0,0,0,0,0,0,0,0,0,93,0,0,0,0,0,0,0,0
2020-12-28T23:59:59+01:00,0,0,3,0,0,3,4,8,9,12,5,11,3,5,6,7,1,16,0,0,0,0,0,0,0,0,0,0,0,0,0,0,0,0,93,0,0,0,0,0,0,0,0
2020-12-27T23:59:59+01:00,0,0,1,0,0,0,0,0,0,0,0,0,0,0,1,3,0,7,0,0,0,0,0,0,0,0,0,0,0,0,0,0,0,0,12,0,0,0,0,0,0,0,0
