Datum,<15_1_m,<15_1_w,15-24_1_m,15-24_1_w,25-34_1_m,25-34_1_w,35-44_1_m,35-44_1_w,45-54_1_m,45-54_1_w,55-64_1_m,55-64_1_w,65-74_1_m,65-74_1_w,75-84_1_m,75-84_1_w,>84_1_m,>84_1_w,<15_2_m,<15_2_w,15-24_2_m,15-24_2_w,25-34_2_m,25-34_2_w,35-44_2_m,35-44_2_w,45-54_2_m,45-54_2_w,55-64_2_m,55-64_2_w,65-74_2_m,65-74_2_w,75-84_2_m,75-84_2_w,>84_2_m,>84_2_w,bp_1,bp_2,mo_1,mo_2,az_1,az_2,ja,unb_1,unb_2
2021-11-05T23:59:59+01:00,4465,4143,27256,25853,36577,33648,35979,35559,41083,41198,44181,44039,28569,31801,20328,25466,6370,10743,3707,3402,24236,23256,33422,30570,33432,33064,38621,38624,41975,41976,27599,30702,19668,24560,6113,10217,351803,327772,46080,44274,77560,71300,21756,64,42
2021-11-04T23:59:59+01:00,4393,4099,27050,25707,36388,33457,35813,35449,40969,41094,44098,43981,28547,31789,20319,25452,6367,10740,3675,3357,24152,23159,33337,30472,33366,32991,38571,38565,41919,41933,27587,30679,19661,24548,6108,10210,350416,327038,46005,44238,77560,71300,21672,64,42
2021-11-03T23:59:59+01:00,4374,4070,26997,25658,36310,33386,35743,35415,40913,41051,44059,43955,28541,31780,20313,25446,6366,10740,3649,3327,24122,23122,33306,30431,33330,32969,38553,38541,41895,41914,27572,30662,19656,24540,6103,10205,349846,326658,45987,44232,77560,71300,21665,64,42
2021-11-02T23:59:59+01:00,4340,4029,26778,25520,36076,33215,35581,35302,40779,40951,43976,43887,28515,31762,20302,25437,6365,10736,3620,3300,24020,23043,33194,30355,33263,32919,38492,38487,41850,41882,27552,30641,19640,24529,6101,10198,348453,325994,45935,44206,77560,71300,21544,64,42
2021-11-01T23:59:59+01:00,4298,3992,26689,25457,35961,33141,35504,35256,40708,40900,43938,43868,28508,31753,20298,25436,6364,10735,3602,3264,23974,22994,33139,30320,33228,32889,38453,38462,41824,41857,27542,30634,19634,24521,6100,10196,347765,325591,45909,44189,77560,71298,21513,64,42
2021-10-31T23:59:59+01:00,4298,3992,26685,25457,35959,33141,35504,35256,40707,40900,43937,43867,28507,31753,20298,25436,6364,10735,3602,3264,23974,22994,33139,30320,33228,32889,38452,38462,41823,41857,27542,30634,19634,24521,6100,10196,347757,325590,45908,44189,77560,71298,21512,64,42
2021-10-30T23:59:59+02:00,4295,3990,26674,25452,35945,33133,35498,35252,40698,40896,43929,43867,28506,31753,20298,25435,6364,10734,3602,3264,23970,22991,33136,30320,33228,32886,38451,38461,41822,41857,27542,30634,19634,24521,6100,10196,347680,325574,45908,44189,77560,71298,21512,64,42
2021-10-29T23:59:59+02:00,4271,3973,26555,25382,35801,33034,35402,35194,40615,40842,43891,43849,28503,31745,20297,25433,6364,10734,3591,3257,23923,22957,33087,30270,33190,32856,38418,38430,41798,41841,27537,30626,19630,24515,6099,10196,346941,325238,45852,44171,77560,71297,21473,64,42
2021-10-28T23:59:59+02:00,4239,3931,26385,25254,35604,32900,35256,35096,40519,40767,43830,43807,28491,31734,20288,25426,6363,10732,3562,3221,23836,22871,33002,30180,33126,32806,38364,38380,41750,41812,27526,30611,19623,24506,6095,10189,345860,324624,45777,44131,77560,71297,21366,64,42
2021-10-27T23:59:59+02:00,4213,3907,26345,25221,35560,32855,35215,35046,40483,40739,43806,43789,28488,31727,20286,25420,6358,10730,3547,3202,23789,22831,32955,30141,33101,32779,38353,38356,41739,41792,27518,30595,19615,24499,6094,10187,345438,324266,45767,44125,77560,71296,21364,64,42
2021-10-26T23:59:59+02:00,4170,3878,26208,25106,35418,32752,35123,34969,40413,40690,43765,43767,28477,31716,20281,25414,6356,10728,3519,3189,23724,22750,32879,30071,33055,32729,38299,38318,41700,41769,27510,30585,19610,24490,6093,10185,344588,323761,45739,44093,77560,71294,21285,64,42
2021-10-25T23:59:59+02:00,4161,3870,26194,25088,35385,32729,35096,34955,40399,40683,43761,43763,28476,31715,20280,25414,6356,10728,3514,3182,23720,22744,32860,30052,33052,32723,38292,38315,41699,41766,27509,30584,19610,24487,6093,10185,344435,323698,45730,44085,77560,71293,21269,64,42
2021-10-24T23:59:59+02:00,4150,3865,26171,25058,35352,32701,35066,34932,40385,40665,43749,43754,28475,31711,20279,25412,6356,10728,3505,3174,23706,22727,32849,30043,33040,32715,38283,38307,41691,41758,27503,30581,19610,24482,6093,10184,344200,323562,45722,44085,77559,71293,21269,64,42
2021-10-23T23:59:59+02:00,4150,3865,26169,25054,35347,32700,35062,34929,40382,40663,43747,43754,28475,31711,20279,25412,6356,10728,3505,3174,23706,22726,32848,30043,33038,32715,38282,38306,41691,41758,27503,30581,19610,24482,6093,10184,344174,323556,45722,44085,77559,71293,21269,64,42
2021-10-22T23:59:59+02:00,4129,3834,26073,24983,35238,32603,34969,34869,40306,40621,43706,43727,28469,31707,20276,25405,6356,10727,3467,3145,23647,22663,32785,29988,32986,32677,38245,38275,41658,41733,27497,30574,19606,24479,6092,10183,343463,323074,45688,44062,77559,71293,21229,64,42
2021-10-21T23:59:59+02:00,4063,3788,25968,24890,35113,32488,34869,34798,40235,40565,43644,43691,28457,31693,20270,25399,6356,10725,3282,2994,23503,22511,32690,29897,32915,32609,38185,38220,41607,41693,27479,30555,19590,24462,6087,10174,342562,321917,45662,44030,77558,71293,21171,64,42
2021-10-20T23:59:59+02:00,4054,3772,25937,24860,35062,32441,34835,34765,40213,40544,43625,43677,28452,31688,20267,25395,6351,10722,3249,2966,23463,22471,32649,29864,32887,32581,38159,38190,41585,41671,27464,30543,19580,24451,6084,10170,342227,321517,45657,44016,77558,71293,21159,64,42
2021-10-19T23:59:59+02:00,4036,3745,25866,24815,35008,32395,34796,34726,40179,40517,43605,43663,28447,31681,20260,25388,6346,10719,3146,2853,23344,22361,32570,29796,32847,32538,38132,38146,41554,41647,27449,30526,19571,24444,6077,10165,341812,320727,45633,43975,77558,71292,21130,64,42
2021-10-18T23:59:59+02:00,4027,3727,25826,24789,34978,32358,34778,34712,40162,40503,43595,43649,28440,31674,20250,25381,6345,10719,3117,2835,23297,22323,32538,29753,32823,32502,38106,38126,41534,41624,27442,30519,19564,24435,6074,10161,341553,320365,45626,43957,77558,71292,21117,64,42
2021-10-17T23:59:59+02:00,4019,3715,25810,24783,34965,32346,34769,34706,40159,40500,43590,43641,28436,31669,20250,25376,6344,10717,3029,2756,23257,22296,32527,29739,32817,32492,38102,38119,41533,41616,27442,30516,19563,24433,6072,10161,341436,320063,45626,43957,77558,71292,21116,64,42
2021-10-16T23:59:59+02:00,4019,3715,25810,24783,34965,32346,34768,34706,40158,40499,43590,43641,28435,31668,20250,25375,6344,10716,3028,2754,23256,22296,32527,29739,32817,32491,38101,38118,41533,41615,27441,30516,19563,24432,6071,10159,341430,320051,45626,43957,77558,71292,21115,64,42
2021-10-15T23:59:59+02:00,4009,3705,25772,24752,34934,32320,34744,34683,40139,40487,43579,43634,28431,31665,20247,25372,6342,10712,2998,2730,23195,22225,32470,29689,32785,32445,38072,38091,41514,41598,27433,30509,19560,24428,6071,10155,341195,319598,45610,43930,77557,71292,21106,64,42
2021-10-14T23:59:59+02:00,3989,3676,25699,24693,34870,32253,34699,34648,40105,40454,43548,43619,28423,31656,20241,25368,6339,10707,2954,2673,23112,22139,32407,29593,32733,32388,38014,38048,41475,41561,27416,30495,19552,24419,6068,10154,340715,318915,45589,43885,77557,71292,21067,64,42
2021-10-13T23:59:59+02:00,3975,3653,25668,24672,34844,32222,34679,34632,40090,40432,43530,43599,28415,31650,20236,25359,6333,10700,2933,2652,23079,22100,32381,29554,32722,32353,37995,38028,41459,41550,27409,30481,19545,24412,6068,10149,340425,318597,45586,43877,77557,71292,21062,64,42
2021-10-12T23:59:59+02:00,3958,3633,25618,24620,34784,32158,34646,34602,40061,40405,43510,43586,28402,31635,20232,25350,6327,10693,2905,2618,22991,22004,32282,29464,32678,32305,37938,37991,41434,41513,27385,30468,19538,24402,6065,10139,339997,317909,45568,43840,77557,71290,21039,64,42
2021-10-11T23:59:59+02:00,3950,3621,25593,24594,34769,32135,34618,34584,40050,40392,43499,43573,28392,31626,20225,25345,6323,10688,2884,2607,22960,21971,32239,29429,32653,32275,37921,37974,41413,41496,27379,30462,19532,24395,6063,10135,339777,317595,45555,43832,77557,71290,21029,64,42
2021-10-10T23:59:59+02:00,3947,3619,25588,24587,34760,32125,34612,34570,40043,40387,43491,43566,28391,31621,20220,25341,6323,10684,2876,2601,22950,21955,32227,29412,32648,32268,37910,37963,41407,41491,27373,30458,19531,24394,6063,10135,339677,317472,45553,43829,77557,71290,21029,64,42
2021-10-09T23:59:59+02:00,3946,3616,25587,24585,34759,32121,34610,34569,40040,40383,43489,43566,28389,31620,20219,25338,6322,10684,2876,2600,22950,21955,32227,29412,32646,32267,37909,37963,41406,41490,27373,30458,19530,24394,6063,10134,339645,317463,45553,43829,77557,71290,21029,64,42
2021-10-08T23:59:59+02:00,3911,3592,25515,24528,34699,32066,34577,34538,40006,40355,43455,43540,28379,31610,20207,25323,6314,10680,2849,2565,22852,21888,32178,29357,32609,32219,37881,37919,41381,41466,27361,30440,19524,24386,6059,10133,339134,316912,45535,43814,77557,71289,21010,64,42
2021-10-07T23:59:59+02:00,3887,3548,25439,24447,34629,31993,34529,34499,39966,40313,43422,43513,28369,31598,20191,25313,6307,10670,2791,2503,22725,21745,32106,29269,32557,32142,37834,37871,41338,41425,27341,30422,19508,24372,6052,10121,338541,316036,45508,43788,77557,71288,20968,64,42
2021-10-06T23:59:59+02:00,3873,3528,25403,24403,34589,31954,34503,34468,39947,40296,43403,43495,28362,31589,20178,25295,6303,10658,2776,2486,22692,21703,32075,29232,32535,32111,37818,37846,41319,41410,27331,30412,19498,24360,6050,10117,338165,315695,45505,43785,77557,71288,20961,64,42
2021-10-05T23:59:59+02:00,3851,3509,25346,24341,34519,31879,34464,34429,39927,40261,43365,43472,28352,31577,20157,25275,6298,10629,2739,2444,22616,21584,31983,29140,32480,32047,37775,37805,41289,41381,27315,30402,19488,24350,6040,10107,337651,314995,45483,43759,77555,71286,20903,64,42
2021-10-04T23:59:59+02:00,3828,3487,25298,24296,34474,31843,34429,34396,39900,40240,43345,43451,28344,31568,20149,25258,6289,10615,2724,2434,22571,21538,31954,29091,32451,32023,37755,37787,41263,41365,27304,30386,19479,24341,6036,10097,337239,314644,45472,43745,77555,71283,20885,64,42
2021-10-03T23:59:59+02:00,3819,3484,25283,24289,34464,31837,34421,34389,39894,40230,43339,43447,28340,31566,20146,25249,6288,10608,2719,2428,22557,21527,31946,29081,32437,32014,37748,37781,41255,41361,27302,30381,19475,24335,6031,10091,337126,314519,45471,43743,77555,71283,20882,64,42
2021-10-02T23:59:59+02:00,3819,3484,25283,24289,34463,31837,34421,34389,39893,40230,43339,43447,28340,31566,20146,25249,6288,10608,2718,2428,22557,21527,31946,29081,32437,32014,37748,37781,41255,41361,27302,30381,19475,24335,6031,10091,337124,314518,45471,43743,77555,71283,20882,64,42
2021-10-01T23:59:59+02:00,3800,3466,25234,24223,34397,31768,34359,34348,39858,40205,43309,43429,28336,31559,20144,25247,6286,10605,2675,2386,22457,21438,31894,29010,32387,31972,37710,37733,41230,41344,27295,30376,19471,24330,6030,10089,336684,313956,45444,43716,77554,71281,20832,64,42
2021-09-30T23:59:59+02:00,3768,3424,25134,24107,34294,31690,34287,34289,39791,40147,43257,43388,28322,31540,20133,25239,6283,10594,2613,2334,22336,21320,31812,28906,32327,31901,37660,37685,41190,41318,27266,30364,19468,24317,6028,10084,335923,313161,45402,43691,77549,71281,20754,64,42
2021-09-29T23:59:59+02:00,3750,3404,25106,24061,34264,31662,34261,34263,39772,40125,43236,43370,28313,31532,20128,25233,6277,10587,2606,2320,22308,21289,31789,28886,32307,31877,37643,37668,41174,41306,27260,30352,19463,24308,6027,10080,335597,312912,45398,43687,77549,71281,20741,64,42
2021-09-28T23:59:59+02:00,3722,3372,25019,23989,34182,31593,34211,34213,39723,40084,43200,43339,28297,31513,20120,25221,6273,10578,2585,2294,22214,21215,31723,28813,32260,31830,37609,37625,41149,41281,27239,30337,19461,24299,6024,10078,335027,312407,45364,43657,77549,71280,20650,64,42
2021-09-27T23:59:59+02:00,3699,3348,24976,23962,34145,31553,34188,34183,39703,40050,43180,43318,28289,31503,20113,25216,6269,10570,2566,2280,22178,21183,31691,28773,32234,31809,37587,37607,41129,41268,27230,30332,19458,24295,6023,10074,334689,312140,45355,43641,77548,71280,20614,64,42
2021-09-26T23:59:59+02:00,3546,3244,24919,23927,34135,31545,34181,34180,39697,40044,43174,43312,28288,31501,20111,25215,6268,10569,2555,2273,22162,21164,31687,28766,32230,31805,37579,37600,41124,41262,27227,30328,19455,24293,6022,10073,334285,312035,45355,43640,77548,71279,20609,64,42
2021-09-25T23:59:59+02:00,3545,3244,24918,23927,34135,31545,34181,34180,39695,40043,43173,43312,28288,31500,20111,25215,6268,10569,2555,2272,22160,21161,31687,28766,32228,31804,37576,37598,41124,41262,27227,30327,19455,24293,6022,10073,334279,312020,45355,43640,77547,71279,20609,64,42
2021-09-24T23:59:59+02:00,3521,3212,24836,23851,34023,31466,34113,34117,39638,39996,43139,43286,28274,31489,20108,25209,6267,10567,2519,2241,22074,21072,31593,28702,32183,31767,37520,37560,41104,41240,27215,30316,19452,24290,6021,10073,333753,311564,45322,43627,77546,71278,20432,64,41
2021-09-23T23:59:59+02:00,3350,3061,24698,23702,33933,31376,34036,34057,39580,39943,43081,43242,28257,31475,20100,25197,6264,10565,2469,2197,21960,20969,31525,28625,32131,31711,37484,37526,41069,41206,27201,30296,19445,24274,6020,10070,332711,310945,45294,43609,77546,71276,20307,64,41
2021-09-22T23:59:59+02:00,3327,3036,24662,23649,33901,31343,34013,34018,39552,39927,43058,43218,28248,31466,20096,25186,6264,10560,2454,2185,21931,20938,31488,28587,32113,31682,37462,37511,41046,41195,27191,30290,19442,24270,6020,10069,332365,310682,45285,43605,77544,71275,20271,64,41
2021-09-21T23:59:59+02:00,3200,2903,24465,23492,33758,31243,33948,33935,39483,39879,43037,43176,28229,31446,20087,25180,6256,10553,2390,2154,21794,20800,31378,28482,32036,31605,37408,37463,41014,41161,27180,30278,19434,24255,6017,10064,331307,309907,45246,43577,77544,71274,20114,64,41
2021-09-20T23:59:59+02:00,3176,2881,24419,23445,33710,31203,33918,33902,39452,39848,43013,43151,28224,31436,20083,25174,6256,10549,2383,2142,21756,20759,31332,28435,32013,31569,37378,37445,41000,41152,27169,30271,19425,24249,6015,10057,330941,309602,45230,43570,77544,71272,20066,64,40
2021-09-19T23:59:59+02:00,3172,2879,24409,23439,33702,31195,33910,33895,39447,39833,43004,43150,28223,31435,20083,25172,6256,10549,2379,2138,21749,20753,31328,28427,32009,31568,37371,37437,40992,41151,27169,30271,19424,24248,6015,10057,330864,309548,45230,43569,77543,71272,20057,64,40
2021-09-18T23:59:59+02:00,3172,2879,24409,23439,33702,31195,33910,33895,39447,39833,43004,43150,28223,31435,20083,25172,6256,10549,2379,2138,21749,20753,31328,28424,32007,31568,37371,37437,40992,41151,27169,30271,19424,24247,6015,10057,330864,309542,45230,43569,77543,71272,20057,64,40
2021-09-17T23:59:59+02:00,3145,2842,24304,23324,33597,31094,33834,33827,39377,39779,42969,43123,28209,31427,20081,25165,6254,10547,2332,2095,21669,20676,31256,28361,31944,31521,37331,37403,40972,41137,27161,30256,19422,24240,6015,10056,330213,309090,45188,43549,77542,71272,19896,63,40
2021-09-16T23:59:59+02:00,3095,2794,24191,23192,33501,30986,33766,33724,39331,39719,42916,43074,28183,31406,20065,25154,6251,10539,2292,2053,21564,20578,31173,28286,31877,31455,37308,37348,40938,41098,27150,30236,19415,24232,6013,10055,329394,308484,45150,43539,77542,71266,19742,63,40
2021-09-15T23:59:59+02:00,3072,2781,24150,23144,33470,30942,33751,33693,39301,39690,42898,43056,28173,31395,20059,25148,6250,10537,2279,2038,21527,20535,31141,28240,31851,31432,37276,37314,40915,41072,27136,30227,19408,24224,6013,10051,329062,308126,45137,43538,77541,71264,19711,63,40
2021-09-14T23:59:59+02:00,3032,2749,24042,23001,33327,30803,33666,33608,39244,39639,42847,43006,28155,31379,20050,25140,6246,10532,2260,2013,21443,20453,31051,28151,31786,31370,37227,37272,40871,41046,27126,30207,19399,24216,6011,10048,328249,307603,45102,43531,77540,71260,19516,63,40
2021-09-13T23:59:59+02:00,3014,2730,23991,22948,33280,30743,33633,33558,39219,39608,42816,42982,28149,31366,20045,25138,6244,10528,2245,1997,21391,20405,31006,28100,31756,31338,37204,37252,40857,41024,27120,30201,19395,24212,6010,10047,327866,307304,45086,43518,77540,71257,19441,63,40
2021-09-12T23:59:59+02:00,3010,2723,23987,22940,33274,30738,33624,33552,39214,39605,42813,42980,28147,31364,20044,25137,6244,10527,2242,1994,21375,20396,30997,28082,31737,31330,37198,37245,40851,41018,27115,30200,19393,24209,6010,10045,327798,307182,45086,43518,77539,71256,19441,63,40
2021-09-11T23:59:59+02:00,3008,2722,23985,22938,33272,30737,33622,33551,39214,39603,42812,42980,28144,31362,20044,25137,6244,10527,2241,1992,21371,20395,30996,28079,31737,31330,37198,37243,40850,41017,27113,30200,19393,24209,6010,10045,327778,307165,45086,43518,77539,71256,19440,63,40
2021-09-10T23:59:59+02:00,2966,2680,23853,22810,33143,30621,33520,33475,39139,39519,42764,42940,28128,31345,20039,25129,6243,10525,2204,1954,21256,20292,30884,27986,31648,31277,37133,37201,40804,40984,27105,30190,19387,24199,6008,10044,327037,306624,45066,43499,77539,71255,19138,63,40
2021-09-09T23:59:59+02:00,2916,2641,23672,22662,33032,30491,33420,33374,39067,39446,42723,42892,28100,31328,20030,25123,6241,10523,2150,1897,21135,20162,30792,27889,31573,31182,37070,37145,40756,40936,27081,30174,19378,24190,6004,10041,326134,305873,45042,43480,77537,71252,18910,62,40
2021-09-08T23:59:59+02:00,2895,2610,23631,22611,33002,30452,33404,33346,39047,39424,42708,42877,28094,31319,20027,25118,6240,10523,2139,1885,21101,20131,30761,27873,31558,31157,37052,37122,40745,40922,27074,30168,19373,24185,6003,10040,325818,305644,45036,43476,77536,71251,18880,62,38
2021-09-07T23:59:59+02:00,2842,2555,23482,22466,32883,30344,33329,33260,38991,39360,42663,42843,28076,31302,20023,25113,6239,10520,2084,1844,20966,19997,30644,27786,31483,31091,37004,37070,40707,40893,27057,30143,19367,24174,6002,10038,325065,304991,45011,43454,77535,71246,18621,62,38
2021-09-06T23:59:59+02:00,2819,2540,23450,22422,32852,30311,33308,33240,38969,39347,42647,42828,28073,31298,20021,25111,6238,10517,2060,1826,20924,19954,30613,27759,31462,31066,36985,37051,40693,40881,27049,30135,19365,24165,5999,10036,324798,304689,44995,43446,77534,71245,18605,62,38
2021-09-05T23:59:59+02:00,2808,2537,23444,22417,32850,30306,33306,33235,38966,39344,42643,42822,28071,31294,20019,25110,6237,10516,2056,1823,20912,19947,30603,27753,31459,31062,36982,37049,40689,40878,27044,30133,19363,24161,5998,10036,324735,304616,44994,43446,77534,71245,18603,62,38
2021-09-04T23:59:59+02:00,2808,2537,23441,22416,32849,30306,33306,33234,38966,39343,42642,42821,28071,31294,20019,25110,6237,10516,2054,1820,20910,19947,30603,27753,31458,31061,36982,37049,40688,40878,27044,30133,19363,24161,5998,10036,324729,304609,44994,43446,77534,71245,18600,62,38
2021-09-03T23:59:59+02:00,2785,2503,23364,22338,32775,30235,33266,33191,38922,39314,42612,42808,28063,31281,20018,25108,6235,10515,2038,1803,20861,19888,30554,27714,31424,31026,36954,37023,40659,40866,27036,30125,19361,24159,5997,10036,324230,304266,44966,43437,77532,71237,18546,62,38
2021-09-02T23:59:59+02:00,2754,2471,23258,22241,32715,30144,33207,33136,38884,39281,42573,42775,28043,31269,20014,25094,6233,10512,2015,1784,20787,19828,30495,27652,31386,30995,36914,36986,40626,40837,27026,30113,19358,24148,5997,10036,323624,303840,44936,43419,77531,71232,18454,62,38
2021-09-01T23:59:59+02:00,2732,2457,23234,22204,32685,30112,33185,33110,38857,39260,42560,42759,28035,31262,20009,25092,6233,10512,1997,1769,20746,19785,30462,27624,31359,30971,36895,36970,40608,40821,27016,30104,19357,24142,5997,10036,323369,303563,44925,43412,77530,71231,18415,62,38
2021-08-31T23:59:59+02:00,2687,2414,23111,22098,32604,30012,33131,33053,38812,39219,42534,42734,28024,31256,20003,25088,6232,10508,1973,1749,20660,19690,30390,27564,31310,30929,36855,36938,40579,40796,27007,30092,19351,24137,5997,10034,322792,303147,44895,43397,77529,71224,18245,62,38
2021-08-30T23:59:59+02:00,2665,2390,23059,22055,32564,29970,33105,33016,38783,39199,42515,42716,28019,31249,19996,25079,6231,10504,1926,1709,20536,19588,30295,27469,31249,30878,36822,36911,40558,40762,26991,30077,19350,24128,5997,10032,322450,302436,44880,43388,77529,71219,18197,62,38
2021-08-29T23:59:59+02:00,2634,2360,22971,21990,32501,29913,33062,32985,38737,39163,42485,42695,28010,31242,19993,25074,6231,10503,1900,1684,20432,19520,30226,27419,31214,30844,36781,36882,40533,40744,26978,30066,19349,24123,5997,10032,321994,302007,44864,43365,77527,71209,18105,62,38
2021-08-28T23:59:59+02:00,2628,2358,22971,21990,32497,29913,33061,32985,38734,39162,42484,42695,28009,31242,19993,25074,6231,10503,1900,1682,20431,19519,30220,27419,31214,30841,36778,36880,40533,40744,26978,30066,19349,24123,5997,10032,321981,301996,44864,43364,77527,71209,18099,62,38
2021-08-27T23:59:59+02:00,2628,2358,22966,21987,32490,29912,33059,32982,38732,39160,42480,42695,28008,31242,19993,25074,6230,10503,1899,1681,20425,19518,30212,27418,31212,30839,36775,36879,40531,40744,26978,30066,19349,24122,5997,10032,321962,301981,44864,43364,77527,71207,18087,62,38
2021-08-26T23:59:59+02:00,2545,2274,22778,21781,32357,29770,32940,32875,38644,39071,42415,42626,27983,31209,19980,25056,6229,10497,1813,1600,20156,19248,30072,27253,31069,30712,36666,36784,40446,40670,26936,30025,19330,24098,5991,10030,320741,300470,44844,43340,77526,71191,17860,62,38
2021-08-25T23:59:59+02:00,2539,2266,22758,21756,32346,29749,32926,32860,38632,39057,42404,42620,27978,31206,19973,25050,6226,10495,1802,1591,20108,19204,30036,27223,31048,30676,36641,36752,40427,40654,26923,30012,19327,24090,5990,10029,320554,300107,44844,43340,77526,71190,17858,62,38
2021-08-24T23:59:59+02:00,2521,2255,22719,21714,32320,29704,32907,32828,38622,39037,42385,42606,27972,31195,19968,25042,6225,10494,1792,1582,20070,19162,30003,27182,31028,30641,36627,36731,40407,40636,26917,30002,19323,24087,5990,10025,320267,299819,44834,43335,77526,71185,17828,62,38
2021-08-23T23:59:59+02:00,2502,2223,22651,21641,32250,29647,32871,32797,38583,39006,42355,42593,27956,31186,19965,25031,6225,10492,1748,1538,19946,19040,29884,27103,30963,30594,36578,36687,40365,40607,26905,29987,19317,24077,5990,10019,319826,299080,44823,43311,77524,71177,17742,62,38
2021-08-22T23:59:59+02:00,2493,2214,22615,21609,32231,29629,32855,32789,38566,38990,42350,42584,27952,31181,19960,25031,6225,10491,1738,1525,19907,19002,29848,27070,30932,30558,36557,36671,40346,40585,26897,29983,19314,24074,5990,10017,319656,298790,44817,43308,77523,71168,17710,62,38
2021-08-21T23:59:59+02:00,2474,2201,22560,21559,32191,29592,32832,32765,38552,38967,42333,42574,27945,31173,19958,25028,6225,10490,1708,1501,19806,18904,29776,27012,30898,30514,36522,36629,40322,40564,26886,29974,19309,24070,5988,10017,319410,298282,44804,43293,77521,71162,17625,62,38
2021-08-20T23:59:59+02:00,2436,2159,22473,21452,32114,29509,32770,32717,38501,38927,42291,42546,27938,31159,19954,25013,6224,10486,1661,1464,19632,18777,29649,26909,30823,30455,36459,36583,40276,40526,26871,29955,19300,24061,5987,10013,318825,297466,44781,43267,77518,71144,17486,62,38
2021-08-19T23:59:59+02:00,2346,2091,22313,21314,31976,29384,32679,32633,38399,38847,42221,42492,27912,31126,19947,25001,6219,10477,1605,1414,19373,18570,29435,26760,30702,30346,36340,36487,40174,40441,26843,29925,19289,24045,5983,10008,317887,296193,44760,43237,77518,71119,17153,62,38
2021-08-18T23:59:59+02:00,2336,2082,22287,21292,31954,29363,32657,32610,38371,38829,42208,42477,27897,31116,19941,24996,6219,10475,1582,1396,19318,18511,29395,26726,30676,30315,36312,36466,40150,40410,26826,29914,19285,24033,5978,10004,317627,295759,44760,43237,77518,71117,17146,62,38
2021-08-17T23:59:59+02:00,2319,2066,22262,21264,31938,29333,32631,32585,38358,38817,42184,42458,27891,31103,19935,24991,6219,10475,1569,1385,19275,18462,29363,26687,30631,30288,36284,36431,40122,40386,26804,29899,19278,24016,5974,10000,317380,295357,44760,43234,77518,71113,17112,62,38
2021-08-16T23:59:59+02:00,2280,2049,22195,21221,31897,29288,32606,32564,38334,38796,42152,42441,27882,31096,19933,24981,6219,10474,1545,1360,19066,18317,29217,26572,30554,30199,36237,36377,40084,40344,26784,29883,19271,23997,5968,9998,317030,294353,44760,43228,77516,71111,17043,62,38
2021-08-15T23:59:59+02:00,2253,2026,22141,21164,31849,29247,32582,32531,38306,38777,42131,42427,27875,31091,19927,24974,6218,10474,1523,1344,18947,18199,29059,26444,30474,30117,36171,36326,40029,40287,26765,29859,19261,23988,5965,9997,316694,293429,44751,43211,77515,71103,16974,62,38
2021-08-14T23:59:59+02:00,2247,2023,22115,21148,31837,29231,32578,32525,38298,38772,42125,42424,27874,31090,19926,24973,6218,10473,1493,1316,18834,18105,28996,26380,30434,30069,36146,36295,40008,40272,26758,29853,19258,23987,5964,9994,316605,292883,44748,43192,77515,71099,16950,62,38
2021-08-13T23:59:59+02:00,2230,2012,22069,21110,31800,29207,32541,32497,38283,38758,42115,42414,27872,31085,19923,24970,6217,10473,1418,1251,18578,17845,28819,26219,30318,29978,36094,36227,39963,40236,26742,29841,19253,23978,5961,9990,316370,291517,44743,43176,77513,71089,16891,62,38
2021-08-12T23:59:59+02:00,2194,1974,21980,21015,31729,29130,32485,32447,38236,38715,42078,42380,27856,31066,19916,24960,6215,10473,1325,1191,18276,17531,28568,25991,30175,29848,36000,36134,39887,40168,26706,29794,19233,23955,5959,9987,315795,289771,44732,43124,77510,71042,16753,62,38
2021-08-11T23:59:59+02:00,2192,1969,21960,20999,31711,29109,32470,32431,38228,38706,42067,42363,27847,31063,19913,24956,6214,10469,1317,1178,18220,17476,28532,25946,30128,29810,35980,36096,39851,40135,26694,29767,19226,23945,5959,9985,315614,289295,44732,43121,77510,71039,16752,62,38
2021-08-10T23:59:59+02:00,2183,1948,21933,20962,31673,29087,32454,32411,38201,38679,42049,42354,27841,31055,19912,24953,6213,10465,1283,1144,17706,17022,28356,25790,30034,29720,35811,35973,39801,40091,26670,29744,19219,23929,5955,9984,315366,287598,44727,43092,77508,70789,16715,60,38
2021-08-09T23:59:59+02:00,2159,1934,21883,20910,31615,29040,32419,32381,38176,38659,42035,42330,27830,31046,19911,24944,6212,10463,1240,1104,17237,16568,28224,25684,29978,29665,35764,35928,39769,40056,26661,29730,19214,23923,5955,9982,314988,286122,44721,43072,77508,70777,16673,60,38
2021-08-08T23:59:59+02:00,2143,1916,21829,20865,31571,29003,32385,32355,38152,38651,42013,42309,27823,31042,19905,24940,6212,10460,1175,1042,16892,16226,28113,25600,29920,29592,35716,35890,39747,40030,26649,29717,19205,23913,5953,9977,314671,284880,44720,43051,77507,70769,16619,60,38
2021-08-07T23:59:59+02:00,2099,1873,21693,20783,31489,28935,32311,32294,38095,38602,41980,42280,27814,31015,19900,24931,6210,10458,1029,917,16383,15773,27807,25310,29692,29405,35539,35732,39606,39918,26593,29653,19186,23884,5950,9973,314042,282228,44687,42930,77501,70679,16475,60,38
2021-08-06T23:59:59+02:00,2089,1863,21642,20744,31446,28902,32279,32275,38069,38582,41968,42264,27810,31006,19896,24931,6210,10458,910,809,15356,14795,26661,24411,29401,29173,35292,35532,39289,39678,26551,29606,19176,23874,5949,9970,313811,277230,44683,42908,77501,69875,16382,60,38
2021-08-05T23:59:59+02:00,2050,1834,21536,20657,31389,28824,32218,32216,38009,38531,41923,42226,27793,30987,19888,24918,6208,10455,811,703,14464,14049,25639,23627,28685,28656,34760,35097,38971,39432,26484,29526,19144,23840,5946,9960,313252,272330,44660,42857,77500,68376,16193,60,38
2021-08-04T23:59:59+02:00,2030,1815,21464,20606,31344,28756,32184,32174,37973,38509,41886,42197,27780,30971,19883,24905,6206,10451,733,657,14091,13707,25233,23323,28473,28429,34617,34972,38872,39338,26445,29481,19122,23817,5941,9955,312802,269884,44653,42827,77500,68335,16122,60,38
2021-08-03T23:59:59+02:00,2021,1799,21437,20580,31326,28743,32171,32164,37963,38495,41870,42184,27771,30965,19878,24898,6205,10449,713,643,14007,13616,25155,23247,28405,28372,34569,34924,38820,39299,26419,29454,19110,23805,5938,9949,312596,269156,44649,42823,77498,68309,16119,60,38
2021-08-02T23:59:59+02:00,2011,1778,21392,20542,31280,28721,32144,32133,37937,38480,41857,42169,27762,30953,19878,24890,6204,10445,682,613,13804,13406,24450,22697,28121,28149,34422,34812,38742,39236,26392,29422,19102,23801,5938,9947,312306,266738,44646,42809,77498,68082,16069,60,38
2021-08-01T23:59:59+02:00,1991,1761,21340,20495,31231,28681,32117,32114,37918,38461,41836,42152,27756,30946,19875,24882,6204,10445,644,585,13635,13246,24150,22441,27882,27931,34332,34704,38674,39164,26376,29403,19096,23795,5938,9945,312002,265038,44640,42797,77497,68059,16009,60,38
2021-07-31T23:59:59+02:00,1966,1731,21260,20418,31161,28642,32062,32074,37883,38432,41812,42131,27752,30937,19870,24878,6204,10445,372,355,12691,12223,23634,21998,27537,27574,34020,34409,38241,38820,26305,29318,19070,23750,5933,9939,311581,260007,44628,42761,77495,67487,15896,60,38
2021-07-30T23:59:59+02:00,1941,1711,21235,20396,31129,28622,32047,32053,37877,38425,41804,42123,27747,30934,19869,24878,6203,10445,364,348,12604,12150,23310,21707,27260,27362,33801,34244,38079,38685,26281,29300,19069,23742,5933,9937,311390,258587,44627,42753,77495,66929,15869,60,38
2021-07-29T23:59:59+02:00,1872,1642,21003,20157,30988,28474,31943,31941,37784,38335,41709,42063,27719,30909,19856,24859,6196,10436,298,288,11975,11615,22181,20868,26219,26523,32817,33550,37695,38394,26198,29199,19040,23695,5927,9928,310173,252969,44598,42663,77487,65170,15570,60,38
2021-07-28T23:59:59+02:00,1852,1627,20963,20104,30968,28444,31927,31920,37762,38316,41686,42042,27708,30897,19851,24849,6196,10434,254,237,11692,11311,21773,20486,25788,26096,32651,33393,37582,38303,26161,29148,19021,23672,5926,9923,309851,250042,44598,42663,77475,65109,15565,59,38
2021-07-27T23:59:59+02:00,1842,1621,20924,20061,30944,28411,31892,31904,37741,38283,41662,42029,27701,30890,19850,24844,6196,10431,215,214,11445,11094,21570,20296,25643,25976,32538,33285,37493,38219,26130,29110,19011,23660,5923,9919,309615,248558,44598,42628,77474,65036,15482,59,37
2021-07-26T23:59:59+02:00,1816,1585,20798,19931,30836,28311,31833,31841,37686,38214,41619,41998,27675,30872,19839,24830,6190,10428,180,187,11150,10771,21066,19853,25393,25767,32376,33135,37361,38131,26094,29076,18998,23637,5922,9911,308851,246267,44567,42514,77467,64830,15360,59,37
2021-07-25T23:59:59+02:00,1809,1577,20775,19919,30826,28301,31821,31826,37678,38208,41609,41988,27671,30869,19838,24828,6190,10427,169,174,11044,10664,20914,19747,25160,25573,32136,32925,37215,37996,26075,29062,18992,23629,5921,9908,308733,245002,44558,42499,77459,64413,15353,59,37
2021-07-24T23:59:59+02:00,1789,1562,20693,19845,30781,28261,31786,31790,37649,38179,41587,41976,27664,30863,19835,24826,6190,10427,163,169,10981,10609,20838,19684,25088,25512,32083,32894,37185,37975,26069,29057,18990,23627,5921,9908,308382,244632,44547,42476,77455,64346,15262,59,37
2021-07-23T23:59:59+02:00,1734,1527,20500,19699,30622,28146,31700,31716,37582,38127,41548,41933,27653,30846,19830,24820,6189,10422,151,158,10721,10402,20481,19382,24282,24865,31599,32562,36616,37518,26025,29015,18974,23609,5920,9906,307550,241756,44538,42429,77438,62954,15010,59,37
2021-07-22T23:59:59+02:00,1670,1470,20191,19425,30378,27967,31570,31603,37452,38021,41451,41850,27626,30822,19819,24796,6185,10421,114,131,10258,10024,19736,18868,23327,24192,30889,31973,35580,36755,25913,28917,18940,23576,5918,9902,306073,238141,44503,41764,77433,60421,14650,59,37
2021-07-21T23:59:59+02:00,1655,1462,20153,19373,30348,27937,31546,31580,37432,37996,41430,41826,27617,30814,19814,24790,6180,10417,96,110,9948,9692,19277,18416,22454,23425,30554,31640,35344,36557,25831,28820,18909,23523,5910,9892,305745,235398,44494,40073,77431,60249,14642,59,36
2021-07-20T23:59:59+02:00,1648,1456,20119,19346,30317,27913,31521,31560,37416,37978,41418,41813,27602,30799,19814,24783,6180,10414,85,99,9680,9412,18946,18149,22181,23141,30376,31483,35179,36413,25785,28772,18893,23487,5909,9888,305486,232999,44492,40065,77430,60147,14631,59,36
2021-07-19T23:59:59+02:00,1637,1448,20005,19260,30233,27841,31462,31503,37397,37959,41403,41795,27597,30788,19808,24776,6179,10411,78,93,9483,9215,18634,17874,21719,22720,30122,31252,35061,36310,25751,28733,18874,23471,5909,9885,304907,231369,44486,39124,77428,60032,14623,59,36
2021-07-18T23:59:59+02:00,1626,1442,19936,19192,30105,27743,31398,31437,37338,37907,41359,41743,27576,30757,19799,24761,6175,10408,72,85,9372,9099,18464,17723,21527,22531,29953,31053,34947,36209,25719,28710,18863,23453,5909,9879,304120,230109,44486,38820,77425,59990,14613,59,36
2021-07-17T23:59:59+02:00,1625,1438,19929,19190,30105,27742,31398,31433,37333,37905,41355,41741,27575,30756,19798,24761,6175,10408,72,81,9351,9084,18433,17701,21508,22518,29943,31046,34929,36205,25716,28708,18863,23452,5909,9879,304089,229957,44486,38817,77425,59979,14609,59,36
2021-07-16T23:59:59+02:00,1572,1393,19656,18950,29985,27646,31316,31364,37278,37842,41314,41709,27557,30739,19791,24751,6173,10402,71,79,9233,8970,18052,17396,21205,22244,29553,30689,34793,36099,25693,28684,18856,23439,5907,9877,303112,228680,44463,38095,77424,59649,14381,59,35
2021-07-15T23:59:59+02:00,1514,1349,19399,18703,29813,27498,31205,31264,37194,37759,41244,41642,27514,30710,19775,24738,6169,10399,62,67,8868,8666,17147,16574,19652,21016,28632,29767,34169,35517,25525,28503,18800,23389,5901,9865,301835,222566,44423,36634,77416,58728,14157,59,35
2021-07-14T23:59:59+02:00,1500,1336,19369,18667,29787,27472,31181,31232,37182,37745,41225,41635,27506,30703,19766,24731,6168,10396,54,62,8578,8368,16597,15972,19157,20496,28067,29266,33778,35143,25412,28374,18760,23322,5896,9854,301553,218393,44422,36275,77414,58299,14154,59,35
2021-07-13T23:59:59+02:00,1489,1325,19331,18643,29770,27447,31157,31216,37167,37718,41201,41607,27497,30689,19764,24726,6167,10390,36,56,8270,8109,16201,15624,18880,20217,27803,29015,33508,34884,25313,28253,18727,23281,5894,9849,301267,215695,44421,36238,77413,57807,14145,59,35
2021-07-12T23:59:59+02:00,1473,1315,19280,18625,29734,27418,31140,31195,37155,37701,41185,41594,27493,30685,19762,24720,6166,10390,35,51,8010,7897,15921,15345,18180,19667,27486,28694,33096,34522,25145,28056,18668,23207,5888,9844,301003,214406,44420,34307,77413,56827,14137,59,35
2021-07-11T23:59:59+02:00,1463,1307,19248,18594,29707,27386,31123,31164,37147,37680,41171,41582,27484,30676,19760,24720,6165,10389,33,50,7965,7851,15856,15276,18090,19613,27402,28631,32981,34459,25090,28011,18648,23185,5888,9841,300750,213829,44417,34296,77411,56580,14130,59,35
2021-07-10T23:59:59+02:00,1334,1191,18744,18173,29254,27084,30838,30930,36900,37519,40967,41432,27410,30616,19734,24688,6162,10386,32,50,7837,7781,15567,15138,17871,19462,27158,28489,32814,34343,25024,27965,18632,23172,5887,9841,298532,213408,44281,34173,77382,56338,13109,59,35
2021-07-09T23:59:59+02:00,1323,1185,18716,18142,29234,27067,30825,30917,36889,37507,40956,41423,27406,30612,19732,24684,6162,10385,29,48,7795,7736,15497,15071,17806,19368,26936,28259,32564,34130,24960,27902,18610,23146,5887,9838,298386,213123,44262,34169,77381,55177,13078,59,35
2021-07-08T23:59:59+02:00,1245,1103,18449,17927,29082,26915,30687,30796,36786,37404,40857,41345,27372,30578,19713,24664,6157,10379,24,44,7629,7600,15199,14824,17375,19008,26244,27655,32289,33862,24791,27744,18551,23084,5884,9830,297111,211986,44205,32747,77373,54157,12712,59,35
2021-07-07T23:59:59+02:00,1146,1011,18138,17603,28880,26730,30557,30671,36674,37282,40750,41258,27338,30529,19699,24648,6154,10376,21,36,7433,7388,14757,14458,16908,18563,25490,27042,31880,33480,24523,27418,18457,22991,5875,9821,295536,209066,44154,31910,77363,53197,12333,59,35
2021-07-06T23:59:59+02:00,1123,994,18060,17535,28835,26680,30507,30624,36638,37247,40715,41227,27321,30503,19688,24634,6152,10373,14,30,7217,7158,14411,14096,16556,18213,24737,26395,31579,33216,24333,27204,18409,22920,5868,9814,294958,206999,44150,30503,77360,52303,12330,59,35
2021-07-05T23:59:59+02:00,1081,966,17984,17472,28791,26621,30467,30589,36613,37202,40687,41201,27315,30489,19682,24628,6152,10368,4,17,6988,6972,14106,13826,16205,17850,24179,25883,31006,32649,24053,26906,18301,22780,5860,9804,294467,205504,44148,28401,77356,51170,12279,59,35
2021-07-04T23:59:59+02:00,1059,950,17912,17422,28753,26598,30444,30560,36604,37193,40672,41189,27309,30478,19677,24625,6152,10367,4,17,6963,6953,14053,13773,16128,17790,24095,25826,30852,32557,23960,26817,18269,22739,5858,9800,294150,205109,44148,28391,77345,50656,12263,59,35
2021-07-03T23:59:59+02:00,645,580,16175,15706,27593,25678,29650,29839,35960,36580,40170,40758,27151,30311,19611,24537,6143,10350,4,17,6574,6714,13542,13474,15731,17486,23732,25547,30545,32361,23863,26721,18236,22699,5854,9796,286635,204811,44109,28314,77262,50363,9373,59,35
2021-07-02T23:59:59+02:00,606,541,16045,15561,27436,25529,29569,29780,35930,36551,40151,40745,27145,30302,19608,24534,6143,10350,4,17,6527,6640,13468,13378,15644,17355,23588,25362,30391,32196,23671,26510,18147,22621,5852,9793,285732,204127,44109,28155,77261,49481,9366,59,35
2021-07-01T23:59:59+02:00,548,493,15865,15406,27222,25373,29492,29700,35876,36500,40086,40699,27124,30283,19597,24521,6141,10346,4,16,6380,6508,13121,13104,15115,16916,22317,24371,29631,31512,23390,26221,18028,22486,5845,9777,284539,200584,44105,26477,77248,48326,9322,59,33
2021-06-30T23:59:59+02:00,518,473,15760,15299,27112,25286,29424,29627,35819,36448,40044,40664,27108,30252,19586,24504,6137,10346,3,14,6185,6327,12689,12716,14545,16368,21693,23772,29035,30981,22972,25754,17897,22303,5838,9765,283713,196319,44102,26452,77241,46760,9293,59,33
2021-06-29T23:59:59+02:00,462,422,15011,14631,26848,25067,29326,29528,35739,36365,39975,40615,27089,30227,19578,24491,6137,10344,3,12,6072,6199,12430,12454,14149,15974,20903,23147,28449,30427,22524,25230,17744,22128,5830,9755,281221,193169,44098,25942,77232,45040,9246,59,33
2021-06-28T23:59:59+02:00,426,391,14387,13995,26689,24963,29253,29462,35679,36298,39932,40581,27071,30207,19570,24480,6137,10340,2,12,6004,6103,12252,12314,13962,15798,20278,22597,28048,30053,22188,24873,17615,21965,5825,9750,279290,191488,44095,25278,77227,43649,9191,59,33
2021-06-27T23:59:59+02:00,349,324,14043,13622,26626,24905,29214,29426,35657,36276,39914,40567,27060,30200,19567,24476,6136,10339,2,12,5966,6059,12136,12198,13817,15669,19725,22120,27437,29552,21911,24534,17494,21841,5821,9749,278178,190649,44091,23751,77217,42453,9157,59,33
2021-06-26T23:59:59+02:00,348,323,14032,13610,26611,24894,29209,29419,35650,36275,39911,40566,27059,30199,19567,24476,6136,10339,2,12,5961,6057,12126,12196,13811,15666,19712,22108,27392,29517,21764,24404,17454,21785,5820,9747,278105,190626,44088,23747,77217,41972,9156,59,33
2021-06-25T23:59:59+02:00,224,210,12774,12395,25155,23742,28910,29186,35545,36190,39843,40504,27035,30171,19556,24464,6134,10337,2,12,5918,6012,12027,12115,13667,15545,19401,21868,27006,29158,21440,24009,17276,21588,5817,9738,271886,189397,44084,23462,77197,40557,9150,59,33
2021-06-24T23:59:59+02:00,159,156,11799,11564,24039,22863,28546,28832,35394,36024,39727,40398,26996,30122,19545,24440,6132,10333,2,11,5701,5783,11571,11700,13086,14953,17861,20469,25353,27562,20665,23150,16956,21181,5807,9728,266641,184409,44062,19838,77192,38143,9116,59,33
2021-06-23T23:59:59+02:00,123,130,11434,11243,23543,22494,28297,28588,35217,35897,39637,40310,26965,30095,19536,24402,6130,10321,2,11,5627,5672,11359,11485,12786,14603,17467,20059,24602,26792,19870,22400,16763,20927,5799,9712,264028,182055,44052,19219,77187,35592,9037,59,33
2021-06-22T23:59:59+02:00,102,117,11253,11034,23382,22354,28217,28515,35141,35836,39590,40265,26950,30070,19528,24393,6130,10320,1,9,5518,5551,11092,11225,12420,14234,16863,19458,23868,26023,19490,21975,16600,20748,5792,9696,262886,179015,44048,18346,77185,34149,9020,59,33
2021-06-21T23:59:59+02:00,90,105,11002,10850,22550,21688,27965,28287,35073,35773,39527,40223,26933,30051,19522,24383,6130,10319,1,8,5400,5451,10873,11009,12112,13912,16473,19113,23417,25553,19198,21660,16496,20628,5786,9694,260300,177549,44037,17332,77178,32972,8898,59,33
2021-06-20T23:59:59+02:00,84,104,10937,10759,22301,21473,27706,28086,34993,35696,39482,40178,26921,30035,19520,24378,6128,10316,1,7,5359,5399,10785,10908,12017,13809,16276,18928,23147,25313,19097,21553,16443,20570,5780,9690,259010,177236,44035,16270,77172,32722,8821,59,33
2021-06-19T23:59:59+02:00,83,100,10914,10736,22269,21450,27688,28073,34981,35692,39473,40174,26920,30034,19520,24376,6128,10316,1,7,5327,5368,10703,10816,11925,13689,16128,18777,22839,24951,19009,21466,16431,20557,5779,9690,258860,177128,44015,14772,77172,32709,8821,59,33
2021-06-18T23:59:59+02:00,80,98,10866,10685,21956,21124,27429,27854,34926,35655,39440,40151,26911,30025,19519,24373,6128,10314,1,7,5311,5359,10674,10785,11885,13641,16066,18714,22755,24855,18843,21284,16386,20491,5778,9685,257472,176733,44011,14771,77171,32162,8821,59,33
2021-06-17T23:59:59+02:00,71,90,10287,10255,20678,20164,26567,27119,34555,35330,39180,39960,26847,29943,19498,24336,6121,10309,1,7,5115,5219,10296,10532,11439,13239,15385,18103,21385,23532,18384,20793,16222,20319,5774,9671,251688,171420,43990,14197,77158,31351,8415,59,33
2021-06-16T23:59:59+02:00,63,78,9953,9946,19994,19532,25933,26517,34303,35127,39019,39810,26801,29890,19474,24311,6120,10305,1,7,4973,5074,9909,10198,10979,12788,14681,17412,20532,22592,17980,20346,16052,20105,5764,9659,247849,167636,43974,12926,77145,30309,8149,59,32
2021-06-15T23:59:59+02:00,48,72,9710,9701,19695,19287,25706,26319,34171,35018,38923,39729,26769,29854,19467,24296,6115,10301,1,7,4868,4957,9671,9983,10744,12528,14256,16984,19930,22013,17655,19954,15830,19873,5755,9647,246068,165537,43964,11836,77138,29300,7952,59,31
2021-06-14T23:59:59+02:00,44,67,9577,9574,19398,19027,25528,26175,34051,34938,38859,39689,26751,29834,19461,24285,6115,10298,1,7,4787,4893,9483,9844,10568,12392,13993,16767,19613,21718,17489,19796,15728,19739,5754,9643,244864,164072,43962,11834,77134,28626,7652,59,31
2021-06-13T23:59:59+02:00,43,63,9416,9446,19109,18844,25173,25923,33852,34770,38751,39622,26735,29822,19451,24277,6115,10294,0,7,4703,4824,9274,9671,10399,12216,13668,16420,19264,21387,17360,19646,15681,19674,5752,9641,243220,163206,43961,11833,77129,27180,7337,59,31
2021-06-12T23:59:59+02:00,43,63,9406,9428,19097,18831,25173,25918,33852,34767,38748,39621,26735,29822,19451,24277,6115,10294,0,7,4700,4810,9263,9609,10366,12114,13619,16266,19209,21251,17251,19520,15564,19572,5750,9639,243171,163177,43961,11831,77124,26145,7326,59,31
2021-06-11T23:59:59+02:00,38,59,9245,9248,18862,18621,24370,25245,33674,34610,38613,39508,26701,29788,19440,24253,6115,10289,0,7,4622,4700,9042,9350,10106,11816,13097,15714,18232,20351,17065,19322,15524,19528,5747,9636,240246,159146,43959,11830,77119,25556,7296,59,31
2021-06-10T23:59:59+02:00,36,55,8849,8919,18216,18125,23522,24573,33355,34329,38410,39342,26642,29735,19416,24225,6112,10282,0,7,4447,4523,8466,8856,9298,11093,11948,14608,16227,18428,16175,18353,15238,19161,5738,9614,236628,149439,43305,11797,77093,23853,7060,57,31
2021-06-09T23:59:59+02:00,19,37,8397,8417,17386,17403,22374,23530,32868,33860,38122,39121,26534,29630,19368,24166,6102,10269,0,7,4310,4406,8176,8595,9052,10839,11612,14239,15743,17879,15800,17922,14996,18876,5731,9604,232627,147601,41416,11756,77052,21933,6466,42,31
2021-06-08T23:59:59+02:00,11,25,8079,8097,16916,16992,21950,23164,32622,33665,37959,38991,26490,29589,19358,24144,6099,10264,0,7,4192,4325,7922,8344,8746,10494,11250,13892,15100,17174,15336,17399,14734,18597,5726,9586,229898,145888,41385,10639,77042,20218,6048,42,31
2021-06-07T23:59:59+02:00,8,21,7881,7867,16558,16670,21411,22705,32340,33395,37842,38873,26460,29541,19338,24115,6094,10263,0,7,4116,4245,7740,8201,8587,10348,11078,13719,14785,16846,15136,17142,14560,18404,5722,9581,228273,144798,40414,10546,77022,19211,5631,42,31
2021-06-06T23:59:59+02:00,6,18,7774,7759,16424,16523,21217,22499,32113,33168,37706,38767,26433,29516,19326,24098,6094,10257,0,7,4088,4208,7692,8082,8533,10217,10969,13572,14588,16625,14950,16962,14471,18283,5715,9575,227038,144306,40115,10533,77004,18168,5499,42,31
2021-06-05T23:59:59+02:00,6,18,7751,7746,16400,16499,21209,22496,32102,33161,37704,38766,26432,29516,19325,24097,6094,10257,0,7,4077,4167,7677,8016,8519,10085,10955,13400,14569,16520,14915,16907,14462,18273,5715,9574,226934,144221,40115,10533,77003,17568,5485,42,31
2021-06-04T23:59:59+02:00,6,16,7640,7644,16122,16260,20935,22246,31679,32786,37589,38644,26399,29477,19314,24084,6092,10255,0,7,4070,4157,7649,7993,8492,10054,10888,13327,14464,16387,14832,16814,14425,18229,5715,9572,225336,143881,39340,10203,76985,17475,5485,42,31
2021-06-03T23:59:59+02:00,4,16,7385,7412,15245,15471,19302,20856,30766,31860,37083,38181,26267,29341,19269,24032,6086,10237,0,7,4010,4118,7561,7922,8369,9957,10715,13144,13892,15813,14567,16497,14339,18121,5712,9559,218704,141651,37759,10083,76973,17203,5335,42,31
2021-06-02T23:59:59+02:00,4,16,7250,7267,14869,15046,18871,20451,30299,31404,36855,37918,26203,29277,19249,24003,6083,10235,0,7,3981,4088,7499,7836,8281,9862,10574,13013,13443,15381,14442,16314,14309,18083,5709,9554,215627,139855,37328,9989,76972,17170,5331,42,31
2021-06-01T23:59:59+02:00,4,13,6974,7028,14471,14736,18527,20134,29971,31092,36630,37685,26147,29198,19225,23974,6081,10224,0,7,3880,4004,7257,7661,8047,9669,10310,12737,13034,14957,14006,15859,14193,17928,5702,9546,212885,137714,37281,9735,76952,16363,4954,42,31
2021-05-31T23:59:59+02:00,4,13,6813,6840,14248,14502,17825,19532,29629,30750,36338,37421,26054,29100,19198,23921,6071,10212,0,7,3803,3895,7047,7414,7823,9386,9966,12353,12595,14436,13477,15244,13992,17697,5693,9530,211443,134526,35244,9414,76937,15582,4805,42,31
2021-05-30T23:59:59+02:00,4,13,6790,6824,14201,14462,17747,19473,29579,30711,36307,37395,26042,29088,19195,23914,6070,10210,0,7,3759,3823,6888,7200,7676,9150,9758,12032,12338,14082,13356,15073,13927,17614,5690,9523,211144,133787,35231,9313,76879,14036,4729,42,31
2021-05-29T23:59:59+02:00,4,13,6789,6823,14191,14456,17742,19467,29574,30707,36304,37394,26040,29085,19195,23913,6070,10210,0,7,3748,3811,6858,7166,7642,9099,9722,11985,12264,13983,13314,15004,13897,17589,5689,9518,211112,133645,35231,9312,76864,13580,4728,42,31
2021-05-28T23:59:59+02:00,4,13,6779,6810,14174,14444,17726,19446,29560,30694,36293,37374,26037,29080,19193,23909,6070,10210,0,6,3734,3788,6837,7126,7607,9044,9669,11880,12020,13714,13124,14813,13867,17548,5686,9515,210957,132349,35230,9311,76861,13561,4726,42,31
2021-05-27T23:59:59+02:00,4,13,6689,6727,13904,14226,17238,19100,28879,30151,36132,37241,25988,29045,19178,23893,6069,10204,0,6,3611,3625,6549,6874,7231,8735,9171,11322,11310,12817,12570,14241,13736,17354,5678,9503,209867,128821,33785,8980,76820,12334,4167,42,31
2021-05-26T23:59:59+02:00,4,13,6619,6621,13695,14024,16983,18789,28335,29636,35956,37067,25947,28995,19161,23863,6068,10197,0,6,3520,3483,6326,6585,6941,8308,8828,10844,10657,12014,12005,13625,13589,17138,5673,9481,208255,125197,33034,8796,76805,11163,3838,41,29
2021-05-25T23:59:59+02:00,4,13,6538,6525,13488,13802,16719,18577,27610,28989,35863,36970,25923,28964,19149,23847,6063,10196,0,6,3471,3391,6183,6417,6793,8117,8601,10554,10309,11647,11661,13147,13483,16976,5670,9473,207534,123348,31577,8658,76322,10097,3767,40,29
2021-05-24T23:59:59+02:00,4,13,6468,6429,13310,13603,16496,18297,27194,28559,35517,36569,25866,28896,19130,23823,6062,10194,0,6,3458,3370,6123,6336,6748,8033,8541,10458,10236,11549,11486,12914,13435,16884,5662,9452,207003,122719,29344,8609,76315,9606,3728,40,29
2021-05-23T23:59:59+02:00,4,13,6466,6428,13305,13594,16493,18287,27175,28549,35487,36535,25863,28890,19130,23817,6062,10194,0,3,3453,3366,6117,6325,6738,8026,8513,10427,10196,11490,11403,12810,13415,16851,5662,9451,206888,122705,29328,8192,76314,9598,3722,40,29
2021-05-22T23:59:59+02:00,4,13,6459,6425,13297,13582,16487,18282,27171,28547,35484,36529,25863,28890,19130,23817,6062,10194,0,3,3451,3366,6113,6322,6736,8022,8509,10425,10191,11487,11392,12796,13410,16847,5661,9451,206834,122665,29328,8192,76312,9574,3722,40,29
2021-05-21T23:59:59+02:00,4,13,6396,6368,13144,13477,16313,18133,26902,28368,35054,36263,25837,28852,19122,23811,6061,10190,0,3,3442,3356,6080,6300,6706,7988,8469,10376,10137,11438,10872,12082,13269,16687,5658,9446,206145,120902,29203,8189,75270,9539,3650,40,29
2021-05-20T23:59:59+02:00,3,12,6103,6168,12533,13061,15122,17211,24990,26867,34099,35495,25732,28708,19067,23730,6055,10175,0,3,3383,3310,5983,6184,6590,7831,8320,10210,9897,11130,10532,11625,13156,16503,5648,9432,201377,118889,27460,8106,72733,9191,3522,39,29
2021-05-19T23:59:59+02:00,3,12,5896,5926,12022,12600,14418,16505,24041,26049,33471,34891,25615,28616,19032,23670,6047,10163,0,3,3307,3235,5824,6013,6401,7586,8045,9929,9593,10749,10219,11209,13077,16358,5646,9424,195665,116969,27418,7910,72717,8572,3138,39,29
2021-05-18T23:59:59+02:00,3,11,5725,5815,11623,12282,13796,16004,22887,25100,32804,34283,25498,28481,18984,23618,6042,10153,0,3,3265,3203,5707,5902,6234,7426,7839,9714,9394,10509,10043,10957,12930,16133,5636,9415,190716,115800,26906,7841,72673,7865,2775,39,29
2021-05-17T23:59:59+02:00,3,10,5672,5772,11460,12176,13522,15783,22069,24462,32493,33967,25420,28421,18962,23588,6033,10144,0,3,3148,3129,5517,5718,6060,7211,7631,9486,9169,10264,9951,10833,12872,16069,5633,9410,188945,115039,26204,7833,72278,6712,2491,39,29
2021-05-16T23:59:59+02:00,3,10,5643,5752,11397,12119,13437,15703,21454,23912,31880,33439,25380,28377,18952,23573,6032,10144,0,3,3142,3107,5503,5649,6032,7151,7603,9387,9138,10180,9934,10812,12869,16066,5633,9410,188179,114927,24659,7827,71852,6361,2478,39,26
2021-05-15T23:59:59+02:00,3,10,5634,5743,11365,12110,13408,15694,21378,23841,31340,33064,25369,28372,18951,23570,6031,10143,0,3,3129,3092,5484,5607,6018,7076,7563,9272,8900,9926,9901,10781,12835,16015,5633,9409,188128,114922,24646,7689,71205,5999,2008,39,26
2021-05-14T23:59:59+02:00,3,10,5595,5717,11302,12071,13335,15630,20967,23528,30908,32717,25334,28326,18939,23554,6031,10141,0,3,3096,3052,5447,5519,5997,6940,7522,9070,8839,9731,9827,10671,12749,15886,5633,9406,187404,114751,24325,7353,70333,5251,2007,39,26
2021-05-13T23:59:59+02:00,3,10,5440,5562,10920,11774,12621,15043,18779,21782,29362,31248,25107,28083,18871,23482,6029,10138,0,3,3085,3017,5425,5480,5981,6883,7496,9000,8795,9671,9610,10427,12545,15579,5628,9395,183447,114391,20531,6526,68245,5085,1992,39,26
2021-05-12T23:59:59+02:00,2,10,5410,5535,10850,11716,12520,14955,18656,21658,28999,30883,25012,27986,18854,23453,6028,10133,0,3,3084,3013,5419,5474,5971,6870,7471,8985,8756,9617,9421,10194,12312,15254,5625,9388,182495,114107,19893,5654,68242,5080,1991,39,25
2021-05-11T23:59:59+02:00,2,10,5272,5429,10600,11463,12153,14587,18045,21018,28067,29911,24820,27796,18794,23377,6023,10119,0,3,3041,2972,5329,5318,5871,6684,7341,8742,8592,9395,9239,9996,12160,15065,5616,9369,178406,113050,18998,5546,68111,4180,1932,39,25
2021-05-10T23:59:59+02:00,2,9,5147,5354,10384,11272,11893,14331,17719,20684,27644,29501,24712,27688,18755,23330,6015,10115,0,3,2971,2918,5212,5202,5757,6580,7217,8601,8463,9288,9135,9872,12070,14936,5613,9360,176395,112518,18314,5534,67883,3197,1924,39,25
2021-05-09T23:59:59+02:00,2,9,5072,5309,10286,11157,11793,14212,17377,20399,27253,29124,24624,27601,18726,23294,6012,10112,0,3,2903,2887,5066,5161,5580,6537,7049,8572,8333,9252,9122,9862,12052,14916,5613,9360,176001,112442,17033,5525,67382,2369,1907,39,25
2021-05-08T23:59:59+02:00,2,9,5070,5308,10284,11152,11793,14212,17373,20397,27250,29122,24624,27601,18726,23294,6012,10112,0,3,2902,2886,5064,5161,5580,6537,7049,8572,8330,9252,9121,9861,12052,14916,5613,9360,175984,112439,17033,5525,67379,2364,1906,39,25
2021-05-07T23:59:59+02:00,2,9,5037,5282,10216,11100,11663,14088,16972,20124,26614,28565,24575,27550,18709,23262,6006,10082,0,3,2890,2879,5049,5152,5569,6521,7037,8561,8322,9241,9115,9853,12041,14896,5606,9332,175150,112424,17030,5519,65857,2319,1780,39,25
2021-05-06T23:59:59+02:00,1,9,4767,5123,9760,10757,11097,13570,15882,19101,24203,26269,24075,27020,18604,23160,6001,10068,0,3,2846,2831,4982,5075,5528,6430,6954,8442,8193,9089,9014,9739,12017,14845,5603,9329,170111,111883,14581,5463,62969,1780,1769,37,25
2021-05-05T23:59:59+02:00,1,9,4688,5041,9465,10528,10756,13245,15302,18500,23356,25302,23815,26694,18536,23055,5991,10050,0,2,2827,2794,4934,4990,5469,6310,6872,8278,8068,8873,8906,9607,11939,14758,5602,9320,166446,110937,13264,5457,62819,1362,1768,37,25
2021-05-04T23:59:59+02:00,1,9,4604,4949,9292,10330,10544,13003,14913,18104,22807,24735,23603,26421,18464,22975,5983,10036,0,2,2819,2759,4905,4914,5436,6189,6819,8139,7972,8718,8802,9494,11864,14699,5600,9317,164193,110435,12139,5445,62654,793,1750,37,25
2021-05-03T23:59:59+02:00,1,9,4533,4873,9104,10194,10370,12828,14631,17859,22395,24321,23464,26271,18437,22927,5983,10030,0,2,2746,2688,4824,4842,5362,6104,6724,8034,7790,8553,8716,9407,11825,14650,5597,9312,162680,110212,12138,5442,62561,683,814,37,25
2021-05-02T23:59:59+02:00,1,9,4520,4858,9029,10138,10247,12718,14306,17552,22093,24034,23414,26212,18418,22902,5982,10029,0,2,2740,2681,4766,4810,5274,6021,6588,7904,7671,8451,8670,9365,11801,14616,5595,9307,161794,110092,12135,5440,62457,666,39,37,25
2021-05-01T23:59:59+02:00,1,9,4520,4855,9027,10136,10246,12718,14302,17548,22091,24034,23413,26211,18418,22902,5982,10029,0,2,2740,2681,4766,4810,5274,6021,6587,7904,7671,8451,8670,9365,11801,14616,5595,9307,161774,110092,12135,5439,62457,666,39,37,25
2021-04-30T23:59:59+02:00,0,9,4448,4769,8788,9921,9985,12477,13820,17122,21248,23260,23288,26074,18402,22871,5979,10026,0,2,2736,2679,4755,4802,5265,5987,6576,7873,7638,8412,8666,9362,11800,14613,5593,9306,158182,110064,12134,5437,62129,534,5,37,25
2021-04-29T23:59:59+02:00,0,9,4302,4624,8309,9510,9284,11874,12819,16219,19395,21573,22580,25309,18263,22660,5973,10009,0,2,2713,2659,4713,4731,5222,5913,6513,7767,7556,8296,8556,9247,11734,14538,5586,9297,148974,109567,12119,5173,61578,273,5,36,25
2021-04-28T23:59:59+02:00,0,9,4271,4605,8238,9437,9208,11787,12700,16098,19178,21359,22491,25217,18236,22619,5971,10004,0,2,2710,2647,4688,4670,5194,5869,6483,7693,7508,8213,8539,9222,11717,14515,5584,9291,148589,109373,12031,5099,60768,46,4,36,23
2021-04-27T23:59:59+02:00,0,9,4233,4558,8101,9302,9093,11637,12553,15930,18727,20864,22260,24960,18171,22541,5968,9995,0,2,2707,2643,4686,4666,5184,5861,6470,7674,7473,8175,8477,9143,11635,14433,5580,9287,147860,109111,10957,4925,60045,38,4,36,18
2021-04-26T23:59:59+02:00,0,9,4192,4531,7994,9206,8946,11531,12380,15756,18315,20499,22126,24813,18135,22509,5967,9993,0,2,2707,2641,4682,4662,5179,5853,6457,7654,7440,8147,8429,9095,11579,14354,5576,9270,147083,109006,10822,4667,58958,33,3,36,18
2021-04-25T23:59:59+02:00,0,9,4178,4516,7957,9175,8883,11468,12245,15627,17972,20165,21926,24576,18095,22454,5963,9988,0,2,2707,2641,4681,4660,5176,5849,6452,7651,7438,8143,8374,9036,11556,14326,5576,9268,145701,108983,10811,4500,58646,32,3,36,18
2021-04-24T23:59:59+02:00,0,9,4170,4507,7941,9170,8868,11458,12197,15596,17914,20127,21911,24563,18093,22449,5963,9988,0,2,2706,2641,4681,4660,5176,5849,6452,7651,7438,8143,8374,9035,11556,14326,5576,9268,145602,108983,10810,4500,58473,31,3,36,17
2021-04-23T23:59:59+02:00,0,9,4150,4477,7884,9107,8783,11356,11859,15270,17479,19729,21696,24330,18028,22372,5961,9980,0,2,2703,2639,4678,4657,5170,5841,6437,7641,7415,8112,8353,9008,11547,14317,5574,9265,144334,108969,10463,4340,57634,30,3,36,17
2021-04-22T23:59:59+02:00,0,9,4102,4413,7753,8919,8599,11098,11532,14852,16565,18743,21123,23618,17893,22192,5951,9962,0,2,2695,2633,4672,4635,5148,5815,6394,7606,7346,8066,8225,8850,11404,14166,5569,9256,140605,108350,10333,4090,56348,22,3,35,17
2021-04-21T23:59:59+02:00,0,9,4060,4369,7653,8797,8442,10937,11235,14571,15827,17986,20742,23171,17818,22087,5946,9949,0,2,2686,2622,4654,4614,5131,5794,6382,7588,7317,8042,8176,8788,11364,14126,5567,9254,137675,108062,10203,4006,55685,20,3,33,16
2021-04-20T23:59:59+02:00,0,9,4035,4344,7619,8743,8365,10857,11073,14397,15393,17512,20277,22653,17714,21936,5938,9937,0,2,2677,2612,4644,4601,5107,5775,6354,7564,7277,8002,8082,8656,11288,14039,5563,9250,135527,107489,9938,3966,55301,19,3,33,16
2021-04-19T23:59:59+02:00,0,9,4005,4295,7556,8638,8273,10718,10915,14214,15140,17217,19797,22088,17547,21719,5927,9925,0,2,2672,2611,4640,4597,5093,5760,6335,7547,7250,7957,8029,8603,11261,13992,5561,9246,133458,107155,9585,3963,54906,19,3,31,16
2021-04-18T23:59:59+02:00,0,6,3985,4267,7497,8586,8169,10592,10656,13971,14648,16679,19365,21577,17424,21534,5923,9918,0,2,2671,2611,4640,4597,5093,5760,6334,7544,7247,7956,8025,8600,11259,13988,5560,9243,131036,107132,9514,3961,54213,18,3,31,16
2021-04-17T23:59:59+02:00,0,6,3982,4259,7477,8579,8158,10574,10615,13925,14536,16591,19245,21455,17402,21506,5922,9916,0,2,2671,2611,4639,4595,5086,5755,6320,7539,7222,7933,7979,8554,11240,13965,5558,9243,130599,107120,9504,3755,54011,18,3,31,16
2021-04-16T23:59:59+02:00,0,6,3971,4215,7404,8457,8055,10419,10422,13663,13866,15829,18679,20813,17277,21331,5911,9898,0,2,2668,2608,4634,4588,5081,5742,6302,7528,7184,7898,7669,8163,11145,13824,5551,9226,127757,106316,9443,3462,52983,17,2,31,16
2021-04-15T23:59:59+02:00,0,5,3927,4163,7290,8325,7878,10184,10087,13273,13140,14970,17870,19951,17036,21009,5896,9878,0,2,2667,2600,4622,4571,5067,5709,6269,7492,7112,7825,7110,7497,11016,13662,5547,9216,124116,104639,9283,3312,51450,15,2,31,16
2021-04-14T23:59:59+02:00,0,4,3900,4131,7224,8220,7771,10033,9909,13074,12722,14524,17342,19337,16884,20800,5890,9864,0,2,2633,2581,4604,4539,5039,5662,6234,7459,7054,7765,6460,6728,10751,13362,5543,9208,122725,102282,9046,3311,49827,13,2,29,16
2021-04-13T23:59:59+02:00,0,4,3896,4125,7186,8203,7714,9998,9801,13021,12349,14231,16652,18485,16646,20496,5886,9858,0,2,2607,2552,4585,4513,5012,5627,6176,7389,6966,7661,6248,6473,10161,12678,5534,9187,122019,100040,8824,3300,47677,13,2,29,16
2021-04-12T23:59:59+02:00,0,4,3883,4107,7132,8156,7656,9928,9693,12920,12103,14016,16215,17970,16458,20283,5881,9855,0,2,2578,2541,4518,4470,4906,5557,6058,7312,6848,7561,5501,5651,9709,12139,5494,9145,121684,96668,8787,3291,45759,13,2,28,16
2021-04-11T23:59:59+02:00,0,4,3868,4099,7090,8105,7597,9885,9602,12842,11865,13807,15646,17279,16182,19942,5876,9845,0,2,2502,2462,4389,4349,4755,5424,5896,7160,6699,7456,5199,5290,9577,11977,5494,9141,121091,94502,8355,3240,44058,12,2,28,16
2021-04-10T23:59:59+02:00,0,4,3850,4079,7051,8058,7554,9828,9541,12783,11774,13722,15428,17086,16133,19873,5875,9838,0,2,1942,1899,3578,3629,3884,4660,4894,6244,5844,6668,4927,4985,9448,11825,5487,9132,120626,85778,8355,3240,43466,12,2,28,16
2021-04-09T23:59:59+02:00,0,4,3829,4059,7014,8028,7493,9772,9390,12654,11447,13441,14242,15551,15688,19341,5862,9826,0,2,1085,1080,2219,2434,2377,3292,3108,4600,4217,5202,4236,4249,9196,11466,5462,9102,118725,70061,8353,3237,40534,12,1,28,16
2021-04-08T23:59:59+02:00,0,4,3803,4043,6952,7972,7389,9678,9202,12537,11043,13089,13107,14288,15270,18811,5840,9790,0,2,587,593,1297,1729,1475,2366,2007,3511,2842,3812,2989,2847,8374,10462,5304,8865,117461,55801,8270,3234,37059,11,0,28,16
2021-04-07T23:59:59+02:00,0,4,3756,4017,6874,7916,7297,9607,9074,12408,10733,12781,12377,13518,15050,18547,5834,9768,0,2,358,377,947,1383,1069,1980,1498,3049,1894,2807,1804,1558,7466,9312,5148,8606,116496,46000,8117,3234,34922,8,0,26,16
2021-04-06T23:59:59+02:00,0,4,3740,4005,6853,7878,7241,9540,8981,12329,10523,12564,11993,13023,14830,18255,5823,9755,0,2,351,364,937,1372,1055,1959,1470,3021,1835,2748,1725,1489,7047,8752,4995,8367,115231,44233,8018,3233,34064,7,0,24,16
2021-04-05T23:59:59+02:00,0,4,3734,4004,6842,7865,7227,9529,8962,12301,10459,12506,11882,12876,14731,18162,5821,9752,0,2,349,358,927,1368,1049,1951,1460,3000,1813,2714,1671,1436,6816,8444,4870,8181,114892,43154,7996,3232,33745,7,0,24,16
2021-04-04T23:59:59+02:00,0,4,3734,4004,6840,7859,7226,9528,8959,12301,10449,12501,11878,12872,14728,18161,5821,9752,0,2,349,357,925,1368,1048,1949,1459,2999,1811,2711,1668,1431,6809,8431,4865,8178,114886,43106,7995,3231,33712,7,0,24,16
2021-04-03T23:59:59+02:00,0,4,3734,4004,6840,7858,7225,9528,8959,12301,10448,12501,11878,12871,14726,18159,5821,9752,0,2,349,356,923,1364,1046,1948,1458,2994,1809,2711,1662,1419,6766,8349,4830,8142,114882,42875,7995,3231,33708,6,0,24,16
2021-04-02T23:59:59+02:00,0,4,3732,4002,6837,7855,7219,9522,8946,12294,10432,12485,11751,12756,14683,18100,5818,9743,0,2,347,354,921,1358,1040,1937,1443,2969,1768,2673,1567,1333,5999,7451,4389,7572,114756,40192,7989,2909,33410,6,0,24,16
2021-04-01T23:59:59+02:00,0,3,3693,3990,6803,7834,7177,9492,8894,12255,10359,12414,11404,12348,14302,17581,5812,9723,0,2,342,351,905,1343,1028,1916,1411,2924,1708,2607,1443,1235,5051,6330,3821,6730,114355,36221,6573,2904,33132,6,0,24,16
2021-03-31T23:59:59+02:00,0,3,3687,3985,6789,7814,7159,9474,8859,12222,10269,12342,11068,11940,13951,17081,5806,9701,0,2,339,347,897,1333,1017,1900,1391,2896,1658,2570,1377,1182,4458,5641,3458,6252,113771,33865,5562,2831,32793,6,0,24,16
2021-03-30T23:59:59+02:00,0,3,3669,3960,6753,7776,7102,9407,8769,12119,10107,12187,10809,11663,13730,16816,5799,9687,0,2,335,340,892,1322,1009,1894,1368,2889,1630,2544,1350,1156,4339,5519,3396,6157,112957,33488,5312,2632,32065,6,0,22,16
2021-03-29T23:59:59+02:00,0,3,3659,3938,6727,7754,7062,9354,8673,12024,9924,11978,10370,11194,13358,16349,5783,9654,0,2,330,337,888,1311,1003,1886,1359,2878,1616,2535,1328,1142,4204,5375,3299,6024,111282,32870,5006,2626,31494,5,0,22,16
2021-03-28T23:59:59+02:00,0,3,3618,3882,6612,7596,6945,9210,8547,11831,9770,11787,10162,10932,13182,16168,5779,9645,0,2,330,337,888,1309,1001,1885,1358,2878,1615,2533,1319,1139,4171,5332,3273,5998,110911,32825,4740,2523,29997,4,0,21,16
2021-03-27T23:59:59+01:00,0,3,3617,3870,6600,7532,6915,9097,8497,11661,9718,11633,10049,10808,13087,16079,5778,9645,0,2,330,336,888,1309,1001,1882,1358,2876,1611,2532,1317,1137,4145,5297,3260,5983,110901,32722,4740,2522,28927,4,0,21,16
2021-03-26T23:59:59+01:00,0,3,3610,3863,6572,7495,6887,9022,8449,11548,9627,11505,10000,10744,13039,16023,5770,9624,0,2,325,334,887,1306,997,1870,1355,2855,1591,2518,1292,1121,3958,5068,3151,5829,110841,31958,4516,2481,28403,4,0,21,16
2021-03-25T23:59:59+01:00,0,3,3586,3832,6479,7370,6795,8856,8260,11317,9317,11187,9620,10359,12733,15707,5765,9613,0,2,325,333,885,1298,994,1860,1342,2842,1568,2499,1267,1101,3719,4818,2898,5489,110463,30740,4303,2481,26012,3,0,21,16
2021-03-24T23:59:59+01:00,0,3,3528,3781,6389,7186,6671,8630,8095,11080,9090,10862,9204,9869,12315,15248,5754,9602,0,2,325,332,884,1294,989,1858,1335,2838,1552,2483,1258,1091,3652,4744,2714,5263,109946,30117,4165,2481,23175,0,0,21,16
2021-03-23T23:59:59+01:00,0,3,3509,3748,6342,7132,6594,8571,7977,10952,8843,10629,8783,9401,11864,14726,5744,9588,0,2,325,332,883,1284,984,1849,1330,2829,1548,2476,1233,1066,3560,4667,2517,4940,109129,29328,4074,2481,21182,0,0,21,16
2021-03-22T23:59:59+01:00,0,3,3501,3728,6300,7104,6559,8523,7911,10877,8695,10493,8502,9050,11562,14403,5709,9549,0,2,323,327,877,1274,976,1842,1323,2818,1538,2466,1221,1057,3531,4631,2498,4907,108462,29114,4072,2481,19914,0,0,21,16
2021-03-21T23:59:59+01:00,0,3,3499,3726,6296,7094,6541,8507,7894,10858,8639,10435,8382,8933,11493,14300,5706,9546,0,2,321,326,869,1271,969,1835,1314,2816,1533,2462,1217,1053,3522,4616,2483,4897,108376,29010,4070,2481,19385,0,0,21,15
2021-03-20T23:59:59+01:00,0,3,3491,3688,6288,7022,6524,8370,7869,10674,8595,10300,8304,8847,11455,14261,5706,9546,0,2,321,326,869,1271,969,1834,1313,2816,1533,2460,1217,1053,3522,4615,2483,4896,108342,29005,3859,2480,18721,0,0,21,15
2021-03-19T23:59:59+01:00,0,3,3478,3658,6260,6936,6500,8277,7823,10557,8482,10140,7762,8240,11268,14018,5697,9528,0,2,318,325,864,1264,952,1825,1291,2785,1483,2416,1135,985,2850,3820,2064,4315,106722,26199,3558,2480,18326,0,0,21,15
2021-03-18T23:59:59+01:00,0,3,3467,3640,6219,6896,6466,8215,7759,10471,8366,10012,6803,7137,10987,13717,5685,9503,0,2,317,325,860,1259,946,1815,1276,2777,1459,2396,1096,965,2642,3579,1907,4092,103694,25218,3397,2480,18234,0,0,21,15
2021-03-17T23:59:59+01:00,0,3,3429,3603,6149,6813,6411,8110,7668,10340,8235,9855,6116,6287,10703,13403,5668,9476,0,2,316,325,852,1253,941,1803,1262,2755,1440,2369,1059,940,2513,3447,1826,3975,100892,24585,3396,2480,17960,0,0,21,13
2021-03-16T23:59:59+01:00,0,3,3410,3572,6111,6760,6367,8036,7614,10274,8144,9753,5939,6110,9992,12588,5627,9412,0,2,309,314,838,1236,929,1794,1256,2735,1428,2361,1044,920,2298,3198,1689,3777,98615,23637,3383,2478,17693,0,0,21,13
2021-03-15T23:59:59+01:00,0,3,3373,3540,6012,6679,6237,7943,7470,10154,8016,9626,5186,5276,9545,12037,5583,9342,0,2,308,313,834,1232,927,1787,1254,2722,1419,2352,1030,908,2153,3024,1597,3682,95089,23055,3374,2477,17538,0,0,21,12
2021-03-14T23:59:59+01:00,0,3,3249,3399,5733,6335,5965,7585,7155,9738,7730,9309,4854,4886,9384,11838,5579,9327,0,2,308,312,834,1232,926,1787,1252,2721,1417,2349,1028,905,2150,3021,1594,3681,92695,23033,3320,2474,16033,0,0,21,12
2021-03-13T23:59:59+01:00,0,3,2594,2745,4800,5468,4954,6661,5967,8625,6717,8362,4539,4503,8998,11314,5487,9219,0,2,308,311,833,1230,926,1781,1250,2719,1416,2349,1028,904,2126,2984,1563,3645,82038,22889,3320,2474,15577,0,0,21,12
2021-03-12T23:59:59+01:00,0,2,1772,1935,3465,4315,3447,5332,4220,6987,5079,6853,3865,3797,7741,9764,4973,8530,0,2,304,308,831,1226,920,1775,1243,2699,1391,2332,983,877,1769,2518,1289,3283,63194,21264,3317,2474,15545,0,0,21,12
2021-03-11T23:59:59+01:00,0,2,1276,1458,2561,3579,2548,4396,3128,5897,3721,5467,2690,2521,6035,7656,4198,7350,0,2,299,299,815,1218,907,1752,1225,2670,1366,2285,946,857,1610,2283,1162,3093,45901,20303,3315,2474,15246,0,0,21,12
2021-03-10T23:59:59+01:00,0,2,1055,1243,2194,3219,2174,4005,2678,5456,2809,4500,1553,1316,4672,5934,3631,6582,0,2,289,289,797,1198,885,1716,1191,2596,1327,2219,919,838,1428,2092,1065,2917,34842,19391,3315,2365,14846,0,0,20,12
2021-03-09T23:59:59+01:00,0,2,1039,1213,2131,3082,2110,3890,2594,5323,2725,4374,1519,1285,4595,5861,3589,6523,0,2,285,282,783,1177,868,1690,1165,2555,1309,2191,905,826,1351,1967,993,2801,34430,18817,3312,2321,14093,0,0,20,12
2021-03-08T23:59:59+01:00,0,2,1018,1184,2073,2982,2071,3809,2534,5211,2670,4301,1481,1264,4449,5700,3487,6380,0,2,285,278,778,1169,866,1681,1157,2547,1301,2175,880,805,1180,1741,867,2630,33736,18013,3312,2317,13548,0,0,20,12
2021-03-07T23:59:59+01:00,0,2,1013,1165,2033,2936,2029,3768,2495,5146,2629,4264,1476,1261,4442,5692,3484,6380,0,2,285,278,778,1169,866,1681,1157,2547,1300,2175,877,805,1171,1732,858,2619,33702,18012,3306,2276,13187,0,0,20,12
2021-03-06T23:59:59+01:00,0,2,1012,1162,2022,2922,2017,3749,2479,5119,2612,4243,1463,1251,4408,5646,3470,6368,0,2,285,278,778,1169,866,1680,1157,2547,1300,2175,877,805,1171,1732,858,2618,33558,18011,3305,2275,13062,0,0,20,12
2021-03-05T23:59:59+01:00,0,2,1008,1157,2006,2902,1987,3726,2436,5067,2560,4205,1427,1224,4138,5320,3318,6148,0,2,284,275,771,1162,860,1672,1154,2538,1296,2165,863,801,1163,1723,857,2616,32815,17915,2971,2275,12825,0,0,20,12
2021-03-04T23:59:59+01:00,0,2,915,1009,1917,2776,1921,3589,2360,4912,2470,4045,1396,1202,3895,5058,3051,5795,0,2,284,273,769,1157,857,1663,1153,2523,1292,2156,831,785,1150,1713,850,2603,31554,17797,2967,2252,11772,0,0,20,12
2021-03-03T23:59:59+01:00,0,2,868,900,1850,2678,1850,3485,2291,4797,2396,3961,1383,1187,3785,4951,2828,5520,0,2,282,271,768,1146,854,1645,1147,2481,1282,2130,814,781,1142,1692,842,2595,30874,17766,2848,2096,10990,0,0,20,12
2021-03-02T23:59:59+01:00,0,2,824,824,1754,2555,1766,3361,2199,4673,2336,3883,1348,1165,3655,4816,2619,5169,0,2,282,270,767,1140,850,1642,1142,2476,1278,2120,812,779,1127,1671,831,2576,30137,17658,2658,2095,10134,0,0,20,12
2021-03-01T23:59:59+01:00,0,2,801,788,1654,2413,1695,3216,2100,4500,2256,3762,1330,1153,3604,4751,2575,5109,0,2,282,268,763,1136,847,1630,1138,2464,1273,2110,805,776,1122,1659,823,2569,29883,17560,2574,2095,9232,0,0,20,12
2021-02-28T23:59:59+01:00,0,2,795,765,1636,2346,1667,3144,2077,4401,2241,3695,1324,1147,3594,4736,2560,5098,0,2,281,267,763,1135,847,1625,1138,2462,1273,2105,801,774,1114,1646,819,2559,29774,17537,2572,2062,8862,0,0,20,12
2021-02-27T23:59:59+01:00,0,2,780,748,1615,2286,1650,3033,2058,4275,2220,3601,1321,1144,3594,4734,2559,5097,0,2,281,267,763,1135,847,1625,1138,2462,1273,2104,801,774,1104,1640,802,2545,29769,17536,2571,2015,8357,0,0,20,12
2021-02-26T23:59:59+01:00,0,2,652,668,1511,2173,1599,2876,1995,4039,2119,3365,1229,1074,2938,3937,2124,4505,0,2,281,266,762,1133,846,1624,1138,2460,1271,2101,800,770,1086,1627,792,2528,26948,17462,2571,2013,7267,0,0,20,12
2021-02-25T23:59:59+01:00,0,2,504,591,1395,2069,1532,2748,1936,3912,2019,3252,1178,1039,2705,3665,1957,4261,0,2,264,251,738,1112,804,1555,1088,2360,1197,2009,744,749,1053,1589,780,2500,25870,17371,2543,1412,6332,0,0,20,12
2021-02-24T23:59:59+01:00,0,2,474,561,1325,1959,1462,2605,1866,3762,1943,3102,1141,1010,2565,3530,1878,4140,0,2,235,239,713,1066,777,1493,1058,2297,1142,1958,717,726,1006,1559,767,2469,25227,17180,2531,1032,5547,0,0,20,12
2021-02-23T23:59:59+01:00,0,2,419,521,1242,1819,1387,2460,1790,3551,1875,2980,1115,975,2358,3299,1750,3947,0,2,230,234,698,1041,765,1454,1036,2250,1116,1917,708,715,997,1545,764,2465,24287,17090,2522,835,4661,0,0,20,12
2021-02-22T23:59:59+01:00,0,2,406,487,1142,1710,1284,2363,1681,3444,1796,2909,1093,962,2214,3125,1658,3848,0,2,220,225,674,989,734,1392,1010,2156,1074,1835,664,682,927,1465,725,2406,23695,16899,2519,269,3890,0,0,20,12
2021-02-21T23:59:59+01:00,0,2,389,471,1040,1678,1134,2339,1527,3422,1691,2891,1085,960,2213,3124,1658,3848,0,2,193,219,643,981,723,1384,996,2151,1068,1833,661,679,924,1459,717,2398,23665,16765,2519,254,3268,0,0,20,12
2021-02-20T23:59:59+01:00,0,2,388,469,1039,1678,1133,2339,1526,3420,1691,2889,1085,959,2212,3124,1657,3847,0,2,192,217,640,981,720,1383,990,2148,1066,1833,661,679,924,1459,717,2397,23659,16743,2518,254,3261,0,0,20,12
2021-02-19T23:59:59+01:00,0,2,383,460,1027,1674,1123,2329,1514,3401,1658,2874,1034,930,1838,2617,1355,3454,0,2,169,207,614,977,702,1375,973,2146,1060,1831,658,678,923,1459,716,2394,21898,16618,2518,254,3237,0,0,20,12
2021-02-18T23:59:59+01:00,0,2,361,439,988,1590,1085,2243,1459,3284,1617,2782,1005,906,1661,2371,1221,3243,0,2,149,196,575,966,682,1362,939,2129,1034,1810,647,659,902,1431,702,2373,20898,16292,2518,254,2821,0,0,20,12
2021-02-17T23:59:59+01:00,0,2,338,387,905,1447,976,2046,1326,3030,1506,2562,967,876,1469,2157,1120,3062,0,2,143,189,563,935,657,1309,907,2050,988,1733,612,627,895,1404,696,2353,19816,15797,2518,254,1824,0,0,18,12
2021-02-16T23:59:59+01:00,0,2,332,347,862,1308,925,1864,1265,2811,1439,2402,956,859,1408,2060,1052,2962,0,2,137,176,549,894,642,1255,880,1986,958,1691,602,617,871,1370,682,2288,19444,15469,2517,119,875,0,0,18,12
2021-02-15T23:59:59+01:00,0,2,317,305,833,1277,908,1808,1225,2727,1401,2346,926,826,1229,1830,923,2784,0,2,129,168,528,868,625,1193,854,1913,935,1614,581,580,853,1333,673,2243,18528,15001,2516,79,608,0,0,15,12
2021-02-14T23:59:59+01:00,0,2,317,305,832,1277,907,1808,1224,2727,1401,2346,926,825,1229,1830,923,2783,0,2,128,168,527,860,621,1188,848,1907,931,1611,580,579,850,1332,671,2239,18526,14952,2516,78,606,0,0,14,12
2021-02-13T23:59:59+01:00,0,2,317,305,832,1277,907,1805,1224,2725,1401,2344,926,825,1229,1829,921,2783,0,2,128,168,527,860,621,1188,845,1904,929,1607,577,579,835,1311,659,2222,18519,14949,2513,1,606,0,0,14,12
2021-02-12T23:59:59+01:00,0,2,311,304,823,1272,903,1775,1218,2698,1373,2314,924,823,1228,1826,921,2783,0,2,128,168,525,858,620,1181,839,1892,923,1594,574,577,821,1300,653,2209,18511,14851,2513,1,460,0,0,14,12
2021-02-11T23:59:59+01:00,0,2,293,295,808,1237,897,1740,1201,2633,1350,2259,890,809,1217,1815,920,2773,0,2,125,154,507,819,598,1116,805,1792,901,1535,561,563,794,1266,638,2176,18399,14340,2512,0,214,0,0,14,12
2021-02-10T23:59:59+01:00,0,2,289,286,789,1199,884,1711,1189,2588,1335,2217,885,807,1202,1798,915,2755,0,2,121,144,440,733,552,1023,727,1666,843,1448,546,546,777,1243,625,2146,18373,13582,2407,0,58,0,0,13,0
2021-02-09T23:59:59+01:00,0,2,289,283,783,1184,872,1694,1174,2568,1321,2193,870,801,1188,1779,903,2735,0,2,105,125,384,644,499,889,646,1459,754,1255,492,466,657,1074,545,1878,18263,11874,2360,0,3,0,0,13,0
2021-02-08T23:59:59+01:00,0,2,288,282,781,1179,869,1687,1172,2564,1314,2185,864,798,1172,1755,885,2710,0,2,94,101,338,549,447,787,556,1248,646,1088,415,390,568,876,440,1545,18136,10090,2357,0,1,0,0,13,0
2021-02-07T23:59:59+01:00,0,2,287,281,780,1178,868,1687,1172,2563,1314,2182,858,796,1171,1752,883,2708,0,2,91,100,336,544,445,783,554,1238,642,1082,409,384,547,853,434,1530,18112,9974,2357,0,0,0,0,13,0
2021-02-06T23:59:59+01:00,0,2,287,280,779,1177,868,1686,1172,2563,1314,2181,857,796,1169,1746,881,2706,0,2,91,99,336,540,444,782,553,1234,640,1081,406,379,498,784,403,1484,18096,9756,2355,0,0,0,0,13,0
2021-02-05T23:59:59+01:00,0,2,287,279,779,1176,867,1685,1171,2562,1313,2176,850,790,1145,1735,874,2690,0,1,85,96,328,534,428,763,528,1199,611,1038,383,351,473,756,382,1437,18013,9393,2355,0,0,0,0,13,0
2021-02-04T23:59:59+01:00,0,2,284,271,776,1155,856,1662,1157,2534,1299,2153,827,776,1116,1704,867,2671,0,0,71,77,259,411,333,593,410,969,499,835,311,288,365,611,315,1214,17765,7561,2332,0,0,0,0,13,0
2021-02-03T23:59:59+01:00,0,2,283,266,773,1132,854,1635,1150,2482,1287,2121,807,762,1100,1682,855,2658,0,0,57,56,172,283,258,442,290,719,371,596,214,206,260,451,226,909,17664,5510,2172,0,0,0,0,13,0
2021-02-02T23:59:59+01:00,0,2,282,260,769,1124,848,1614,1142,2456,1275,2104,800,755,1092,1671,853,2650,0,0,37,35,94,143,149,255,177,449,239,377,140,136,178,275,159,586,17513,3429,2171,0,0,0,0,13,0
2021-02-01T23:59:59+01:00,0,2,280,257,764,1105,840,1595,1137,2427,1271,2069,790,742,1086,1659,848,2634,0,0,13,12,17,30,27,65,48,89,76,105,54,48,65,83,47,198,17322,977,2171,0,0,0,0,13,0
2021-01-31T23:59:59+01:00,0,2,274,255,748,1103,833,1584,1126,2416,1260,2061,784,736,1076,1641,841,2620,0,0,12,12,16,28,25,62,42,84,68,97,51,48,60,76,44,185,17285,910,2062,0,0,0,0,13,0
2021-01-30T23:59:59+01:00,0,2,274,255,748,1102,832,1584,1126,2416,1260,2061,783,736,1066,1634,824,2605,0,0,12,10,15,28,25,62,42,84,67,95,50,47,59,76,44,184,17280,900,2015,0,0,0,0,13,0
2021-01-29T23:59:59+01:00,0,2,272,255,748,1101,832,1584,1126,2416,1260,2060,782,735,1065,1632,824,2603,0,0,10,5,13,26,25,60,41,83,66,95,49,46,59,76,44,184,17271,882,2013,0,0,0,0,13,0
2021-01-28T23:59:59+01:00,0,2,268,251,736,1076,798,1528,1089,2355,1184,2000,741,721,1037,1612,808,2583,0,0,5,0,4,8,10,24,20,37,21,45,21,22,25,49,17,108,17089,416,1687,0,0,0,0,13,0
2021-01-27T23:59:59+01:00,0,2,262,244,713,1044,752,1473,1030,2274,1111,1919,706,694,1022,1589,805,2575,0,0,4,0,4,5,7,20,15,23,14,32,6,9,11,12,5,30,16639,197,1563,0,0,0,0,13,0
2021-01-26T23:59:59+01:00,0,2,238,235,698,1019,744,1425,1010,2200,1084,1854,694,680,998,1573,795,2556,0,0,4,0,2,5,6,10,13,12,7,11,3,5,7,8,2,17,16589,112,1203,0,0,0,0,13,0
2021-01-25T23:59:59+01:00,0,2,207,220,645,947,692,1303,967,2054,1026,1719,647,624,920,1476,748,2480,0,0,4,0,2,5,6,10,13,12,7,11,3,5,7,8,2,17,16361,112,303,0,0,0,0,13,0
2021-01-24T23:59:59+01:00,0,2,190,214,619,935,674,1289,949,2037,1010,1709,640,618,909,1457,739,2467,0,0,3,0,2,5,6,10,12,12,6,11,3,5,7,8,2,17,16186,109,259,0,0,0,0,13,0
2021-01-23T23:59:59+01:00,0,2,190,214,619,935,674,1289,949,2037,1010,1709,640,618,909,1457,739,2467,0,0,3,0,2,4,6,10,10,12,6,11,3,5,7,8,2,17,16186,106,259,0,0,0,0,13,0
2021-01-22T23:59:59+01:00,0,2,143,196,561,925,656,1274,915,2027,998,1698,635,617,908,1457,739,2467,0,0,3,0,1,4,6,10,10,12,6,11,3,5,7,8,2,17,15946,105,259,0,0,0,0,13,0
2021-01-21T23:59:59+01:00,0,2,139,188,546,904,636,1233,882,1973,977,1651,623,596,896,1426,732,2448,0,0,3,0,0,4,5,10,9,12,6,11,3,5,7,8,2,16,15580,101,259,0,0,0,0,13,0
2021-01-20T23:59:59+01:00,0,2,133,171,499,839,613,1155,819,1863,940,1579,603,578,879,1403,722,2418,0,0,3,0,0,4,5,10,9,12,6,11,3,5,7,8,2,16,14946,101,257,0,0,0,0,13,0
2021-01-19T23:59:59+01:00,0,2,123,153,428,753,550,1026,735,1674,840,1421,556,528,781,1248,640,2162,0,0,3,0,0,4,5,8,9,12,6,11,3,5,7,8,2,16,13417,99,190,0,0,0,0,13,0
2021-01-18T23:59:59+01:00,0,2,105,119,359,603,460,856,604,1413,714,1212,486,462,692,1085,561,1872,0,0,1,0,0,1,1,0,0,0,0,1,0,0,0,1,0,0,11511,5,81,0,0,0,0,13,0
2021-01-17T23:59:59+01:00,0,2,100,117,355,598,459,850,602,1394,707,1202,480,452,665,1054,541,1825,0,0,1,0,0,1,0,0,0,0,0,1,0,0,0,1,0,0,11310,4,80,0,0,0,0,13,0
2021-01-16T23:59:59+01:00,0,2,100,114,353,589,456,845,590,1381,696,1190,465,438,568,929,479,1726,0,0,0,0,0,1,0,0,0,0,0,0,0,0,0,0,0,0,10905,1,3,0,0,0,0,13,0
2021-01-15T23:59:59+01:00,0,2,98,112,348,587,450,840,584,1374,679,1174,449,420,559,917,468,1702,0,0,0,0,0,0,0,0,0,0,0,0,0,0,0,0,0,0,10749,0,1,0,0,0,0,13,0
2021-01-14T23:59:59+01:00,0,0,80,90,294,485,371,676,466,1120,560,994,368,338,440,751,384,1446,0,0,0,0,0,0,0,0,0,0,0,0,0,0,0,0,0,0,8850,0,0,0,0,0,0,13,0
2021-01-13T23:59:59+01:00,0,0,66,67,209,368,295,506,353,839,430,713,259,239,324,564,295,1108,0,0,0,0,0,0,0,0,0,0,0,0,0,0,0,0,0,0,6623,0,0,0,0,0,0,12,0
2021-01-12T23:59:59+01:00,0,0,44,45,130,217,182,314,213,533,287,445,166,155,212,371,203,744,0,0,0,0,0,0,0,0,0,0,0,0,0,0,0,0,0,0,4261,0,0,0,0,0,0,0,0
2021-01-11T23:59:59+01:00,0,0,14,14,45,60,42,94,61,121,99,132,69,61,93,115,58,254,0,0,0,0,0,0,0,0,0,0,0,0,0,0,0,0,0,0,1332,0,0,0,0,0,0,0,0
2021-01-10T23:59:59+01:00,0,0,13,14,32,48,35,76,52,112,84,122,62,57,85,105,55,239,0,0,0,0,0,0,0,0,0,0,0,0,0,0,0,0,0,0,1191,0,0,0,0,0,0,0,0
2021-01-09T23:59:59+01:00,0,0,13,13,28,47,35,75,51,111,82,119,61,56,84,104,53,238,0,0,0,0,0,0,0,0,0,0,0,0,0,0,0,0,0,0,1170,0,0,0,0,0,0,0,0
2021-01-08T23:59:59+01:00,0,0,9,5,28,42,33,72,49,108,81,118,58,52,78,99,49,238,0,0,0,0,0,0,0,0,0,0,0,0,0,0,0,0,0,0,1119,0,0,0,0,0,0,0,0
2021-01-07T23:59:59+01:00,0,0,6,1,10,21,16,38,28,77,35,77,32,27,51,82,33,181,0,0,0,0,0,0,0,0,0,0,0,0,0,0,0,0,0,0,715,0,0,0,0,0,0,0,0
2021-01-06T23:59:59+01:00,0,0,6,0,5,10,11,30,25,43,21,48,26,24,37,56,23,130,0,0,0,0,0,0,0,0,0,0,0,0,0,0,0,0,0,0,495,0,0,0,0,0,0,0,0
2021-01-05T23:59:59+01:00,0,0,5,0,5,9,11,30,25,43,21,48,26,24,37,55,23,130,0,0,0,0,0,0,0,0,0,0,0,0,0,0,0,0,0,0,492,0,0,0,0,0,0,0,0
2021-01-04T23:59:59+01:00,0,0,4,0,2,4,5,11,14,12,6,12,3,5,7,9,2,18,0,0,0,0,0,0,0,0,0,0,0,0,0,0,0,0,0,0,114,0,0,0,0,0,0,0,0
2021-01-03T23:59:59+01:00,0,0,3,0,2,4,5,10,13,12,6,12,3,5,7,9,2,17,0,0,0,0,0,0,0,0,0,0,0,0,0,0,0,0,0,0,110,0,0,0,0,0,0,0,0
2021-01-02T23:59:59+01:00,0,0,3,0,2,4,5,10,11,12,6,12,3,5,7,9,2,17,0,0,0,0,0,0,0,0,0,0,0,0,0,0,0,0,0,0,108,0,0,0,0,0,0,0,0
2021-01-01T23:59:59+01:00,0,0,3,0,1,4,5,10,11,12,6,12,3,5,7,8,2,17,0,0,0,0,0,0,0,0,0,0,0,0,0,0,0,0,0,0,106,0,0,0,0,0,0,0,0
2020-12-31T23:59:59+01:00,0,0,3,0,0,4,5,10,9,12,6,12,3,5,7,8,2,17,0,0,0,0,0,0,0,0,0,0,0,0,0,0,0,0,0,0,103,0,0,0,0,0,0,0,0
2020-12-30T23:59:59+01:00,0,0,3,0,0,4,5,10,9,12,6,12,3,5,7,8,2,17,0,0,0,0,0,0,0,0,0,0,0,0,0,0,0,0,0,0,103,0,0,0,0,0,0,0,0
2020-12-29T23:59:59+01:00,0,0,3,0,0,3,5,8,9,12,6,12,3,5,7,8,2,17,0,0,0,0,0,0,0,0,0,0,0,0,0,0,0,0,0,0,100,0,0,0,0,0,0,0,0
2020-12-28T23:59:59+01:00,0,0,3,0,0,3,5,8,9,12,5,12,3,5,7,8,2,17,0,0,0,0,0,0,0,0,0,0,0,0,0,0,0,0,0,0,99,0,0,0,0,0,0,0,0
2020-12-27T23:59:59+01:00,0,0,1,0,0,0,0,0,0,0,0,1,0,0,2,4,0,8,0,0,0,0,0,0,0,0,0,0,0,0,0,0,0,0,0,0,16,0,0,0,0,0,0,0,0
