Datum,<15_1_m,<15_1_w,15-24_1_m,15-24_1_w,25-34_1_m,25-34_1_w,35-44_1_m,35-44_1_w,45-54_1_m,45-54_1_w,55-64_1_m,55-64_1_w,65-74_1_m,65-74_1_w,75-84_1_m,75-84_1_w,>84_1_m,>84_1_w,<15_2_m,<15_2_w,15-24_2_m,15-24_2_w,25-34_2_m,25-34_2_w,35-44_2_m,35-44_2_w,45-54_2_m,45-54_2_w,55-64_2_m,55-64_2_w,65-74_2_m,65-74_2_w,75-84_2_m,75-84_2_w,>84_2_m,>84_2_w,bp_1,bp_2,mo_1,mo_2,az_1,az_2,ja,unb_1,unb_2
2021-12-10T23:59:59+01:00,9922,9257,31170,29213,40602,37778,39035,38650,43576,43697,46203,46002,29388,32807,20733,26054,6506,11059,4866,4595,27582,26089,36992,33963,36166,35578,40939,40832,43899,43716,28412,31596,20082,25129,6218,10423,394181,357623,47132,45391,77765,71497,22513,73,53
2021-12-09T23:59:59+01:00,9665,8992,31099,29134,40514,37667,38983,38564,43522,43645,46156,45945,29356,32779,20719,26025,6499,11046,4754,4458,27342,25857,36792,33717,35979,35380,40771,40697,43773,43605,28364,31533,20064,25100,6216,10404,392862,355426,47117,45325,77765,71497,22505,73,53
2021-12-08T23:59:59+01:00,9500,8846,31056,29096,40468,37597,38943,38505,43472,43609,46112,45898,29335,32751,20706,25999,6490,11030,4670,4382,27227,25744,36668,33577,35880,35288,40683,40609,43690,43536,28341,31492,20049,25078,6208,10393,391986,354172,47103,45295,77765,71497,22498,73,53
2021-12-07T23:59:59+01:00,9387,8733,31028,29074,40420,37569,38912,38486,43455,43588,46089,45880,29325,32737,20700,25991,6487,11021,4638,4353,27150,25692,36599,33512,35830,35236,40631,40558,43650,43493,28332,31478,20045,25071,6206,10387,391474,353550,47085,45264,77765,71497,22497,73,53
2021-12-06T23:59:59+01:00,9208,8571,30990,29035,40377,37516,38872,38453,43424,43559,46063,45848,29306,32707,20688,25969,6483,11011,4569,4303,27027,25573,36481,33372,35736,35138,40547,40474,43574,43428,28307,31451,20034,25046,6202,10378,390680,352365,47081,45232,77765,71497,22493,73,53
2021-12-05T23:59:59+01:00,9094,8481,30971,29022,40348,37483,38854,38441,43410,43548,46045,45832,29293,32687,20683,25966,6481,11007,4546,4284,26950,25507,36379,33297,35684,35087,40501,40426,43529,43391,28290,31430,20030,25034,6201,10373,390249,351675,47080,45223,77765,71497,22491,73,53
2021-12-04T23:59:59+01:00,8944,8371,30943,29005,40317,37457,38836,38423,43392,43535,46036,45825,29288,32679,20683,25964,6480,11006,4519,4264,26877,25459,36299,33223,35632,35041,40453,40383,43507,43366,28284,31422,20026,25030,6200,10372,389798,351113,47074,45208,77765,71497,22486,73,53
2021-12-03T23:59:59+01:00,8470,7944,30885,28951,40276,37390,38799,38355,43354,43497,45995,45789,29261,32652,20674,25948,6472,11000,4449,4195,26647,25262,36093,33040,35486,34903,40342,40272,43412,43275,28265,31399,20019,25016,6200,10368,388353,349477,47056,45140,77765,71496,22477,73,53
2021-12-02T23:59:59+01:00,8103,7644,30826,28889,40214,37310,38737,38289,43309,43429,45949,45732,29234,32618,20665,25931,6466,10987,4356,4092,26411,25042,35889,32812,35313,34738,40203,40149,43299,43170,28231,31361,20002,24982,6196,10357,387015,347507,47030,45086,77765,71496,22461,73,53
2021-12-01T23:59:59+01:00,7930,7465,30797,28852,40182,37258,38705,38234,43274,43394,45914,45696,29212,32593,20654,25917,6462,10971,4294,4025,26322,24957,35810,32683,35239,34661,40149,40090,43240,43115,28205,31326,19980,24959,6192,10351,386211,346518,47014,45072,77765,71496,22459,73,53
2021-11-30T23:59:59+01:00,7655,7196,30749,28805,40130,37189,38656,38188,43249,43362,45880,45650,29192,32576,20644,25904,6456,10960,4255,3988,26195,24838,35642,32556,35137,34561,40038,39983,43158,43043,28169,31299,19966,24946,6187,10346,385159,345263,47002,45040,77765,71496,22455,72,53
2021-11-29T23:59:59+01:00,7482,7032,30724,28781,40100,37147,38631,38146,43214,43317,45849,45618,29178,32564,20636,25890,6453,10943,4222,3958,26100,24757,35532,32455,35042,34480,39967,39916,43102,42998,28148,31282,19955,24926,6186,10340,384429,344353,46999,45012,77765,71496,22452,72,53
2021-11-28T23:59:59+01:00,7402,6972,30706,28763,40073,37121,38609,38116,43196,43293,45834,45599,29172,32543,20634,25882,6451,10938,4202,3948,26028,24710,35446,32389,34982,34440,39916,39871,43074,42970,28133,31272,19945,24912,6185,10339,384038,343760,46990,45002,77765,71496,22451,72,53
2021-11-27T23:59:59+01:00,7072,6646,30635,28707,40006,37040,38541,38053,43133,43247,45791,45550,29160,32519,20629,25872,6447,10933,4182,3930,25950,24656,35358,32327,34934,34399,39861,39821,43027,42929,28122,31255,19939,24904,6183,10338,382776,343169,46951,44968,77765,71496,22429,72,53
2021-11-26T23:59:59+01:00,6661,6320,30541,28631,39915,36939,38465,37980,43071,43190,45723,45489,29136,32486,20612,25844,6439,10926,4132,3870,25802,24534,35211,32202,34790,34294,39770,39742,42961,42865,28090,31229,19929,24885,6177,10334,381183,341920,46940,44928,77765,71496,22420,72,53
2021-11-25T23:59:59+01:00,6249,5933,30411,28512,39789,36786,38377,37884,42993,43091,45634,45406,29098,32439,20590,25823,6432,10912,4075,3805,25635,24390,35033,32033,34655,34163,39648,39621,42862,42783,28060,31185,19916,24865,6172,10331,379208,340419,46928,44867,77764,71496,22397,72,53
2021-11-24T23:59:59+01:00,6084,5734,30349,28466,39734,36719,38312,37815,42939,43038,45577,45345,29079,32413,20580,25796,6424,10896,4054,3778,25562,24337,34938,31962,34586,34105,39578,39558,42813,42719,28032,31154,19901,24849,6169,10323,378173,339638,46921,44851,77764,71496,22380,72,53
2021-11-23T23:59:59+01:00,5879,5525,30272,28385,39658,36617,38241,37726,42868,42967,45513,45288,29059,32363,20552,25773,6420,10885,4021,3749,25458,24265,34798,31840,34487,34021,39494,39492,42750,42650,27995,31126,19880,24832,6165,10317,376900,338608,46893,44812,77764,71496,22371,72,53
2021-11-22T23:59:59+01:00,5720,5354,30219,28321,39587,36551,38182,37669,42827,42916,45478,45232,29041,32337,20536,25750,6418,10871,4002,3733,25403,24221,34715,31769,34438,33984,39449,39451,42706,42622,27978,31105,19876,24824,6162,10309,375931,338027,46883,44803,77764,71496,22368,72,53
2021-11-21T23:59:59+01:00,5676,5313,30180,28287,39541,36506,38139,37639,42785,42884,45452,45206,29023,32319,20528,25736,6416,10864,3996,3729,25369,24190,34685,31735,34409,33958,39420,39427,42685,42606,27967,31092,19875,24817,6160,10308,375428,337716,46875,44799,77764,71496,22364,72,53
2021-11-20T23:59:59+01:00,5636,5285,30128,28255,39479,36458,38103,37608,42761,42851,45435,45188,29018,32311,20526,25733,6416,10863,3995,3726,25353,24176,34660,31715,34389,33938,39410,39416,42676,42596,27963,31085,19873,24815,6160,10308,375007,337554,46862,44793,77764,71496,22358,72,53
2021-11-19T23:59:59+01:00,5484,5128,29999,28129,39363,36328,38006,37510,42686,42760,45385,45123,28996,32289,20521,25725,6415,10859,3963,3701,25219,24088,34541,31632,34313,33880,39333,39365,42629,42564,27943,31068,19869,24809,6158,10308,373725,336750,46822,44752,77764,71496,22332,72,53
2021-11-18T23:59:59+01:00,5334,4968,29830,27951,39190,36106,37844,37343,42559,42638,45307,45043,28949,32237,20507,25704,6410,10845,3912,3649,25066,23962,34398,31513,34193,33773,39261,39266,42557,42497,27917,31040,19850,24792,6153,10304,371869,335557,46776,44705,77764,71496,22292,72,53
2021-11-17T23:59:59+01:00,5275,4904,29732,27886,39096,35992,37770,37257,42482,42575,45243,44974,28931,32206,20497,25685,6404,10830,3893,3631,25039,23909,34335,31453,34147,33722,39219,39231,42497,42448,27904,31015,19843,24781,6153,10300,370862,334989,46762,44695,77764,71496,22287,72,53
2021-11-16T23:59:59+01:00,5186,4833,29543,27730,38914,35803,37625,37114,42356,42463,45150,44884,28900,32166,20479,25664,6400,10818,3873,3614,24929,23833,34219,31352,34063,33646,39153,39170,42446,42399,27875,30986,19826,24754,6139,10287,369242,334108,46724,44672,77763,71496,22235,72,53
2021-11-15T23:59:59+01:00,5131,4792,29397,27632,38757,35698,37536,37015,42290,42389,45091,44833,28875,32145,20467,25649,6398,10809,3865,3608,24877,23811,34170,31307,34024,33618,39121,39146,42420,42381,27865,30975,19816,24737,6136,10282,368150,333731,46701,44653,77763,71496,22226,72,53
2021-11-14T23:59:59+01:00,5098,4759,29324,27566,38657,35599,37481,36963,42240,42331,45051,44797,28865,32129,20458,25633,6396,10803,3857,3598,24848,23794,34135,31266,33994,33594,39104,39122,42401,42363,27854,30968,19810,24728,6135,10282,367414,333443,46692,44644,77763,71496,22217,72,53
2021-11-13T23:59:59+01:00,5040,4717,29176,27461,38535,35462,37368,36886,42166,42256,45009,44759,28853,32115,20454,25631,6394,10801,3851,3593,24812,23774,34113,31246,33973,33572,39084,39104,42393,42356,27850,30966,19809,24727,6135,10281,366384,333247,46671,44642,77763,71496,22201,72,53
2021-11-12T23:59:59+01:00,4935,4627,28820,27157,38266,35207,37186,36672,42018,42103,44892,44667,28823,32093,20448,25617,6393,10801,3833,3563,24708,23692,34005,31153,33882,33495,39017,39055,42345,42324,27833,30948,19803,24722,6134,10281,364177,332498,46587,44612,77763,71496,22134,72,53
2021-11-11T23:59:59+01:00,4814,4493,28523,26885,37975,34907,36960,36451,41836,41934,44759,44552,28782,32037,20434,25597,6387,10789,3797,3518,24598,23596,33910,31037,33770,33412,38936,38974,42276,42267,27813,30925,19794,24706,6132,10279,361702,331566,46522,44562,77763,71496,22063,72,53
2021-11-10T23:59:59+01:00,4757,4432,28377,26780,37851,34762,36852,36345,41769,41856,44690,44479,28768,32016,20424,25583,6382,10778,3783,3499,24556,23555,33856,30984,33724,33376,38903,38943,42250,42237,27796,30915,19784,24696,6129,10268,360544,331120,46492,44549,77763,71495,22037,72,53
2021-11-09T23:59:59+01:00,4692,4372,28130,26573,37625,34552,36704,36207,41639,41733,44611,44407,28747,31986,20409,25562,6378,10771,3766,3478,24491,23498,33775,30909,33675,33331,38864,38901,42211,42207,27786,30889,19772,24683,6126,10260,358841,330565,46434,44513,77762,71495,21996,72,53
2021-11-08T23:59:59+01:00,4633,4322,27906,26389,37369,34348,36523,36069,41515,41620,44512,44327,28715,31951,20398,25547,6375,10768,3750,3458,24426,23446,33716,30852,33642,33287,38827,38854,42176,42168,27770,30874,19758,24670,6125,10253,357100,330034,46388,44498,77762,71495,21972,72,53
2021-11-07T23:59:59+01:00,4596,4287,27702,26235,37154,34167,36380,35925,41394,41520,44429,44266,28698,31933,20390,25538,6373,10759,3743,3450,24387,23418,33661,30813,33613,33261,38799,38827,42155,42145,27765,30862,19752,24663,6123,10250,355653,329742,46353,44484,77762,71495,21913,72,53
2021-11-06T23:59:59+01:00,4576,4270,27653,26197,37091,34127,36351,35907,41357,41504,44404,44243,28693,31931,20384,25536,6373,10757,3742,3447,24381,23414,33654,30809,33610,33257,38794,38825,42152,42144,27762,30862,19750,24661,6122,10249,355289,329706,46341,44484,77762,71495,21897,72,53
2021-11-05T23:59:59+01:00,4481,4172,27397,26002,36857,33890,36144,35748,41228,41367,44322,44173,28678,31914,20381,25524,6371,10756,3725,3426,24313,23377,33602,30759,33559,33222,38755,38787,42125,42123,27751,30856,19746,24654,6120,10247,353548,329332,46198,44436,77762,71495,21831,72,53
2021-11-04T23:59:59+01:00,4405,4121,27166,25836,36628,33674,35959,35622,41106,41250,44235,44109,28657,31898,20372,25513,6369,10753,3693,3377,24219,23263,33493,30643,33478,33139,38687,38723,42061,42066,27731,30830,19736,24641,6115,10238,351963,328444,46140,44399,77762,71495,21742,72,53
2021-11-03T23:59:59+01:00,4386,4089,27102,25780,36545,33594,35888,35584,41046,41204,44197,44080,28650,31889,20366,25507,6368,10753,3666,3346,24183,23221,33460,30600,33440,33115,38667,38694,42035,42044,27716,30812,19729,24632,6110,10233,351345,328031,46121,44391,77762,71494,21734,72,53
2021-11-02T23:59:59+01:00,4352,4048,26873,25640,36306,33421,35725,35472,40908,41104,44114,44013,28622,31871,20355,25498,6367,10749,3637,3318,24080,23138,33346,30523,33371,33065,38604,38638,41989,42010,27697,30791,19713,24621,6108,10226,349928,327354,46071,44364,77762,71493,21611,72,53
2021-11-01T23:59:59+01:00,4310,4011,26783,25576,36188,33340,35647,35424,40835,41053,44075,43993,28615,31862,20350,25496,6366,10748,3619,3281,24032,23088,33290,30488,33334,33034,38565,38613,41964,41984,27687,30784,19707,24611,6107,10224,349219,326941,46045,44347,77762,71491,21580,72,53
2021-10-31T23:59:59+01:00,4310,4011,26779,25576,36186,33340,35647,35424,40834,41053,44074,43993,28614,31862,20350,25496,6366,10748,3619,3281,24031,23088,33290,30488,33334,33034,38564,38613,41963,41984,27687,30784,19707,24611,6107,10224,349212,326939,46044,44347,77762,71491,21579,72,53
2021-10-30T23:59:59+02:00,4307,4009,26768,25571,36171,33332,35641,35420,40825,41049,44066,43993,28613,31862,20350,25495,6366,10747,3619,3281,24027,23085,33287,30488,33334,33031,38563,38612,41962,41984,27687,30784,19707,24611,6107,10224,349134,326923,46044,44347,77762,71491,21579,72,53
2021-10-29T23:59:59+02:00,4283,3990,26625,25477,35986,33210,35527,35349,40725,40979,44018,43969,28610,31852,20349,25493,6366,10747,3606,3273,23973,23048,33234,30433,33287,32996,38521,38573,41936,41965,27682,30776,19702,24604,6106,10224,348200,326531,45989,44327,77762,71490,21538,72,53
2021-10-28T23:59:59+02:00,4251,3948,26452,25348,35778,33075,35380,35246,40627,40900,43953,43928,28598,31840,20340,25485,6365,10745,3577,3237,23884,22959,33148,30339,33225,32941,38466,38524,41888,41937,27671,30761,19694,24593,6102,10216,347092,325904,45911,44287,77762,71490,21428,72,53
2021-10-27T23:59:59+02:00,4225,3923,26412,25315,35729,33026,35337,35194,40590,40870,43929,43909,28595,31832,20336,25479,6361,10743,3562,3218,23837,22919,33100,30296,33199,32914,38455,38500,41874,41917,27661,30745,19686,24586,6101,10214,346650,325535,45901,44281,77762,71489,21426,72,53
2021-10-26T23:59:59+02:00,4182,3894,26269,25199,35582,32920,35237,35114,40519,40821,43888,43887,28584,31821,20331,25473,6358,10741,3534,3205,23771,22836,33021,30226,33152,32864,38400,38461,41836,41894,27653,30735,19681,24577,6100,10212,345773,325022,45871,44249,77762,71486,21348,72,53
2021-10-25T23:59:59+02:00,4173,3886,26255,25181,35549,32897,35209,35100,40505,40814,43884,43883,28583,31820,20330,25473,6358,10741,3529,3198,23767,22830,33001,30207,33148,32858,38393,38456,41835,41890,27651,30734,19681,24574,6100,10212,345620,324954,45862,44241,77762,71485,21331,72,53
2021-10-24T23:59:59+02:00,4162,3881,26230,25150,35513,32868,35177,35076,40491,40796,43872,43874,28582,31816,20329,25471,6358,10741,3519,3189,23752,22812,32989,30198,33136,32850,38383,38447,41827,41882,27645,30731,19681,24569,6100,10211,345375,324811,45854,44241,77761,71485,21331,72,53
2021-10-23T23:59:59+02:00,4162,3881,26228,25145,35508,32867,35173,35073,40488,40794,43870,43874,28582,31816,20329,25471,6358,10741,3519,3189,23752,22811,32988,30198,33134,32850,38382,38446,41827,41882,27645,30731,19681,24569,6100,10211,345348,324805,45854,44241,77761,71485,21331,72,53
2021-10-22T23:59:59+02:00,4141,3850,26131,25073,35395,32769,35079,35011,40411,40751,43829,43847,28575,31811,20326,25464,6358,10740,3481,3160,23692,22749,32924,30142,33082,32812,38345,38415,41793,41857,27639,30724,19677,24566,6099,10210,344626,324322,45819,44218,77761,71485,21289,72,53
2021-10-21T23:59:59+02:00,4075,3802,26026,24979,35267,32653,34979,34938,40342,40693,43765,43810,28563,31797,20319,25457,6358,10738,3294,3008,23547,22594,32830,30051,33012,32744,38284,38361,41741,41816,27620,30705,19661,24549,6094,10201,343709,323155,45793,44186,77760,71485,21233,72,53
2021-10-20T23:59:59+02:00,4066,3785,25994,24949,35217,32605,34941,34905,40320,40670,43745,43796,28558,31792,20315,25452,6353,10734,3260,2981,23505,22554,32790,30018,32984,32714,38256,38330,41718,41794,27606,30693,19651,24538,6091,10197,343365,322749,45785,44172,77760,71485,21221,72,53
2021-10-19T23:59:59+02:00,4046,3757,25923,24904,35162,32558,34902,34865,40285,40641,43724,43782,28554,31786,20307,25442,6348,10731,3155,2865,23386,22444,32712,29951,32945,32671,38229,38286,41687,41770,27591,30676,19642,24531,6084,10192,342939,321957,45760,44131,77760,71484,21192,72,53
2021-10-18T23:59:59+02:00,4037,3739,25883,24877,35130,32520,34883,34851,40267,40627,43714,43768,28547,31778,20297,25435,6347,10731,3126,2847,23339,22405,32681,29906,32922,32635,38202,38265,41667,41748,27584,30669,19635,24522,6081,10188,342673,321591,45752,44114,77760,71484,21180,72,53
2021-10-17T23:59:59+02:00,4030,3727,25867,24871,35117,32507,34874,34846,40263,40623,43709,43760,28546,31775,20297,25430,6346,10729,3037,2767,23300,22378,32670,29893,32916,32625,38198,38258,41666,41738,27583,30664,19634,24520,6079,10188,342560,321284,45752,44114,77760,71484,21179,72,53
2021-10-16T23:59:59+02:00,4030,3727,25867,24871,35117,32507,34874,34846,40262,40622,43709,43760,28545,31774,20297,25429,6346,10728,3036,2765,23299,22378,32670,29893,32916,32624,38196,38257,41665,41737,27582,30664,19634,24519,6078,10186,342555,321270,45752,44114,77760,71484,21178,72,53
2021-10-15T23:59:59+02:00,4020,3718,25829,24841,35085,32480,34851,34823,40243,40610,43698,43753,28541,31771,20294,25426,6344,10724,3005,2740,23238,22306,32614,29842,32883,32576,38168,38230,41645,41720,27574,30657,19631,24515,6078,10182,342320,320810,45737,44088,77759,71484,21169,72,53
2021-10-14T23:59:59+02:00,4000,3688,25757,24781,35016,32414,34804,34786,40209,40576,43666,43738,28533,31762,20288,25422,6341,10719,2961,2683,23154,22219,32549,29746,32830,32518,38110,38185,41605,41683,27556,30642,19623,24506,6075,10181,341833,320119,45713,44041,77759,71484,21129,72,53
2021-10-13T23:59:59+02:00,3984,3664,25726,24759,34989,32383,34782,34769,40195,40553,43647,43717,28525,31756,20284,25414,6335,10712,2940,2662,23121,22180,32523,29705,32819,32483,38090,38164,41588,41671,27549,30627,19616,24499,6075,10176,341536,319793,45708,44033,77759,71484,21125,72,53
2021-10-12T23:59:59+02:00,3967,3642,25675,24707,34929,32318,34747,34737,40166,40526,43627,43704,28512,31741,20281,25406,6329,10706,2912,2628,23033,22082,32423,29615,32775,32434,38033,38126,41563,41634,27524,30614,19609,24490,6072,10166,341104,319101,45689,43995,77759,71482,21102,72,53
2021-10-11T23:59:59+02:00,3959,3630,25648,24682,34914,32295,34716,34719,40155,40513,43615,43691,28502,31732,20275,25401,6325,10701,2890,2617,23002,22047,32380,29580,32750,32404,38016,38109,41542,41617,27518,30608,19603,24483,6070,10162,340882,318784,45674,43987,77759,71482,21092,72,53
2021-10-10T23:59:59+02:00,3956,3628,25643,24675,34904,32283,34709,34705,40146,40508,43606,43683,28501,31727,20270,25397,6325,10697,2882,2611,22992,22031,32368,29563,32745,32397,38005,38098,41536,41612,27512,30604,19602,24481,6070,10162,340774,318660,45672,43984,77759,71482,21092,72,53
2021-10-09T23:59:59+02:00,3955,3625,25642,24673,34903,32279,34706,34704,40143,40504,43604,43683,28499,31726,20269,25394,6324,10697,2882,2610,22992,22031,32368,29563,32743,32396,38004,38098,41535,41611,27512,30604,19601,24481,6070,10161,340741,318651,45672,43984,77759,71482,21092,72,53
2021-10-08T23:59:59+02:00,3920,3601,25568,24613,34837,32225,34673,34674,40109,40475,43571,43657,28489,31716,20258,25379,6316,10694,2855,2574,22894,21963,32317,29507,32706,32348,37976,38054,41510,41586,27501,30586,19595,24473,6066,10160,340223,318096,45655,43969,77759,71481,21072,72,53
2021-10-07T23:59:59+02:00,3896,3556,25484,24531,34765,32152,34626,34633,40067,40432,43538,43629,28482,31706,20243,25368,6309,10684,2797,2512,22764,21820,32246,29417,32655,32269,37926,38006,41467,41545,27482,30568,19579,24458,6059,10148,339622,317217,45628,43942,77759,71480,21026,72,53
2021-10-06T23:59:59+02:00,3881,3536,25446,24487,34726,32112,34600,34603,40048,40414,43519,43610,28474,31697,20231,25350,6305,10672,2782,2495,22731,21778,32215,29380,32634,32239,37910,37981,41448,41530,27472,30558,19569,24446,6057,10144,339241,316877,45625,43939,77759,71480,21020,72,53
2021-10-05T23:59:59+02:00,3859,3517,25389,24425,34655,32038,34561,34566,40029,40377,43481,43587,28464,31685,20216,25341,6301,10656,2745,2453,22652,21658,32121,29288,32578,32176,37868,37940,41418,41501,27456,30548,19559,24436,6047,10134,338759,316174,45603,43911,77757,71478,20962,72,53
2021-10-04T23:59:59+02:00,3835,3495,25341,24380,34608,32002,34525,34533,40001,40356,43460,43566,28456,31676,20208,25325,6292,10642,2730,2443,22608,21612,32092,29239,32549,32152,37848,37923,41392,41485,27445,30532,19550,24427,6043,10124,338342,315825,45592,43897,77757,71475,20944,72,53
2021-10-03T23:59:59+02:00,3826,3492,25325,24368,34598,31995,34517,34525,39994,40346,43454,43562,28450,31674,20205,25316,6291,10635,2725,2437,22595,21601,32084,29229,32535,32143,37841,37915,41384,41481,27443,30527,19546,24421,6038,10118,338218,315699,45591,43895,77757,71475,20941,72,53
2021-10-02T23:59:59+02:00,3826,3492,25325,24368,34597,31995,34517,34525,39993,40346,43454,43562,28450,31674,20205,25316,6291,10635,2724,2437,22595,21601,32084,29229,32535,32143,37841,37915,41384,41481,27443,30527,19546,24421,6038,10118,338216,315698,45591,43895,77757,71475,20941,72,53
2021-10-01T23:59:59+02:00,3807,3474,25276,24303,34530,31925,34455,34484,39957,40322,43424,43544,28447,31667,20203,25314,6289,10632,2681,2395,22496,21513,32033,29158,32484,32101,37804,37867,41359,41464,27436,30522,19542,24416,6037,10116,337775,315137,45565,43869,77755,71473,20892,72,53
2021-09-30T23:59:59+02:00,3774,3432,25172,24181,34414,31836,34371,34419,39879,40260,43366,43491,28430,31646,20192,25305,6286,10622,2619,2342,22374,21396,31952,29054,32424,32029,37754,37819,41319,41438,27408,30510,19539,24403,6035,10111,336924,314343,45523,43844,77750,71473,20813,72,53
2021-09-29T23:59:59+02:00,3756,3412,25144,24133,34383,31808,34346,34392,39859,40237,43344,43473,28421,31638,20187,25299,6280,10615,2612,2328,22346,21366,31928,29034,32405,32005,37737,37801,41302,41425,27403,30499,19534,24394,6034,10107,336592,314095,45519,43840,77750,71472,20800,72,53
2021-09-28T23:59:59+02:00,3727,3380,25057,24061,34303,31739,34296,34342,39810,40197,43308,43442,28405,31619,20179,25287,6276,10606,2591,2302,22251,21292,31861,28960,32360,31959,37703,37758,41277,41400,27382,30484,19532,24385,6031,10105,336025,313591,45485,43810,77750,71471,20708,72,53
2021-09-27T23:59:59+02:00,3704,3357,25014,24033,34266,31699,34272,34312,39789,40163,43287,43421,28397,31609,20172,25282,6272,10600,2572,2288,22215,21260,31828,28919,32332,31939,37681,37740,41257,41387,27373,30479,19529,24381,6030,10101,335687,313321,45475,43794,77749,71471,20672,72,53
2021-09-26T23:59:59+02:00,3552,3253,24956,23998,34256,31691,34265,34309,39783,40157,43281,43415,28396,31607,20170,25281,6271,10599,2560,2281,22199,21241,31823,28912,32328,31935,37673,37733,41251,41381,27370,30475,19526,24379,6029,10100,335283,313213,45475,43793,77749,71470,20667,72,53
2021-09-25T23:59:59+02:00,3551,3253,24955,23998,34256,31691,34265,34309,39781,40156,43280,43414,28395,31606,20170,25281,6271,10599,2560,2280,22197,21238,31823,28912,32326,31934,37670,37731,41251,41380,27369,30474,19526,24379,6029,10100,335277,313198,45475,43793,77748,71470,20665,72,53
2021-09-24T23:59:59+02:00,3527,3221,24873,23922,34142,31612,34197,34247,39725,40109,43246,43388,28381,31595,20167,25275,6270,10597,2524,2249,22111,21150,31730,28848,32281,31897,37615,37692,41231,41358,27357,30463,19523,24376,6028,10100,334750,312744,45442,43779,77747,71469,20489,72,52
2021-09-23T23:59:59+02:00,3356,3069,24732,23774,34051,31522,34120,34187,39667,40055,43187,43344,28363,31580,20159,25263,6267,10595,2473,2204,21996,21047,31660,28771,32228,31841,37579,37656,41196,41324,27343,30443,19516,24360,6027,10097,333702,312119,45414,43761,77747,71467,20362,72,52
2021-09-22T23:59:59+02:00,3333,3044,24696,23719,34017,31488,34096,34148,39638,40038,43163,43319,28353,31571,20155,25252,6267,10590,2458,2192,21966,21016,31621,28733,32210,31812,37556,37640,41173,41313,27334,30436,19513,24356,6027,10096,333347,311853,45405,43757,77745,71466,20324,72,52
2021-09-21T23:59:59+02:00,3205,2909,24498,23560,33871,31389,34032,34063,39569,39990,43142,43277,28334,31551,20146,25246,6259,10583,2393,2161,21828,20878,31510,28629,32131,31735,37501,37592,41141,41279,27322,30423,19505,24341,6024,10090,332285,311074,45365,43729,77745,71465,20163,72,52
2021-09-20T23:59:59+02:00,3181,2887,24452,23513,33821,31348,34002,34030,39538,39958,43118,43251,28329,31541,20142,25240,6259,10579,2385,2149,21790,20836,31463,28581,32109,31699,37471,37573,41128,41269,27311,30416,19497,24335,6022,10083,331913,310765,45350,43722,77745,71463,20115,72,52
2021-09-19T23:59:59+02:00,3177,2885,24440,23507,33808,31340,33994,34022,39532,39943,43108,43249,28328,31540,20142,25238,6259,10579,2381,2145,21781,20829,31453,28573,32105,31697,37463,37564,41120,41268,27310,30416,19496,24334,6022,10083,331834,310707,45350,43721,77744,71463,20097,72,52
2021-09-18T23:59:59+02:00,3177,2885,24440,23507,33808,31340,33994,34022,39532,39943,43108,43249,28328,31540,20142,25238,6259,10579,2381,2145,21781,20828,31453,28571,32103,31697,37463,37564,41120,41268,27310,30416,19496,24333,6022,10083,331834,310701,45350,43721,77744,71463,20097,72,52
2021-09-17T23:59:59+02:00,3150,2847,24335,23392,33702,31239,33916,33952,39464,39889,43073,43222,28314,31532,20140,25231,6257,10577,2334,2102,21702,20749,31379,28508,32039,31649,37424,37530,41101,41254,27301,30401,19494,24326,6022,10082,331181,310249,45308,43700,77743,71463,19933,72,52
2021-09-16T23:59:59+02:00,3099,2799,24222,23257,33604,31131,33847,33846,39417,39828,43019,43173,28288,31512,20124,25220,6254,10569,2293,2060,21596,20650,31295,28432,31972,31583,37401,37474,41067,41215,27290,30382,19487,24318,6020,10081,330349,309637,45270,43690,77743,71457,19780,72,52
2021-09-15T23:59:59+02:00,3076,2786,24181,23210,33573,31087,33832,33815,39387,39799,43001,43155,28278,31501,20118,25215,6253,10567,2280,2045,21560,20609,31264,28390,31946,31560,37369,37440,41043,41188,27276,30374,19480,24310,6020,10077,330018,309285,45257,43689,77742,71455,19750,72,52
2021-09-14T23:59:59+02:00,3036,2754,24072,23068,33429,30948,33748,33731,39330,39746,42950,43105,28259,31485,20109,25207,6249,10562,2261,2020,21474,20528,31173,28301,31881,31498,37320,37397,40998,41162,27265,30354,19471,24302,6018,10074,329207,308759,45220,43682,77741,71451,19553,72,52
2021-09-13T23:59:59+02:00,3018,2734,24021,23015,33382,30889,33715,33681,39306,39715,42919,43081,28253,31471,20104,25205,6247,10558,2246,2004,21422,20480,31128,28250,31851,31466,37298,37377,40984,41140,27259,30348,19467,24298,6017,10073,328822,308459,45204,43669,77741,71448,19480,72,52
2021-09-12T23:59:59+02:00,3014,2727,24017,23007,33376,30884,33706,33674,39301,39712,42916,43078,28251,31469,20103,25204,6247,10557,2243,2001,21406,20471,31118,28232,31831,31457,37290,37369,40978,41133,27254,30347,19464,24295,6017,10071,328754,308332,45204,43669,77740,71446,19478,72,52
2021-09-11T23:59:59+02:00,3012,2726,24015,23005,33374,30883,33704,33673,39301,39710,42915,43078,28248,31467,20103,25204,6247,10557,2242,1999,21402,20470,31116,28228,31831,31457,37290,37367,40977,41132,27252,30347,19464,24295,6017,10071,328734,308315,45204,43667,77740,71446,19477,72,52
2021-09-10T23:59:59+02:00,2970,2684,23883,22876,33244,30766,33602,33596,39227,39626,42867,43037,28232,31450,20098,25196,6246,10555,2205,1961,21287,20365,31003,28135,31743,31402,37226,37325,40931,41099,27244,30337,19458,24284,6015,10070,327989,307770,45184,43648,77740,71445,19175,72,52
2021-09-09T23:59:59+02:00,2921,2645,23704,22729,33133,30636,33503,33493,39156,39552,42827,42989,28205,31433,20089,25190,6244,10553,2151,1904,21166,20236,30911,28037,31667,31306,37164,37269,40884,41051,27221,30322,19449,24275,6011,10067,327090,307020,45160,43629,77738,71442,18948,71,52
2021-09-08T23:59:59+02:00,2900,2614,23662,22679,33101,30597,33487,33465,39136,39531,42812,42973,28199,31424,20086,25185,6243,10553,2140,1892,21132,20205,30881,28021,31652,31281,37146,37246,40871,41038,27215,30317,19444,24270,6010,10066,326773,306793,45154,43625,77736,71441,18918,71,50
2021-09-07T23:59:59+02:00,2847,2559,23514,22535,32982,30488,33413,33380,39081,39467,42768,42939,28181,31406,20082,25180,6242,10550,2085,1851,20997,20071,30765,27935,31578,31215,37099,37194,40834,41009,27198,30292,19437,24259,6009,10064,326021,306143,45129,43602,77736,71436,18661,71,50
2021-09-06T23:59:59+02:00,2824,2544,23482,22491,32950,30453,33392,33360,39059,39454,42752,42924,28178,31402,20080,25178,6241,10547,2061,1833,20955,20026,30734,27908,31557,31188,37080,37173,40820,40997,27190,30284,19435,24250,6006,10062,325751,305836,45113,43594,77735,71434,18645,71,50
2021-09-05T23:59:59+02:00,2813,2541,23477,22486,32948,30447,33389,33355,39056,39451,42748,42918,28176,31397,20078,25177,6240,10546,2057,1830,20944,20019,30723,27902,31553,31184,37077,37171,40816,40994,27185,30282,19432,24246,6005,10062,325686,305762,45112,43593,77735,71434,18643,71,50
2021-09-04T23:59:59+02:00,2813,2541,23474,22485,32947,30447,33389,33354,39056,39450,42747,42917,28176,31397,20078,25177,6240,10546,2055,1827,20942,20019,30723,27902,31552,31183,37077,37171,40815,40994,27185,30282,19432,24246,6005,10062,325680,305755,45112,43593,77735,71434,18640,71,50
2021-09-03T23:59:59+02:00,2790,2507,23395,22407,32873,30375,33348,33311,39012,39421,42717,42904,28168,31384,20077,25175,6238,10545,2039,1810,20893,19960,30673,27863,31518,31148,37049,37144,40784,40982,27177,30274,19430,24244,6004,10062,325177,305408,45084,43584,77733,71426,18586,71,50
2021-09-02T23:59:59+02:00,2759,2475,23289,22310,32814,30285,33290,33256,38974,39387,42678,42872,28148,31372,20073,25161,6236,10542,2017,1791,20819,19900,30613,27801,31480,31117,37009,37107,40750,40954,27167,30262,19427,24233,6004,10062,324573,304981,45054,43566,77732,71421,18495,71,50
2021-09-01T23:59:59+02:00,2736,2460,23265,22273,32784,30253,33268,33230,38948,39366,42664,42856,28139,31365,20068,25159,6236,10542,2000,1776,20778,19857,30580,27772,31453,31096,36990,37089,40732,40937,27156,30253,19426,24227,6004,10062,324316,304705,45043,43560,77731,71418,18455,71,50
2021-08-31T23:59:59+02:00,2691,2417,23142,22167,32702,30153,33211,33174,38904,39325,42638,42832,28128,31359,20062,25155,6235,10538,1976,1756,20691,19762,30508,27712,31404,31056,36951,37057,40703,40912,27147,30241,19420,24222,6004,10060,323737,304290,45013,43546,77730,71410,18286,71,50
2021-08-30T23:59:59+02:00,2669,2393,23091,22124,32661,30110,33185,33137,38875,39304,42619,42814,28123,31352,20055,25146,6234,10534,1928,1715,20569,19656,30410,27616,31343,31004,36918,37029,40682,40878,27131,30226,19419,24213,6004,10058,323393,303569,44998,43537,77730,71405,18238,71,50
2021-08-29T23:59:59+02:00,2638,2363,23003,22058,32598,30053,33141,33106,38829,39267,42589,42793,28112,31344,20052,25140,6234,10533,1902,1690,20466,19587,30341,27566,31308,30970,36877,36998,40657,40860,27118,30215,19418,24208,6004,10058,322930,303138,44982,43514,77728,71395,18146,71,50
2021-08-28T23:59:59+02:00,2632,2361,23003,22058,32594,30053,33140,33106,38826,39266,42588,42793,28111,31344,20052,25140,6234,10533,1902,1688,20465,19586,30335,27566,31308,30967,36874,36996,40657,40860,27118,30215,19418,24208,6004,10058,322917,303127,44982,43513,77728,71395,18140,71,50
2021-08-27T23:59:59+02:00,2632,2361,22998,22055,32587,30052,33138,33103,38824,39264,42585,42793,28110,31343,20052,25140,6233,10533,1901,1687,20459,19585,30327,27565,31306,30965,36871,36994,40655,40860,27118,30215,19418,24207,6004,10058,322898,303111,44982,43513,77728,71393,18128,71,50
2021-08-26T23:59:59+02:00,2549,2277,22810,21846,32451,29910,33018,32995,38736,39176,42519,42724,28086,31310,20039,25122,6232,10527,1816,1606,20190,19315,30186,27398,31163,30840,36763,36900,40570,40787,27076,30173,19399,24183,5998,10056,321671,301603,44962,43489,77727,71377,17900,71,50
2021-08-25T23:59:59+02:00,2543,2269,22790,21821,32439,29889,33005,32980,38724,39160,42508,42718,28081,31307,20032,25116,6229,10525,1805,1597,20142,19272,30150,27367,31142,30802,36738,36868,40551,40771,27063,30161,19395,24175,5997,10055,321482,301239,44962,43489,77727,71375,17898,71,50
2021-08-24T23:59:59+02:00,2525,2258,22751,21779,32413,29844,32986,32947,38714,39140,42488,42704,28075,31296,20027,25108,6228,10524,1795,1588,20104,19230,30116,27326,31121,30767,36724,36847,40531,40753,27058,30151,19391,24172,5997,10051,321193,300950,44952,43484,77727,71370,17868,71,50
2021-08-23T23:59:59+02:00,2505,2226,22681,21706,32342,29787,32950,32915,38675,39109,42458,42691,28060,31287,20024,25097,6228,10522,1751,1544,19979,19107,29997,27246,31056,30718,36674,36804,40489,40724,27046,30136,19385,24162,5997,10045,320749,300210,44941,43457,77725,71362,17781,71,50
2021-08-22T23:59:59+02:00,2496,2217,22645,21674,32321,29769,32935,32907,38658,39093,42453,42682,28055,31282,20019,25097,6228,10521,1741,1531,19938,19068,29960,27212,31026,30681,36653,36788,40471,40702,27038,30132,19382,24159,5997,10043,320577,299916,44935,43454,77724,71353,17749,71,50
2021-08-21T23:59:59+02:00,2477,2204,22592,21626,32282,29731,32912,32883,38645,39070,42436,42672,28048,31274,20017,25094,6228,10520,1711,1507,19837,18969,29889,27153,30992,30637,36618,36746,40447,40681,27027,30124,19377,24155,5995,10043,320337,299408,44921,43439,77722,71347,17664,71,50
2021-08-20T23:59:59+02:00,2439,2162,22505,21518,32205,29648,32849,32835,38594,39030,42394,42644,28040,31260,20013,25079,6227,10516,1664,1470,19662,18843,29762,27050,30915,30578,36555,36700,40401,40644,27012,30105,19368,24146,5994,10039,319751,298591,44897,43414,77719,71329,17524,71,50
2021-08-19T23:59:59+02:00,2349,2094,22344,21380,32068,29523,32758,32751,38490,38950,42324,42589,28014,31227,20006,25067,6222,10507,1608,1420,19403,18636,29549,26900,30794,30470,36434,36604,40299,40559,26984,30075,19357,24130,5990,10034,318811,297319,44876,43384,77719,71303,17190,71,50
2021-08-18T23:59:59+02:00,2339,2085,22318,21359,32046,29502,32736,32728,38462,38932,42311,42575,27999,31217,20000,25062,6222,10505,1585,1402,19349,18576,29509,26866,30768,30439,36405,36583,40275,40528,26967,30064,19352,24118,5985,10030,318553,296885,44876,43382,77719,71301,17183,71,50
2021-08-17T23:59:59+02:00,2322,2069,22293,21331,32030,29474,32711,32704,38448,38921,42286,42557,27993,31204,19994,25057,6222,10505,1572,1391,19306,18526,29477,26827,30725,30413,36380,36552,40249,40507,26950,30052,19349,24104,5983,10026,318308,296512,44876,43379,77719,71297,17151,71,50
2021-08-16T23:59:59+02:00,2283,2052,22226,21288,31989,29428,32687,32683,38424,38899,42254,42540,27984,31196,19992,25046,6222,10504,1548,1366,19097,18382,29328,26710,30649,30324,36333,36498,40211,40465,26929,30035,19342,24085,5977,10024,317958,295505,44876,43373,77716,71295,17080,71,50
2021-08-15T23:59:59+02:00,2256,2029,22172,21231,31941,29387,32663,32650,38396,38880,42232,42526,27978,31191,19986,25039,6221,10504,1526,1350,18975,18262,29170,26581,30569,30240,36266,36447,40156,40407,26911,30011,19332,24076,5974,10023,317621,294571,44867,43356,77715,71287,17012,71,50
2021-08-14T23:59:59+02:00,2250,2026,22146,21215,31929,29371,32659,32644,38388,38875,42226,42523,27977,31190,19985,25038,6221,10503,1496,1322,18862,18168,29108,26516,30530,30193,36241,36415,40135,40392,26904,30005,19329,24075,5973,10020,317532,294025,44864,43338,77715,71283,16988,71,50
2021-08-13T23:59:59+02:00,2233,2015,22100,21177,31892,29347,32621,32615,38373,38860,42216,42513,27975,31186,19982,25035,6220,10503,1421,1257,18606,17908,28930,26354,30414,30101,36188,36347,40090,40356,26888,29992,19324,24066,5970,10016,317295,292654,44859,43322,77713,71273,16929,71,50
2021-08-12T23:59:59+02:00,2196,1977,22011,21083,31823,29267,32563,32565,38325,38815,42175,42478,27959,31167,19975,25025,6218,10503,1328,1197,18303,17596,28680,26123,30270,29971,36093,36252,40012,40289,26853,29945,19304,24043,5968,10013,316711,290906,44848,43270,77710,71225,16789,71,50
2021-08-11T23:59:59+02:00,2194,1972,21990,21067,31805,29246,32548,32549,38317,38805,42164,42462,27950,31164,19972,25021,6217,10499,1320,1184,18248,17541,28643,26078,30222,29932,36073,36213,39976,40256,26840,29918,19297,24033,5968,10011,316529,290427,44848,43267,77710,71222,16788,71,49
2021-08-10T23:59:59+02:00,2185,1951,21963,21030,31767,29223,32532,32528,38290,38778,42146,42454,27944,31156,19970,25018,6216,10495,1286,1150,17736,17085,28468,25921,30128,29844,35904,36090,39928,40214,26818,29894,19291,24018,5964,10010,316280,288729,44844,43250,77708,70972,16749,69,49
2021-08-09T23:59:59+02:00,2161,1937,21913,20977,31707,29176,32496,32500,38264,38757,42132,42429,27933,31147,19969,25009,6215,10493,1243,1110,17262,16632,28333,25813,30072,29791,35857,36045,39896,40178,26809,29880,19286,24011,5964,10008,315897,287243,44838,43231,77707,70959,16708,69,49
2021-08-08T23:59:59+02:00,2144,1919,21859,20930,31662,29139,32462,32474,38240,38748,42110,42408,27926,31143,19963,25005,6215,10490,1178,1047,16916,16292,28222,25726,30013,29717,35809,36007,39872,40152,26798,29866,19277,24001,5962,10003,315575,285994,44837,43210,77706,70951,16654,69,49
2021-08-07T23:59:59+02:00,2100,1876,21723,20848,31578,29071,32389,32414,38183,38699,42077,42379,27917,31116,19958,24996,6213,10488,1032,921,16404,15838,27914,25435,29783,29530,35632,35849,39730,40040,26743,29803,19258,23972,5960,9999,314946,283336,44804,43087,77700,70861,16510,69,49
2021-08-06T23:59:59+02:00,2090,1866,21672,20809,31535,29038,32357,32395,38157,38678,42066,42363,27912,31107,19954,24996,6213,10488,913,812,15377,14859,26768,24534,29493,29297,35385,35649,39414,39799,26699,29756,19249,23962,5959,9996,314714,278331,44800,43066,77700,70059,16417,69,48
2021-08-05T23:59:59+02:00,2052,1837,21566,20722,31479,28961,32298,32335,38097,38627,42021,42325,27895,31087,19946,24983,6211,10485,814,706,14484,14111,25741,23752,28778,28781,34853,35214,39096,39554,26632,29676,19217,23928,5956,9986,314157,273428,44777,43014,77699,68560,16229,69,48
2021-08-04T23:59:59+02:00,2032,1818,21495,20670,31435,28895,32264,32293,38060,38603,41984,42295,27882,31072,19941,24970,6209,10481,736,660,14111,13769,25336,23442,28566,28553,34710,35089,38995,39460,26593,29631,19194,23905,5951,9981,313710,270975,44770,42983,77697,68519,16157,69,48
2021-08-03T23:59:59+02:00,2023,1802,21468,20643,31416,28882,32251,32283,38050,38589,41968,42282,27873,31066,19936,24963,6208,10479,716,646,14029,13677,25258,23366,28500,28498,34664,35041,38948,39428,26577,29609,19185,23896,5949,9975,313502,270288,44766,42979,77695,68493,16154,69,48
2021-08-02T23:59:59+02:00,2013,1781,21423,20606,31369,28859,32224,32252,38022,38573,41955,42267,27864,31054,19936,24955,6207,10475,685,616,13826,13466,24554,22812,28216,28274,34516,34930,38870,39364,26549,29576,19177,23892,5949,9973,313209,267865,44762,42965,77695,68263,16104,69,48
2021-08-01T23:59:59+02:00,1993,1764,21370,20557,31320,28818,32197,32232,38003,38554,41934,42250,27858,31047,19933,24947,6207,10475,647,588,13657,13307,24252,22555,27977,28057,34426,34820,38803,39292,26533,29556,19171,23886,5949,9971,312900,266163,44756,42953,77694,68239,16044,69,48
2021-07-31T23:59:59+02:00,1968,1734,21288,20480,31251,28779,32143,32192,37968,38524,41911,42229,27855,31038,19928,24943,6207,10475,375,358,12711,12283,23736,22113,27631,27700,34114,34523,38370,38947,26463,29470,19145,23841,5944,9965,312478,261125,44744,42917,77692,67666,15933,69,48
2021-07-30T23:59:59+02:00,1943,1714,21263,20458,31219,28761,32128,32171,37962,38517,41903,42220,27850,31035,19927,24943,6206,10475,367,351,12623,12210,23415,21821,27355,27488,33893,34357,38208,38811,26439,29452,19143,23833,5944,9963,312287,259705,44743,42908,77692,67105,15907,69,48
2021-07-29T23:59:59+02:00,1874,1645,21031,20220,31075,28612,32024,32058,37870,38427,41809,42159,27822,31010,19914,24924,6199,10466,301,291,11994,11673,22283,20981,26314,26649,32908,33659,37826,38519,26356,29351,19115,23786,5938,9954,311065,254080,44715,42817,77684,65344,15609,69,48
2021-07-28T23:59:59+02:00,1854,1630,20991,20169,31055,28582,32008,32037,37849,38408,41787,42138,27811,30998,19908,24914,6199,10464,257,240,11710,11369,21873,20597,25880,26219,32740,33501,37710,38427,26319,29300,19096,23763,5937,9949,310745,251136,44715,42816,77672,65283,15604,69,48
2021-07-27T23:59:59+02:00,1844,1624,20951,20126,31030,28549,31974,32021,37827,38376,41763,42124,27804,30991,19907,24909,6199,10461,218,217,11462,11152,21670,20406,25737,26095,32632,33398,37627,38345,26294,29263,19088,23754,5934,9945,310506,249646,44715,42812,77671,65210,15522,69,47
2021-07-26T23:59:59+02:00,1818,1588,20825,19995,30922,28447,31914,31957,37772,38308,41720,42093,27778,30973,19896,24895,6193,10458,183,189,11166,10826,21165,19962,25488,25886,32469,33249,37495,38257,26258,29229,19075,23730,5933,9937,309738,247348,44684,42698,77664,65004,15400,69,47
2021-07-25T23:59:59+02:00,1812,1580,20801,19982,30912,28437,31902,31943,37766,38301,41710,42084,27774,30969,19895,24893,6193,10457,171,176,11059,10719,21012,19857,25254,25691,32227,33038,37349,38121,26239,29215,19068,23723,5932,9934,309621,246075,44675,42683,77656,64587,15393,69,47
2021-07-24T23:59:59+02:00,1792,1565,20720,19907,30867,28396,31867,31907,37737,38271,41688,42072,27767,30963,19892,24891,6193,10457,165,171,10995,10663,20938,19794,25181,25629,32175,33007,37320,38099,26233,29210,19066,23721,5932,9934,309268,245705,44664,42659,77652,64520,15302,69,47
2021-07-23T23:59:59+02:00,1737,1530,20527,19761,30706,28281,31781,31832,37670,38219,41649,42031,27756,30946,19887,24885,6192,10452,153,160,10736,10455,20579,19491,24373,24982,31687,32675,36749,37642,26189,29168,19050,23703,5931,9932,308434,242820,44654,42611,77635,63125,15052,69,47
2021-07-22T23:59:59+02:00,1672,1473,20219,19489,30464,28101,31652,31718,37541,38113,41551,41948,27729,30922,19877,24861,6188,10451,116,133,10271,10078,19829,18978,23421,24308,30978,32085,35709,36879,26077,29070,19016,23671,5929,9928,306958,239196,44619,41947,77630,60591,14695,69,47
2021-07-21T23:59:59+02:00,1657,1465,20181,19437,30435,28071,31627,31694,37521,38088,41530,41924,27719,30914,19871,24855,6183,10447,98,112,9962,9744,19366,18525,22549,23538,30644,31751,35472,36681,25995,28973,18986,23618,5921,9918,306628,236442,44609,40258,77628,60420,14687,69,46
2021-07-20T23:59:59+02:00,1650,1459,20147,19410,30402,28044,31602,31674,37505,38070,41518,41912,27704,30899,19871,24848,6183,10444,87,101,9695,9464,19032,18255,22277,23253,30465,31594,35306,36535,25949,28925,18969,23582,5920,9914,306367,234036,44607,40250,77627,60317,14674,69,46
2021-07-19T23:59:59+02:00,1639,1451,20032,19324,30317,27972,31543,31617,37486,38051,41503,41893,27697,30886,19865,24841,6182,10441,80,95,9497,9266,18721,17978,21815,22830,30211,31363,35189,36431,25914,28886,18951,23566,5920,9911,305782,232403,44601,39308,77625,60202,14665,69,46
2021-07-18T23:59:59+02:00,1628,1445,19963,19255,30189,27874,31479,31550,37426,37999,41458,41841,27676,30855,19856,24826,6178,10438,74,87,9386,9150,18550,17827,21622,22640,30041,31162,35075,36331,25882,28862,18940,23548,5920,9905,304992,231139,44601,39004,77622,60159,14654,69,46
2021-07-17T23:59:59+02:00,1627,1441,19956,19252,30189,27872,31479,31546,37421,37997,41453,41839,27675,30854,19855,24826,6178,10438,74,83,9365,9135,18519,17805,21604,22627,30031,31155,35056,36327,25879,28860,18940,23547,5920,9905,304958,230988,44601,39001,77622,60147,14650,69,46
2021-07-16T23:59:59+02:00,1574,1396,19683,19012,30069,27777,31398,31476,37367,37935,41412,41807,27657,30836,19848,24817,6177,10432,73,81,9249,9019,18136,17505,21302,22353,29640,30798,34920,36221,25856,28836,18933,23535,5919,9903,303980,229711,44578,38280,77621,59816,14427,69,45
2021-07-15T23:59:59+02:00,1516,1352,19427,18765,29895,27627,31287,31377,37283,37852,41342,41740,27614,30807,19832,24804,6173,10429,64,69,8884,8715,17228,16684,19746,21126,28717,29875,34295,35637,25688,28655,18877,23485,5913,9891,302704,223590,44538,36818,77613,58895,14201,68,45
2021-07-14T23:59:59+02:00,1502,1339,19397,18728,29867,27601,31261,31345,37270,37838,41322,41733,27606,30800,19823,24797,6173,10426,56,64,8595,8418,16678,16078,19250,20605,28152,29373,33902,35263,25576,28525,18837,23418,5908,9880,302417,219411,44537,36459,77611,58466,14197,68,45
2021-07-13T23:59:59+02:00,1491,1328,19359,18703,29850,27576,31237,31329,37255,37812,41298,41705,27597,30786,19821,24792,6172,10420,38,58,8287,8158,16278,15729,18971,20326,27888,29120,33631,35004,25477,28403,18804,23376,5906,9875,302131,216703,44536,36422,77610,57971,14188,68,45
2021-07-12T23:59:59+02:00,1475,1318,19308,18685,29814,27545,31220,31308,37243,37795,41282,41690,27592,30781,19819,24786,6171,10420,37,53,8027,7945,15996,15448,18269,19774,27573,28796,33220,34642,25306,28205,18745,23302,5900,9870,301862,215404,44535,34491,77610,56989,14179,68,45
2021-07-11T23:59:59+02:00,1465,1310,19276,18654,29787,27511,31203,31277,37235,37774,41267,41678,27582,30772,19817,24786,6170,10419,35,52,7981,7899,15931,15377,18179,19720,27488,28733,33104,34579,25251,28160,18725,23280,5900,9867,301605,214824,44532,34480,77608,56740,14172,68,45
2021-07-10T23:59:59+02:00,1336,1194,18771,18236,29338,27207,30919,31044,36989,37613,41066,41528,27510,30713,19791,24753,6167,10416,34,52,7853,7829,15644,15236,17962,19568,27242,28590,32941,34464,25185,28113,18709,23267,5899,9867,299387,214397,44398,34356,77579,56496,13161,68,45
2021-07-09T23:59:59+02:00,1325,1188,18742,18204,29317,27190,30907,31031,36976,37600,41055,41519,27506,30709,19789,24749,6167,10415,31,50,7811,7784,15570,15168,17897,19474,27018,28361,32691,34250,25119,28049,18687,23240,5899,9864,299238,214107,44378,34352,77578,55330,13129,68,45
2021-07-08T23:59:59+02:00,1247,1106,18474,17990,29162,27035,30767,30910,36873,37498,40956,41441,27471,30674,19770,24730,6162,10409,26,46,7644,7648,15271,14921,17463,19112,26326,27756,32417,33982,24951,27891,18628,23177,5896,9856,297958,212966,44321,32930,77570,54310,12760,68,45
2021-07-07T23:59:59+02:00,1148,1014,18162,17667,28961,26850,30635,30785,36761,37376,40848,41353,27436,30625,19756,24713,6159,10406,23,38,7448,7438,14826,14555,16995,18666,25570,27142,32008,33600,24682,27565,18534,23084,5887,9847,296378,210041,44270,32089,77560,53352,12381,68,45
2021-07-06T23:59:59+02:00,1125,997,18085,17599,28914,26799,30585,30736,36724,37341,40813,41322,27418,30598,19745,24700,6157,10403,16,32,7228,7208,14478,14193,16642,18318,24816,26494,31704,33335,24493,27348,18486,23011,5880,9840,295794,207964,44266,30684,77558,52452,12377,68,45
2021-07-05T23:59:59+02:00,1083,969,18009,17537,28868,26737,30544,30701,36699,37295,40785,41296,27412,30584,19739,24693,6157,10398,6,19,6999,7021,14169,13922,16285,17955,24252,25983,31129,32767,24212,27049,18378,22871,5872,9828,295301,206460,44264,28576,77553,51314,12322,68,45
2021-07-04T23:59:59+02:00,1061,953,17937,17487,28830,26713,30520,30672,36690,37286,40770,41284,27406,30573,19734,24690,6157,10397,6,19,6974,7002,14115,13869,16209,17893,24167,25926,30974,32673,24118,26959,18346,22829,5870,9824,294982,206062,44264,28565,77542,50795,12306,68,45
2021-07-03T23:59:59+02:00,647,582,16204,15768,27681,25792,29724,29951,36048,36675,40270,40857,27250,30406,19668,24602,6148,10380,6,19,6588,6761,13612,13572,15812,17589,23808,25650,30667,32481,24020,26863,18313,22789,5866,9820,287464,205762,44225,28488,77460,50503,9438,68,45
2021-07-02T23:59:59+02:00,608,543,16072,15622,27523,25643,29642,29892,36017,36646,40252,40844,27244,30397,19665,24599,6148,10380,6,19,6542,6687,13538,13476,15725,17458,23663,25464,30513,32317,23827,26651,18224,22711,5864,9817,286557,205078,44225,28329,77459,49620,9430,68,45
2021-07-01T23:59:59+02:00,550,495,15892,15469,27310,25489,29565,29813,35962,36594,40187,40797,27224,30379,19653,24586,6146,10376,6,18,6395,6552,13187,13200,15193,17015,22391,24471,29751,31632,23543,26360,18105,22575,5857,9801,285367,201516,44221,26650,77447,48457,9386,68,43
2021-06-30T23:59:59+02:00,520,475,15787,15361,27200,25400,29497,29738,35905,36541,40145,40762,27209,30348,19641,24569,6142,10376,5,16,6200,6370,12751,12811,14622,16466,21765,23871,29156,31100,23124,25893,17974,22391,5850,9789,284535,197240,44218,26625,77440,46889,9357,68,43
2021-06-29T23:59:59+02:00,464,423,15040,14690,26935,25178,29398,29638,35825,36458,40076,40713,27190,30323,19632,24556,6142,10374,5,14,6087,6240,12487,12546,14223,16070,20973,23245,28572,30547,22677,25368,17820,22217,5842,9779,282036,194078,44214,26116,77431,45167,9308,68,43
2021-06-28T23:59:59+02:00,428,392,14413,14053,26772,25073,29325,29572,35764,36391,40033,40678,27172,30303,19624,24545,6142,10370,4,14,6021,6143,12311,12407,14036,15893,20346,22693,28170,30171,22339,25011,17691,22053,5837,9774,280096,192394,44210,25453,77426,43772,9252,68,43
2021-06-27T23:59:59+02:00,351,325,14066,13680,26709,25015,29286,29533,35740,36369,40015,40663,27161,30296,19621,24541,6141,10369,4,14,5981,6099,12194,12291,13890,15763,19789,22214,27558,29669,22061,24672,17570,21928,5833,9773,278980,191553,44204,23919,77416,42573,9215,68,43
2021-06-26T23:59:59+02:00,350,324,14055,13667,26693,25003,29281,29526,35733,36368,40012,40662,27160,30295,19621,24541,6141,10369,4,14,5976,6097,12184,12289,13884,15760,19776,22202,27513,29634,21914,24542,17530,21870,5832,9771,278904,191531,44201,23915,77416,42089,9214,68,43
2021-06-25T23:59:59+02:00,226,211,12797,12450,25238,23849,28982,29293,35626,36283,39944,40600,27136,30267,19610,24529,6139,10367,4,14,5932,6051,12085,12207,13741,15639,19466,21962,27126,29275,21590,24144,17350,21673,5829,9762,272683,190301,44196,23629,77395,40670,9207,68,43
2021-06-24T23:59:59+02:00,161,157,11821,11618,24117,22966,28617,28941,35476,36117,39829,40496,27097,30218,19599,24505,6137,10363,4,13,5715,5823,11627,11790,13158,15041,17927,20557,25469,27673,20813,23282,17031,21267,5818,9752,267431,185302,44175,19996,77391,38247,9172,68,43
2021-06-23T23:59:59+02:00,125,131,11456,11296,23623,22592,28368,28697,35301,35990,39740,40408,27066,30191,19590,24467,6135,10351,4,13,5639,5711,11413,11574,12856,14693,17533,20146,24717,26900,20017,22528,16837,21014,5810,9736,264816,182941,44165,19376,77386,35687,9094,68,43
2021-06-22T23:59:59+02:00,104,118,11276,11085,23463,22453,28288,28622,35226,35930,39693,40363,27051,30167,19582,24458,6135,10350,3,11,5530,5591,11143,11309,12490,14321,16929,19543,23983,26128,19638,22102,16674,20835,5803,9719,263676,179892,44161,18496,77384,34244,9077,68,43
2021-06-21T23:59:59+02:00,92,106,11025,10901,22629,21784,28035,28392,35158,35869,39629,40320,27034,30149,19576,24449,6135,10349,3,10,5412,5489,10922,11088,12182,13997,16536,19197,23529,25657,19345,21782,16569,20714,5797,9717,261084,178409,44152,17478,77378,33064,8952,68,43
2021-06-20T23:59:59+02:00,86,105,10959,10809,22377,21568,27776,28192,35079,35791,39584,40275,27023,30133,19574,24444,6133,10346,3,9,5371,5438,10833,10981,12084,13894,16339,19011,23258,25415,19243,21675,16516,20656,5791,9713,259791,178091,44149,16410,77373,32812,8874,68,43
2021-06-19T23:59:59+02:00,85,101,10936,10786,22345,21545,27758,28179,35067,35786,39575,40271,27022,30132,19574,24442,6133,10346,3,9,5339,5407,10750,10887,11991,13771,16191,18859,22949,25052,19155,21588,16503,20643,5790,9713,259641,177979,44128,14905,77373,32799,8874,68,43
2021-06-18T23:59:59+02:00,82,99,10888,10734,22035,21219,27501,27960,35012,35749,39541,40248,27013,30123,19573,24439,6133,10344,3,9,5323,5398,10721,10856,11951,13723,16128,18796,22862,24954,18988,21406,16457,20578,5789,9708,258257,177580,44124,14904,77372,32250,8873,68,43
2021-06-17T23:59:59+02:00,73,91,10309,10305,20756,20257,26640,27222,34639,35422,39282,40058,26948,30041,19552,24402,6126,10339,3,9,5126,5257,10339,10603,11504,13320,15449,18183,21489,23630,18529,20912,16292,20405,5785,9694,252465,172255,44104,14328,77359,31436,8467,68,43
2021-06-16T23:59:59+02:00,65,79,9975,9993,20072,19624,26006,26620,34385,35216,39119,39909,26902,29988,19528,24378,6125,10335,3,8,4983,5109,9949,10266,11045,12866,14743,17492,20637,22688,18122,20463,16122,20190,5775,9682,248618,168449,44088,13057,77345,30394,8201,68,42
2021-06-15T23:59:59+02:00,50,73,9730,9749,19773,19377,25778,26422,34252,35107,39023,39828,26870,29952,19521,24363,6120,10331,3,8,4877,4992,9711,10051,10810,12606,14318,17065,20033,22108,17794,20066,15898,19958,5766,9670,246835,166340,44077,11965,77336,29384,8004,68,41
2021-06-14T23:59:59+02:00,46,68,9597,9622,19479,19115,25599,26278,34133,35026,38960,39788,26851,29932,19515,24352,6120,10328,3,8,4796,4928,9524,9911,10632,12470,14057,16846,19713,21814,17628,19904,15794,19823,5765,9666,245630,164868,44075,11963,77332,28705,7705,68,41
2021-06-13T23:59:59+02:00,45,64,9436,9494,19189,18933,25244,26026,33935,34858,38852,39720,26835,29920,19504,24344,6120,10324,2,8,4710,4859,9315,9738,10461,12294,13734,16498,19364,21481,17499,19755,15746,19757,5763,9664,243984,163999,44074,11962,77327,27255,7391,68,41
2021-06-12T23:59:59+02:00,45,64,9427,9476,19178,18920,25244,26021,33935,34855,38849,39719,26835,29920,19504,24344,6120,10324,2,8,4706,4845,9304,9675,10427,12191,13685,16343,19308,21345,17390,19629,15629,19655,5761,9662,243937,163967,44074,11958,77322,26219,7380,68,41
2021-06-11T23:59:59+02:00,40,60,9266,9296,18943,18708,24441,25346,33756,34697,38713,39606,26801,29886,19493,24319,6120,10319,2,8,4626,4734,9083,9415,10165,11892,13162,15789,18328,20440,17203,19430,15589,19610,5758,9659,241004,159917,44072,11956,77317,25629,7350,68,41
2021-06-10T23:59:59+02:00,38,56,8870,8968,18295,18216,23598,24675,33435,34416,38510,39440,26745,29833,19469,24290,6117,10311,2,8,4451,4557,8506,8918,9351,11167,12012,14681,16316,18516,16305,18455,15303,19242,5748,9637,237392,150173,43420,11921,77291,23926,7114,66,41
2021-06-09T23:59:59+02:00,21,38,8417,8463,17465,17491,22448,23630,32947,33947,38223,39219,26638,29728,19421,24231,6107,10298,2,7,4314,4439,8215,8654,9103,10912,11672,14310,15828,17965,15929,18021,15060,18955,5741,9627,233387,148321,41527,11880,77251,21998,6515,53,40
2021-06-08T23:59:59+02:00,12,26,8100,8144,16995,17077,22026,23263,32700,33751,38061,39089,26594,29687,19411,24209,6104,10293,0,7,4196,4358,7960,8399,8796,10567,11308,13963,15184,17259,15462,17495,14798,18676,5736,9609,230659,146598,41494,10761,77242,20279,6095,53,40
2021-06-07T23:59:59+02:00,9,22,7902,7913,16634,16753,21486,22801,32417,33482,37944,38971,26563,29639,19392,24179,6099,10292,0,7,4119,4277,7777,8256,8636,10420,11134,13792,14866,16929,15260,17235,14623,18482,5732,9604,229025,145500,40521,10668,77224,19265,5676,53,40
2021-06-06T23:59:59+02:00,7,19,7794,7805,16500,16607,21291,22594,32188,33255,37808,38865,26536,29613,19379,24162,6099,10286,0,7,4090,4240,7729,8136,8581,10288,11025,13645,14667,16708,15074,17054,14534,18361,5725,9598,227787,145007,40222,10654,77206,18220,5541,53,40
2021-06-05T23:59:59+02:00,7,19,7772,7792,16474,16582,21282,22590,32177,33248,37806,38864,26535,29613,19378,24161,6099,10286,0,7,4079,4199,7713,8069,8567,10155,11010,13473,14648,16602,15039,16999,14525,18351,5725,9597,227679,144917,40222,10654,77205,17620,5527,53,40
2021-06-04T23:59:59+02:00,7,17,7661,7689,16193,16344,21008,22341,31755,32873,37691,38741,26502,29574,19367,24148,6097,10284,0,7,4072,4189,7684,8044,8538,10124,10942,13400,14543,16467,14957,16907,14488,18307,5725,9595,226079,144573,39449,10324,77187,17527,5525,53,40
2021-06-03T23:59:59+02:00,5,17,7408,7457,15315,15550,19371,20953,30841,31944,37184,38278,26369,29439,19322,24096,6091,10266,0,7,4012,4150,7594,7971,8414,10026,10767,13215,13970,15893,14689,16589,14401,18199,5722,9582,219445,142334,37860,10202,77176,17252,5373,53,40
2021-06-02T23:59:59+02:00,5,17,7274,7312,14936,15125,18938,20548,30374,31487,36956,38015,26306,29374,19302,24067,6088,10264,0,7,3984,4119,7531,7885,8325,9930,10625,13083,13521,15459,14564,16405,14371,18161,5719,9577,216363,140532,37429,10107,77175,17218,5369,53,40
2021-06-01T23:59:59+02:00,5,14,6998,7071,14541,14817,18593,20227,30046,31173,36731,37782,26250,29296,19278,24039,6086,10253,0,7,3883,4036,7288,7709,8087,9734,10358,12808,13112,15033,14127,15947,14254,18004,5712,9569,213620,138377,37384,9853,77154,16408,4990,53,40
2021-05-31T23:59:59+02:00,5,14,6837,6881,14314,14582,17891,19626,29702,30829,36436,37518,26156,29196,19251,23986,6076,10241,0,7,3806,3928,7075,7456,7862,9450,10013,12421,12672,14511,13594,15331,14053,17773,5703,9553,212168,135177,35346,9529,77139,15626,4836,53,40
2021-05-30T23:59:59+02:00,5,14,6814,6865,14265,14540,17813,19566,29653,30788,36405,37491,26143,29183,19248,23979,6075,10239,0,7,3762,3855,6916,7242,7712,9208,9803,12097,12415,14156,13472,15159,13986,17690,5700,9546,211865,134435,35330,9425,77081,14069,4758,53,39
2021-05-29T23:59:59+02:00,5,14,6813,6864,14255,14533,17809,19560,29648,30783,36402,37490,26141,29180,19248,23978,6075,10239,0,7,3751,3843,6885,7208,7678,9157,9767,12049,12341,14056,13429,15090,13955,17665,5699,9541,211833,134291,35330,9424,77066,13611,4756,53,39
2021-05-28T23:59:59+02:00,5,14,6802,6851,14237,14520,17793,19538,29634,30770,36391,37470,26139,29176,19246,23974,6075,10239,0,6,3737,3819,6863,7167,7643,9102,9712,11944,12096,13786,13237,14897,13925,17624,5696,9538,211679,132987,35329,9423,77063,13592,4751,53,39
2021-05-27T23:59:59+02:00,5,14,6710,6769,13966,14303,17307,19188,28952,30225,36231,37337,26091,29142,19231,23959,6074,10233,0,6,3614,3655,6574,6913,7267,8790,9213,11384,11381,12882,12678,14323,13793,17429,5688,9526,210588,129438,33882,9083,77022,12363,4193,53,39
2021-05-26T23:59:59+02:00,5,14,6639,6663,13753,14100,17052,18876,28407,29710,36057,37162,26050,29094,19213,23930,6073,10226,0,6,3523,3511,6351,6625,6978,8361,8869,10903,10728,12078,12112,13702,13646,17210,5683,9504,208973,125799,33128,8897,77004,11190,3868,52,36
2021-05-25T23:59:59+02:00,5,14,6557,6566,13542,13880,16789,18663,27683,29061,35963,37064,26025,29064,19201,23914,6068,10225,0,6,3475,3415,6208,6457,6830,8168,8642,10608,10380,11709,11761,13219,13538,17047,5680,9496,208245,123929,31674,8759,76520,10122,3795,51,34
2021-05-24T23:59:59+02:00,5,14,6488,6470,13365,13680,16564,18383,27266,28632,35617,36662,25968,28996,19182,23890,6067,10223,0,6,3462,3394,6146,6374,6782,8083,8581,10512,10307,11610,11585,12984,13489,16955,5671,9475,207715,123289,29439,8707,76513,9631,3755,51,34
2021-05-23T23:59:59+02:00,5,14,6486,6469,13359,13671,16561,18373,27247,28622,35587,36628,25965,28990,19182,23883,6067,10223,0,3,3457,3390,6140,6363,6771,8076,8552,10481,10268,11550,11500,12881,13468,16921,5671,9474,207598,123274,29423,8288,76512,9621,3749,51,34
2021-05-22T23:59:59+02:00,5,14,6479,6466,13351,13659,16555,18368,27243,28620,35584,36622,25965,28990,19182,23883,6067,10223,0,3,3455,3390,6135,6360,6769,8072,8548,10479,10263,11547,11489,12867,13463,16917,5670,9474,207544,123233,29423,8288,76510,9597,3749,51,34
2021-05-21T23:59:59+02:00,5,14,6414,6409,13197,13555,16382,18218,26974,28441,35153,36356,25939,28953,19174,23877,6066,10219,0,3,3446,3380,6099,6337,6738,8038,8507,10430,10208,11497,10969,12152,13322,16757,5667,9469,206855,121464,29298,8285,75466,9559,3677,51,34
2021-05-20T23:59:59+02:00,4,13,6121,6208,12583,13137,15185,17294,25061,26937,34199,35588,25832,28806,19119,23795,6060,10203,0,3,3386,3333,6002,6222,6622,7880,8356,10264,9964,11187,10623,11691,13207,16572,5657,9455,202067,119431,27553,8203,72928,9208,3548,50,34
2021-05-19T23:59:59+02:00,4,13,5909,5965,12068,12674,14477,16588,24112,26117,33569,34983,25716,28714,19084,23737,6052,10191,0,3,3309,3257,5844,6048,6429,7635,8081,9981,9653,10803,10306,11273,13126,16425,5655,9447,196342,117494,27511,7999,72911,8588,3161,49,33
2021-05-18T23:59:59+02:00,4,12,5738,5852,11665,12355,13855,16087,22959,25166,32900,34378,25599,28579,19036,23685,6047,10181,0,3,3267,3225,5726,5935,6263,7475,7874,9762,9452,10561,10127,11020,12978,16200,5645,9438,191388,116311,26999,7929,72865,7880,2798,49,33
2021-05-17T23:59:59+02:00,4,11,5685,5809,11504,12249,13581,15866,22140,24529,32589,34063,25521,28518,19014,23655,6038,10171,0,3,3150,3151,5538,5751,6088,7259,7665,9534,9225,10316,10033,10892,12918,16136,5642,9433,189614,115538,26298,7921,72471,6727,2515,49,33
2021-05-16T23:59:59+02:00,4,11,5656,5789,11439,12192,13495,15786,21524,23979,31976,33535,25481,28473,19004,23640,6037,10171,0,3,3144,3129,5525,5682,6059,7198,7637,9434,9194,10231,10016,10870,12915,16132,5642,9433,188844,115424,24752,7913,72046,6376,2501,49,30
2021-05-15T23:59:59+02:00,4,11,5647,5780,11406,12183,13466,15777,21449,23907,31435,33157,25470,28468,19003,23637,6036,10170,0,3,3131,3114,5504,5639,6045,7123,7593,9316,8953,9976,9983,10839,12881,16081,5642,9432,188793,115416,24737,7775,71398,6007,2029,49,28
2021-05-14T23:59:59+02:00,4,11,5607,5753,11342,12144,13392,15712,21038,23593,31001,32807,25434,28422,18991,23621,6036,10168,0,3,3098,3074,5466,5551,6023,6986,7552,9112,8891,9780,9906,10729,12795,15951,5642,9429,188062,115240,24415,7438,70523,5255,2027,49,28
2021-05-13T23:59:59+02:00,4,10,5450,5597,10959,11848,12677,15125,18849,21846,29453,31335,25206,28179,18924,23550,6034,10164,0,3,3087,3039,5444,5512,6007,6929,7526,9042,8845,9718,9686,10483,12591,15642,5636,9418,184094,114875,20623,6605,68433,5089,2011,49,28
2021-05-12T23:59:59+02:00,2,10,5420,5570,10888,11788,12576,15037,18726,21720,29087,30970,25112,28081,18907,23522,6033,10159,0,3,3086,3032,5437,5506,5997,6915,7501,9027,8805,9663,9497,10249,12357,15318,5633,9411,183133,114584,19986,5733,68430,5083,2010,49,27
2021-05-11T23:59:59+02:00,2,10,5281,5462,10636,11533,12209,14667,18112,21074,28153,29994,24919,27891,18848,23447,6028,10145,0,3,3043,2991,5348,5349,5897,6728,7369,8780,8638,9440,9314,10050,12205,15126,5624,9390,179028,113509,19086,5624,68298,4185,1950,49,27
2021-05-10T23:59:59+02:00,2,9,5156,5387,10420,11340,11949,14409,17782,20739,27728,29585,24811,27784,18810,23401,6020,10141,0,3,2973,2937,5229,5232,5783,6624,7245,8638,8509,9332,9209,9924,12115,14997,5621,9381,177014,112971,18400,5611,68068,3201,1942,49,27
2021-05-09T23:59:59+02:00,2,9,5080,5342,10322,11220,11848,14288,17439,20453,27337,29207,24723,27696,18781,23365,6017,10138,0,3,2905,2905,5083,5189,5606,6581,7077,8609,8380,9296,9196,9914,12097,14976,5621,9381,176616,112890,17113,5602,67563,2374,1926,49,27
2021-05-08T23:59:59+02:00,2,9,5078,5340,10320,11214,11848,14287,17435,20451,27334,29204,24723,27696,18780,23365,6017,10138,0,3,2904,2904,5081,5189,5606,6581,7077,8609,8377,9295,9195,9913,12096,14976,5621,9381,176596,112887,17111,5601,67560,2368,1925,49,27
2021-05-07T23:59:59+02:00,2,9,5044,5314,10252,11162,11718,14163,17033,20176,26694,28645,24673,27644,18763,23333,6011,10108,0,3,2892,2897,5066,5179,5595,6565,7065,8598,8369,9284,9189,9905,12085,14956,5614,9353,175753,112872,17108,5595,66036,2323,1798,49,27
2021-05-06T23:59:59+02:00,2,9,4774,5155,9790,10819,11152,13644,15945,19151,24273,26344,24169,27111,18658,23231,6006,10094,0,3,2849,2849,4999,5102,5554,6473,6982,8478,8239,9131,9088,9790,12061,14905,5611,9350,170697,112329,14650,5539,63144,1781,1788,48,27
2021-05-05T23:59:59+02:00,2,9,4695,5072,9496,10590,10809,13318,15363,18551,23428,25375,23908,26783,18589,23125,5996,10076,0,2,2830,2812,4951,5017,5495,6348,6899,8311,8114,8913,8980,9657,11983,14818,5610,9341,167025,111373,13332,5533,62994,1361,1787,47,27
2021-05-04T23:59:59+02:00,2,9,4609,4980,9323,10392,10598,13075,14972,18154,22877,24807,23695,26506,18515,23043,5988,10062,0,2,2822,2776,4921,4941,5463,6224,6846,8169,8018,8758,8876,9544,11908,14759,5608,9338,164758,110864,12205,5521,62828,792,1769,47,27
2021-05-03T23:59:59+02:00,2,9,4538,4904,9131,10254,10421,12899,14688,17908,22461,24393,23555,26353,18488,22996,5988,10056,0,2,2749,2705,4838,4868,5386,6138,6750,8065,7834,8593,8788,9456,11867,14707,5605,9333,163240,110633,12204,5517,62728,682,825,47,27
2021-05-02T23:59:59+02:00,2,9,4525,4889,9055,10196,10296,12788,14359,17603,22158,24105,23505,26293,18469,22971,5987,10055,0,2,2743,2698,4780,4834,5298,6054,6610,7937,7715,8490,8742,9415,11843,14673,5603,9328,162351,110514,12200,5515,62623,665,44,47,27
2021-05-01T23:59:59+02:00,2,9,4524,4886,9053,10193,10295,12787,14355,17598,22155,24105,23504,26292,18469,22971,5987,10055,0,2,2743,2698,4780,4834,5298,6054,6608,7937,7715,8490,8742,9415,11843,14673,5603,9328,162327,110513,12199,5514,62623,665,44,47,27
2021-04-30T23:59:59+02:00,1,9,4450,4799,8814,9977,10032,12545,13873,17171,21312,23330,23379,26155,18453,22939,5984,10052,0,2,2739,2696,4769,4826,5288,6020,6597,7906,7682,8450,8737,9411,11842,14669,5601,9327,158726,110481,12197,5512,62295,532,10,47,27
2021-04-29T23:59:59+02:00,1,9,4303,4654,8333,9563,9328,11941,12867,16267,19455,21641,22665,25387,18314,22728,5978,10035,0,2,2715,2676,4725,4752,5243,5945,6531,7799,7600,8334,8623,9296,11774,14592,5594,9318,149492,109973,12180,5238,61742,271,10,45,27
2021-04-28T23:59:59+02:00,1,9,4272,4633,8260,9491,9252,11853,12747,16146,19236,21426,22576,25294,18287,22687,5976,10030,0,2,2712,2664,4700,4691,5215,5901,6501,7725,7551,8251,8606,9271,11757,14569,5592,9312,149097,109777,12092,5164,60933,44,9,45,26
2021-04-27T23:59:59+02:00,1,9,4234,4588,8122,9354,9137,11702,12599,15976,18786,20930,22341,25035,18222,22609,5973,10021,0,2,2708,2659,4697,4685,5205,5893,6488,7706,7517,8214,8543,9191,11675,14487,5588,9308,148362,109512,11015,4987,60209,36,9,44,22
2021-04-26T23:59:59+02:00,1,9,4192,4561,8015,9257,8989,11595,12427,15802,18373,20564,22207,24885,18185,22577,5972,10019,0,2,2708,2657,4693,4681,5200,5885,6475,7686,7484,8185,8495,9143,11619,14408,5584,9291,147577,109407,10880,4729,59121,31,8,44,21
2021-04-25T23:59:59+02:00,1,9,4178,4546,7977,9226,8925,11532,12290,15672,18027,20228,22006,24648,18144,22522,5968,10014,0,2,2708,2657,4692,4679,5197,5881,6470,7683,7482,8181,8439,9084,11596,14380,5584,9289,146188,109384,10867,4561,58806,30,8,44,21
2021-04-24T23:59:59+02:00,1,9,4170,4537,7960,9221,8910,11520,12240,15640,17968,20189,21991,24635,18142,22517,5968,10014,0,2,2707,2657,4692,4679,5197,5881,6470,7683,7482,8181,8439,9083,11596,14380,5584,9289,146084,109384,10866,4561,58632,29,8,42,20
2021-04-23T23:59:59+02:00,1,9,4150,4507,7902,9158,8823,11418,11901,15315,17533,19790,21774,24400,18078,22440,5966,10006,0,2,2704,2655,4688,4676,5190,5873,6455,7672,7458,8150,8418,9056,11587,14371,5582,9286,144813,109368,10520,4400,57789,28,7,42,20
2021-04-22T23:59:59+02:00,1,9,4102,4443,7771,8969,8637,11157,11575,14898,16618,18801,21200,23687,17942,22259,5955,9988,0,2,2696,2648,4683,4655,5167,5846,6410,7634,7382,8101,8283,8895,11438,14219,5577,9277,141077,108748,10386,4117,56501,21,7,41,20
2021-04-21T23:59:59+02:00,1,9,4061,4398,7671,8848,8479,10995,11277,14615,15879,18045,20819,23238,17867,22154,5950,9975,0,2,2687,2636,4665,4634,5150,5825,6398,7616,7353,8077,8233,8831,11397,14179,5575,9275,138141,108457,10254,4031,55840,19,7,39,19
2021-04-20T23:59:59+02:00,1,9,4036,4372,7636,8793,8400,10914,11112,14439,15444,17568,20350,22719,17762,22001,5941,9963,0,2,2678,2625,4655,4622,5125,5805,6370,7590,7312,8037,8136,8699,11318,14092,5571,9271,135973,107874,9988,3991,55453,18,7,39,18
2021-04-19T23:59:59+02:00,1,9,4006,4324,7572,8687,8307,10775,10954,14254,15191,17271,19865,22152,17595,21784,5930,9951,0,2,2673,2623,4650,4618,5111,5790,6351,7573,7285,7992,8082,8646,11291,14045,5569,9267,133894,107538,9634,3987,55056,18,7,37,18
2021-04-18T23:59:59+02:00,1,6,3986,4295,7511,8635,8201,10648,10694,14011,14698,16732,19432,21640,17472,21599,5926,9944,0,2,2672,2622,4650,4618,5111,5790,6350,7570,7282,7991,8078,8643,11288,14041,5568,9264,131464,107513,9562,3985,54361,17,7,37,18
2021-04-17T23:59:59+02:00,1,6,3983,4287,7490,8628,8190,10629,10651,13965,14586,16644,19311,21517,17450,21571,5925,9942,0,2,2672,2622,4649,4616,5104,5785,6336,7565,7257,7968,8031,8597,11269,14018,5566,9264,131021,107500,9552,3779,54159,17,7,37,18
2021-04-16T23:59:59+02:00,1,6,3972,4243,7419,8505,8087,10474,10457,13703,13914,15881,18744,20872,17325,21395,5914,9925,0,2,2669,2619,4644,4609,5099,5772,6318,7554,7219,7933,7721,8203,11175,13877,5559,9246,128172,106693,9491,3486,53131,16,6,37,18
2021-04-15T23:59:59+02:00,1,5,3928,4190,7305,8372,7908,10238,10121,13311,13184,15017,17927,20004,17083,21070,5899,9905,0,2,2668,2610,4632,4591,5085,5739,6284,7517,7147,7859,7158,7535,11045,13714,5555,9236,124502,105009,9330,3331,51594,14,5,37,18
2021-04-14T23:59:59+02:00,1,4,3902,4159,7240,8267,7801,10083,9941,13109,12766,14568,17399,19388,16932,20860,5893,9891,0,2,2634,2591,4614,4558,5057,5692,6249,7484,7089,7799,6504,6763,10778,13414,5551,9228,123104,102643,9087,3329,49974,12,5,34,18
2021-04-13T23:59:59+02:00,1,4,3898,4152,7202,8250,7744,10047,9833,13052,12394,14274,16708,18533,16693,20555,5889,9885,0,2,2608,2562,4594,4532,5029,5657,6190,7414,6998,7695,6289,6506,10182,12723,5542,9207,122388,100377,8865,3318,47822,12,5,34,18
2021-04-12T23:59:59+02:00,1,4,3885,4134,7146,8203,7687,9976,9722,12950,12145,14057,16264,18014,16505,20340,5884,9882,0,2,2579,2551,4527,4488,4923,5586,6072,7337,6880,7595,5541,5680,9729,12184,5502,9165,122045,96997,8828,3309,45888,12,5,33,18
2021-04-11T23:59:59+02:00,1,4,3870,4126,7104,8149,7627,9932,9630,12870,11908,13848,15693,17321,16226,19998,5879,9872,0,2,2503,2473,4398,4367,4773,5453,5910,7186,6730,7490,5238,5318,9597,12021,5502,9161,121446,94831,8393,3257,44182,11,5,32,18
2021-04-10T23:59:59+02:00,1,4,3852,4106,7064,8100,7583,9874,9568,12811,11817,13763,15475,17128,16177,19928,5878,9865,0,2,1942,1910,3585,3648,3903,4687,4906,6264,5873,6697,4964,5012,9468,11869,5495,9152,120976,86086,8393,3257,43588,11,5,32,18
2021-04-09T23:59:59+02:00,1,4,3831,4086,7025,8069,7522,9817,9418,12679,11487,13480,14289,15593,15731,19396,5865,9853,0,2,1084,1092,2230,2451,2391,3317,3121,4619,4238,5226,4268,4269,9215,11505,5469,9122,119068,70332,8390,3254,40652,11,4,32,18
2021-04-08T23:59:59+02:00,1,4,3805,4070,6963,8011,7418,9721,9230,12562,11080,13128,13149,14327,15310,18863,5843,9817,0,2,587,603,1309,1744,1484,2391,2019,3527,2857,3834,3017,2863,8391,10497,5311,8886,117794,56042,8305,3250,37169,10,2,32,18
2021-04-07T23:59:59+02:00,1,4,3758,4043,6884,7952,7326,9650,9102,12432,10765,12817,12415,13554,15089,18598,5837,9795,0,2,357,385,956,1399,1078,2005,1510,3064,1904,2829,1828,1569,7482,9343,5156,8626,116820,46214,8145,3250,35025,9,2,30,18
2021-04-06T23:59:59+02:00,1,4,3741,4031,6861,7911,7270,9584,9009,12353,10553,12598,12029,13056,14864,18304,5826,9782,0,2,350,372,946,1388,1064,1983,1482,3037,1845,2770,1749,1500,7062,8783,5004,8386,115539,44447,8046,3248,34163,8,2,27,18
2021-04-05T23:59:59+02:00,1,4,3735,4029,6849,7897,7256,9573,8990,12325,10489,12538,11917,12907,14765,18211,5824,9779,0,2,348,365,936,1384,1058,1974,1472,3016,1823,2736,1695,1447,6829,8472,4879,8200,115195,43362,8024,3246,33842,8,2,26,18
2021-04-04T23:59:59+02:00,1,4,3735,4029,6847,7891,7255,9572,8987,12325,10479,12533,11913,12903,14762,18210,5824,9779,0,2,348,364,934,1383,1057,1972,1471,3015,1821,2733,1692,1442,6822,8458,4874,8197,115189,43313,8023,3244,33809,8,2,26,18
2021-04-03T23:59:59+02:00,1,4,3735,4029,6847,7890,7254,9572,8987,12324,10478,12533,11913,12902,14760,18207,5824,9779,0,2,348,363,932,1379,1055,1971,1470,3010,1819,2733,1686,1430,6779,8376,4839,8161,115184,43082,8023,3244,33804,7,2,26,18
2021-04-02T23:59:59+02:00,1,4,3733,4027,6842,7886,7247,9566,8974,12315,10462,12517,11786,12786,14716,18149,5821,9770,0,2,346,361,929,1373,1049,1959,1455,2985,1778,2694,1590,1344,6010,7474,4396,7589,115052,40389,8017,2919,33506,7,1,26,18
2021-04-01T23:59:59+02:00,1,3,3694,4014,6807,7864,7205,9534,8921,12276,10388,12446,11434,12378,14335,17627,5815,9752,0,2,341,358,912,1359,1037,1938,1423,2940,1718,2626,1464,1245,5061,6346,3826,6746,114648,36402,6594,2914,33225,7,1,26,18
2021-03-31T23:59:59+02:00,0,3,3688,4008,6793,7845,7187,9515,8886,12243,10298,12374,11099,11968,13984,17128,5809,9730,0,2,338,354,904,1348,1026,1921,1403,2912,1668,2589,1395,1192,4467,5656,3463,6268,114062,34040,5584,2840,32885,7,1,26,18
2021-03-30T23:59:59+02:00,0,3,3670,3981,6757,7806,7129,9448,8796,12140,10136,12217,10839,11691,13764,16862,5802,9716,0,2,334,347,898,1337,1018,1915,1379,2905,1640,2563,1368,1166,4347,5532,3401,6173,113243,33659,5331,2640,32158,7,1,24,18
2021-03-29T23:59:59+02:00,0,3,3660,3959,6731,7783,7089,9393,8700,12045,9952,12007,10399,11220,13390,16393,5786,9683,0,2,328,344,894,1325,1012,1906,1369,2892,1626,2554,1344,1150,4212,5388,3303,6040,111558,33031,5025,2633,31585,6,1,24,18
2021-03-28T23:59:59+02:00,0,3,3619,3902,6616,7625,6972,9249,8574,11852,9799,11815,10188,10957,13213,16211,5782,9674,0,2,328,344,894,1323,1010,1905,1367,2892,1625,2552,1335,1147,4179,5345,3277,6014,111182,32985,4760,2530,30085,5,1,23,18
2021-03-27T23:59:59+01:00,0,3,3618,3890,6604,7561,6942,9136,8524,11681,9747,11661,10075,10833,13119,16122,5781,9674,0,2,328,343,894,1323,1010,1902,1367,2890,1621,2551,1333,1145,4153,5310,3264,5999,111171,32882,4760,2529,29016,5,1,23,18
2021-03-26T23:59:59+01:00,0,3,3611,3883,6576,7524,6914,9061,8476,11568,9655,11533,10026,10770,13070,16065,5773,9653,0,2,323,341,893,1320,1006,1891,1364,2868,1601,2537,1308,1128,3966,5080,3155,5843,111112,32113,4536,2489,28489,5,1,23,18
2021-03-25T23:59:59+01:00,0,3,3587,3851,6482,7400,6822,8894,8286,11337,9346,11216,9646,10385,12764,15748,5768,9642,0,2,323,340,891,1311,1002,1880,1350,2855,1577,2518,1282,1108,3727,4830,2902,5501,110732,30887,4322,2489,26099,4,1,23,18
2021-03-24T23:59:59+01:00,0,3,3529,3799,6392,7216,6697,8668,8122,11099,9119,10891,9229,9894,12346,15289,5757,9631,0,2,323,339,890,1307,997,1878,1343,2850,1561,2502,1273,1098,3660,4756,2717,5274,110213,30261,4182,2489,23262,1,1,23,18
2021-03-23T23:59:59+01:00,0,3,3511,3766,6346,7160,6620,8609,8004,10972,8872,10657,8807,9425,11893,14767,5747,9617,0,2,323,339,889,1297,992,1869,1338,2841,1557,2493,1248,1073,3568,4679,2519,4950,109395,29469,4092,2489,21266,1,0,23,18
2021-03-22T23:59:59+01:00,0,3,3502,3746,6304,7132,6583,8561,7938,10897,8724,10521,8524,9073,11591,14443,5712,9578,0,2,321,334,883,1286,984,1862,1330,2830,1547,2483,1236,1064,3539,4643,2500,4917,108725,29253,4090,2489,19994,1,0,23,18
2021-03-21T23:59:59+01:00,0,3,3500,3744,6300,7122,6565,8545,7921,10878,8667,10463,8404,8956,11521,14340,5709,9575,0,2,319,333,875,1283,977,1855,1321,2828,1542,2479,1232,1061,3530,4628,2485,4907,108638,29149,4088,2489,19464,1,0,23,18
2021-03-20T23:59:59+01:00,0,3,3491,3706,6292,7050,6548,8407,7894,10694,8623,10327,8326,8870,11483,14301,5709,9575,0,2,319,333,875,1283,977,1854,1320,2828,1542,2477,1232,1061,3530,4627,2485,4907,108602,29145,3876,2488,18798,1,0,23,18
2021-03-19T23:59:59+01:00,0,3,3478,3676,6264,6964,6524,8313,7848,10577,8510,10166,7782,8261,11295,14057,5700,9557,0,2,316,332,870,1276,960,1844,1298,2797,1492,2432,1147,992,2858,3830,2065,4323,106974,26327,3575,2488,18403,1,0,23,18
2021-03-18T23:59:59+01:00,0,3,3467,3658,6223,6924,6488,8251,7783,10491,8394,10038,6819,7156,11014,13755,5688,9532,0,2,315,332,866,1271,954,1834,1282,2788,1468,2411,1108,972,2650,3590,1908,4099,103938,25343,3412,2488,18311,1,0,23,18
2021-03-17T23:59:59+01:00,0,3,3429,3619,6152,6837,6433,8147,7691,10360,8263,9880,6129,6305,10732,13440,5671,9505,0,2,314,332,858,1265,949,1821,1268,2766,1449,2384,1070,947,2521,3457,1825,3982,101130,24705,3410,2488,18033,1,0,23,16
2021-03-16T23:59:59+01:00,0,3,3410,3587,6114,6785,6388,8073,7636,10295,8172,9778,5952,6128,10017,12620,5630,9440,0,2,307,321,844,1248,937,1812,1262,2746,1437,2376,1055,926,2304,3210,1688,3784,98843,23756,3397,2486,17765,1,0,23,16
2021-03-15T23:59:59+01:00,0,3,3373,3554,6015,6702,6258,7979,7492,10174,8044,9651,5197,5291,9567,12068,5586,9370,0,2,306,320,840,1244,935,1804,1260,2733,1428,2367,1041,914,2159,3035,1596,3689,95305,23171,3388,2485,17608,1,0,23,16
2021-03-14T23:59:59+01:00,0,3,3249,3413,5736,6358,5986,7618,7175,9759,7758,9334,4864,4900,9406,11867,5582,9355,0,2,306,319,840,1244,934,1804,1257,2732,1426,2364,1038,911,2156,3032,1593,3688,92909,23147,3333,2482,16098,1,0,23,16
2021-03-13T23:59:59+01:00,0,3,2594,2759,4802,5492,4974,6691,5987,8645,6742,8385,4547,4517,9019,11341,5491,9248,0,2,306,318,839,1242,934,1798,1255,2730,1425,2364,1038,910,2132,2995,1562,3652,82242,23003,3333,2482,15639,1,0,23,16
2021-03-12T23:59:59+01:00,0,2,1771,1951,3469,4340,3465,5361,4238,7005,5098,6871,3871,3808,7761,9789,4977,8558,0,2,302,314,837,1238,927,1791,1248,2710,1401,2347,992,883,1775,2529,1288,3289,63375,21374,3330,2482,15607,1,0,23,16
2021-03-11T23:59:59+01:00,0,2,1275,1474,2564,3600,2564,4427,3144,5915,3736,5484,2693,2528,6053,7676,4201,7375,0,2,297,305,821,1230,914,1768,1230,2681,1375,2300,954,863,1615,2294,1161,3099,46058,20410,3327,2482,15303,1,0,23,16
2021-03-10T23:59:59+01:00,0,2,1053,1258,2195,3243,2189,4034,2693,5474,2823,4518,1555,1322,4688,5950,3634,6607,0,2,287,295,803,1209,892,1731,1196,2607,1336,2234,926,843,1433,2103,1064,2923,34986,19495,3326,2373,14904,0,0,22,16
2021-03-09T23:59:59+01:00,0,2,1037,1227,2132,3106,2124,3919,2609,5340,2740,4392,1521,1291,4610,5874,3592,6548,0,2,283,288,789,1188,875,1705,1169,2565,1318,2207,911,831,1355,1979,992,2807,34569,18919,3323,2329,14150,0,0,22,16
2021-03-08T23:59:59+01:00,0,2,1015,1198,2074,3004,2083,3838,2549,5226,2685,4319,1483,1268,4463,5713,3490,6405,0,2,283,284,784,1180,873,1696,1161,2557,1310,2190,886,810,1184,1752,865,2636,33868,18112,3323,2325,13602,0,0,22,16
2021-03-07T23:59:59+01:00,0,2,1010,1179,2034,2958,2041,3797,2508,5161,2644,4282,1478,1265,4456,5705,3487,6405,0,2,283,284,784,1179,873,1696,1161,2557,1309,2190,883,810,1175,1742,856,2625,33832,18111,3317,2282,13241,0,0,22,16
2021-03-06T23:59:59+01:00,0,2,1009,1176,2023,2943,2029,3778,2492,5134,2627,4260,1465,1255,4422,5659,3473,6393,0,2,283,284,784,1179,873,1695,1161,2557,1309,2190,883,810,1175,1742,856,2624,33688,18110,3316,2281,13114,0,0,22,16
2021-03-05T23:59:59+01:00,0,2,1005,1170,2007,2923,1999,3754,2449,5079,2573,4223,1429,1227,4152,5333,3321,6171,0,2,282,280,777,1170,867,1687,1158,2548,1305,2179,869,806,1167,1733,855,2622,32940,18012,2983,2280,12872,0,0,22,15
2021-03-04T23:59:59+01:00,0,2,913,1019,1918,2797,1932,3616,2372,4924,2483,4063,1398,1205,3909,5071,3054,5816,0,2,282,278,774,1165,864,1678,1157,2534,1300,2170,837,790,1153,1723,848,2609,31674,17893,2978,2256,11818,0,0,22,15
2021-03-03T23:59:59+01:00,0,2,866,907,1851,2697,1861,3512,2302,4809,2409,3979,1385,1190,3799,4964,2831,5541,0,2,280,275,773,1153,861,1659,1150,2492,1290,2144,820,786,1145,1702,839,2600,30992,17857,2857,2099,11034,0,0,22,15
2021-03-02T23:59:59+01:00,0,2,822,830,1755,2573,1777,3388,2210,4685,2349,3900,1350,1168,3669,4829,2621,5189,0,2,280,274,772,1147,857,1654,1144,2487,1284,2133,818,784,1130,1681,828,2581,30253,17744,2667,2097,10175,0,0,22,15
2021-03-01T23:59:59+01:00,0,2,799,793,1656,2430,1705,3243,2109,4512,2269,3779,1332,1156,3618,4764,2577,5129,0,2,280,272,768,1142,852,1641,1139,2475,1279,2121,811,781,1125,1669,820,2573,29997,17638,2583,2097,9271,0,0,22,15
2021-02-28T23:59:59+01:00,0,2,793,770,1639,2361,1677,3169,2086,4413,2254,3711,1326,1150,3608,4748,2562,5118,0,2,279,271,768,1141,852,1636,1139,2473,1279,2116,807,779,1117,1656,816,2563,29888,17615,2579,2064,8899,0,0,21,15
2021-02-27T23:59:59+01:00,0,2,778,753,1617,2300,1660,3058,2067,4287,2233,3616,1323,1147,3608,4746,2560,5117,0,2,279,271,768,1141,852,1636,1139,2473,1279,2115,807,779,1107,1650,799,2549,29882,17614,2578,2017,8391,0,0,21,15
2021-02-26T23:59:59+01:00,0,2,650,672,1511,2187,1608,2900,2004,4050,2132,3380,1231,1076,2953,3949,2125,4523,0,2,279,270,767,1139,851,1635,1139,2471,1277,2112,805,774,1089,1637,789,2532,27059,17538,2578,2015,7295,0,0,21,15
2021-02-25T23:59:59+01:00,0,2,501,595,1394,2082,1540,2771,1944,3924,2030,3266,1180,1041,2720,3678,1958,4279,0,2,262,255,743,1117,809,1566,1089,2370,1201,2020,749,753,1056,1599,777,2504,25981,17447,2550,1410,6353,0,0,21,15
2021-02-24T23:59:59+01:00,0,2,472,565,1324,1973,1470,2628,1875,3773,1954,3115,1142,1012,2579,3542,1878,4158,0,2,235,243,718,1071,782,1505,1059,2307,1146,1969,722,730,1008,1569,764,2473,25333,17255,2538,1033,5570,0,0,21,15
2021-02-23T23:59:59+01:00,0,2,417,525,1243,1831,1395,2481,1799,3561,1885,2993,1116,976,2370,3312,1750,3965,0,2,230,237,703,1045,770,1466,1037,2260,1119,1926,713,719,999,1555,761,2469,24391,17160,2529,836,4680,0,0,21,15
2021-02-22T23:59:59+01:00,0,2,404,491,1143,1722,1292,2382,1690,3454,1804,2921,1094,963,2226,3137,1658,3866,0,2,220,228,679,993,739,1403,1011,2166,1076,1843,669,686,929,1475,722,2410,23797,16966,2526,270,3905,0,0,21,15
2021-02-21T23:59:59+01:00,0,2,387,475,1042,1690,1142,2358,1533,3431,1699,2903,1086,961,2225,3136,1658,3866,0,2,193,222,648,985,727,1395,997,2161,1070,1841,666,683,926,1469,714,2402,23766,16832,2526,255,3281,0,0,21,14
2021-02-20T23:59:59+01:00,0,2,386,473,1041,1690,1141,2358,1532,3428,1699,2901,1086,960,2224,3136,1657,3865,0,2,192,220,645,985,724,1394,991,2158,1068,1841,666,683,926,1469,714,2401,23760,16810,2525,255,3273,0,0,21,14
2021-02-19T23:59:59+01:00,0,2,381,464,1029,1686,1130,2348,1517,3409,1666,2886,1035,931,1848,2628,1355,3471,0,2,169,210,619,981,707,1386,974,2156,1062,1839,663,682,925,1469,713,2398,21993,16686,2525,255,3247,0,0,21,14
2021-02-18T23:59:59+01:00,0,2,360,443,990,1601,1092,2262,1462,3292,1624,2794,1005,907,1670,2382,1221,3260,0,2,149,199,580,970,687,1373,940,2139,1036,1816,652,662,904,1441,699,2376,20991,16357,2525,255,2830,0,0,21,13
2021-02-17T23:59:59+01:00,0,2,337,391,907,1458,984,2066,1329,3037,1513,2573,967,877,1478,2168,1120,3079,0,2,143,192,567,939,662,1319,907,2060,989,1739,617,630,897,1414,693,2356,19909,15858,2525,255,1833,0,0,19,13
2021-02-16T23:59:59+01:00,0,2,331,351,865,1320,933,1880,1268,2817,1446,2412,956,860,1415,2071,1052,2976,0,2,137,179,553,898,647,1265,880,1995,959,1697,607,620,873,1381,679,2291,19531,15530,2524,120,881,0,0,19,13
2021-02-15T23:59:59+01:00,0,2,316,309,836,1289,916,1824,1227,2733,1407,2355,927,827,1236,1841,921,2798,0,2,129,171,532,871,629,1203,854,1922,936,1620,586,583,855,1344,670,2246,18612,15060,2523,80,612,0,0,17,13
2021-02-14T23:59:59+01:00,0,2,316,309,835,1289,915,1823,1226,2733,1406,2355,927,827,1236,1841,921,2797,0,2,128,171,531,863,625,1197,848,1916,933,1617,585,582,852,1343,669,2242,18610,15012,2523,79,608,0,0,17,13
2021-02-13T23:59:59+01:00,0,2,316,309,835,1289,915,1820,1226,2731,1406,2353,927,827,1236,1841,919,2797,0,2,128,171,531,863,625,1197,845,1913,931,1613,582,582,837,1321,657,2225,18603,15009,2521,1,608,0,0,17,13
2021-02-12T23:59:59+01:00,0,2,310,308,826,1284,911,1790,1220,2704,1378,2323,925,825,1235,1838,919,2797,0,2,128,171,529,861,624,1190,839,1901,925,1600,579,580,823,1310,652,2212,18595,14912,2521,1,462,0,0,17,13
2021-02-11T23:59:59+01:00,0,2,292,299,811,1249,905,1755,1203,2640,1355,2268,891,811,1223,1827,918,2787,0,2,125,156,511,822,602,1125,805,1801,902,1541,566,566,796,1274,637,2179,18483,14397,2520,0,216,0,0,17,13
2021-02-10T23:59:59+01:00,0,2,288,290,792,1210,892,1726,1191,2594,1340,2226,886,809,1208,1810,912,2768,0,2,121,146,444,737,556,1032,727,1674,844,1455,551,549,779,1251,625,2149,18454,13641,2415,0,59,0,0,16,1
2021-02-09T23:59:59+01:00,0,2,288,287,786,1194,880,1707,1175,2574,1324,2200,871,803,1194,1791,900,2748,0,2,105,127,386,648,503,898,646,1466,755,1262,496,469,659,1080,544,1883,18337,11928,2368,0,3,0,0,16,1
2021-02-08T23:59:59+01:00,0,2,288,286,784,1188,876,1700,1172,2570,1317,2192,865,800,1178,1767,882,2723,0,2,94,103,339,551,451,794,556,1254,647,1094,418,392,570,880,439,1547,18208,10130,2365,0,1,0,0,16,1
2021-02-07T23:59:59+01:00,0,2,287,285,783,1186,875,1700,1172,2569,1317,2189,859,798,1177,1764,880,2721,0,2,91,102,337,546,449,790,554,1244,643,1088,412,386,549,857,433,1532,18184,10014,2364,0,0,0,0,16,1
2021-02-06T23:59:59+01:00,0,2,287,284,782,1185,875,1699,1172,2569,1317,2188,858,798,1175,1758,878,2719,0,2,91,101,337,542,448,789,553,1240,641,1086,408,381,500,788,402,1486,18168,9794,2362,0,0,0,0,16,1
2021-02-05T23:59:59+01:00,0,2,287,283,782,1184,874,1698,1171,2568,1316,2183,851,792,1152,1747,871,2703,0,1,85,98,329,536,432,770,528,1204,612,1042,385,352,474,760,381,1439,18086,9427,2362,0,0,0,0,16,1
2021-02-04T23:59:59+01:00,0,2,284,275,778,1163,862,1676,1156,2540,1302,2159,828,778,1123,1716,864,2684,0,0,71,79,260,413,337,599,410,974,500,839,313,288,366,614,314,1216,17836,7592,2338,0,0,0,0,16,1
2021-02-03T23:59:59+01:00,0,2,283,270,774,1140,860,1649,1149,2489,1290,2128,809,764,1107,1694,852,2671,0,0,57,58,171,283,262,447,290,722,372,598,216,206,261,453,225,911,17737,5531,2178,0,0,0,0,16,1
2021-02-02T23:59:59+01:00,0,2,282,264,770,1130,854,1627,1141,2463,1277,2110,802,757,1099,1683,850,2663,0,0,37,36,94,144,153,260,178,451,241,378,142,136,179,276,158,588,17581,3450,2177,0,0,0,0,16,1
2021-02-01T23:59:59+01:00,0,2,280,260,765,1111,846,1606,1136,2434,1273,2075,792,744,1092,1672,845,2647,0,0,13,13,17,31,29,69,49,91,77,105,56,48,66,83,47,199,17388,993,2176,0,0,0,0,16,0
2021-01-31T23:59:59+01:00,0,2,274,258,749,1109,837,1595,1126,2423,1262,2067,786,738,1082,1654,838,2633,0,0,12,13,16,29,26,66,43,86,69,97,52,48,61,76,44,186,17351,924,2067,0,0,0,0,15,0
2021-01-30T23:59:59+01:00,0,2,274,258,749,1108,836,1595,1126,2423,1262,2067,785,738,1072,1647,821,2618,0,0,12,11,15,29,25,66,43,86,68,95,51,47,60,76,44,185,17346,913,2020,0,0,0,0,15,0
2021-01-29T23:59:59+01:00,0,2,272,258,749,1107,836,1595,1126,2423,1262,2066,784,737,1071,1645,821,2616,0,0,10,6,13,27,25,64,42,85,67,95,50,46,60,76,44,185,17337,895,2018,0,0,0,0,15,0
2021-01-28T23:59:59+01:00,0,2,268,254,738,1081,801,1539,1089,2362,1184,2006,743,722,1043,1625,805,2595,0,0,5,0,4,9,10,28,20,37,22,45,22,22,26,49,17,109,17154,425,1689,0,0,0,0,14,0
2021-01-27T23:59:59+01:00,0,2,262,247,715,1049,755,1482,1030,2281,1111,1925,708,695,1029,1602,802,2588,0,0,4,0,4,6,7,24,15,23,15,32,7,9,11,12,5,30,16704,204,1565,0,0,0,0,14,0
2021-01-26T23:59:59+01:00,0,2,239,238,700,1023,747,1434,1010,2207,1084,1860,696,681,1005,1586,792,2569,0,0,4,0,2,6,6,13,13,12,8,11,4,5,7,8,2,17,16654,118,1206,0,0,0,0,13,0
2021-01-25T23:59:59+01:00,0,2,208,223,647,950,695,1312,967,2061,1026,1724,649,625,927,1489,745,2493,0,0,4,0,2,6,6,13,13,12,8,11,4,5,7,8,2,17,16425,118,305,0,0,0,0,13,0
2021-01-24T23:59:59+01:00,0,2,191,217,621,938,677,1297,949,2044,1010,1714,642,619,916,1469,736,2480,0,0,3,0,2,5,6,13,12,12,7,11,4,5,7,8,2,17,16249,114,260,0,0,0,0,13,0
2021-01-23T23:59:59+01:00,0,2,191,217,621,938,677,1297,949,2044,1010,1714,642,619,916,1469,736,2480,0,0,3,0,2,4,6,13,10,12,7,11,4,5,7,8,2,17,16249,111,260,0,0,0,0,13,0
2021-01-22T23:59:59+01:00,0,2,144,199,563,928,659,1282,915,2034,998,1704,637,618,915,1469,736,2480,0,0,3,0,1,4,6,11,10,12,6,11,4,5,7,8,2,17,16010,107,260,0,0,0,0,13,0
2021-01-21T23:59:59+01:00,0,2,139,190,548,907,639,1241,882,1980,977,1657,625,597,903,1437,729,2461,0,0,3,0,0,4,5,11,9,12,6,11,4,5,7,8,2,16,15641,103,260,0,0,0,0,13,0
2021-01-20T23:59:59+01:00,0,2,133,173,501,844,616,1163,819,1870,940,1585,605,579,886,1414,719,2431,0,0,3,0,0,4,5,11,9,12,6,11,3,5,7,8,2,16,15009,102,258,0,0,0,0,13,0
2021-01-19T23:59:59+01:00,0,2,123,155,429,758,554,1035,735,1681,840,1426,558,529,785,1252,637,2167,0,0,3,0,0,4,5,8,9,12,6,11,3,5,7,8,2,16,13462,99,191,0,0,0,0,13,0
2021-01-18T23:59:59+01:00,0,2,105,121,360,607,463,863,604,1420,714,1216,488,463,696,1088,559,1876,0,0,1,0,0,1,1,0,0,0,0,1,0,0,0,1,0,0,11550,5,82,0,0,0,0,13,0
2021-01-17T23:59:59+01:00,0,2,100,119,356,602,461,857,602,1402,707,1206,482,453,669,1057,539,1830,0,0,1,0,0,1,0,0,0,0,0,1,0,0,0,1,0,0,11350,4,81,0,0,0,0,13,0
2021-01-16T23:59:59+01:00,0,2,100,116,354,593,458,852,590,1389,696,1193,467,439,572,931,478,1731,0,0,0,0,0,1,0,0,0,0,0,0,0,0,0,0,0,0,10945,1,3,0,0,0,0,13,0
2021-01-15T23:59:59+01:00,0,2,98,114,349,591,452,847,584,1381,679,1176,451,421,563,919,467,1707,0,0,0,0,0,0,0,0,0,0,0,0,0,0,0,0,0,0,10787,0,1,0,0,0,0,13,0
2021-01-14T23:59:59+01:00,0,0,80,91,294,489,373,683,466,1127,560,996,370,338,443,753,383,1451,0,0,0,0,0,0,0,0,0,0,0,0,0,0,0,0,0,0,8884,0,0,0,0,0,0,13,0
2021-01-13T23:59:59+01:00,0,0,66,68,208,372,297,512,353,844,430,714,261,239,327,566,294,1114,0,0,0,0,0,0,0,0,0,0,0,0,0,0,0,0,0,0,6653,0,0,0,0,0,0,12,0
2021-01-12T23:59:59+01:00,0,0,44,46,130,220,184,317,214,536,287,446,168,155,214,372,202,749,0,0,0,0,0,0,0,0,0,0,0,0,0,0,0,0,0,0,4284,0,0,0,0,0,0,0,0
2021-01-11T23:59:59+01:00,0,0,14,15,45,62,43,98,62,123,100,132,70,61,94,115,58,256,0,0,0,0,0,0,0,0,0,0,0,0,0,0,0,0,0,0,1348,0,0,0,0,0,0,0,0
2021-01-10T23:59:59+01:00,0,0,13,15,32,50,36,80,53,114,85,122,63,57,86,105,55,241,0,0,0,0,0,0,0,0,0,0,0,0,0,0,0,0,0,0,1207,0,0,0,0,0,0,0,0
2021-01-09T23:59:59+01:00,0,0,13,14,28,49,35,79,52,113,83,119,62,56,85,104,53,240,0,0,0,0,0,0,0,0,0,0,0,0,0,0,0,0,0,0,1185,0,0,0,0,0,0,0,0
2021-01-08T23:59:59+01:00,0,0,9,6,28,43,33,76,50,110,82,118,59,52,79,99,49,240,0,0,0,0,0,0,0,0,0,0,0,0,0,0,0,0,0,0,1133,0,0,0,0,0,0,0,0
2021-01-07T23:59:59+01:00,0,0,6,1,10,22,16,42,28,77,36,77,33,27,52,82,33,183,0,0,0,0,0,0,0,0,0,0,0,0,0,0,0,0,0,0,725,0,0,0,0,0,0,0,0
2021-01-06T23:59:59+01:00,0,0,6,0,5,11,11,34,25,43,22,48,27,24,38,56,23,131,0,0,0,0,0,0,0,0,0,0,0,0,0,0,0,0,0,0,504,0,0,0,0,0,0,0,0
2021-01-05T23:59:59+01:00,0,0,5,0,5,10,11,34,25,43,22,48,27,24,38,55,23,131,0,0,0,0,0,0,0,0,0,0,0,0,0,0,0,0,0,0,501,0,0,0,0,0,0,0,0
2021-01-04T23:59:59+01:00,0,0,4,0,2,5,5,14,14,12,7,12,4,5,7,9,2,18,0,0,0,0,0,0,0,0,0,0,0,0,0,0,0,0,0,0,120,0,0,0,0,0,0,0,0
2021-01-03T23:59:59+01:00,0,0,3,0,2,5,5,13,13,12,7,12,4,5,7,9,2,17,0,0,0,0,0,0,0,0,0,0,0,0,0,0,0,0,0,0,116,0,0,0,0,0,0,0,0
2021-01-02T23:59:59+01:00,0,0,3,0,2,5,5,13,11,12,7,12,4,5,7,9,2,17,0,0,0,0,0,0,0,0,0,0,0,0,0,0,0,0,0,0,114,0,0,0,0,0,0,0,0
2021-01-01T23:59:59+01:00,0,0,3,0,1,4,5,11,11,12,6,12,4,5,7,8,2,17,0,0,0,0,0,0,0,0,0,0,0,0,0,0,0,0,0,0,108,0,0,0,0,0,0,0,0
2020-12-31T23:59:59+01:00,0,0,3,0,0,4,5,11,9,12,6,12,4,5,7,8,2,17,0,0,0,0,0,0,0,0,0,0,0,0,0,0,0,0,0,0,105,0,0,0,0,0,0,0,0
2020-12-30T23:59:59+01:00,0,0,3,0,0,4,5,11,9,12,6,12,3,5,7,8,2,17,0,0,0,0,0,0,0,0,0,0,0,0,0,0,0,0,0,0,104,0,0,0,0,0,0,0,0
2020-12-29T23:59:59+01:00,0,0,3,0,0,3,5,8,9,12,6,12,3,5,7,8,2,17,0,0,0,0,0,0,0,0,0,0,0,0,0,0,0,0,0,0,100,0,0,0,0,0,0,0,0
2020-12-28T23:59:59+01:00,0,0,3,0,0,3,5,8,9,12,5,12,3,5,7,8,2,17,0,0,0,0,0,0,0,0,0,0,0,0,0,0,0,0,0,0,99,0,0,0,0,0,0,0,0
2020-12-27T23:59:59+01:00,0,0,1,0,0,0,0,0,0,0,0,1,0,0,2,4,0,8,0,0,0,0,0,0,0,0,0,0,0,0,0,0,0,0,0,0,16,0,0,0,0,0,0,0,0
