Datum,<15_m,<15_w,15-24_1_m,15-24_1_w,25-34_1_m,25-34_1_w,35-44_1_m,35-44_1_w,45-54_1_m,45-54_1_w,55-64_1_m,55-64_1_w,65-74_1_m,65-74_1_w,75-84_1_m,75-84_1_w,>84_1_m,>84_1_w,<24_2_m,<24_2_w,25-34_2_m,25-34_2_w,35-44_2_m,35-44_2_w,45-54_2_m,45-54_2_w,55-64_2_m,55-64_2_w,65-74_2_m,65-74_2_w,75-84_2_m,75-84_2_w,>84_2_m,>84_2_w,bp_1,bp_2,mo_1,mo_2,az_1,az_2,ja,unb_1,unb_2
2021-09-17T23:59:59+02:00,3141,2835,24331,23391,33655,31172,33902,33952,39442,39858,43061,43218,28275,31480,20060,25217,6120,10376,21686,20716,31305,28387,31959,31556,37315,37402,40950,41109,27143,30203,19267,24051,5840,9771,330410,308273,45295,43541,77799,71309,19918,67,31
2021-09-16T23:59:59+02:00,3091,2788,24222,23263,33561,31069,33839,33850,39396,39797,43010,43168,28251,31460,20044,25206,6117,10369,21588,20621,31229,28321,31892,31496,37293,37347,40920,41072,27132,30184,19260,24043,5839,9770,329613,307705,45257,43534,77799,71303,19768,67,31
2021-09-15T23:59:59+02:00,3067,2775,24181,23216,33530,31024,33825,33819,39366,39769,42992,43150,28241,31449,20038,25200,6116,10367,21551,20578,31199,28277,31868,31473,37261,37313,40896,41046,27118,30175,19253,24035,5838,9766,329283,307352,45243,43533,77798,71301,19737,67,31
2021-09-14T23:59:59+02:00,3029,2743,24080,23074,33393,30885,33744,33735,39310,39719,42941,43100,28223,31432,20029,25192,6112,10362,21466,20496,31110,28191,31804,31414,37214,37270,40852,41020,27107,30155,19244,24027,5836,9763,328493,306838,45209,43525,77797,71297,19540,67,31
2021-09-13T23:59:59+02:00,3011,2723,24030,23022,33350,30829,33714,33684,39284,39689,42911,43076,28217,31420,20024,25191,6111,10359,21416,20453,31070,28142,31776,31382,37190,37249,40839,40998,27101,30149,19240,24023,5835,9762,328123,306549,45192,43511,77797,71296,19469,67,31
2021-09-12T23:59:59+02:00,3007,2716,24025,23014,33346,30826,33704,33678,39279,39686,42908,43074,28215,31418,20023,25190,6111,10358,21401,20445,31061,28125,31757,31374,37184,37242,40833,40992,27096,30148,19238,24020,5835,9760,328058,306431,45192,43511,77796,71295,19468,67,31
2021-09-11T23:59:59+02:00,3005,2715,24023,23012,33344,30824,33702,33677,39279,39684,42907,43074,28212,31416,20023,25190,6111,10358,21396,20444,31060,28122,31757,31374,37184,37241,40832,40991,27094,30148,19238,24020,5835,9760,328037,306414,45192,43511,77796,71295,19467,67,31
2021-09-10T23:59:59+02:00,2963,2670,23890,22886,33223,30711,33601,33601,39205,39602,42860,43034,28196,31399,20018,25182,6110,10356,21281,20345,30954,28032,31667,31319,37120,37201,40786,40958,27086,30138,19232,24010,5833,9759,327304,305882,45173,43493,77796,71294,19170,67,31
2021-09-09T23:59:59+02:00,2915,2631,23715,22736,33121,30585,33507,33501,39135,39534,42820,42987,28169,31381,20009,25176,6108,10354,21162,20213,30858,27936,31590,31226,37057,37146,40737,40909,27062,30122,19224,24002,5828,9756,326445,305135,45149,43473,77793,71291,18940,60,30
2021-09-08T23:59:59+02:00,2894,2601,23677,22687,33090,30545,33491,33474,39115,39514,42805,42972,28163,31372,20006,25171,6107,10354,21129,20181,30827,27918,31574,31202,37040,37123,40727,40896,27055,30115,19218,23997,5827,9755,326136,304904,45143,43469,77793,71290,18909,60,30
2021-09-07T23:59:59+02:00,2841,2547,23526,22545,32973,30439,33415,33389,39060,39452,42762,42938,28146,31354,20003,25166,6106,10351,20993,20046,30713,27834,31497,31138,36993,37072,40688,40868,27038,30089,19212,23986,5826,9753,325393,304255,45120,43449,77792,71284,18650,60,30
2021-09-06T23:59:59+02:00,2818,2533,23495,22501,32942,30406,33394,33369,39040,39439,42746,42923,28143,31350,20001,25164,6105,10348,20952,20003,30683,27807,31476,31112,36974,37054,40674,40856,27030,30081,19210,23977,5823,9751,325130,303956,45104,43441,77791,71283,18634,60,30
2021-09-05T23:59:59+02:00,2807,2530,23487,22495,32941,30401,33393,33365,39037,39436,42742,42917,28141,31346,19999,25163,6104,10347,20939,19995,30674,27801,31473,31108,36971,37053,40669,40853,27025,30079,19208,23973,5822,9751,325066,303882,45103,43441,77791,71282,18633,60,30
2021-09-04T23:59:59+02:00,2807,2530,23484,22495,32940,30401,33393,33363,39036,39435,42741,42916,28141,31346,19999,25163,6104,10347,20937,19995,30674,27800,31472,31106,36970,37053,40668,40853,27025,30079,19208,23973,5822,9751,325061,303874,45103,43441,77791,71282,18628,60,30
2021-09-03T23:59:59+02:00,2784,2495,23410,22421,32872,30333,33354,33320,38992,39406,42711,42904,28133,31333,19998,25161,6102,10346,20888,19937,30627,27761,31439,31071,36942,37028,40639,40841,27017,30071,19206,23971,5821,9751,324579,303532,45075,43433,77787,71274,18576,60,30
2021-09-02T23:59:59+02:00,2754,2463,23304,22325,32816,30245,33300,33265,38955,39372,42673,42872,28113,31322,19994,25147,6100,10343,20813,19878,30574,27701,31404,31042,36904,36991,40609,40812,27007,30059,19203,23960,5821,9751,323989,303120,45044,43417,77785,71269,18487,60,30
2021-09-01T23:59:59+02:00,2733,2449,23282,22289,32788,30214,33280,33237,38929,39351,42660,42857,28104,31314,19989,25145,6100,10343,20772,19837,30546,27675,31384,31020,36885,36975,40592,40796,26998,30050,19202,23954,5821,9751,323739,302860,45033,43413,77784,71269,18450,60,30
2021-08-31T23:59:59+02:00,2688,2406,23164,22184,32709,30115,33226,33178,38883,39310,42634,42832,28093,31308,19983,25141,6099,10340,20685,19744,30474,27617,31337,30976,36845,36943,40564,40772,26989,30039,19196,23949,5821,9749,323167,302446,45002,43398,77783,71263,18283,60,30
2021-08-30T23:59:59+02:00,2666,2382,23112,22141,32669,30075,33203,33141,38854,39292,42614,42814,28088,31302,19976,25133,6098,10336,20561,19645,30380,27524,31280,30925,36812,36915,40544,40738,26974,30026,19195,23940,5821,9747,322835,301751,44987,43390,77783,71258,18233,60,30
2021-08-29T23:59:59+02:00,2635,2352,23030,22077,32609,30020,33159,33112,38808,39256,42584,42793,28079,31295,19973,25128,6098,10335,20457,19578,30314,27476,31243,30892,36771,36885,40519,40719,26961,30015,19194,23935,5821,9747,322389,301322,44971,43367,77781,71248,18144,60,30
2021-08-28T23:59:59+02:00,2629,2350,23030,22077,32607,30020,33157,33112,38805,39255,42583,42793,28078,31295,19973,25128,6098,10335,20456,19577,30310,27475,31243,30889,36768,36883,40519,40719,26961,30015,19194,23935,5821,9747,322376,301310,44970,43366,77781,71248,18140,60,30
2021-08-27T23:59:59+02:00,2629,2350,23025,22073,32603,30020,33156,33110,38803,39253,42579,42793,28077,31295,19973,25128,6097,10335,20451,19575,30298,27473,31242,30887,36766,36882,40517,40719,26961,30015,19194,23934,5821,9747,322362,301293,44970,43366,77781,71245,18128,60,30
2021-08-26T23:59:59+02:00,2547,2266,22842,21867,32477,29881,33041,33006,38716,39164,42515,42725,28052,31262,19960,25110,6096,10329,20179,19307,30156,27307,31104,30764,36657,36787,40435,40646,26919,29973,19175,23910,5815,9746,321161,299783,44950,43343,77780,71229,17907,60,30
2021-08-25T23:59:59+02:00,2541,2258,22822,21841,32467,29862,33027,32991,38705,39150,42505,42720,28047,31260,19953,25104,6093,10327,20131,19266,30117,27277,31083,30728,36631,36754,40416,40630,26906,29960,19172,23901,5814,9745,320980,299418,44950,43342,77780,71228,17905,60,30
2021-08-24T23:59:59+02:00,2523,2247,22784,21799,32440,29820,33008,32958,38696,39130,42487,42706,28041,31249,19948,25096,6092,10326,20093,19223,30083,27237,31062,30692,36617,36733,40396,40613,26900,29950,19168,23898,5814,9741,320696,299128,44940,43336,77780,71223,17876,60,30
2021-08-23T23:59:59+02:00,2503,2215,22713,21728,32376,29763,32972,32927,38655,39099,42456,42693,28025,31240,19945,25085,6092,10324,19971,19100,29965,27159,30997,30644,36568,36690,40354,40584,26888,29937,19162,23888,5814,9735,320259,298396,44929,43311,77777,71218,17788,60,30
2021-08-22T23:59:59+02:00,2494,2206,22679,21695,32357,29745,32955,32919,38639,39083,42451,42684,28021,31235,19940,25085,6092,10323,19932,19062,29930,27126,30966,30608,36547,36674,40335,40562,26880,29933,19159,23885,5814,9733,320092,298108,44922,43308,77776,71209,17755,60,30
2021-08-21T23:59:59+02:00,2475,2193,22625,21646,32318,29708,32931,32895,38625,39061,42434,42674,28014,31227,19938,25082,6092,10322,19830,18965,29859,27070,30932,30565,36513,36632,40311,40541,26869,29924,19154,23881,5812,9733,319850,297606,44909,43293,77774,71203,17669,60,30
2021-08-20T23:59:59+02:00,2438,2153,22537,21543,32243,29626,32869,32848,38577,39021,42391,42646,28007,31213,19934,25067,6091,10318,19659,18840,29732,26966,30856,30506,36453,36588,40265,40504,26854,29904,19145,23873,5811,9729,319274,296793,44886,43271,77771,71185,17533,60,30
2021-08-19T23:59:59+02:00,2350,2086,22375,21408,32112,29506,32779,32765,38476,38943,42320,42592,27981,31180,19927,25055,6086,10309,19400,18634,29528,26817,30739,30397,36333,36492,40163,40418,26827,29874,19134,23857,5807,9724,318346,295525,44866,43241,77771,71159,17210,59,30
2021-08-18T23:59:59+02:00,2341,2077,22349,21386,32091,29486,32758,32743,38448,38924,42307,42576,27966,31170,19921,25050,6086,10307,19346,18575,29489,26783,30714,30366,36304,36471,40139,40386,26810,29862,19129,23845,5802,9720,318089,295090,44866,43241,77771,71157,17203,59,30
2021-08-17T23:59:59+02:00,2324,2061,22322,21358,32073,29457,32733,32719,38436,38912,42283,42557,27961,31158,19916,25045,6086,10307,19303,18522,29456,26742,30670,30339,36276,36436,40111,40362,26788,29847,19122,23828,5798,9716,317848,294685,44866,43238,77771,71153,17166,59,30
2021-08-16T23:59:59+02:00,2288,2044,22256,21314,32034,29411,32709,32697,38412,38892,42252,42540,27952,31151,19914,25035,6086,10306,19096,18379,29314,26627,30592,30251,36229,36383,40071,40320,26768,29831,19115,23809,5792,9714,317503,293687,44866,43232,77769,71152,17098,59,30
2021-08-15T23:59:59+02:00,2261,2022,22201,21257,31990,29371,32685,32664,38384,38873,42233,42527,27945,31146,19907,25028,6085,10306,18979,18262,29157,26498,30510,30168,36161,36332,40014,40264,26749,29807,19106,23800,5789,9713,317173,292760,44858,43215,77767,71144,17030,59,30
2021-08-14T23:59:59+02:00,2255,2019,22175,21241,31978,29354,32681,32658,38376,38868,42227,42524,27944,31145,19906,25027,6085,10305,18866,18169,29096,26433,30475,30121,36137,36301,39993,40250,26741,29801,19103,23799,5788,9710,317083,292223,44855,43196,77767,71140,17006,59,30
2021-08-13T23:59:59+02:00,2238,2008,22130,21205,31941,29330,32645,32631,38360,38854,42217,42514,27942,31141,19903,25024,6084,10305,18610,17910,28916,26275,30360,30027,36084,36232,39948,40214,26725,29789,19098,23790,5785,9706,316853,290853,44850,43182,77765,71130,16947,59,30
2021-08-12T23:59:59+02:00,2201,1971,22044,21112,31870,29255,32592,32581,38313,38811,42180,42480,27925,31122,19896,25014,6082,10305,18304,17595,28660,26051,30215,29900,35989,36139,39872,40145,26689,29743,19078,23768,5783,9703,316286,289103,44838,43127,77762,71084,16811,59,30
2021-08-11T23:59:59+02:00,2199,1966,22025,21095,31853,29233,32577,32565,38305,38802,42169,42464,27917,31119,19893,25010,6081,10301,18248,17538,28622,26005,30166,29863,35967,36102,39835,40112,26677,29717,19071,23758,5783,9701,316108,288621,44838,43124,77762,71081,16809,59,30
2021-08-10T23:59:59+02:00,2191,1945,21998,21058,31821,29211,32563,32545,38280,38776,42151,42457,27911,31111,19892,25007,6080,10297,17725,17086,28449,25848,30070,29772,35798,35979,39785,40070,26653,29694,19064,23742,5779,9700,315870,286915,44833,43095,77760,70831,16774,59,30
2021-08-09T23:59:59+02:00,2167,1931,21946,21008,31765,29166,32530,32516,38255,38755,42138,42433,27900,31102,19891,24998,6079,10295,17253,16627,28314,25743,30015,29718,35753,35933,39751,40035,26644,29680,19059,23736,5779,9698,315500,285432,44828,43076,77759,70818,16731,59,30
2021-08-08T23:59:59+02:00,2152,1914,21893,20964,31720,29131,32496,32491,38231,38747,42118,42413,27893,31098,19885,24994,6079,10292,16909,16283,28202,25659,29959,29645,35705,35895,39730,40009,26632,29667,19050,23727,5777,9693,315191,284190,44827,43055,77758,70811,16678,59,30
2021-08-07T23:59:59+02:00,2107,1871,21760,20881,31638,29064,32422,32430,38175,38695,42085,42385,27884,31071,19880,24985,6077,10290,16400,15829,27900,25375,29730,29460,35527,35738,39590,39899,26575,29604,19031,23698,5774,9689,314565,281553,44795,42933,77752,70722,16531,59,30
2021-08-06T23:59:59+02:00,2097,1861,21710,20844,31597,29031,32387,32411,38149,38675,42073,42369,27878,31062,19876,24985,6077,10290,15370,14849,26752,24482,29438,29228,35278,35540,39275,39658,26531,29558,19021,23688,5773,9686,314334,276554,44791,42911,77752,69919,16438,59,29
2021-08-05T23:59:59+02:00,2058,1832,21602,20758,31539,28954,32329,32355,38091,38624,42028,42332,27861,31043,19867,24972,6075,10287,14479,14102,25731,23704,28724,28714,34747,35106,38959,39412,26463,29479,18989,23654,5770,9676,313784,271674,44768,42858,77751,68420,16247,59,29
2021-08-04T23:59:59+02:00,2037,1813,21529,20705,31492,28882,32297,32313,38055,38600,41994,42304,27849,31027,19862,24959,6073,10283,14109,13761,25326,23397,28510,28490,34604,34980,38862,39319,26424,29434,18966,23631,5765,9671,313326,269229,44762,42830,77751,68378,16178,59,29
2021-08-03T23:59:59+02:00,2028,1797,21502,20679,31475,28867,32284,32303,38045,38586,41978,42292,27839,31021,19858,24952,6072,10281,14025,13670,25247,23321,28442,28432,34556,34933,38811,39279,26398,29407,18954,23619,5762,9665,313120,268498,44758,42829,77750,68352,16174,59,29
2021-08-02T23:59:59+02:00,2018,1776,21457,20643,31432,28846,32257,32272,38019,38571,41965,42277,27830,31009,19858,24944,6071,10277,13821,13461,24538,22771,28162,28211,34406,34821,38731,39216,26371,29375,18946,23615,5762,9663,312837,266077,44755,42815,77750,68127,16123,59,29
2021-08-01T23:59:59+02:00,1998,1760,21406,20595,31379,28806,32231,32252,38000,38552,41943,42260,27824,31002,19855,24935,6071,10276,13650,13302,24236,22517,27921,27993,34314,34712,38661,39144,26355,29356,18940,23609,5762,9661,312533,264374,44749,42803,77749,68104,16057,59,29
2021-07-31T23:59:59+02:00,1973,1730,21324,20517,31312,28770,32176,32214,37963,38524,41920,42239,27820,30994,19850,24931,6071,10276,12704,12274,23715,22074,27575,27639,34004,34415,38229,38801,26284,29271,18914,23565,5757,9655,312118,259334,44737,42768,77747,67531,15944,59,29
2021-07-30T23:59:59+02:00,1948,1711,21303,20495,31280,28751,32161,32196,37957,38517,41912,42231,27815,30991,19849,24931,6070,10276,12617,12197,23384,21786,27291,27426,33785,34252,38068,38667,26260,29253,18912,23557,5757,9653,311936,257899,44736,42760,77747,66975,15917,59,29
2021-07-29T23:59:59+02:00,1879,1642,21070,20258,31141,28605,32059,32086,37864,38428,41819,42171,27787,30966,19836,24912,6063,10268,11987,11662,22253,20944,26249,26588,32802,33558,37683,38376,26178,29152,18883,23510,5751,9644,310732,252278,44709,42669,77739,65216,15616,59,29
2021-07-28T23:59:59+02:00,1859,1627,21030,20208,31121,28576,32044,32064,37843,38409,41796,42150,27776,30954,19831,24902,6063,10266,11708,11361,21842,20561,25813,26158,32638,33405,37572,38285,26141,29101,18864,23487,5750,9639,310417,249353,44708,42669,77727,65156,15610,58,29
2021-07-27T23:59:59+02:00,1849,1621,20989,20166,31097,28543,32011,32048,37822,38375,41772,42136,27769,30947,19830,24897,6063,10263,11459,11147,21640,20371,25671,26036,32526,33299,37483,38201,26109,29062,18854,23475,5747,9635,310179,247873,44708,42633,77726,65081,15528,58,29
2021-07-26T23:59:59+02:00,1823,1586,20863,20042,30991,28443,31952,31984,37767,38307,41729,42104,27744,30929,19819,24883,6057,10260,11165,10820,21133,19929,25423,25827,32364,33146,37351,38113,26074,29028,18841,23452,5746,9627,309421,245575,44677,42519,77721,64876,15407,58,29
2021-07-25T23:59:59+02:00,1816,1577,20841,20030,30981,28433,31941,31969,37760,38299,41719,42094,27740,30927,19818,24881,6057,10259,11060,10713,20982,19821,25189,25634,32126,32936,37208,37980,26056,29014,18835,23444,5745,9624,309306,244315,44667,42504,77713,64463,15399,58,29
2021-07-24T23:59:59+02:00,1796,1562,20760,19956,30938,28395,31906,31933,37734,38271,41696,42082,27733,30921,19815,24879,6057,10259,10997,10658,20902,19759,25117,25573,32073,32905,37179,37959,26050,29009,18833,23442,5745,9624,308962,243942,44656,42481,77709,64396,15309,58,29
2021-07-23T23:59:59+02:00,1741,1527,20568,19812,30773,28281,31818,31861,37665,38219,41656,42039,27722,30903,19810,24873,6056,10254,10740,10454,20536,19452,24311,24927,31589,32574,36612,37502,26007,28967,18817,23425,5744,9622,308128,241065,44647,42435,77691,63005,15055,58,28
2021-07-22T23:59:59+02:00,1676,1470,20257,19538,30530,28096,31687,31745,37533,38112,41557,41956,27696,30879,19799,24849,6052,10253,10280,10078,19791,18942,23353,24258,30880,31985,35578,36740,25896,28868,18784,23392,5742,9618,306639,237461,44611,41768,77685,60480,14693,58,28
2021-07-21T23:59:59+02:00,1661,1462,20218,19488,30500,28066,31663,31722,37513,38087,41537,41933,27687,30871,19794,24843,6047,10249,9969,9743,19330,18488,22479,23492,30544,31650,35343,36542,25813,28771,18753,23339,5734,9608,306312,234710,44603,40076,77683,60307,14686,58,25
2021-07-20T23:59:59+02:00,1655,1456,20184,19461,30472,28041,31638,31703,37496,38070,41525,41919,27672,30856,19794,24836,6047,10246,9700,9464,18998,18219,22209,23205,30368,31495,35179,36398,25767,28725,18737,23304,5733,9604,306057,232316,44601,40067,77682,60206,14674,58,25
2021-07-19T23:59:59+02:00,1644,1448,20072,19373,30390,27969,31580,31650,37477,38051,41510,41900,27667,30845,19788,24829,6046,10243,9500,9267,18683,17943,21745,22786,30114,31263,35059,36296,25733,28686,18719,23288,5733,9601,305483,230683,44595,39123,77681,60091,14666,58,25
2021-07-18T23:59:59+02:00,1633,1442,20004,19307,30263,27869,31514,31585,37415,37999,41468,41848,27646,30814,19779,24814,6042,10240,9390,9152,18515,17790,21554,22596,29946,31065,34945,36195,25701,28662,18708,23271,5733,9595,304694,229421,44595,38823,77679,60050,14657,58,25
2021-07-17T23:59:59+02:00,1632,1438,19997,19305,30263,27866,31514,31581,37410,37997,41464,41846,27645,30813,19778,24814,6042,10240,9369,9137,18482,17768,21535,22583,29936,31058,34926,36191,25698,28660,18708,23270,5733,9595,304661,229266,44595,38820,77679,60039,14653,58,25
2021-07-16T23:59:59+02:00,1579,1393,19722,19057,30138,27769,31430,31508,37353,37934,41423,41814,27626,30796,19771,24804,6040,10234,9251,9022,18107,17465,21230,22309,29545,30702,34791,36085,25674,28636,18701,23257,5731,9593,303660,227998,44573,38098,77677,59706,14424,58,24
2021-07-15T23:59:59+02:00,1521,1350,19460,18808,29956,27623,31322,31409,37269,37851,41353,41746,27583,30766,19755,24790,6036,10231,8886,8718,17189,16631,19683,21081,28626,29778,34169,35505,25506,28453,18646,23208,5725,9580,302378,221876,44531,36642,77669,58778,14194,58,24
2021-07-14T23:59:59+02:00,1507,1337,19431,18772,29933,27597,31297,31377,37256,37838,41333,41739,27575,30759,19746,24783,6035,10227,8599,8420,16636,16031,19189,20561,28060,29279,33777,35128,25394,28324,18607,23142,5720,9569,302099,217705,44528,36284,77666,58348,14192,58,24
2021-07-13T23:59:59+02:00,1495,1327,19394,18747,29915,27573,31274,31362,37241,37810,41309,41711,27566,30745,19744,24778,6034,10221,8292,8159,16237,15676,18915,20283,27797,29030,33505,34872,25295,28204,18574,23101,5718,9564,301813,215002,44527,36249,77665,57856,14184,58,24
2021-07-12T23:59:59+02:00,1479,1317,19347,18730,29881,27544,31257,31341,37229,37793,41292,41696,27563,30741,19742,24772,6033,10221,8032,7942,15957,15399,18212,19735,27484,28710,33090,34510,25127,28009,18514,23026,5712,9559,301555,213720,44526,34309,77665,56877,14175,58,24
2021-07-11T23:59:59+02:00,1469,1309,19315,18700,29851,27513,31241,31310,37221,37772,41278,41684,27554,30732,19740,24772,6032,10220,7988,7895,15892,15328,18124,19681,27400,28648,32978,34448,25073,27964,18494,23004,5712,9556,301303,213146,44523,34298,77663,56634,14167,58,24
2021-07-10T23:59:59+02:00,1340,1192,18809,18282,29408,27220,30953,31076,36974,37613,41077,41533,27480,30672,19714,24740,6029,10217,7857,7825,15609,15193,17903,19529,27158,28508,32811,34331,25007,27918,18478,22991,5711,9556,299102,212724,44384,34176,77634,56392,13152,58,24
2021-07-09T23:59:59+02:00,1329,1186,18781,18251,29386,27203,30941,31063,36963,37601,41066,41525,27476,30668,19712,24736,6029,10216,7815,7778,15539,15127,17838,19435,26937,28278,32562,34118,24943,27855,18456,22965,5711,9553,298956,212443,44365,34173,77633,55227,13121,58,24
2021-07-08T23:59:59+02:00,1251,1104,18513,18035,29237,27051,30803,30945,36860,37499,40967,41447,27441,30633,19693,24717,6024,10210,7647,7642,15241,14880,17407,19074,26242,27676,32290,33851,24774,27698,18397,22903,5708,9545,297680,211307,44311,32747,77625,54209,12757,58,24
2021-07-07T23:59:59+02:00,1152,1012,18202,17710,29036,26867,30671,30821,36747,37379,40861,41361,27407,30585,19679,24700,6021,10207,7450,7431,14800,14512,16941,18631,25486,27064,31882,33471,24508,27374,18302,22808,5699,9536,296101,208384,44260,31909,77614,53250,12386,58,24
2021-07-06T23:59:59+02:00,1129,996,18124,17644,28991,26817,30619,30773,36711,37344,40825,41328,27390,30559,19668,24686,6019,10204,7234,7198,14455,14154,16588,18281,24734,26416,31583,33207,24318,27160,18254,22737,5692,9529,295519,206319,44257,30503,77611,52355,12383,58,24
2021-07-05T23:59:59+02:00,1086,968,18050,17580,28948,26761,30580,30738,36685,37299,40797,41302,27384,30545,19662,24680,6019,10199,7005,7008,14152,13881,16236,17915,24181,25906,31014,32639,24038,26861,18146,22597,5684,9519,295032,204824,44255,28401,77607,51222,12332,58,24
2021-07-04T23:59:59+02:00,1064,952,17979,17531,28909,26740,30558,30709,36675,37289,40782,41290,27378,30534,19657,24677,6019,10198,6979,6991,14098,13835,16161,17857,24097,25850,30861,32548,23946,26772,18114,22556,5682,9515,294715,204433,44254,28392,77596,50715,12319,58,24
2021-07-03T23:59:59+02:00,648,579,16245,15809,27735,25814,29758,29990,36033,36678,40280,40859,27220,30366,19589,24590,6010,10181,6593,6751,13582,13532,15759,17553,23736,25573,30555,32352,23849,26677,18080,22516,5678,9511,287186,204141,44215,28315,77512,50424,9414,58,24
2021-07-02T23:59:59+02:00,609,540,16113,15663,27574,25666,29678,29930,36002,36650,40261,40846,27214,30357,19586,24587,6010,10181,6545,6680,13508,13431,15671,17422,23593,25390,30401,32187,23656,26465,17991,22438,5676,9508,286277,203458,44215,28156,77510,49537,9408,58,24
2021-07-01T23:59:59+02:00,551,492,15935,15508,27357,25512,29600,29852,35947,36599,40195,40800,27193,30338,19575,24575,6008,10177,6405,6551,13166,13159,15142,16980,22327,24401,29637,31503,23375,26177,17872,22304,5669,9492,285084,199924,44210,26480,77497,48388,9366,58,22
2021-06-30T23:59:59+02:00,521,472,15831,15401,27245,25427,29532,29779,35891,36548,40152,40764,27178,30307,19564,24558,6004,10177,6210,6372,12735,12774,14574,16432,21702,23804,29040,30970,22953,25708,17740,22120,5662,9480,284257,195666,44207,26456,77491,46810,9339,58,22
2021-06-29T23:59:59+02:00,464,422,15068,14732,26982,25203,29437,29678,35812,36467,40084,40717,27159,30282,19556,24545,6004,10175,6098,6245,12474,12511,14178,16035,20910,23184,28456,30416,22504,25182,17587,21946,5654,9470,281747,192510,44206,25946,77482,45092,9295,58,22
2021-06-28T23:59:59+02:00,428,391,14439,14091,26825,25097,29362,29612,35754,36402,40040,40683,27141,30261,19548,24534,6004,10171,6031,6150,12295,12372,13990,15858,20290,22632,28055,30042,22167,24823,17458,21783,5649,9465,279807,190826,44202,25286,77476,43699,9241,58,22
2021-06-27T23:59:59+02:00,351,324,14092,13713,26761,25037,29322,29576,35732,36379,40021,40669,27130,30254,19545,24530,6003,10170,5994,6107,12181,12256,13843,15728,19737,22154,27444,29543,21890,24485,17337,21660,5645,9464,278683,189990,44197,23761,77464,42501,9208,58,22
2021-06-26T23:59:59+02:00,350,323,14081,13702,26745,25026,29316,29570,35726,36378,40018,40668,27129,30253,19545,24530,6003,10170,5989,6104,12170,12253,13837,15725,19724,22143,27399,29508,21745,24355,17297,21604,5644,9462,278610,189965,44195,23757,77464,42022,9207,58,22
2021-06-25T23:59:59+02:00,226,210,12814,12482,25277,23880,29014,29336,35620,36295,39951,40606,27105,30226,19534,24518,6000,10168,5946,6057,12074,12173,13695,15603,19414,21904,27014,29149,21422,23961,17123,21407,5641,9453,272369,188741,44191,23474,77443,40611,9202,58,22
2021-06-24T23:59:59+02:00,161,156,11839,11651,24164,22997,28647,28984,35470,36129,39834,40501,27066,30176,19523,24494,5998,10164,5729,5825,11615,11757,13116,15011,17877,20505,25366,27551,20652,23101,16805,20999,5631,9443,267121,183756,44171,19849,77438,38201,9168,57,22
2021-06-23T23:59:59+02:00,125,130,11477,11326,23661,22624,28399,28741,35291,36001,39744,40412,27036,30149,19515,24457,5996,10152,5655,5712,11402,11542,12816,14660,17487,20093,24617,26783,19857,22350,16611,20746,5623,9427,264494,181402,44164,19233,77433,35648,9089,57,22
2021-06-22T23:59:59+02:00,104,117,11294,11114,23501,22482,28319,28669,35215,35939,39698,40367,27021,30124,19507,24448,5996,10151,5546,5591,11135,11281,12449,14289,16885,19496,23884,26016,19477,21926,16448,20567,5616,9411,263346,178371,44161,18364,77431,34198,9072,57,22
2021-06-21T23:59:59+02:00,91,105,11042,10928,22665,21809,28064,28441,35149,35875,39634,40324,27003,30105,19501,24438,5996,10150,5427,5487,10920,11060,12142,13967,16492,19150,23435,25549,19187,21612,16343,20447,5610,9409,260743,176910,44151,17346,77422,33020,8948,57,22
2021-06-20T23:59:59+02:00,85,104,10978,10836,22414,21592,27806,28240,35069,35797,39589,40280,26993,30090,19499,24433,5994,10147,5386,5433,10832,10959,12046,13864,16295,18966,23164,25308,19086,21505,16290,20389,5604,9405,259455,176601,44149,16278,77416,32770,8869,57,22
2021-06-19T23:59:59+02:00,84,100,10954,10811,22381,21568,27788,28227,35057,35793,39579,40276,26992,30089,19499,24431,5994,10147,5355,5401,10750,10869,11954,13743,16147,18814,22857,24946,18999,21418,16278,20376,5603,9405,259301,176497,44127,14778,77416,32757,8869,57,22
2021-06-18T23:59:59+02:00,81,98,10905,10760,22061,21246,27523,28011,35002,35756,39548,40254,26983,30080,19498,24428,5994,10145,5340,5392,10719,10838,11914,13694,16085,18751,22772,24850,18833,21237,16233,20310,5602,9400,257907,176098,44125,14777,77415,32212,8869,57,22
2021-06-17T23:59:59+02:00,72,90,10325,10328,20786,20285,26662,27275,34632,35432,39289,40061,26919,29998,19477,24391,5987,10140,5141,5251,10344,10584,11470,13292,15404,18139,21404,23535,18377,20750,16070,20138,5598,9385,252119,170797,44105,14204,77403,31402,8465,57,22
2021-06-16T23:59:59+02:00,64,78,9987,10015,20104,19653,26024,26672,34383,35230,39127,39909,26873,29945,19453,24366,5986,10136,4997,5106,9954,10248,11010,12839,14700,17448,20553,22601,17974,20304,15900,19925,5588,9373,248272,167014,44089,12932,77389,30362,8198,57,22
2021-06-15T23:59:59+02:00,49,72,9742,9774,19807,19403,25801,26475,34253,35123,39029,39829,26841,29908,19446,24351,5981,10132,4891,4995,9714,10030,10775,12579,14276,17020,19954,22023,17650,19912,15678,19695,5579,9362,246497,164930,44077,11838,77383,29350,8002,57,21
2021-06-14T23:59:59+02:00,45,67,9609,9649,19507,19142,25625,26332,34132,35043,38967,39790,26823,29888,19440,24340,5981,10129,4810,4932,9523,9891,10601,12443,14013,16803,19636,21727,17481,19750,15576,19562,5578,9358,245297,163469,44075,11836,77379,28665,7701,57,21
2021-06-13T23:59:59+02:00,43,63,9449,9520,19216,18956,25273,26078,33931,34875,38861,39723,26807,29876,19430,24332,5981,10126,4726,4864,9311,9716,10434,12268,13687,16457,19288,21396,17354,19601,15529,19495,5576,9356,243651,162608,44075,11836,77375,27218,7382,57,21
2021-06-12T23:59:59+02:00,43,63,9440,9506,19203,18942,25273,26073,33931,34870,38858,39722,26807,29876,19430,24332,5981,10126,4723,4850,9301,9655,10402,12166,13638,16303,19233,21260,17245,19476,15412,19393,5574,9354,243605,162580,44075,11834,77368,26186,7371,57,21
2021-06-11T23:59:59+02:00,38,59,9281,9323,18969,18729,24472,25397,33751,34714,38723,39609,26774,29842,19419,24308,5981,10121,4643,4735,9080,9399,10142,11867,13117,15752,18257,20366,17059,19279,15372,19348,5571,9351,240675,158553,44073,11833,77364,25597,7341,57,21
2021-06-10T23:59:59+02:00,36,55,8887,8989,18317,18235,23619,24718,33430,34433,38518,39443,26715,29786,19395,24280,5978,10114,4468,4558,8498,8904,9334,11146,11968,14646,16266,18451,16168,18315,15087,18981,5562,9329,237038,148868,43412,11800,77338,23896,7104,56,20
2021-06-09T23:59:59+02:00,19,36,8438,8482,17479,17505,22467,23673,32940,33964,38231,39223,26602,29681,19347,24222,5968,10101,4332,4441,8209,8638,9090,10892,11635,14278,15779,17903,15796,17884,14846,18696,5555,9319,233027,147039,41517,11758,77297,21979,6504,33,20
2021-06-08T23:59:59+02:00,11,24,8119,8165,17008,17087,22046,23306,32695,33771,38068,39091,26557,29640,19337,24199,5965,10096,4212,4359,7955,8383,8785,10546,11276,13931,15136,17199,15338,17360,14584,18418,5550,9301,230293,145333,41484,10632,77285,20265,6090,33,20
2021-06-07T23:59:59+02:00,8,20,7921,7933,16650,16761,21502,22849,32413,33500,37950,38973,26528,29592,19317,24169,5960,10095,4135,4279,7774,8239,8625,10403,11105,13759,14822,16871,15138,17103,14408,18227,5546,9296,228666,144248,40508,10539,77263,19258,5672,32,20
2021-06-06T23:59:59+02:00,6,17,7813,7824,16515,16614,21307,22640,32186,33276,37814,38867,26501,29567,19304,24153,5960,10089,4106,4244,7726,8121,8571,10272,10998,13612,14626,16652,14953,16923,14319,18106,5539,9290,227430,143760,40208,10529,77245,18218,5538,32,20
2021-06-05T23:59:59+02:00,6,17,7791,7810,16486,16587,21299,22637,32176,33270,37811,38866,26500,29567,19303,24152,5960,10089,4097,4205,7711,8056,8557,10139,10984,13441,14607,16547,14916,16868,14310,18096,5539,9289,227320,143679,40208,10529,77244,17618,5523,32,20
2021-06-04T23:59:59+02:00,6,15,7677,7707,16208,16349,21022,22389,31752,32896,37696,38745,26467,29527,19291,24139,5958,10087,4090,4196,7685,8033,8531,10108,10917,13368,14502,16416,14834,16775,14273,18052,5539,9287,225719,143343,39432,10200,77225,17527,5523,32,20
2021-06-03T23:59:59+02:00,4,15,7418,7479,15330,15561,19387,20995,30839,31965,37190,38284,26334,29390,19247,24088,5952,10068,4029,4157,7596,7959,8408,10009,10747,13187,13930,15846,14569,16459,14187,17943,5536,9275,219076,141120,37850,10082,77214,17248,5374,32,20
2021-06-02T23:59:59+02:00,4,15,7283,7335,14944,15132,18955,20592,30369,31510,36964,38019,26270,29326,19227,24059,5949,10066,3999,4127,7531,7871,8320,9915,10606,13056,13482,15411,14445,16276,14159,17905,5533,9270,215985,139319,37419,9988,77213,17216,5370,32,20
2021-06-01T23:59:59+02:00,4,12,7007,7090,14543,14820,18609,20274,30041,31199,36740,37785,26214,29245,19203,24029,5947,10055,3897,4041,7288,7694,8087,9722,10339,12780,13077,14987,14011,15822,14042,17751,5526,9262,213229,137185,37374,9733,77192,16405,4990,32,20
2021-05-31T23:59:59+02:00,4,12,6843,6900,14324,14586,17905,19671,29700,30857,36443,37521,26123,29148,19175,23975,5937,10042,3818,3929,7079,7444,7864,9435,9995,12397,12636,14467,13482,15208,13839,17517,5518,9247,211796,133993,35322,9409,77175,15619,4841,32,20
2021-05-30T23:59:59+02:00,4,12,6820,6885,14278,14547,17828,19612,29650,30819,36411,37495,26111,29136,19172,23969,5936,10040,3774,3855,6922,7229,7716,9199,9788,12076,12378,14112,13360,15038,13769,17435,5515,9240,211500,133257,35310,9308,77117,14062,4766,32,20
2021-05-29T23:59:59+02:00,4,12,6818,6884,14269,14541,17823,19606,29645,30815,36408,37494,26109,29133,19172,23968,5936,10040,3765,3842,6893,7196,7683,9147,9752,12029,12305,14014,13319,14969,13739,17411,5514,9235,211468,133118,35310,9307,77102,13610,4765,32,20
2021-05-28T23:59:59+02:00,4,12,6808,6872,14253,14524,17806,19584,29632,30802,36396,37475,26106,29128,19169,23964,5936,10040,3751,3819,6872,7156,7649,9093,9699,11925,12064,13744,13128,14777,13709,17370,5511,9232,211307,131824,35309,9306,77099,13591,4764,32,20
2021-05-27T23:59:59+02:00,4,12,6717,6790,13985,14306,17319,19235,28951,30258,36236,37340,26056,29090,19153,23947,5935,10034,3626,3659,6585,6904,7272,8786,9201,11366,11354,12849,12576,14207,13579,17178,5503,9220,210207,128307,33865,8974,77057,12363,4207,32,20
2021-05-26T23:59:59+02:00,4,12,6646,6682,13770,14103,17066,18926,28404,29745,36057,37161,26015,29039,19135,23918,5934,10027,3534,3515,6360,6615,6984,8360,8858,10887,10699,12048,12012,13590,13433,16962,5498,9198,208583,124686,33111,8791,77042,11186,3876,32,20
2021-05-25T23:59:59+02:00,4,12,6565,6587,13565,13882,16802,18714,27678,29097,35964,37064,25991,29008,19123,23902,5929,10026,3485,3424,6215,6446,6838,8170,8632,10596,10352,11682,11666,13114,13328,16801,5495,9190,207866,122843,31655,8653,76557,10120,3804,31,20
2021-05-24T23:59:59+02:00,4,12,6495,6490,13388,13680,16579,18431,27265,28668,35618,36662,25934,28940,19104,23878,5928,10024,3471,3402,6157,6364,6792,8086,8573,10501,10279,11585,11490,12881,13280,16709,5487,9170,207331,122214,29423,8606,76550,9628,3765,31,20
2021-05-23T23:59:59+02:00,4,12,6493,6489,13383,13671,16576,18421,27246,28658,35588,36628,25931,28933,19104,23872,5928,10024,3466,3398,6151,6354,6782,8079,8545,10470,10239,11528,11407,12780,13260,16678,5487,9169,207216,122202,29406,8194,76549,9621,3759,31,20
2021-05-22T23:59:59+02:00,4,12,6486,6485,13376,13660,16569,18417,27243,28657,35585,36622,25931,28933,19104,23872,5928,10024,3465,3398,6148,6351,6781,8075,8541,10468,10234,11525,11396,12766,13255,16674,5486,9169,207166,122162,29406,8194,76546,9600,3759,31,20
2021-05-21T23:59:59+02:00,4,12,6424,6425,13223,13554,16395,18267,26971,28479,35153,36354,25905,28895,19096,23866,5927,10020,3456,3388,6114,6330,6750,8041,8502,10419,10180,11475,10878,12053,13114,16514,5483,9164,206476,120401,29281,8191,75495,9565,3687,31,20
2021-05-20T23:59:59+02:00,3,11,6131,6224,12612,13136,15198,17344,25055,26977,34198,35582,25800,28750,19042,23784,5921,10005,3396,3343,6020,6213,6637,7885,8354,10258,9942,11167,10538,11594,13001,16331,5473,9151,201700,118395,27535,8110,72950,9223,3558,30,20
2021-05-19T23:59:59+02:00,3,11,5924,5983,12098,12676,14488,16636,24107,26161,33570,34979,25687,28659,19007,23724,5913,9993,3319,3268,5858,6043,6444,7644,8078,9976,9639,10786,10226,11179,12922,16186,5471,9143,195988,116480,27496,7914,72935,8601,3170,30,20
2021-05-18T23:59:59+02:00,3,10,5754,5873,11698,12353,13864,16136,22950,25213,32901,34371,25571,28523,18959,23670,5908,9984,3275,3236,5745,5932,6279,7485,7872,9757,9441,10546,10056,10928,12776,15964,5462,9134,191024,115326,26989,7846,72890,7891,2808,30,20
2021-05-17T23:59:59+02:00,3,9,5701,5828,11535,12246,13591,15914,22133,24576,32588,34055,25490,28463,18937,23640,5899,9975,3158,3160,5554,5747,6104,7269,7662,9528,9216,10300,9965,10804,12718,15900,5459,9129,189249,114566,26287,7838,72496,6731,2521,30,20
2021-05-16T23:59:59+02:00,3,9,5673,5808,11474,12188,13506,15834,21522,24025,31973,33525,25449,28419,18927,23625,5898,9975,3153,3136,5540,5677,6076,7209,7634,9428,9184,10216,9949,10785,12715,15897,5459,9129,188480,114454,24739,7831,72075,6377,2509,30,19
2021-05-15T23:59:59+02:00,3,9,5664,5798,11441,12179,13477,15824,21447,23954,31432,33149,25438,28414,18926,23622,5897,9974,3139,3121,5521,5634,6062,7133,7594,9313,8945,9962,9916,10754,12681,15846,5459,9128,188430,114449,24726,7693,71423,6011,2039,30,19
2021-05-14T23:59:59+02:00,3,9,5624,5773,11379,12141,13405,15759,21036,23642,31001,32802,25402,28368,18915,23605,5897,9972,3107,3081,5485,5545,6041,6997,7554,9111,8885,9767,9843,10644,12594,15718,5459,9125,187707,114280,24407,7358,70551,5264,2038,30,19
2021-05-13T23:59:59+02:00,3,9,5466,5614,10996,11845,12691,15170,18846,21893,29450,31331,25172,28123,18847,23533,5895,9969,3095,3046,5460,5506,6024,6939,7530,9040,8841,9707,9626,10400,12395,15413,5454,9115,183739,113920,20600,6538,68461,5094,2023,30,19
2021-05-12T23:59:59+02:00,2,9,5437,5587,10924,11787,12589,15082,18724,21769,29087,30966,25079,28028,18830,23503,5894,9964,3095,3042,5454,5500,6014,6925,7505,9025,8802,9653,9437,10168,12163,15090,5451,9108,182789,113636,19962,5669,68458,5088,2023,29,19
2021-05-11T23:59:59+02:00,2,9,5300,5483,10676,11537,12223,14709,18112,21132,28154,29994,24886,27839,18770,23426,5889,9949,3053,3001,5365,5344,5914,6740,7375,8782,8640,9430,9254,9971,12014,14900,5442,9090,178706,112588,19067,5560,68325,4188,1963,29,19
2021-05-10T23:59:59+02:00,2,8,5177,5405,10463,11342,11964,14453,17786,20797,27734,29586,24777,27731,18731,23379,5881,9945,2985,2947,5247,5226,5799,6636,7251,8639,8512,9323,9150,9847,11924,14772,5439,9082,176703,112059,18374,5548,68099,3200,1956,29,19
2021-05-09T23:59:59+02:00,2,8,5103,5357,10362,11228,11864,14334,17446,20513,27343,29209,24691,27644,18702,23343,5878,9942,2916,2916,5099,5182,5622,6593,7081,8610,8383,9287,9138,9837,11906,14752,5439,9082,176308,111983,17088,5538,67603,2365,1941,29,19
2021-05-08T23:59:59+02:00,2,8,5102,5356,10360,11224,11864,14334,17442,20511,27340,29206,24691,27644,18702,23343,5878,9942,2916,2915,5098,5182,5622,6593,7081,8610,8380,9287,9137,9836,11906,14752,5439,9082,176291,111980,17088,5538,67600,2361,1941,29,19
2021-05-07T23:59:59+02:00,2,8,5068,5330,10290,11171,11735,14210,17041,20236,26703,28648,24642,27593,18685,23309,5871,9913,2906,2908,5082,5173,5611,6577,7069,8599,8372,9276,9131,9828,11895,14730,5431,9055,175455,111965,17085,5532,66074,2318,1812,29,19
2021-05-06T23:59:59+02:00,1,8,4797,5168,9827,10826,11173,13689,15952,19210,24293,26352,24143,27065,18579,23206,5866,9899,2863,2863,5015,5097,5571,6486,6983,8479,8242,9126,9031,9716,11871,14679,5428,9052,170415,111423,14631,5476,63180,1786,1801,27,19
2021-05-05T23:59:59+02:00,1,8,4719,5090,9533,10596,10831,13363,15371,18603,23449,25385,23882,26741,18510,23100,5856,9881,2843,2826,4965,5012,5512,6365,6899,8314,8118,8910,8924,9585,11793,14593,5427,9044,166746,110481,13318,5470,63030,1364,1798,27,19
2021-05-04T23:59:59+02:00,1,8,4634,4999,9359,10389,10619,13119,14983,18203,22904,24819,23668,26465,18438,23018,5848,9867,2834,2792,4937,4935,5479,6245,6845,8172,8025,8754,8820,9473,11717,14534,5425,9041,164482,109979,12190,5459,62865,796,1777,27,19
2021-05-03T23:59:59+02:00,1,8,4561,4925,9166,10252,10442,12943,14700,17956,22495,24404,23529,26315,18410,22970,5848,9861,2757,2722,4849,4861,5403,6159,6748,8066,7843,8588,8733,9386,11678,14485,5422,9036,162975,109755,12189,5456,62773,686,822,27,19
2021-05-02T23:59:59+02:00,1,8,4548,4911,9089,10194,10316,12831,14373,17649,22190,24117,23479,26255,18391,22945,5847,9860,2751,2715,4789,4827,5312,6075,6610,7937,7724,8487,8687,9345,11654,14451,5420,9031,162086,109639,12186,5454,62669,669,36,27,19
2021-05-01T23:59:59+02:00,1,8,4548,4909,9087,10193,10315,12831,14369,17646,22188,24117,23478,26254,18391,22945,5847,9860,2751,2715,4789,4827,5312,6075,6609,7937,7724,8487,8687,9345,11654,14451,5420,9031,162069,109639,12186,5453,62669,669,36,27,19
2021-04-30T23:59:59+02:00,0,8,4474,4818,8844,9979,10053,12589,13887,17218,21347,23348,23352,26118,18375,22915,5844,9857,2747,2713,4778,4819,5303,6041,6597,7906,7690,8449,8683,9342,11653,14448,5418,9030,158472,109610,12185,5451,62340,537,2,27,19
2021-04-29T23:59:59+02:00,0,8,4325,4674,8359,9566,9349,11985,12883,16316,19501,21666,22644,25356,18236,22704,5838,9840,2724,2692,4736,4747,5259,5965,6534,7799,7609,8331,8572,9226,11587,14372,5412,9021,149262,109113,12171,5177,61789,277,2,26,19
2021-04-28T23:59:59+02:00,0,8,4292,4655,8288,9492,9273,11898,12764,16196,19283,21452,22555,25264,18208,22663,5836,9835,2721,2681,4710,4687,5231,5921,6503,7725,7561,8249,8555,9202,11570,14349,5409,9015,148878,108916,12081,5105,60976,51,1,26,18
2021-04-27T23:59:59+02:00,0,8,4252,4609,8150,9352,9160,11747,12618,16027,18832,20955,22325,25006,18142,22585,5833,9826,2718,2677,4708,4683,5221,5913,6490,7706,7527,8212,8497,9123,11489,14267,5405,9011,148150,108658,10996,4932,60254,43,1,26,15
2021-04-26T23:59:59+02:00,0,8,4210,4581,8044,9257,9013,11642,12444,15853,18419,20591,22191,24859,18106,22553,5832,9824,2718,2675,4704,4678,5216,5904,6476,7686,7492,8184,8449,9075,11433,14188,5401,8994,147372,108548,10861,4674,59168,38,0,26,15
2021-04-25T23:59:59+02:00,0,8,4196,4565,8008,9227,8948,11579,12309,15723,18074,20260,21991,24621,18066,22498,5828,9819,2718,2675,4703,4677,5214,5900,6471,7683,7490,8180,8393,9016,11409,14160,5401,8992,145986,108526,10850,4506,58858,37,0,26,15
2021-04-24T23:59:59+02:00,0,8,4190,4557,7993,9223,8933,11569,12261,15693,18015,20222,21975,24608,18064,22493,5828,9819,2717,2675,4703,4677,5214,5900,6471,7683,7490,8180,8393,9014,11409,14160,5401,8992,145890,108526,10850,4506,58685,36,0,26,13
2021-04-23T23:59:59+02:00,0,8,4170,4524,7936,9160,8848,11467,11918,15367,17581,19823,21761,24375,18000,22416,5826,9811,2714,2673,4700,4674,5208,5892,6457,7674,7467,8149,8372,8987,11401,14152,5399,8989,144621,108514,10501,4348,57843,35,0,26,13
2021-04-22T23:59:59+02:00,0,8,4121,4459,7804,8969,8661,11207,11591,14947,16667,18837,21186,23663,17864,22234,5816,9792,2705,2667,4694,4652,5185,5865,6413,7638,7392,8101,8239,8829,11257,14001,5394,8980,140881,107893,10370,4081,56551,27,0,24,13
2021-04-21T23:59:59+02:00,0,8,4079,4416,7701,8848,8505,11047,11294,14667,15929,18074,20807,23215,17792,22128,5811,9779,2697,2656,4676,4631,5169,5844,6401,7620,7364,8079,8189,8768,11219,13962,5392,8978,137954,107610,10240,4000,55886,25,0,20,12
2021-04-20T23:59:59+02:00,0,8,4054,4389,7666,8796,8428,10967,11131,14492,15494,17597,20343,22697,17690,21975,5803,9768,2689,2647,4666,4618,5144,5824,6373,7596,7324,8039,8095,8636,11144,13875,5388,8974,135800,107038,9974,3960,55504,24,0,20,12
2021-04-19T23:59:59+02:00,0,8,4023,4338,7604,8691,8336,10827,10973,14309,15241,17303,19864,22131,17524,21760,5792,9756,2684,2646,4660,4614,5131,5809,6354,7579,7298,7995,8042,8582,11118,13829,5385,8969,133730,106704,9620,3957,55110,24,0,20,12
2021-04-18T23:59:59+02:00,0,5,4003,4309,7544,8640,8230,10700,10714,14066,14749,16764,19434,21618,17402,21573,5788,9750,2683,2646,4660,4614,5131,5809,6352,7576,7295,7994,8038,8579,11116,13825,5384,8966,131306,106680,9549,3955,54414,23,0,20,12
2021-04-17T23:59:59+02:00,0,5,4000,4301,7524,8634,8220,10682,10672,14020,14639,16676,19313,21495,17380,21545,5787,9748,2683,2646,4659,4612,5125,5804,6338,7571,7270,7970,7992,8533,11097,13802,5382,8966,130869,106669,9540,3748,54212,23,0,20,12
2021-04-16T23:59:59+02:00,0,5,3989,4258,7451,8512,8117,10524,10477,13757,13969,15913,18744,20848,17254,21370,5776,9731,2680,2643,4654,4607,5120,5791,6321,7560,7232,7935,7682,8143,11006,13662,5374,8950,128017,105870,9480,3457,53178,23,0,20,12
2021-04-15T23:59:59+02:00,0,4,3945,4204,7338,8381,7944,10286,10140,13367,13238,15053,17935,19982,17010,21044,5762,9710,2679,2635,4642,4589,5107,5759,6290,7524,7161,7862,7120,7482,10882,13502,5370,8939,124357,104199,9321,3313,51645,21,0,20,12
2021-04-14T23:59:59+02:00,0,3,3918,4174,7272,8275,7838,10135,9965,13166,12818,14607,17404,19368,16858,20832,5757,9697,2645,2616,4624,4557,5078,5711,6255,7491,7103,7801,6481,6718,10618,13210,5366,8931,122963,101867,9085,3312,50019,16,0,20,12
2021-04-13T23:59:59+02:00,0,3,3915,4168,7234,8259,7781,10101,9857,13112,12442,14312,16712,18518,16622,20529,5753,9691,2621,2589,4604,4531,5053,5677,6196,7423,7014,7699,6268,6466,10032,12547,5358,8912,122261,99661,8865,3304,47863,16,0,20,11
2021-04-12T23:59:59+02:00,0,3,3901,4150,7181,8213,7724,10032,9749,13010,12195,14100,16267,17998,16433,20315,5748,9688,2592,2578,4536,4489,4946,5607,6081,7347,6896,7600,5520,5641,9583,12010,5318,8870,121927,96293,8829,3296,45931,16,0,20,11
2021-04-11T23:59:59+02:00,0,3,3886,4142,7139,8160,7663,9987,9656,12932,11955,13892,15700,17307,16156,19972,5743,9678,2516,2494,4406,4366,4791,5473,5918,7195,6743,7493,5217,5278,9452,11848,5318,8866,121331,94104,8400,3246,44220,15,0,20,11
2021-04-10T23:59:59+02:00,0,3,3868,4122,7100,8113,7619,9930,9594,12873,11863,13807,15482,17115,16107,19904,5742,9671,1955,1924,3586,3642,3911,4704,4909,6269,5888,6705,4942,4970,9324,11696,5312,8857,120863,85324,8400,3246,43630,15,0,20,11
2021-04-09T23:59:59+02:00,0,3,3848,4102,7060,8084,7555,9873,9441,12744,11535,13521,14292,15578,15663,19373,5729,9660,1094,1095,2223,2443,2393,3322,3118,4619,4254,5234,4251,4234,9075,11338,5287,8828,118955,69541,8398,3243,40688,15,0,20,11
2021-04-08T23:59:59+02:00,0,3,3822,4086,6999,8031,7452,9778,9253,12624,11131,13166,13158,14310,15241,18828,5699,9614,589,599,1303,1734,1482,2386,2016,3525,2864,3837,2997,2825,8266,10351,5142,8605,117643,55259,8317,3240,37215,13,0,20,11
2021-04-07T23:59:59+02:00,0,3,3774,4060,6921,7977,7359,9708,9124,12493,10822,12857,12429,13537,15022,18560,5693,9594,358,378,951,1389,1074,1999,1503,3062,1914,2828,1812,1535,7360,9209,4987,8346,116668,45446,8165,3240,35081,10,0,19,11
2021-04-06T23:59:59+02:00,0,3,3758,4048,6899,7939,7304,9641,9031,12413,10608,12638,12044,13042,14800,18262,5682,9580,351,364,941,1379,1059,1978,1476,3034,1852,2769,1732,1468,6947,8651,4836,8108,115386,43688,8066,3239,34223,9,0,17,11
2021-04-05T23:59:59+02:00,0,3,3753,4047,6888,7926,7291,9630,9011,12385,10544,12579,11933,12894,14701,18169,5680,9577,349,358,930,1375,1053,1970,1466,3013,1831,2735,1679,1415,6718,8345,4714,7924,115046,42619,8045,3238,33903,9,0,17,11
2021-04-04T23:59:59+02:00,0,3,3753,4047,6886,7920,7290,9629,9008,12385,10533,12574,11930,12890,14698,18168,5680,9577,349,357,928,1375,1052,1968,1465,3012,1829,2732,1676,1410,6711,8332,4709,7921,115041,42571,8044,3237,33869,9,0,17,11
2021-04-03T23:59:59+02:00,0,3,3753,4047,6886,7919,7289,9629,9008,12385,10532,12574,11930,12889,14696,18166,5680,9577,349,356,926,1371,1050,1967,1464,3007,1827,2732,1671,1398,6668,8251,4674,7886,115037,42342,8044,3237,33865,9,0,17,11
2021-04-02T23:59:59+02:00,0,3,3751,4045,6884,7916,7283,9623,8996,12378,10516,12558,11803,12774,14653,18105,5676,9568,347,354,924,1364,1043,1955,1449,2981,1786,2693,1575,1311,5901,7342,4238,7320,114908,39662,8039,2903,33568,9,0,17,11
2021-04-01T23:59:59+02:00,0,2,3711,4033,6850,7894,7241,9592,8944,12338,10444,12487,11456,12363,14264,17573,5663,9541,342,351,908,1349,1031,1934,1417,2935,1727,2625,1451,1218,4963,6232,3688,6496,114464,35751,6624,2898,33291,9,0,17,11
2021-03-31T23:59:59+02:00,0,2,3705,4029,6835,7874,7223,9573,8908,12306,10356,12415,11123,11956,13913,17074,5655,9512,339,348,900,1339,1021,1919,1397,2906,1677,2589,1385,1165,4380,5550,3334,6026,113867,33432,5619,2825,32956,9,0,17,11
2021-03-30T23:59:59+02:00,0,2,3687,4005,6797,7835,7163,9504,8818,12202,10192,12259,10863,11677,13689,16808,5648,9497,335,341,894,1328,1014,1913,1374,2899,1649,2563,1358,1139,4255,5426,3272,5930,113039,33044,5360,2628,32230,9,0,17,11
2021-03-29T23:59:59+02:00,0,2,3678,3983,6771,7812,7123,9451,8722,12106,10009,12051,10429,11209,13312,16338,5631,9462,330,337,890,1317,1008,1905,1366,2889,1633,2554,1333,1125,4122,5281,3175,5799,111356,32425,5051,2622,31665,8,0,17,11
2021-03-28T23:59:59+02:00,0,2,3635,3927,6656,7653,7006,9309,8595,11912,9856,11860,10217,10949,13136,16152,5626,9452,330,337,890,1315,1006,1904,1364,2889,1632,2552,1324,1122,4089,5239,3149,5773,110982,32380,4787,2520,30157,6,0,17,11
2021-03-27T23:59:59+01:00,0,2,3634,3916,6644,7588,6976,9195,8545,11740,9804,11706,10103,10826,13041,16064,5625,9452,330,336,890,1315,1006,1901,1364,2887,1628,2551,1322,1120,4063,5204,3136,5758,110973,32277,4787,2519,29084,6,0,17,11
2021-03-26T23:59:59+01:00,0,2,3628,3908,6616,7551,6948,9120,8497,11627,9712,11578,10053,10762,12995,16008,5616,9430,325,334,889,1312,1002,1889,1361,2866,1607,2537,1296,1104,3882,4978,3030,5605,110913,31524,4564,2478,28557,6,0,17,11
2021-03-25T23:59:59+01:00,0,2,3605,3877,6525,7424,6856,8955,8305,11394,9403,11261,9672,10378,12692,15692,5611,9420,325,333,887,1304,999,1878,1348,2853,1583,2518,1270,1085,3648,4736,2778,5270,110536,30323,4356,2478,26163,5,0,17,11
2021-03-24T23:59:59+01:00,0,2,3548,3825,6436,7238,6734,8727,8138,11157,9173,10934,9253,9889,12273,15232,5600,9410,325,332,886,1301,994,1876,1340,2849,1567,2502,1261,1075,3581,4663,2597,5048,110022,29708,4210,2478,23320,2,0,17,11
2021-03-23T23:59:59+01:00,0,2,3530,3792,6387,7182,6656,8667,8020,11028,8918,10699,8827,9415,11821,14710,5591,9395,325,332,885,1291,989,1867,1335,2840,1563,2494,1237,1050,3485,4587,2404,4728,109201,28923,4104,2478,21318,2,0,17,11
2021-03-22T23:59:59+01:00,0,2,3522,3772,6344,7153,6622,8620,7954,10952,8768,10563,8544,9061,11518,14380,5555,9356,323,327,879,1281,981,1860,1328,2829,1553,2484,1225,1040,3456,4551,2385,4695,108529,28709,4101,2477,20039,2,0,17,11
2021-03-21T23:59:59+01:00,0,2,3520,3770,6340,7142,6605,8604,7935,10933,8712,10505,8424,8944,11446,14277,5553,9353,321,326,870,1278,974,1853,1319,2827,1549,2480,1221,1037,3447,4536,2371,4686,108444,28607,4100,2477,19504,2,0,17,11
2021-03-20T23:59:59+01:00,0,2,3512,3732,6332,7070,6590,8467,7910,10749,8668,10369,8346,8858,11408,14238,5553,9353,321,326,870,1278,974,1852,1318,2827,1549,2478,1221,1037,3447,4535,2371,4685,108411,28602,3888,2476,18841,2,0,17,11
2021-03-19T23:59:59+01:00,0,2,3499,3702,6306,6986,6566,8374,7864,10632,8553,10208,7804,8251,11224,13996,5543,9334,318,325,865,1271,957,1842,1295,2794,1499,2433,1137,969,2780,3745,1958,4115,106790,25816,3588,2476,18449,2,0,17,11
2021-03-18T23:59:59+01:00,0,2,3488,3684,6264,6945,6533,8312,7801,10545,8436,10079,6843,7150,10945,13695,5533,9309,317,325,862,1266,951,1833,1275,2786,1474,2413,1099,951,2573,3506,1802,3894,103760,24840,3429,2476,18358,2,0,17,11
2021-03-17T23:59:59+01:00,0,2,3451,3646,6193,6860,6478,8206,7710,10414,8304,9920,6158,6301,10651,13379,5515,9277,316,325,855,1260,946,1821,1261,2764,1454,2386,1062,926,2454,3380,1723,3784,100940,24230,3428,2476,18080,2,0,17,11
2021-03-16T23:59:59+01:00,0,2,3433,3617,6154,6807,6433,8133,7657,10349,8210,9818,5981,6125,9943,12582,5475,9213,309,314,841,1244,934,1812,1255,2744,1440,2378,1047,905,2239,3138,1589,3588,98683,23292,3418,2474,17814,2,0,17,11
2021-03-15T23:59:59+01:00,0,2,3396,3584,6055,6727,6303,8041,7515,10230,8081,9693,5225,5289,9498,12034,5432,9143,308,313,837,1240,932,1805,1253,2731,1431,2369,1034,892,2096,2965,1503,3494,95161,22719,3411,2473,17659,2,0,17,11
2021-03-14T23:59:59+01:00,0,2,3270,3437,5774,6379,6026,7678,7200,9815,7793,9370,4891,4896,9341,11836,5428,9133,308,312,837,1240,931,1805,1251,2730,1429,2366,1032,890,2093,2962,1500,3493,92754,22698,3356,2470,16142,2,0,17,11
2021-03-13T23:59:59+01:00,0,2,2615,2775,4831,5509,5006,6746,6001,8693,6777,8423,4575,4512,8957,11314,5338,9025,308,312,836,1238,931,1800,1248,2728,1428,2366,1032,889,2069,2926,1470,3458,82038,22558,3356,2470,15688,2,0,17,11
2021-03-12T23:59:59+01:00,0,2,1788,1953,3488,4352,3488,5400,4250,7046,5127,6904,3898,3802,7700,9755,4834,8342,304,309,834,1234,925,1793,1239,2708,1402,2349,986,864,1719,2462,1201,3106,63101,20954,3353,2470,15658,2,0,17,11
2021-03-11T23:59:59+01:00,0,2,1284,1467,2581,3610,2578,4456,3155,5950,3758,5509,2711,2516,5993,7630,4064,7163,299,300,818,1225,912,1770,1221,2679,1377,2303,949,844,1561,2231,1077,2917,45706,20003,3351,2470,15353,2,0,17,10
2021-03-10T23:59:59+01:00,0,2,1060,1246,2212,3246,2202,4063,2701,5508,2847,4539,1575,1311,4636,5902,3505,6392,289,290,800,1206,890,1734,1187,2606,1338,2237,924,824,1381,2041,981,2743,34635,19099,3351,2362,14946,2,0,15,10
2021-03-09T23:59:59+01:00,0,2,1044,1218,2145,3103,2137,3948,2616,5374,2763,4413,1540,1280,4553,5823,3463,6331,285,283,786,1185,872,1708,1162,2565,1320,2208,909,812,1303,1917,910,2632,34209,18529,3348,2318,14181,2,0,15,10
2021-03-08T23:59:59+01:00,0,2,1022,1187,2088,3002,2097,3866,2557,5261,2707,4341,1499,1259,4404,5660,3361,6186,285,279,781,1177,870,1699,1154,2557,1312,2192,884,791,1136,1692,785,2467,33501,17738,3348,2314,13635,1,0,15,10
2021-03-07T23:59:59+01:00,0,2,1017,1168,2048,2956,2055,3825,2517,5196,2666,4304,1494,1256,4397,5652,3359,6186,285,279,781,1177,870,1699,1154,2557,1311,2192,881,791,1127,1682,777,2456,33467,17738,3342,2273,13274,0,0,15,10
2021-03-06T23:59:59+01:00,0,2,1017,1164,2037,2942,2043,3806,2501,5169,2648,4283,1481,1246,4363,5607,3345,6174,285,279,781,1177,870,1698,1154,2557,1311,2192,881,791,1127,1682,777,2455,33322,17737,3341,2272,13150,0,0,15,10
2021-03-05T23:59:59+01:00,0,2,1013,1160,2022,2922,2012,3783,2458,5117,2594,4245,1441,1218,4095,5275,3193,5952,284,276,774,1170,864,1689,1151,2548,1308,2182,867,787,1119,1673,776,2453,32581,17641,2993,2272,12913,0,0,15,10
2021-03-04T23:59:59+01:00,0,2,919,1013,1934,2794,1944,3645,2382,4961,2503,4086,1410,1197,3854,5015,2928,5603,284,274,772,1165,861,1681,1150,2534,1304,2173,834,772,1106,1662,769,2441,31328,17525,2989,2249,11858,0,0,15,10
2021-03-03T23:59:59+01:00,0,2,872,905,1869,2698,1873,3540,2312,4845,2429,4002,1397,1184,3744,4909,2706,5331,283,272,771,1155,858,1663,1144,2492,1294,2146,814,768,1098,1644,762,2434,30652,17499,2872,2091,11079,0,0,15,10
2021-03-02T23:59:59+01:00,0,2,827,830,1772,2574,1788,3416,2222,4721,2369,3922,1362,1162,3610,4774,2503,4983,283,271,770,1149,854,1660,1139,2487,1290,2136,812,766,1084,1623,751,2415,29919,17392,2683,2090,10220,0,0,15,10
2021-03-01T23:59:59+01:00,0,2,804,791,1672,2430,1717,3272,2122,4549,2289,3801,1344,1150,3558,4710,2459,4921,283,269,766,1145,853,1648,1135,2475,1285,2126,804,762,1079,1612,744,2408,29664,17296,2599,2090,9313,0,0,15,10
2021-02-28T23:59:59+01:00,0,2,798,767,1653,2364,1689,3200,2099,4449,2275,3734,1338,1144,3548,4695,2445,4911,282,268,766,1144,853,1643,1135,2473,1285,2121,800,760,1071,1599,740,2398,29557,17273,2597,2057,8942,0,0,15,10
2021-02-27T23:59:59+01:00,0,2,783,750,1631,2303,1672,3086,2080,4323,2253,3638,1335,1141,3548,4693,2444,4910,282,268,766,1144,853,1642,1135,2473,1285,2120,800,760,1061,1593,723,2384,29552,17271,2596,2010,8429,0,0,15,10
2021-02-26T23:59:59+01:00,0,2,655,669,1524,2190,1619,2926,2016,4084,2151,3400,1242,1070,2893,3898,2017,4326,282,268,765,1142,852,1641,1135,2471,1283,2117,798,755,1043,1580,713,2368,26745,17197,2596,2008,7326,0,0,15,10
2021-02-25T23:59:59+01:00,0,2,505,589,1405,2087,1551,2797,1952,3954,2051,3286,1192,1038,2662,3628,1851,4083,265,253,740,1118,810,1571,1087,2369,1209,2024,742,733,1011,1543,701,2340,25672,17104,2564,1404,6382,0,0,15,10
2021-02-24T23:59:59+01:00,0,2,475,558,1336,1974,1479,2653,1882,3800,1972,3135,1152,1008,2523,3490,1772,3964,236,240,713,1073,783,1508,1057,2308,1154,1973,715,710,964,1514,690,2310,25014,16916,2552,1024,5594,0,0,15,10
2021-02-23T23:59:59+01:00,0,2,418,516,1253,1834,1403,2505,1805,3589,1900,3013,1126,972,2318,3259,1645,3773,231,234,698,1049,771,1469,1035,2260,1128,1932,706,698,954,1500,687,2306,24076,16823,2542,827,4698,0,0,15,10
2021-02-22T23:59:59+01:00,0,2,405,482,1153,1722,1300,2408,1695,3482,1819,2942,1104,958,2175,3086,1560,3677,220,225,676,997,740,1406,1009,2166,1084,1850,663,666,885,1423,651,2248,23496,16633,2538,268,3921,0,0,15,10
2021-02-21T23:59:59+01:00,0,2,386,466,1050,1689,1147,2384,1537,3458,1714,2923,1096,956,2174,3085,1560,3677,193,219,645,989,729,1398,995,2161,1075,1848,660,663,882,1418,643,2241,23466,16497,2538,254,3285,0,0,15,10
2021-02-20T23:59:59+01:00,0,2,386,464,1049,1689,1146,2384,1535,3456,1714,2921,1096,955,2173,3085,1559,3676,191,217,642,989,725,1397,989,2158,1073,1848,660,663,882,1418,643,2241,23459,16474,2537,254,3279,0,0,15,10
2021-02-19T23:59:59+01:00,0,2,381,455,1037,1685,1136,2374,1520,3437,1680,2906,1045,927,1801,2577,1262,3293,170,207,616,984,707,1389,972,2156,1067,1846,657,662,879,1418,642,2240,21712,16350,2537,254,3254,0,0,15,10
2021-02-18T23:59:59+01:00,0,2,361,435,997,1603,1098,2287,1467,3319,1639,2816,1014,904,1625,2333,1131,3085,150,196,577,973,687,1376,938,2139,1042,1826,646,643,858,1390,628,2219,20721,16026,2537,254,2843,0,0,15,10
2021-02-17T23:59:59+01:00,0,2,338,382,912,1460,989,2087,1332,3063,1527,2595,977,873,1436,2121,1030,2907,144,189,565,942,661,1325,905,2061,989,1750,611,611,851,1364,623,2200,19640,15529,2537,254,1839,0,0,15,10
2021-02-16T23:59:59+01:00,0,2,332,343,868,1322,937,1899,1270,2838,1459,2433,965,856,1373,2025,963,2811,138,176,551,899,646,1271,877,1997,959,1708,601,601,829,1333,610,2140,19270,15210,2536,118,875,0,0,15,10
2021-02-15T23:59:59+01:00,0,2,316,303,840,1291,920,1843,1230,2754,1421,2376,936,823,1195,1791,832,2634,129,168,529,872,628,1209,850,1923,936,1631,580,564,811,1296,601,2098,18352,14739,2535,78,607,0,0,13,10
2021-02-14T23:59:59+01:00,0,2,316,303,839,1291,919,1843,1228,2754,1421,2376,936,823,1195,1791,832,2633,129,168,528,864,624,1204,844,1917,932,1628,579,563,809,1295,600,2094,18350,14693,2535,77,604,0,0,13,10
2021-02-13T23:59:59+01:00,0,2,316,303,839,1291,919,1840,1228,2752,1421,2374,935,823,1195,1790,830,2633,129,168,528,864,624,1204,842,1914,930,1624,577,563,794,1275,588,2078,18343,14691,2531,3,604,0,0,13,10
2021-02-12T23:59:59+01:00,0,2,312,302,829,1286,915,1810,1222,2725,1393,2345,933,821,1194,1787,830,2633,129,168,526,861,623,1197,836,1902,924,1611,574,561,780,1263,582,2064,18335,14590,2531,3,460,0,0,13,10
2021-02-11T23:59:59+01:00,0,2,293,293,814,1251,909,1775,1205,2659,1371,2290,898,807,1183,1775,829,2623,127,154,508,819,600,1131,802,1802,901,1551,560,547,756,1227,568,2032,18221,14075,2530,2,213,0,0,13,10
2021-02-10T23:59:59+01:00,0,2,290,287,795,1213,896,1745,1193,2613,1356,2248,893,805,1168,1759,824,2606,123,145,441,732,554,1038,723,1675,842,1465,541,531,741,1206,558,2005,18197,13320,2425,2,59,0,0,12,0
2021-02-09T23:59:59+01:00,0,2,290,284,790,1199,884,1727,1178,2594,1341,2224,878,798,1154,1738,813,2581,106,125,384,643,500,904,644,1469,751,1269,489,452,622,1043,489,1765,18081,11657,2379,0,3,0,0,12,0
2021-02-08T23:59:59+01:00,0,2,289,283,788,1194,883,1720,1176,2590,1334,2216,872,794,1137,1716,796,2555,95,102,338,546,447,798,554,1252,643,1103,413,378,538,847,392,1446,17956,9894,2376,0,1,0,0,12,0
2021-02-07T23:59:59+01:00,0,2,288,282,786,1193,882,1720,1176,2589,1334,2213,865,792,1134,1713,795,2553,93,101,336,541,445,794,552,1243,639,1097,408,373,518,821,385,1431,17929,9779,2376,0,0,0,0,12,0
2021-02-06T23:59:59+01:00,0,2,288,281,785,1192,882,1719,1176,2589,1334,2212,864,791,1132,1707,793,2551,93,100,336,538,444,793,551,1239,637,1096,404,368,468,751,356,1385,17912,9561,2374,0,0,0,0,12,0
2021-02-05T23:59:59+01:00,0,2,288,281,785,1191,881,1717,1175,2588,1333,2207,857,784,1108,1696,786,2535,87,97,328,532,427,775,525,1204,608,1053,381,340,446,724,339,1339,17828,9206,2374,0,0,0,0,12,0
2021-02-04T23:59:59+01:00,0,2,285,273,782,1169,869,1694,1161,2560,1317,2184,834,770,1080,1666,779,2517,72,79,256,411,332,606,407,976,495,844,308,276,341,587,279,1126,17579,7395,2351,0,0,0,0,12,0
2021-02-03T23:59:59+01:00,0,2,284,268,778,1147,866,1665,1154,2509,1304,2151,811,756,1063,1644,769,2501,58,56,170,282,258,450,286,726,369,594,208,194,242,430,195,846,17473,5364,2187,0,0,0,0,12,0
2021-02-02T23:59:59+01:00,0,2,283,262,774,1138,859,1643,1146,2482,1293,2133,804,748,1054,1632,766,2489,36,36,92,140,149,260,173,453,236,374,134,124,165,261,136,543,17309,3312,2187,0,0,0,0,12,0
2021-02-01T23:59:59+01:00,0,2,281,259,769,1119,851,1623,1139,2451,1288,2098,795,734,1047,1621,762,2473,11,13,15,28,26,66,46,89,72,106,49,45,58,75,39,178,17114,916,2187,0,0,0,0,11,0
2021-01-31T23:59:59+01:00,0,2,275,257,753,1117,843,1612,1129,2440,1277,2089,789,728,1037,1603,755,2460,10,13,14,27,24,63,40,84,65,98,46,45,53,68,36,165,17078,851,2077,0,0,0,0,11,0
2021-01-30T23:59:59+01:00,0,2,275,257,753,1116,842,1612,1129,2440,1277,2089,788,728,1027,1596,738,2446,10,11,14,27,24,63,40,84,64,96,45,44,52,68,36,164,17074,842,2030,0,0,0,0,11,0
2021-01-29T23:59:59+01:00,0,2,275,257,753,1115,842,1612,1129,2440,1277,2088,787,727,1026,1594,738,2444,9,6,12,25,24,62,38,82,63,96,44,43,52,68,36,164,17067,824,2028,0,0,0,0,11,0
2021-01-28T23:59:59+01:00,0,2,271,252,741,1090,807,1557,1092,2379,1199,2029,746,713,997,1574,722,2422,4,0,3,6,9,26,19,37,20,48,21,22,23,45,15,97,16886,395,1696,0,0,0,0,11,0
2021-01-27T23:59:59+01:00,0,2,265,245,718,1058,759,1502,1032,2298,1117,1948,711,686,982,1553,719,2414,3,0,3,4,6,22,15,23,13,35,6,9,10,10,4,27,16425,190,1573,0,0,0,0,11,0
2021-01-26T23:59:59+01:00,0,2,241,236,701,1032,751,1452,1012,2222,1089,1883,699,672,959,1537,709,2395,3,0,1,4,5,12,13,12,6,11,3,5,6,7,1,16,16372,105,1209,0,0,0,0,11,0
2021-01-25T23:59:59+01:00,0,2,208,221,648,959,698,1329,968,2073,1030,1746,651,616,881,1442,665,2322,3,0,1,4,5,12,13,12,6,11,3,5,6,7,1,16,16139,105,309,0,0,0,0,11,0
2021-01-24T23:59:59+01:00,0,2,191,215,622,947,679,1315,950,2057,1015,1736,643,610,871,1422,656,2309,3,0,1,4,5,11,12,12,5,11,3,5,6,7,1,16,15965,102,264,0,0,0,0,11,0
2021-01-23T23:59:59+01:00,0,2,191,215,622,947,679,1315,950,2057,1015,1736,643,610,871,1422,656,2309,3,0,1,4,5,11,10,12,5,11,3,5,6,7,1,16,15965,100,264,0,0,0,0,11,0
2021-01-22T23:59:59+01:00,0,2,144,197,564,937,661,1300,916,2047,1002,1725,638,609,870,1422,656,2309,3,0,0,4,5,11,10,12,5,11,3,5,6,7,1,16,15724,99,264,0,0,0,0,11,0
2021-01-21T23:59:59+01:00,0,2,139,189,549,913,639,1259,883,1993,980,1677,624,588,858,1390,649,2290,3,0,0,4,4,11,9,12,5,11,3,5,6,7,1,15,15347,96,264,0,0,0,0,11,0
2021-01-20T23:59:59+01:00,0,2,134,173,502,847,616,1178,820,1883,943,1606,603,571,841,1367,639,2262,3,0,0,4,4,11,9,12,5,11,3,5,6,7,1,15,14714,96,262,0,0,0,0,11,0
2021-01-19T23:59:59+01:00,0,2,123,154,430,760,553,1044,736,1692,842,1444,555,521,743,1207,562,2008,3,0,0,4,4,9,9,12,5,11,3,5,6,7,1,15,13172,94,193,0,0,0,0,11,0
2021-01-18T23:59:59+01:00,0,2,104,122,361,606,462,870,605,1424,716,1235,487,455,659,1046,495,1736,1,0,0,1,0,1,0,0,0,0,0,0,0,1,0,0,11291,4,83,0,0,0,0,11,0
2021-01-17T23:59:59+01:00,0,2,100,120,357,600,460,865,603,1405,708,1225,482,444,632,1015,478,1694,1,0,0,1,0,1,0,0,0,0,0,0,0,1,0,0,11097,4,82,0,0,0,0,11,0
2021-01-16T23:59:59+01:00,0,2,100,117,355,592,457,860,592,1392,697,1213,465,429,535,886,416,1595,0,0,0,1,0,1,0,0,0,0,0,0,0,0,0,0,10689,2,3,0,0,0,0,11,0
2021-01-15T23:59:59+01:00,0,2,99,115,350,590,451,856,586,1385,680,1197,449,411,527,874,408,1572,0,0,0,0,0,0,0,0,0,0,0,0,0,0,0,0,10540,0,1,0,0,0,0,11,0
2021-01-14T23:59:59+01:00,0,0,81,93,292,488,372,691,467,1130,559,1012,369,327,412,715,335,1332,0,0,0,0,0,0,0,0,0,0,0,0,0,0,0,0,8664,0,0,0,0,0,0,11,0
2021-01-13T23:59:59+01:00,0,0,67,70,208,370,296,513,352,847,432,718,255,228,303,536,252,1023,0,0,0,0,0,0,0,0,0,0,0,0,0,0,0,0,6460,0,0,0,0,0,0,10,0
2021-01-12T23:59:59+01:00,0,0,45,47,126,218,182,319,211,538,286,447,160,145,196,351,172,686,0,0,0,0,0,0,0,0,0,0,0,0,0,0,0,0,4129,0,0,0,0,0,0,0,0
2021-01-11T23:59:59+01:00,0,0,11,15,42,60,42,94,60,119,95,134,65,58,83,103,49,223,0,0,0,0,0,0,0,0,0,0,0,0,0,0,0,0,1253,0,0,0,0,0,0,0,0
2021-01-10T23:59:59+01:00,0,0,11,15,29,49,35,76,51,110,82,124,57,54,77,93,46,209,0,0,0,0,0,0,0,0,0,0,0,0,0,0,0,0,1118,0,0,0,0,0,0,0,0
2021-01-09T23:59:59+01:00,0,0,11,14,26,48,35,76,50,109,80,121,56,53,76,92,45,208,0,0,0,0,0,0,0,0,0,0,0,0,0,0,0,0,1100,0,0,0,0,0,0,0,0
2021-01-08T23:59:59+01:00,0,0,7,7,26,42,33,73,47,107,79,120,53,49,71,87,41,208,0,0,0,0,0,0,0,0,0,0,0,0,0,0,0,0,1050,0,0,0,0,0,0,0,0
2021-01-07T23:59:59+01:00,0,0,5,1,9,21,15,39,28,77,34,82,32,27,47,74,28,162,0,0,0,0,0,0,0,0,0,0,0,0,0,0,0,0,681,0,0,0,0,0,0,0,0
2021-01-06T23:59:59+01:00,0,0,5,0,4,8,10,31,25,43,19,52,26,24,34,51,19,120,0,0,0,0,0,0,0,0,0,0,0,0,0,0,0,0,471,0,0,0,0,0,0,0,0
2021-01-05T23:59:59+01:00,0,0,5,0,4,8,10,31,25,43,19,52,26,24,34,50,19,120,0,0,0,0,0,0,0,0,0,0,0,0,0,0,0,0,470,0,0,0,0,0,0,0,0
2021-01-04T23:59:59+01:00,0,0,4,0,1,3,4,12,13,12,5,12,3,5,6,8,1,17,0,0,0,0,0,0,0,0,0,0,0,0,0,0,0,0,106,0,0,0,0,0,0,0,0
2021-01-03T23:59:59+01:00,0,0,3,0,1,3,4,10,12,12,5,12,3,5,6,8,1,16,0,0,0,0,0,0,0,0,0,0,0,0,0,0,0,0,101,0,0,0,0,0,0,0,0
2021-01-02T23:59:59+01:00,0,0,3,0,1,3,4,10,10,12,5,12,3,5,6,8,1,16,0,0,0,0,0,0,0,0,0,0,0,0,0,0,0,0,99,0,0,0,0,0,0,0,0
2021-01-01T23:59:59+01:00,0,0,3,0,0,3,4,10,10,12,5,12,3,5,6,7,1,16,0,0,0,0,0,0,0,0,0,0,0,0,0,0,0,0,97,0,0,0,0,0,0,0,0
2020-12-31T23:59:59+01:00,0,0,3,0,0,3,4,10,9,12,5,12,3,5,6,7,1,16,0,0,0,0,0,0,0,0,0,0,0,0,0,0,0,0,96,0,0,0,0,0,0,0,0
2020-12-30T23:59:59+01:00,0,0,3,0,0,3,4,10,9,12,5,12,3,5,6,7,1,16,0,0,0,0,0,0,0,0,0,0,0,0,0,0,0,0,96,0,0,0,0,0,0,0,0
2020-12-29T23:59:59+01:00,0,0,3,0,0,3,4,8,9,12,5,12,3,5,6,7,1,16,0,0,0,0,0,0,0,0,0,0,0,0,0,0,0,0,94,0,0,0,0,0,0,0,0
2020-12-28T23:59:59+01:00,0,0,3,0,0,3,4,8,9,12,5,12,3,5,6,7,1,16,0,0,0,0,0,0,0,0,0,0,0,0,0,0,0,0,94,0,0,0,0,0,0,0,0
2020-12-27T23:59:59+01:00,0,0,1,0,0,0,0,0,0,0,0,0,0,0,1,3,0,7,0,0,0,0,0,0,0,0,0,0,0,0,0,0,0,0,12,0,0,0,0,0,0,0,0
