Datum,<15_1_m,<15_1_w,15-24_1_m,15-24_1_w,25-34_1_m,25-34_1_w,35-44_1_m,35-44_1_w,45-54_1_m,45-54_1_w,55-64_1_m,55-64_1_w,65-74_1_m,65-74_1_w,75-84_1_m,75-84_1_w,>84_1_m,>84_1_w,<15_2_m,<15_2_w,15-24_2_m,15-24_2_w,25-34_2_m,25-34_2_w,35-44_2_m,35-44_2_w,45-54_2_m,45-54_2_w,55-64_2_m,55-64_2_w,65-74_2_m,65-74_2_w,75-84_2_m,75-84_2_w,>84_2_m,>84_2_w,bp_1,bp_2,mo_1,mo_2,az_1,az_2,ja,unb_1,unb_2
2021-10-27T23:59:59+02:00,4205,3900,26356,25234,35584,32848,35200,35043,40464,40723,43796,43774,28479,31715,20279,25413,6356,10720,3540,3196,23801,22849,33000,30142,33098,32787,38349,38339,41723,41770,27503,30573,19600,24482,6088,10172,345312,324187,45762,44119,77580,71292,21378,62,36
2021-10-26T23:59:59+02:00,4163,3872,26220,25120,35448,32747,35111,34971,40397,40675,43755,43752,28468,31704,20274,25408,6354,10718,3512,3184,23736,22769,32926,30074,33052,32737,38296,38303,41684,41747,27496,30563,19595,24473,6087,10170,344482,323690,45737,44087,77580,71290,21301,62,36
2021-10-25T23:59:59+02:00,4156,3864,26205,25102,35416,32724,35083,34957,40383,40668,43751,43748,28467,31703,20273,25408,6354,10718,3507,3177,23731,22764,32909,30055,33049,32731,38289,38300,41683,41744,27495,30562,19595,24470,6087,10170,344331,323629,45728,44080,77580,71289,21284,62,36
2021-10-24T23:59:59+02:00,4145,3859,26182,25073,35384,32697,35055,34934,40370,40651,43738,43739,28466,31699,20272,25406,6354,10718,3498,3169,23717,22747,32899,30046,33037,32723,38279,38292,41675,41736,27489,30559,19595,24465,6087,10169,344102,323493,45720,44080,77579,71289,21284,62,36
2021-10-23T23:59:59+02:00,4145,3859,26180,25069,35379,32696,35051,34931,40367,40649,43736,43739,28466,31699,20272,25406,6354,10718,3498,3169,23717,22745,32898,30046,33035,32723,38278,38291,41675,41736,27489,30559,19595,24465,6087,10169,344076,323486,45720,44080,77579,71289,21284,62,36
2021-10-22T23:59:59+02:00,4124,3828,26084,25000,35272,32598,34959,34871,40291,40607,43695,43712,28460,31695,20269,25399,6354,10717,3461,3141,23659,22683,32836,29992,32983,32686,38241,38260,41642,41712,27483,30552,19591,24462,6086,10168,343369,323012,45686,44057,77579,71289,21244,62,36
2021-10-21T23:59:59+02:00,4058,3782,25979,24908,35148,32484,34860,34801,40220,40551,43634,43676,28450,31682,20264,25394,6354,10716,3278,2993,23514,22533,32742,29900,32913,32620,38181,38205,41591,41674,27466,30534,19578,24446,6083,10162,342479,321876,45660,44025,77578,71289,21187,62,36
2021-10-20T23:59:59+02:00,4049,3767,25948,24879,35097,32438,34827,34769,40198,40530,43615,43662,28445,31677,20262,25390,6349,10714,3245,2965,23474,22493,32701,29867,32885,32592,38155,38175,41570,41653,27451,30522,19568,24435,6080,10160,342150,321480,45656,44011,77578,71289,21175,62,36
2021-10-19T23:59:59+02:00,4031,3740,25878,24834,35044,32392,34788,34731,40165,40503,43595,43648,28440,31670,20255,25383,6345,10711,3142,2852,23355,22385,32622,29800,32845,32549,38128,38130,41538,41629,27436,30505,19560,24428,6075,10156,341739,320695,45633,43970,77578,71288,21146,62,36
2021-10-18T23:59:59+02:00,4022,3722,25836,24808,35015,32355,34770,34716,40149,40489,43585,43634,28433,31663,20245,25376,6344,10711,3113,2834,23309,22347,32589,29757,32821,32514,38102,38110,41518,41606,27429,30498,19553,24419,6072,10152,341479,320334,45626,43952,77578,71288,21133,62,36
2021-10-17T23:59:59+02:00,4015,3710,25820,24802,35002,32345,34761,34711,40147,40486,43580,43629,28430,31659,20245,25371,6343,10709,3026,2755,23270,22320,32578,29744,32815,32504,38098,38103,41517,41598,27429,30495,19552,24417,6070,10152,341372,320035,45626,43952,77578,71288,21132,62,36
2021-10-16T23:59:59+02:00,4015,3710,25820,24802,35002,32345,34760,34711,40146,40485,43580,43629,28429,31658,20245,25370,6343,10708,3025,2753,23269,22320,32578,29744,32815,32503,38097,38102,41517,41597,27428,30495,19552,24416,6069,10150,341366,320023,45626,43952,77578,71288,21131,62,36
2021-10-15T23:59:59+02:00,4005,3700,25782,24772,34971,32319,34736,34688,40127,40473,43568,43622,28425,31655,20242,25367,6341,10704,2995,2729,23209,22250,32522,29694,32784,32457,38068,38075,41497,41580,27420,30487,19549,24412,6069,10146,341131,319573,45610,43924,77577,71288,21122,62,36
2021-10-14T23:59:59+02:00,3985,3672,25709,24713,34912,32258,34693,34653,40096,40440,43538,43607,28417,31646,20236,25364,6338,10699,2951,2671,23126,22164,32458,29600,32733,32400,38010,38032,41458,41543,27404,30473,19541,24404,6066,10145,340669,318892,45589,43879,77577,71288,21084,62,36
2021-10-13T23:59:59+02:00,3971,3649,25678,24692,34886,32228,34674,34638,40081,40417,43519,43587,28409,31640,20231,25355,6332,10692,2930,2650,23093,22125,32432,29561,32722,32365,37992,38012,41441,41532,27397,30459,19534,24397,6066,10140,340381,318576,45587,43871,77577,71288,21077,62,36
2021-10-12T23:59:59+02:00,3954,3629,25628,24640,34826,32167,34642,34608,40052,40390,43499,43574,28396,31625,20227,25346,6326,10685,2903,2616,23005,22029,32332,29472,32679,32317,37935,37975,41416,41495,27373,30446,19527,24387,6063,10130,339956,317890,45570,43834,77577,71286,21054,62,36
2021-10-11T23:59:59+02:00,3947,3617,25603,24615,34811,32144,34613,34590,40041,40379,43488,43561,28386,31616,20220,25341,6322,10681,2882,2605,22975,21997,32289,29437,32654,32286,37918,37958,41395,41478,27367,30440,19521,24380,6061,10126,339741,317577,45556,43826,77577,71286,21044,62,36
2021-10-10T23:59:59+02:00,3944,3615,25599,24608,34803,32134,34607,34576,40034,40374,43480,43554,28385,31611,20215,25337,6322,10677,2874,2599,22963,21979,32277,29420,32649,32279,37907,37947,41389,41473,27361,30436,19520,24379,6061,10126,339643,317450,45554,43823,77577,71286,21044,62,36
2021-10-09T23:59:59+02:00,3943,3612,25598,24605,34802,32130,34605,34575,40031,40370,43478,43554,28383,31610,20214,25334,6321,10677,2874,2598,22963,21979,32277,29420,32647,32278,37906,37947,41388,41472,27361,30436,19519,24379,6061,10125,339610,317441,45554,43823,77577,71286,21044,62,36
2021-10-08T23:59:59+02:00,3908,3588,25529,24548,34743,32075,34572,34544,39998,40342,43444,43528,28373,31600,20202,25319,6313,10673,2847,2563,22864,21914,32228,29365,32610,32230,37878,37904,41363,41448,27349,30418,19513,24371,6057,10124,339105,316893,45536,43808,77577,71285,21024,62,36
2021-10-07T23:59:59+02:00,3884,3544,25454,24467,34673,32004,34524,34505,39959,40301,43413,43501,28363,31588,20186,25309,6305,10663,2789,2501,22738,21771,32157,29279,32558,32153,37832,37856,41320,41406,27329,30400,19497,24357,6050,10112,338516,316019,45509,43782,77577,71284,20984,62,36
2021-10-06T23:59:59+02:00,3870,3525,25417,24423,34633,31965,34498,34474,39940,40284,43395,43484,28356,31579,20173,25291,6301,10651,2774,2484,22705,21729,32126,29242,32536,32122,37816,37832,41301,41391,27319,30390,19487,24345,6048,10108,338142,315679,45506,43779,77577,71284,20977,62,36
2021-10-05T23:59:59+02:00,3848,3506,25360,24363,34561,31890,34459,34435,39920,40249,43357,43460,28346,31567,20152,25271,6296,10621,2737,2442,22629,21613,32033,29150,32481,32059,37774,37790,41271,41362,27303,30380,19477,24335,6038,10098,337626,314982,45484,43753,77575,71282,20919,62,36
2021-10-04T23:59:59+02:00,3825,3484,25313,24320,34517,31858,34425,34404,39896,40231,43337,43441,28339,31558,20144,25254,6287,10608,2722,2432,22584,21567,32004,29101,32451,32035,37754,37772,41245,41346,27292,30364,19468,24326,6034,10088,337235,314631,45473,43738,77575,71279,20901,62,36
2021-10-03T23:59:59+02:00,3816,3482,25298,24314,34508,31853,34419,34398,39892,40222,43332,43437,28335,31556,20141,25244,6286,10601,2717,2426,22570,21556,31996,29091,32437,32026,37747,37766,41237,41342,27290,30359,19464,24320,6029,10082,337132,314506,45472,43736,77575,71279,20898,62,36
2021-10-02T23:59:59+02:00,3816,3482,25298,24313,34507,31853,34419,34398,39891,40222,43332,43437,28335,31556,20141,25244,6286,10601,2716,2426,22570,21556,31996,29091,32437,32026,37747,37766,41237,41342,27290,30359,19464,24320,6029,10082,337129,314505,45472,43736,77575,71279,20898,62,36
2021-10-01T23:59:59+02:00,3797,3464,25250,24246,34445,31784,34357,34358,39856,40198,43302,43419,28332,31550,20139,25242,6284,10598,2673,2384,22470,21467,31945,29021,32387,31984,37709,37718,41212,41325,27283,30354,19460,24315,6028,10080,336692,313943,45448,43709,77574,71277,20850,62,36
2021-09-30T23:59:59+02:00,3765,3422,25150,24131,34344,31706,34286,34299,39786,40140,43251,43378,28318,31531,20128,25234,6281,10587,2611,2332,22350,21349,31863,28917,32327,31913,37656,37670,41172,41299,27254,30342,19457,24302,6026,10075,335935,313149,45407,43684,77569,71277,20769,62,36
2021-09-29T23:59:59+02:00,3747,3402,25122,24087,34315,31678,34260,34273,39766,40118,43230,43361,28309,31523,20123,25228,6275,10580,2604,2318,22322,21318,31840,28897,32307,31889,37639,37653,41156,41287,27248,30330,19452,24293,6025,10071,335612,312900,45403,43680,77569,71277,20756,62,36
2021-09-28T23:59:59+02:00,3720,3371,25035,24016,34234,31611,34212,34224,39722,40079,43195,43331,28293,31504,20115,25216,6271,10571,2583,2292,22229,21244,31773,28824,32260,31842,37605,37610,41131,41262,27227,30315,19450,24284,6022,10069,335061,312396,45369,43650,77569,71276,20664,62,36
2021-09-27T23:59:59+02:00,3697,3347,24994,23990,34197,31571,34189,34194,39702,40045,43175,43310,28285,31494,20107,25211,6267,10563,2564,2278,22193,21212,31741,28784,32234,31821,37583,37592,41112,41249,27218,30310,19447,24280,6021,10065,334725,312130,45360,43634,77568,71276,20628,62,36
2021-09-26T23:59:59+02:00,3544,3243,24936,23955,34187,31563,34182,34191,39696,40038,43169,43304,28284,31492,20105,25210,6266,10562,2553,2271,22177,21193,31737,28777,32230,31817,37575,37585,41107,41243,27215,30306,19444,24278,6020,10064,334319,312025,45360,43633,77568,71275,20623,62,36
2021-09-25T23:59:59+02:00,3543,3243,24935,23955,34187,31563,34182,34191,39695,40037,43168,43304,28284,31491,20105,25210,6266,10562,2553,2270,22175,21190,31737,28777,32228,31816,37572,37583,41107,41243,27215,30305,19444,24278,6020,10064,334313,312010,45360,43633,77568,71275,20623,62,36
2021-09-24T23:59:59+02:00,3519,3211,24854,23879,34074,31483,34114,34128,39638,39990,43134,43278,28269,31480,20102,25204,6265,10560,2517,2239,22089,21101,31644,28713,32181,31779,37516,37545,41087,41221,27202,30294,19441,24275,6019,10064,333787,311554,45327,43620,77567,71274,20444,62,35
2021-09-23T23:59:59+02:00,3349,3060,24716,23729,33984,31392,34038,34069,39580,39938,43076,43234,28252,31466,20094,25192,6262,10558,2467,2195,21975,20999,31576,28635,32131,31723,37480,37511,41052,41187,27188,30275,19434,24259,6018,10061,332746,310937,45299,43602,77567,71272,20320,62,35
2021-09-22T23:59:59+02:00,3326,3035,24680,23677,33952,31359,34015,34032,39553,39922,43053,43210,28243,31457,20090,25181,6262,10553,2452,2183,21947,20969,31539,28597,32113,31695,37458,37496,41029,41176,27178,30269,19431,24255,6018,10060,332402,310675,45290,43598,77565,71271,20286,62,35
2021-09-21T23:59:59+02:00,3200,2902,24483,23521,33808,31259,33950,33949,39484,39874,43031,43168,28224,31437,20081,25175,6254,10546,2388,2152,21810,20831,31429,28492,32036,31618,37404,37447,40997,41142,27167,30257,19423,24240,6015,10055,331344,309899,45251,43570,77565,71270,20129,62,35
2021-09-20T23:59:59+02:00,3176,2880,24438,23474,33762,31219,33920,33916,39454,39843,43007,43143,28219,31427,20077,25169,6254,10542,2381,2140,21773,20790,31385,28445,32014,31582,37375,37429,40983,41133,27157,30250,19414,24234,6013,10048,330981,309599,45235,43563,77565,71268,20082,62,34
2021-09-19T23:59:59+02:00,3172,2878,24428,23468,33754,31211,33913,33909,39449,39828,42998,43142,28218,31426,20077,25167,6254,10542,2377,2136,21766,20785,31381,28437,32011,31581,37368,37421,40975,41132,27157,30250,19413,24233,6013,10048,330904,309546,45235,43562,77564,71268,20074,62,34
2021-09-18T23:59:59+02:00,3172,2878,24428,23468,33754,31211,33913,33909,39449,39828,42998,43142,28218,31426,20077,25167,6254,10542,2377,2136,21766,20785,31381,28435,32009,31581,37368,37421,40975,41132,27157,30250,19413,24232,6013,10048,330904,309541,45235,43562,77564,71268,20074,62,34
2021-09-17T23:59:59+02:00,3145,2840,24323,23353,33649,31111,33837,33841,39379,39774,42963,43115,28204,31418,20075,25161,6252,10540,2330,2093,21686,20708,31311,28373,31944,31534,37328,37388,40955,41118,27149,30235,19411,24225,6013,10047,330255,309092,45193,43542,77563,71268,19912,61,34
2021-09-16T23:59:59+02:00,3095,2792,24210,23221,33553,31002,33769,33736,39333,39714,42910,43066,28178,31397,20059,25150,6249,10532,2290,2051,21581,20611,31228,28301,31878,31468,37305,37333,40922,41080,27138,30215,19404,24217,6011,10046,329435,308493,45154,43533,77563,71262,19757,61,34
2021-09-15T23:59:59+02:00,3072,2779,24169,23173,33522,30958,33754,33705,39303,39686,42892,43048,28168,31386,20053,25144,6248,10530,2277,2036,21544,20568,31196,28254,31851,31445,37273,37299,40899,41054,27124,30206,19397,24209,6011,10042,329104,308133,45141,43532,77562,71260,19726,61,34
2021-09-14T23:59:59+02:00,3032,2747,24062,23031,33378,30817,33670,33621,39246,39635,42841,42998,28150,31370,20044,25136,6244,10525,2258,2011,21459,20486,31105,28164,31787,31383,37224,37257,40855,41028,27114,30186,19388,24201,6009,10039,328293,307609,45106,43525,77561,71256,19530,61,34
2021-09-13T23:59:59+02:00,3014,2728,24011,22978,33332,30757,33638,33571,39221,39604,42810,42974,28144,31357,20039,25134,6242,10521,2243,1995,21407,20439,31060,28113,31758,31351,37201,37237,40841,41006,27108,30180,19384,24197,6008,10038,327911,307309,45090,43512,77561,71255,19456,61,34
2021-09-12T23:59:59+02:00,3010,2721,24007,22970,33327,30753,33629,33565,39216,39601,42807,42972,28142,31355,20038,25133,6242,10520,2240,1992,21391,20430,31051,28095,31739,31343,37195,37230,40835,41000,27103,30179,19382,24194,6008,10036,327845,307187,45090,43512,77560,71254,19456,61,34
2021-09-11T23:59:59+02:00,3008,2720,24005,22968,33325,30752,33627,33564,39216,39599,42806,42972,28139,31353,20038,25133,6242,10520,2239,1990,21387,20429,31050,28092,31739,31343,37195,37229,40834,40999,27101,30179,19382,24194,6008,10036,327825,307171,45090,43512,77560,71254,19455,61,34
2021-09-10T23:59:59+02:00,2966,2678,23872,22840,33196,30636,33525,33489,39142,39515,42758,42932,28123,31336,20033,25125,6241,10518,2202,1952,21270,20326,30938,27999,31650,31290,37132,37187,40788,40966,27093,30169,19376,24184,6006,10035,327084,306629,45070,43493,77560,71253,19154,61,34
2021-09-09T23:59:59+02:00,2916,2639,23696,22691,33085,30506,33426,33388,39070,39442,42717,42885,28096,31318,20024,25119,6239,10516,2148,1895,21150,20195,30845,27902,31574,31195,37069,37131,40740,40918,27069,30153,19367,24175,6002,10032,326191,305877,45046,43474,77558,71250,18925,57,34
2021-09-08T23:59:59+02:00,2895,2608,23656,22642,33055,30467,33410,33360,39050,39420,42702,42870,28090,31309,20021,25114,6238,10516,2137,1883,21117,20163,30814,27886,31559,31170,37051,37108,40729,40904,27062,30147,19362,24170,6001,10031,325876,305647,45040,43470,77558,71249,18896,57,32
2021-09-07T23:59:59+02:00,2842,2553,23506,22497,32935,30359,33335,33274,38994,39356,42658,42836,28072,31292,20017,25109,6237,10513,2082,1842,20981,20029,30696,27800,31484,31104,37003,37056,40691,40875,27045,30122,19356,24159,6000,10029,325124,304995,45015,43448,77557,71244,18635,57,32
2021-09-06T23:59:59+02:00,2819,2538,23475,22453,32904,30326,33314,33254,38973,39343,42642,42821,28069,31288,20015,25107,6236,10510,2058,1824,20939,19986,30665,27773,31464,31079,36984,37037,40677,40863,27037,30114,19354,24150,5997,10027,324859,304694,44999,43440,77556,71243,18619,57,32
2021-09-05T23:59:59+02:00,2808,2535,23468,22447,32902,30321,33312,33249,38970,39340,42638,42815,28067,31284,20013,25106,6235,10509,2054,1821,20927,19979,30655,27767,31461,31075,36981,37035,40672,40860,27032,30112,19352,24146,5996,10027,324794,304620,44998,43440,77556,71243,18617,57,32
2021-09-04T23:59:59+02:00,2808,2535,23465,22446,32901,30321,33312,33248,38970,39339,42637,42814,28067,31284,20013,25106,6235,10509,2052,1818,20925,19979,30655,27767,31460,31074,36981,37035,40671,40860,27032,30112,19352,24146,5996,10027,324788,304613,44998,43440,77556,71243,18614,57,32
2021-09-03T23:59:59+02:00,2785,2501,23388,22369,32829,30250,33272,33205,38926,39310,42607,42801,28059,31271,20012,25104,6233,10508,2036,1801,20876,19921,30607,27728,31427,31039,36953,37010,40642,40848,27024,30104,19350,24144,5995,10027,324289,304270,44970,43432,77554,71235,18563,57,32
2021-09-02T23:59:59+02:00,2754,2469,23282,22272,32768,30159,33213,33150,38888,39277,42568,42768,28039,31259,20008,25090,6231,10505,2013,1782,20802,19860,30547,27665,31389,31008,36914,36973,40609,40819,27014,30092,19347,24133,5995,10027,323683,303843,44940,43414,77553,71230,18470,57,32
2021-09-01T23:59:59+02:00,2732,2455,23258,22235,32739,30127,33191,33124,38861,39256,42555,42752,28031,31252,20003,25088,6231,10505,1995,1767,20761,19816,30516,27637,31362,30983,36895,36957,40591,40803,27004,30083,19346,24127,5995,10027,323428,303565,44929,43407,77552,71229,18432,57,32
2021-08-31T23:59:59+02:00,2687,2412,23135,22130,32658,30027,33137,33066,38816,39214,42529,42727,28020,31246,19997,25084,6230,10501,1971,1747,20673,19722,30445,27577,31313,30940,36855,36925,40562,40778,26995,30071,19340,24122,5995,10025,322850,303148,44899,43392,77551,71222,18262,57,32
2021-08-30T23:59:59+02:00,2665,2388,23082,22087,32618,29985,33113,33029,38787,39194,42510,42709,28015,31239,19990,25075,6229,10497,1924,1707,20547,19621,30348,27482,31252,30889,36822,36897,40541,40744,26979,30056,19339,24113,5995,10023,322510,302434,44884,43383,77551,71217,18213,57,32
2021-08-29T23:59:59+02:00,2634,2358,22995,22024,32555,29928,33070,32998,38741,39158,42480,42688,28006,31232,19987,25070,6229,10496,1898,1682,20444,19553,30279,27432,31217,30855,36781,36868,40516,40726,26966,30045,19338,24108,5995,10023,322057,302006,44868,43360,77549,71207,18121,57,32
2021-08-28T23:59:59+02:00,2628,2356,22995,22024,32551,29928,33069,32998,38738,39157,42479,42688,28005,31232,19987,25070,6229,10496,1898,1680,20443,19552,30274,27431,31217,30852,36778,36866,40516,40726,26966,30045,19338,24108,5995,10023,322044,301995,44868,43359,77549,71207,18115,57,32
2021-08-27T23:59:59+02:00,2628,2356,22990,22020,32545,29928,33068,32995,38736,39155,42475,42688,28004,31232,19987,25070,6228,10496,1897,1679,20437,19550,30265,27430,31216,30850,36775,36865,40514,40726,26966,30045,19338,24107,5995,10023,322027,301980,44868,43359,77549,71204,18103,57,32
2021-08-26T23:59:59+02:00,2545,2272,22800,21814,32411,29786,32950,32888,38648,39066,42410,42619,27979,31199,19974,25052,6227,10490,1811,1598,20165,19280,30122,27263,31074,30724,36666,36770,40429,40652,26924,30004,19319,24083,5989,10021,320806,300465,44848,43335,77548,71188,17874,57,32
2021-08-25T23:59:59+02:00,2539,2264,22780,21789,32400,29765,32936,32873,38636,39052,42399,42613,27974,31196,19967,25046,6224,10488,1800,1589,20117,19236,30086,27233,31053,30688,36640,36738,40411,40636,26911,29991,19316,24075,5988,10020,320619,300102,44848,43335,77548,71187,17872,57,32
2021-08-24T23:59:59+02:00,2521,2253,22741,21747,32374,29720,32917,32840,38626,39032,42380,42599,27968,31185,19962,25038,6223,10487,1790,1580,20079,19194,30053,27192,31032,30653,36626,36717,40391,40618,26905,29981,19312,24072,5988,10016,320331,299813,44838,43330,77548,71182,17842,57,32
2021-08-23T23:59:59+02:00,2502,2221,22670,21674,32303,29663,32881,32809,38587,39001,42350,42586,27952,31176,19959,25027,6223,10485,1746,1536,19953,19072,29935,27112,30967,30606,36577,36674,40349,40589,26893,29967,19306,24062,5988,10010,319888,299077,44827,43305,77546,71174,17754,57,32
2021-08-22T23:59:59+02:00,2493,2212,22634,21642,32284,29645,32865,32801,38570,38985,42345,42577,27948,31171,19954,25027,6223,10484,1736,1523,19914,19034,29899,27079,30936,30570,36556,36658,40330,40567,26885,29963,19303,24059,5988,10008,319718,298787,44821,43302,77545,71165,17722,57,32
2021-08-21T23:59:59+02:00,2474,2199,22579,21592,32244,29608,32841,32777,38556,38962,42328,42567,27941,31163,19952,25024,6223,10483,1706,1499,19812,18935,29827,27021,30902,30526,36521,36616,40306,40546,26874,29954,19298,24055,5986,10008,319472,298278,44808,43287,77543,71159,17636,57,32
2021-08-20T23:59:59+02:00,2436,2157,22490,21485,32167,29525,32778,32729,38506,38922,42286,42539,27934,31149,19948,25009,6222,10479,1659,1462,19638,18808,29701,26918,30827,30466,36458,36570,40260,40508,26859,29935,19289,24046,5985,10004,318885,297462,44785,43261,77540,71141,17497,57,32
2021-08-19T23:59:59+02:00,2346,2089,22328,21348,32029,29401,32688,32645,38405,38844,42216,42485,27908,31116,19941,24997,6217,10470,1603,1412,19379,18601,29489,26768,30707,30356,36339,36475,40158,40423,26831,29905,19278,24030,5981,9999,317948,296189,44765,43231,77540,71116,17166,57,32
2021-08-18T23:59:59+02:00,2336,2080,22302,21326,32007,29380,32666,32622,38377,38826,42203,42469,27893,31106,19935,24992,6217,10468,1580,1394,19324,18541,29449,26734,30681,30325,36311,36454,40134,40392,26814,29894,19274,24018,5976,9995,317687,295754,44765,43231,77540,71114,17159,57,32
2021-08-17T23:59:59+02:00,2319,2064,22277,21298,31991,29350,32640,32597,38364,38814,42179,42450,27887,31093,19929,24987,6217,10468,1567,1383,19281,18490,29418,26695,30636,30298,36283,36419,40106,40368,26792,29879,19267,24001,5972,9991,317440,295351,44765,43228,77540,71110,17125,57,32
2021-08-16T23:59:59+02:00,2280,2047,22211,21255,31950,29306,32617,32576,38340,38793,42147,42433,27878,31086,19927,24977,6217,10467,1543,1358,19072,18345,29272,26581,30559,30209,36235,36367,40069,40326,26772,29863,19260,23982,5966,9989,317092,294348,44765,43222,77538,71108,17058,57,32
2021-08-15T23:59:59+02:00,2253,2024,22157,21198,31902,29266,32593,32543,38312,38774,42126,42419,27871,31081,19921,24970,6216,10467,1521,1342,18953,18228,29113,26453,30479,30126,36167,36316,40014,40269,26753,29839,19250,23973,5963,9988,316757,293421,44756,43205,77537,71100,16989,57,32
2021-08-14T23:59:59+02:00,2247,2021,22131,21182,31890,29250,32589,32537,38304,38769,42120,42416,27870,31080,19920,24969,6216,10466,1491,1314,18840,18134,29050,26389,30439,30078,36143,36285,39993,40254,26745,29833,19247,23972,5962,9985,316668,292876,44753,43185,77537,71096,16965,57,32
2021-08-13T23:59:59+02:00,2230,2010,22085,21144,31853,29226,32552,32509,38289,38755,42110,42406,27868,31075,19917,24966,6215,10466,1416,1249,18584,17872,28870,26229,30323,29986,36091,36216,39948,40218,26729,29821,19242,23963,5959,9981,316432,291503,44748,43169,77535,71086,16907,57,32
2021-08-12T23:59:59+02:00,2194,1972,21997,21048,31782,29149,32495,32459,38242,38712,42073,42372,27852,31056,19910,24956,6213,10466,1323,1189,18277,17557,28618,26000,30179,29857,35997,36123,39872,40150,26693,29774,19222,23940,5957,9978,315856,289750,44737,43116,77532,71039,16769,57,32
2021-08-11T23:59:59+02:00,2192,1967,21977,21032,31764,29128,32480,32443,38234,38703,42062,42356,27843,31053,19907,24952,6212,10462,1315,1176,18222,17501,28582,25955,30131,29818,35976,36085,39836,40117,26681,29747,19215,23930,5957,9976,315676,289271,44737,43113,77532,71036,16768,57,32
2021-08-10T23:59:59+02:00,2183,1946,21949,20995,31726,29106,32464,32423,38207,38676,42044,42347,27837,31045,19906,24949,6211,10458,1281,1143,17701,17047,28406,25796,30037,29728,35807,35962,39786,40074,26657,29724,19208,23914,5953,9975,315427,287566,44732,43084,77530,70786,16731,55,32
2021-08-09T23:59:59+02:00,2159,1932,21898,20944,31669,29059,32430,32393,38182,38656,42030,42323,27826,31036,19905,24940,6210,10456,1238,1104,17228,16585,28274,25689,29982,29674,35760,35917,39752,40039,26648,29710,19203,23908,5953,9973,315051,286079,44726,43064,77530,70773,16689,55,32
2021-08-08T23:59:59+02:00,2143,1914,21844,20900,31624,29022,32395,32367,38158,38648,42008,42302,27819,31032,19899,24936,6210,10453,1173,1042,16883,16244,28163,25606,29925,29601,35712,35879,39730,40013,26636,29697,19194,23899,5951,9968,314733,284841,44725,43043,77529,70765,16635,55,32
2021-08-07T23:59:59+02:00,2099,1871,21708,20818,31541,28954,32321,32306,38101,38598,41975,42273,27810,31005,19894,24927,6208,10451,1027,917,16371,15791,27859,25316,29696,29414,35532,35722,39590,39901,26580,29633,19175,23870,5948,9964,314102,282186,44692,42921,77523,70676,16491,55,32
2021-08-06T23:59:59+02:00,2089,1861,21657,20779,31500,28922,32289,32287,38075,38578,41963,42257,27806,30996,19890,24927,6208,10451,908,809,15344,14811,26705,24419,29406,29183,35283,35522,39275,39661,26538,29587,19165,23860,5947,9961,313873,277181,44688,42899,77523,69873,16399,55,32
2021-08-05T23:59:59+02:00,2050,1832,21549,20692,31441,28844,32228,32228,38016,38527,41918,42219,27789,30977,19881,24914,6206,10448,809,703,14451,14065,25681,23636,28691,28667,34751,35086,38957,39415,26471,29507,19132,23826,5944,9951,313311,272281,44665,42848,77522,68373,16209,55,32
2021-08-04T23:59:59+02:00,2030,1813,21477,20641,31396,28773,32194,32186,37979,38505,41883,42190,27776,30961,19876,24901,6204,10444,731,657,14080,13723,25272,23329,28478,28440,34608,34960,38859,39322,26432,29462,19110,23803,5939,9946,312858,269831,44658,42818,77522,68331,16139,55,32
2021-08-03T23:59:59+02:00,2021,1797,21450,20615,31380,28759,32181,32176,37969,38491,41867,42177,27767,30955,19871,24894,6203,10442,711,643,13996,13631,25193,23252,28410,28383,34560,34913,38807,39283,26405,29435,19098,23791,5936,9940,312654,269100,44654,42815,77520,68305,16135,55,32
2021-08-02T23:59:59+02:00,2011,1776,21405,20576,31334,28737,32154,32145,37943,38476,41854,42162,27758,30943,19871,24886,6202,10438,680,613,13793,13421,24486,22703,28126,28160,34411,34801,38729,39220,26378,29403,19090,23787,5936,9938,312364,266681,44651,42801,77520,68077,16084,55,32
2021-08-01T23:59:59+02:00,1991,1759,21352,20529,31285,28698,32127,32126,37924,38457,41833,42145,27752,30936,19868,24878,6202,10438,642,585,13622,13259,24186,22448,27887,27942,34320,34693,38661,39149,26362,29384,19084,23781,5936,9936,312061,264979,44645,42789,77519,68054,16023,55,32
2021-07-31T23:59:59+02:00,1966,1729,21272,20452,31214,28659,32071,32086,37889,38428,41809,42124,27748,30928,19863,24874,6202,10438,370,355,12677,12233,23667,22006,27541,27585,34009,34397,38226,38805,26291,29299,19058,23736,5931,9930,311640,259940,44633,42753,77517,67482,15909,55,32
2021-07-30T23:59:59+02:00,1941,1709,21250,20431,31182,28640,32056,32068,37883,38421,41801,42116,27743,30925,19862,24874,6201,10438,362,348,12590,12160,23340,21716,27261,27373,33790,34233,38064,38670,26267,29281,19057,23728,5931,9928,311457,258515,44632,42745,77517,66925,15882,55,32
2021-07-29T23:59:59+02:00,1872,1640,21018,20193,31040,28491,31953,31956,37790,38331,41706,42055,27715,30900,19849,24855,6194,10429,296,288,11961,11626,22208,20874,26218,26533,32806,33540,37680,38378,26184,29180,19028,23681,5925,9919,310241,252891,44603,42655,77509,65166,15581,55,32
2021-07-28T23:59:59+02:00,1852,1625,20978,20140,31021,28461,31937,31935,37768,38312,41683,42034,27704,30888,19844,24845,6194,10427,252,237,11681,11323,21796,20491,25786,26107,32641,33384,37568,38286,26147,29129,19009,23658,5924,9914,309920,249965,44603,42655,77497,65105,15576,54,32
2021-07-27T23:59:59+02:00,1842,1619,20938,20097,30997,28428,31903,31919,37747,38278,41659,42021,27697,30881,19843,24840,6194,10424,213,214,11435,11107,21593,20302,25643,25987,32528,33277,37479,38203,26116,29091,18999,23646,5921,9910,309682,248485,44603,42621,77496,65033,15494,54,31
2021-07-26T23:59:59+02:00,1816,1583,20811,19966,30889,28327,31844,31854,37691,38210,41617,41990,27671,30863,19832,24826,6188,10421,178,187,11142,10782,21085,19859,25393,25778,32366,33126,37348,38115,26080,29057,18986,23623,5920,9902,308915,246189,44571,42507,77489,64828,15372,54,31
2021-07-25T23:59:59+02:00,1809,1575,20788,19954,30878,28317,31832,31839,37683,38204,41607,41980,27667,30860,19831,24824,6188,10420,167,174,11037,10675,20933,19752,25159,25583,32126,32916,37202,37981,26062,29043,18980,23615,5919,9899,308797,244924,44562,42492,77480,64411,15365,54,31
2021-07-24T23:59:59+02:00,1789,1560,20706,19879,30834,28277,31797,31803,37654,38175,41585,41968,27660,30854,19828,24822,6188,10420,161,169,10974,10620,20858,19690,25087,25522,32073,32885,37172,37960,26056,29038,18978,23613,5919,9899,308445,244555,44551,42469,77476,64344,15275,54,31
2021-07-23T23:59:59+02:00,1734,1525,20513,19733,30673,28163,31709,31729,37587,38123,41546,41925,27649,30837,19823,24816,6187,10415,149,158,10715,10416,20500,19390,24278,24876,31590,32553,36604,37503,26013,28996,18962,23595,5918,9897,307613,241689,44542,42421,77459,62952,15020,54,31
2021-07-22T23:59:59+02:00,1670,1468,20202,19459,30432,27981,31579,31615,37457,38016,41449,41842,27622,30813,19812,24792,6183,10414,112,131,10252,10037,19755,18876,23323,24205,30880,31965,35569,36741,25901,28897,18928,23562,5916,9893,306133,238076,44506,41755,77454,60421,14660,54,31
2021-07-21T23:59:59+02:00,1655,1460,20164,19407,30402,27950,31555,31592,37437,37991,41428,41818,27613,30805,19807,24786,6178,10410,94,110,9942,9703,19292,18423,22447,23438,30545,31632,35334,36543,25818,28800,18897,23509,5908,9883,305804,235326,44497,40062,77452,60248,14652,54,30
2021-07-20T23:59:59+02:00,1648,1454,20131,19380,30372,27926,31530,31572,37421,37973,41416,41805,27598,30790,19807,24779,6178,10407,83,99,9674,9425,18959,18156,22174,23154,30368,31475,35169,36399,25772,28752,18881,23473,5907,9879,305547,232928,44495,40054,77451,60146,14641,54,30
2021-07-19T23:59:59+02:00,1637,1446,20017,19294,30288,27854,31471,31517,37402,37954,41401,41787,27593,30779,19801,24772,6177,10404,78,93,9477,9229,18647,17882,21712,22733,30114,31244,35050,36296,25738,28713,18863,23457,5907,9876,304970,231300,44489,39115,77449,60031,14633,54,30
2021-07-18T23:59:59+02:00,1626,1440,19948,19227,30159,27755,31406,31451,37340,37902,41357,41735,27572,30748,19792,24757,6173,10401,72,85,9368,9114,18479,17731,21521,22544,29944,31046,34935,36195,25706,28690,18852,23439,5907,9870,304176,230042,44489,38812,77447,59990,14624,54,30
2021-07-17T23:59:59+02:00,1625,1436,19941,19225,30159,27754,31406,31447,37335,37900,41353,41733,27571,30747,19791,24757,6173,10401,72,81,9348,9099,18448,17709,21502,22531,29934,31039,34917,36191,25703,28688,18852,23438,5907,9870,304145,229891,44489,38809,77447,59979,14620,54,30
2021-07-16T23:59:59+02:00,1572,1391,19666,18979,30038,27659,31324,31377,37279,37837,41312,41701,27552,30730,19784,24747,6171,10395,71,79,9230,8984,18068,17405,21199,22258,29544,30682,34782,36084,25679,28664,18845,23425,5905,9868,303156,228614,44466,38087,77446,59649,14393,54,29
2021-07-15T23:59:59+02:00,1514,1348,19406,18732,29863,27512,31214,31278,37195,37754,41242,41634,27509,30700,19768,24734,6167,10392,62,67,8867,8682,17159,16579,19650,21029,28623,29760,34159,35504,25511,28482,18789,23375,5899,9856,301879,222501,44425,36628,77438,58728,14167,54,29
2021-07-14T23:59:59+02:00,1500,1335,19376,18695,29837,27486,31189,31246,37183,37740,41223,41627,27501,30693,19759,24727,6166,10389,54,62,8578,8385,16609,15977,19157,20509,28059,29260,33768,35128,25398,28353,18749,23308,5894,9845,301595,218331,44424,36271,77436,58298,14164,54,29
2021-07-13T23:59:59+02:00,1489,1324,19339,18671,29820,27461,31165,31230,37168,37713,41199,41599,27492,30679,19757,24722,6165,10383,36,56,8270,8123,16213,15629,18880,20230,27797,29010,33497,34870,25299,28232,18716,23267,5892,9840,301310,215632,44423,36236,77435,57805,14155,54,29
2021-07-12T23:59:59+02:00,1473,1314,19290,18653,29784,27432,31148,31209,37156,37696,41183,41586,27488,30675,19755,24716,6164,10383,35,51,8009,7911,15933,15352,18180,19680,27481,28688,33084,34508,25131,28035,18657,23193,5886,9835,301049,214347,44422,34302,77435,56825,14146,54,29
2021-07-11T23:59:59+02:00,1463,1306,19258,18622,29756,27400,31131,31178,37148,37675,41169,41574,27479,30666,19753,24716,6163,10382,33,50,7965,7864,15867,15282,18090,19626,27396,28625,32970,34445,25076,27990,18637,23171,5886,9832,300796,213768,44419,34291,77433,56579,14138,54,29
2021-07-10T23:59:59+02:00,1334,1190,18752,18201,29306,27099,30847,30944,36898,37515,40965,41424,27405,30606,19727,24684,6160,10379,32,50,7835,7794,15579,15144,17872,19475,27152,28483,32803,34329,25010,27944,18621,23158,5885,9832,298580,213347,44281,34168,77405,56337,13117,54,29
2021-07-09T23:59:59+02:00,1323,1184,18724,18170,29284,27082,30834,30931,36887,37503,40954,41415,27401,30602,19725,24680,6160,10378,29,48,7793,7748,15509,15077,17807,19381,26931,28253,32553,34116,24946,27881,18599,23132,5885,9829,298432,213062,44262,34165,77404,55175,13086,54,29
2021-07-08T23:59:59+02:00,1245,1102,18455,17954,29133,26930,30695,30810,36784,37400,40855,41337,27367,30568,19706,24660,6155,10372,24,44,7623,7610,15210,14829,17375,19021,26239,27649,32278,33849,24777,27724,18540,23070,5882,9821,297158,211921,44205,32743,77396,54156,12716,54,29
2021-07-07T23:59:59+02:00,1146,1010,18144,17631,28932,26744,30564,30685,36672,37279,40748,41250,27333,30519,19692,24644,6152,10369,21,36,7426,7399,14770,14463,16909,18577,25485,27037,31869,33467,24509,27398,18446,22977,5873,9812,295582,209002,44154,31908,77385,53195,12340,54,29
2021-07-06T23:59:59+02:00,1123,993,18067,17562,28886,26694,30514,30638,36636,37244,40713,41219,27316,30493,19681,24630,6150,10366,14,30,7209,7168,14425,14101,16558,18227,24733,26390,31568,33203,24318,27183,18398,22906,5866,9805,295003,206936,44150,30501,77382,52299,12337,54,29
2021-07-05T23:59:59+02:00,1081,965,17991,17498,28843,26636,30474,30603,36611,37199,40685,41193,27310,30479,19675,24624,6150,10361,4,17,6980,6982,14121,13830,16207,17864,24176,25879,30996,32636,24038,26885,18290,22766,5858,9795,294512,205442,44148,28400,77378,51166,12287,54,29
2021-07-04T23:59:59+02:00,1059,949,17919,17447,28805,26614,30451,30574,36601,37190,40670,41181,27304,30468,19670,24621,6150,10360,4,17,6955,6963,14069,13780,16130,17804,24092,25822,30841,32544,23945,26796,18258,22725,5856,9791,294193,205048,44148,28390,77367,50653,12272,54,29
2021-07-03T23:59:59+02:00,645,579,16179,15726,27640,25697,29655,29853,35958,36576,40167,40750,27146,30301,19604,24533,6141,10343,4,17,6567,6721,13557,13482,15732,17500,23728,25543,30535,32348,23849,26700,18225,22685,5852,9787,286671,204752,44109,28313,77283,50361,9377,54,29
2021-07-02T23:59:59+02:00,606,540,16049,15580,27482,25549,29575,29794,35927,36549,40148,40737,27140,30292,19601,24530,6141,10343,4,17,6520,6647,13483,13385,15645,17368,23584,25360,30381,32183,23657,26489,18136,22607,5850,9784,285768,204069,44109,28154,77282,49477,9371,54,29
2021-07-01T23:59:59+02:00,548,492,15870,15426,27270,25394,29496,29715,35873,36498,40083,40691,27119,30273,19590,24517,6139,10339,4,16,6377,6516,13136,13111,15114,16929,22313,24370,29620,31498,23376,26201,18017,22472,5843,9768,284578,200528,44105,26477,77269,48321,9328,54,27
2021-06-30T23:59:59+02:00,518,472,15765,15318,27158,25308,29428,29642,35816,36446,40041,40656,27103,30242,19579,24500,6135,10339,3,14,6181,6334,12704,12724,14544,16381,21688,23771,29026,30967,22957,25735,17886,22289,5836,9756,283749,196263,44102,26452,77262,46754,9300,54,27
2021-06-29T23:59:59+02:00,462,422,15009,14649,26891,25084,29331,29543,35736,36365,39972,40608,27084,30217,19571,24487,6135,10337,3,12,6068,6208,12445,12463,14149,15985,20897,23146,28440,30413,22509,25211,17733,22114,5828,9746,281244,193113,44099,25941,77253,45035,9254,54,27
2021-06-28T23:59:59+02:00,426,391,14381,14005,26733,24979,29259,29477,35676,36299,39929,40574,27066,30197,19563,24476,6135,10333,2,12,6001,6111,12266,12323,13962,15809,20272,22596,28040,30038,22173,24854,17604,21951,5823,9741,279302,191430,44096,25277,77248,43644,9200,54,27
2021-06-27T23:59:59+02:00,349,324,14037,13633,26670,24921,29221,29441,35654,36277,39910,40560,27055,30190,19560,24472,6134,10332,2,12,5963,6068,12150,12206,13816,15680,19718,22118,27430,29536,21896,24515,17483,21827,5819,9740,278192,190590,44092,23750,77237,42446,9166,54,27
2021-06-26T23:59:59+02:00,348,323,14026,13621,26655,24910,29215,29434,35647,36276,39907,40559,27054,30189,19560,24472,6134,10332,2,12,5958,6065,12140,12204,13810,15677,19705,22106,27385,29501,21749,24385,17443,21771,5818,9738,278118,190566,44089,23746,77237,41965,9165,54,27
2021-06-25T23:59:59+02:00,224,210,12766,12403,25188,23759,28916,29201,35541,36191,39839,40497,27030,30162,19549,24460,6132,10330,2,12,5915,6018,12041,12122,13666,15556,19394,21867,26999,29142,21427,23991,17265,21574,5815,9729,271884,189338,44085,23461,77217,40550,9159,54,27
2021-06-24T23:59:59+02:00,159,156,11791,11571,24073,22879,28553,28847,35391,36024,39722,40391,26991,30113,19538,24436,6130,10326,2,11,5697,5787,11585,11707,13085,14964,17854,20467,25346,27545,20653,23131,16946,21167,5805,9719,266637,184345,44063,19838,77213,38136,9125,54,27
2021-06-23T23:59:59+02:00,123,130,11426,11250,23576,22506,28304,28604,35214,35896,39632,40302,26960,30086,19529,24398,6128,10314,2,11,5623,5676,11373,11492,12785,14614,17460,20057,24596,26775,19857,22381,16753,20913,5797,9703,264016,181992,44055,19218,77208,35585,9046,54,27
2021-06-22T23:59:59+02:00,102,117,11244,11040,23415,22366,28223,28531,35138,35834,39585,40256,26945,30061,19521,24389,6128,10313,1,9,5513,5555,11105,11232,12418,14244,16857,19456,23862,26007,19477,21956,16590,20734,5790,9687,262868,178953,44052,18345,77206,34139,9029,54,27
2021-06-21T23:59:59+02:00,90,105,10993,10857,22582,21702,27970,28302,35070,35771,39522,40213,26928,30042,19515,24379,6128,10312,1,8,5395,5455,10887,11017,12110,13921,16467,19110,23412,25539,19185,21641,16485,20614,5784,9685,260281,177490,44041,17330,77199,32962,8907,54,27
2021-06-20T23:59:59+02:00,84,104,10928,10766,22333,21487,27711,28101,34990,35694,39477,40169,26916,30026,19513,24374,6126,10309,1,7,5354,5402,10800,10915,12015,13818,16270,18925,23142,25298,19084,21534,16432,20556,5778,9681,258991,177177,44040,16266,77193,32712,8830,54,27
2021-06-19T23:59:59+02:00,83,100,10905,10743,22301,21464,27693,28088,34978,35690,39468,40165,26915,30025,19513,24372,6126,10309,1,7,5323,5370,10718,10824,11923,13698,16122,18774,22834,24936,18996,21447,16420,20543,5777,9681,258841,177071,44020,14767,77193,32699,8830,54,27
2021-06-18T23:59:59+02:00,80,98,10857,10694,21984,21138,27431,27870,34924,35653,39436,40142,26906,30016,19512,24369,6126,10307,1,7,5308,5361,10689,10793,11883,13649,16060,18711,22750,24840,18830,21265,16375,20477,5776,9676,257451,176675,44016,14766,77192,32153,8830,54,27
2021-06-17T23:59:59+02:00,71,90,10276,10264,20705,20180,26569,27135,34553,35328,39177,39951,26842,29934,19491,24332,6119,10302,1,7,5111,5221,10313,10540,11438,13247,15378,18099,21380,23521,18372,20774,16211,20304,5772,9662,251666,171366,43996,14191,77179,31343,8424,54,27
2021-06-16T23:59:59+02:00,63,78,9939,9956,20020,19547,25936,26534,34302,35125,39016,39801,26796,29881,19467,24307,6118,10298,1,7,4967,5077,9924,10207,10978,12795,14674,17409,20527,22582,17968,20327,16040,20091,5762,9650,247826,167578,43980,12920,77165,30302,8159,54,27
2021-06-15T23:59:59+02:00,48,72,9698,9712,19721,19301,25711,26336,34170,35018,38920,39720,26764,29845,19460,24292,6113,10294,1,7,4863,4962,9684,9991,10743,12535,14249,16981,19925,22003,17644,19935,15818,19859,5753,9638,246051,165482,43970,11830,77158,29291,7962,54,26
2021-06-14T23:59:59+02:00,44,67,9566,9586,19421,19042,25533,26193,34050,34938,38856,39680,26746,29825,19454,24281,6113,10291,1,7,4782,4899,9495,9853,10568,12399,13986,16763,19609,21708,17478,19777,15716,19725,5752,9634,244847,164018,43968,11828,77154,28617,7663,54,26
2021-06-13T23:59:59+02:00,43,63,9406,9458,19131,18858,25177,25939,33851,34770,38748,39613,26730,29813,19444,24273,6113,10287,0,7,4699,4830,9284,9680,10399,12222,13660,16416,19260,21377,17349,19628,15669,19660,5750,9632,243200,163152,43968,11827,77149,27171,7346,54,26
2021-06-12T23:59:59+02:00,43,63,9397,9440,19119,18845,25177,25934,33851,34767,38745,39612,26730,29813,19444,24273,6113,10287,0,7,4696,4816,9272,9618,10366,12120,13611,16262,19205,21241,17240,19502,15552,19558,5748,9630,243152,163122,43968,11825,77144,26136,7335,54,26
2021-06-11T23:59:59+02:00,38,59,9238,9259,18886,18635,24374,25261,33673,34611,38610,39499,26697,29779,19433,24249,6113,10282,0,7,4618,4706,9051,9359,10106,11822,13089,15710,18228,20341,17054,19304,15512,19514,5745,9627,240232,159091,43966,11824,77139,25547,7305,54,26
2021-06-10T23:59:59+02:00,36,55,8844,8929,18238,18139,23525,24589,33354,34330,38407,39334,26638,29725,19409,24221,6110,10275,0,7,4443,4529,8477,8864,9296,11100,11938,14603,16225,18419,16164,18336,15226,19147,5736,9605,236611,149381,43312,11791,77113,23847,7070,52,26
2021-06-09T23:59:59+02:00,19,37,8392,8428,17403,17414,22373,23545,32868,33861,38120,39113,26529,29620,19361,24162,6100,10262,0,7,4306,4412,8186,8601,9051,10846,11603,14234,15741,17870,15788,17904,14984,18862,5729,9595,232608,147542,41417,11750,77072,21927,6474,36,26
2021-06-08T23:59:59+02:00,11,25,8072,8109,16933,17003,21951,23179,32624,33666,37957,38983,26485,29579,19351,24140,6097,10257,0,7,4187,4330,7932,8350,8745,10501,11243,13887,15098,17165,15325,17380,14722,18583,5724,9577,229880,145830,41386,10632,77062,20210,6058,36,26
2021-06-07T23:59:59+02:00,8,21,7875,7879,16575,16680,21412,22721,32342,33396,37839,38866,26456,29531,19331,24111,6092,10256,0,7,4111,4250,7751,8207,8586,10355,11072,13714,14783,16837,15125,17123,14548,18390,5720,9572,228259,144743,40414,10539,77042,19203,5640,36,26
2021-06-06T23:59:59+02:00,6,18,7768,7770,16441,16533,21216,22514,32113,33171,37703,38760,26429,29506,19319,24094,6092,10250,0,7,4083,4214,7703,8087,8532,10223,10964,13567,14586,16616,14939,16943,14459,18269,5713,9566,227023,144253,40114,10526,77024,18160,5506,36,26
2021-06-05T23:59:59+02:00,6,18,7746,7756,16415,16509,21208,22511,32102,33164,37701,38759,26428,29506,19318,24093,6092,10250,0,7,4073,4174,7688,8022,8518,10091,10950,13395,14567,16511,14904,16888,14450,18259,5713,9565,226917,144171,40114,10526,77023,17560,5492,36,26
2021-06-04T23:59:59+02:00,6,16,7635,7654,16136,16270,20934,22261,31679,32789,37586,38637,26395,29467,19307,24080,6090,10248,0,7,4066,4164,7660,7999,8491,10060,10883,13322,14462,16378,14822,16795,14413,18215,5713,9563,225318,143832,39340,10196,77004,17467,5492,36,26
2021-06-03T23:59:59+02:00,4,16,7380,7425,15259,15479,19302,20870,30767,31862,37082,38175,26263,29331,19262,24028,6084,10230,0,7,4006,4125,7572,7928,8368,9963,10711,13139,13890,15805,14557,16478,14327,18107,5710,9550,218687,141603,37761,10076,76992,17195,5343,36,26
2021-06-02T23:59:59+02:00,4,16,7246,7281,14881,15054,18871,20465,30300,31406,36854,37911,26199,29267,19242,23999,6081,10228,0,7,3977,4096,7510,7842,8280,9868,10571,13008,13441,15372,14432,16295,14297,18069,5707,9545,215609,139808,37330,9982,76991,17162,5339,36,26
2021-06-01T23:59:59+02:00,4,13,6972,7037,14483,14744,18527,20148,29973,31094,36630,37678,26143,29187,19218,23970,6079,10217,0,7,3876,4012,7269,7666,8046,9675,10307,12732,13033,14947,13997,15841,14181,17914,5700,9537,212863,137670,37286,9728,76970,16354,4962,36,26
2021-05-31T23:59:59+02:00,4,13,6810,6851,14261,14510,17826,19547,29631,30751,36336,37414,26050,29089,19191,23917,6069,10205,0,7,3799,3902,7059,7419,7822,9392,9963,12348,12594,14426,13468,15226,13980,17683,5692,9522,211423,134482,35247,9407,76955,15573,4814,36,26
2021-05-30T23:59:59+02:00,4,13,6787,6835,14216,14469,17748,19488,29581,30712,36304,37388,26038,29077,19188,23910,6068,10203,0,7,3755,3830,6901,7204,7675,9156,9756,12026,12338,14071,13347,15055,13914,17600,5689,9515,211124,133744,35234,9305,76897,14026,4738,36,26
2021-05-29T23:59:59+02:00,4,13,6785,6834,14207,14463,17743,19482,29576,30708,36301,37387,26036,29074,19188,23909,6068,10203,0,7,3745,3818,6871,7171,7641,9105,9720,11979,12264,13972,13305,14986,13884,17575,5688,9510,211092,133602,35234,9304,76882,13572,4737,36,26
2021-05-28T23:59:59+02:00,4,13,6775,6821,14190,14451,17727,19460,29563,30695,36290,37367,26033,29069,19186,23905,6068,10203,0,6,3731,3795,6850,7131,7606,9050,9668,11874,12021,13702,13114,14795,13854,17534,5685,9507,210936,132305,35233,9303,76879,13553,4736,36,26
2021-05-27T23:59:59+02:00,4,13,6684,6740,13921,14232,17238,19114,28882,30151,36129,37234,25983,29033,19171,23889,6067,10197,0,6,3607,3633,6562,6878,7230,8741,9170,11316,11311,12805,12560,14224,13724,17340,5677,9495,209845,128778,33788,8974,76837,12325,4176,36,26
2021-05-26T23:59:59+02:00,4,13,6614,6633,13711,14030,16985,18804,28338,29638,35953,37058,25942,28983,19154,23860,6066,10190,0,6,3516,3491,6339,6589,6941,8313,8828,10838,10657,12004,11995,13608,13577,17124,5672,9473,208232,125155,33038,8790,76822,11154,3848,36,24
2021-05-25T23:59:59+02:00,4,13,6533,6538,13504,13810,16721,18591,27614,28990,35860,36961,25918,28952,19142,23844,6061,10189,0,6,3467,3398,6195,6419,6794,8122,8602,10547,10309,11638,11651,13130,13472,16961,5669,9465,207513,123308,31582,8652,76339,10085,3776,35,24
2021-05-24T23:59:59+02:00,4,13,6463,6442,13326,13610,16498,18311,27198,28559,35514,36560,25861,28884,19123,23820,6060,10187,0,6,3454,3377,6136,6338,6749,8038,8542,10452,10236,11540,11476,12897,13424,16869,5661,9444,206981,122679,29348,8604,76332,9595,3737,35,24
2021-05-23T23:59:59+02:00,4,13,6461,6441,13321,13602,16495,18301,27179,28549,35484,36526,25858,28877,19123,23814,6060,10187,0,3,3449,3373,6130,6328,6739,8031,8514,10421,10196,11481,11393,12796,13404,16837,5661,9443,206867,122665,29331,8191,76331,9588,3731,35,24
2021-05-22T23:59:59+02:00,4,13,6454,6437,13313,13590,16489,18296,27175,28547,35481,36520,25858,28877,19123,23814,6060,10187,0,3,3447,3373,6126,6325,6737,8027,8510,10419,10191,11478,11382,12782,13399,16833,5660,9443,206812,122625,29331,8191,76329,9564,3731,35,24
2021-05-21T23:59:59+02:00,4,13,6392,6378,13160,13484,16314,18147,26905,28369,35050,36254,25832,28839,19115,23808,6059,10183,0,3,3438,3363,6093,6304,6707,7993,8470,10370,10137,11429,10862,12069,13258,16673,5657,9438,206123,120863,29206,8188,75283,9530,3659,35,24
2021-05-20T23:59:59+02:00,3,12,6097,6176,12548,13069,15122,17225,24992,26870,34094,35486,25727,28695,19060,23726,6053,10168,0,3,3379,3317,5996,6188,6591,7836,8321,10205,9897,11121,10523,11613,13145,16489,5647,9424,201353,118851,27462,8105,72744,9185,3530,34,24
2021-05-19T23:59:59+02:00,3,12,5890,5934,12034,12609,14416,16519,24045,26053,33467,34883,25613,28603,19025,23666,6045,10156,0,3,3302,3242,5835,6019,6401,7591,8047,9924,9593,10740,10210,11197,13066,16344,5645,9416,195645,116931,27421,7909,72728,8566,3145,34,24
2021-05-18T23:59:59+02:00,3,11,5720,5823,11636,12291,13794,16017,22889,25104,32800,34276,25497,28467,18977,23614,6040,10146,0,3,3260,3211,5719,5907,6234,7431,7841,9708,9394,10500,10035,10946,12920,16119,5635,9407,190696,115765,26910,7841,72684,7859,2781,34,24
2021-05-17T23:59:59+02:00,3,10,5667,5779,11472,12185,13521,15795,22071,24466,32490,33960,25418,28407,18955,23584,6031,10137,0,3,3143,3137,5527,5723,6060,7215,7632,9480,9169,10255,9942,10821,12862,16055,5632,9402,188925,115002,26207,7833,72289,6703,2496,34,24
2021-05-16T23:59:59+02:00,3,10,5639,5759,11410,12127,13436,15715,21456,23915,31877,33431,25378,28363,18945,23569,6030,10137,0,3,3138,3115,5513,5654,6032,7155,7604,9381,9138,10171,9926,10802,12859,16052,5632,9402,188157,114891,24661,7827,71864,6352,2484,34,23
2021-05-15T23:59:59+02:00,3,10,5630,5750,11377,12118,13407,15706,21380,23844,31337,33056,25367,28358,18944,23566,6029,10136,0,3,3125,3100,5494,5612,6018,7080,7564,9266,8900,9916,9893,10771,12825,16001,5632,9401,188106,114886,24648,7689,71217,5990,2013,34,23
2021-05-14T23:59:59+02:00,3,10,5591,5724,11315,12078,13334,15642,20969,23533,30905,32709,25332,28312,18932,23550,6029,10134,0,3,3093,3060,5457,5523,5997,6944,7523,9064,8839,9721,9820,10661,12739,15872,5632,9398,187383,114715,24327,7354,70346,5242,2012,34,23
2021-05-13T23:59:59+02:00,3,10,5436,5568,10933,11782,12620,15054,18780,21786,29359,31240,25105,28069,18864,23478,6027,10131,0,3,3082,3025,5434,5484,5981,6887,7497,8994,8795,9661,9602,10417,12536,15566,5627,9387,183423,114356,20533,6527,68258,5075,1997,34,23
2021-05-12T23:59:59+02:00,2,10,5406,5541,10863,11724,12519,14966,18657,21662,28996,30875,25012,27974,18847,23449,6026,10126,0,3,3081,3021,5428,5478,5971,6874,7472,8979,8756,9607,9413,10184,12303,15242,5624,9380,182474,114072,19896,5656,68255,5070,1996,34,22
2021-05-11T23:59:59+02:00,2,10,5269,5436,10613,11471,12152,14598,18047,21022,28064,29903,24820,27784,18787,23373,6021,10112,0,3,3038,2980,5338,5323,5871,6688,7342,8736,8592,9385,9231,9986,12151,15053,5615,9361,178387,113016,19002,5548,68124,4170,1937,34,22
2021-05-10T23:59:59+02:00,2,9,5144,5361,10398,11280,11892,14342,17721,20688,27642,29494,24712,27676,18748,23326,6013,10108,0,3,2967,2926,5221,5207,5756,6584,7218,8595,8463,9278,9127,9862,12061,14924,5612,9352,176379,112484,18318,5536,67896,3185,1929,34,22
2021-05-09T23:59:59+02:00,2,9,5070,5315,10300,11164,11792,14223,17380,20402,27251,29116,24625,27589,18719,23290,6010,10105,0,3,2899,2894,5075,5165,5580,6541,7051,8566,8333,9242,9115,9852,12043,14904,5612,9352,175983,112408,17036,5526,67396,2358,1913,34,22
2021-05-08T23:59:59+02:00,2,9,5069,5314,10297,11160,11792,14223,17376,20400,27248,29114,24625,27589,18719,23290,6010,10105,0,3,2899,2893,5073,5165,5580,6541,7051,8566,8330,9242,9114,9851,12043,14904,5612,9352,175967,112405,17036,5526,67393,2354,1912,34,22
2021-05-07T23:59:59+02:00,2,9,5036,5288,10229,11108,11661,14099,16975,20127,26612,28557,24576,27538,18702,23258,6004,10075,0,3,2888,2886,5058,5157,5569,6525,7039,8555,8322,9231,9108,9843,12032,14884,5605,9324,175132,112390,17033,5520,65871,2311,1786,34,22
2021-05-06T23:59:59+02:00,1,9,4766,5127,9775,10765,11096,13581,15885,19103,24202,26264,24076,27008,18596,23156,5999,10061,0,3,2845,2840,4991,5081,5528,6433,6957,8437,8193,9079,9007,9729,12008,14833,5602,9321,170096,111849,14582,5463,62985,1778,1775,32,22
2021-05-05T23:59:59+02:00,1,9,4685,5046,9480,10536,10755,13255,15305,18501,23355,25297,23816,26681,18528,23051,5989,10043,0,2,2826,2803,4942,4996,5469,6313,6875,8273,8068,8863,8899,9597,11930,14746,5601,9312,166429,110903,13264,5457,62834,1359,1774,32,22
2021-05-04T23:59:59+02:00,1,9,4601,4954,9306,10336,10543,13013,14916,18105,22807,24731,23605,26409,18456,22970,5981,10029,0,2,2818,2769,4914,4920,5436,6192,6822,8133,7972,8708,8795,9484,11855,14687,5599,9309,164175,110401,12139,5446,62670,790,1756,32,22
2021-05-03T23:59:59+02:00,1,9,4530,4879,9116,10202,10368,12837,14635,17859,22396,24317,23466,26259,18429,22922,5981,10023,0,2,2744,2698,4830,4849,5361,6106,6727,8027,7790,8543,8709,9397,11816,14638,5596,9304,162668,110178,12138,5443,62577,680,814,32,22
2021-05-02T23:59:59+02:00,1,9,4517,4865,9040,10145,10245,12727,14309,17552,22094,24031,23416,26200,18410,22897,5980,10022,0,2,2738,2691,4771,4816,5273,6023,6591,7897,7671,8442,8663,9355,11792,14604,5594,9299,161782,110058,12135,5441,62473,663,38,32,22
2021-05-01T23:59:59+02:00,1,9,4517,4862,9038,10144,10244,12727,14305,17548,22092,24031,23415,26199,18410,22897,5980,10022,0,2,2738,2691,4771,4816,5273,6023,6590,7897,7671,8442,8663,9355,11792,14604,5594,9299,161763,110058,12135,5440,62473,663,38,32,22
2021-04-30T23:59:59+02:00,0,9,4445,4776,8799,9929,9983,12486,13823,17122,21250,23257,23290,26062,18394,22866,5977,10019,0,2,2734,2689,4760,4808,5264,5989,6579,7866,7638,8403,8659,9352,11791,14601,5592,9298,158172,110030,12134,5438,62145,531,4,32,22
2021-04-29T23:59:59+02:00,0,9,4298,4631,8320,9517,9281,11883,12820,16218,19399,21571,22582,25298,18255,22655,5971,10002,0,2,2712,2670,4718,4737,5221,5915,6516,7760,7556,8287,8549,9237,11725,14526,5585,9289,148962,109534,12119,5174,61594,271,4,31,22
2021-04-28T23:59:59+02:00,0,9,4266,4612,8249,9444,9205,11796,12700,16097,19182,21358,22493,25207,18228,22614,5969,9997,0,2,2709,2658,4693,4677,5193,5871,6486,7686,7508,8205,8532,9212,11708,14504,5583,9283,148577,109340,12031,5101,60784,45,3,31,21
2021-04-27T23:59:59+02:00,0,9,4228,4565,8112,9309,9090,11646,12553,15929,18731,20862,22262,24949,18163,22536,5966,9988,0,2,2706,2654,4691,4673,5183,5863,6473,7667,7473,8167,8471,9133,11626,14422,5579,9279,147848,109078,10955,4928,60061,37,3,31,16
2021-04-26T23:59:59+02:00,0,9,4187,4538,8005,9213,8943,11540,12380,15755,18319,20497,22128,24802,18127,22504,5965,9986,0,2,2706,2652,4687,4669,5178,5855,6460,7647,7440,8139,8423,9085,11570,14343,5575,9262,147071,108973,10820,4670,58974,32,2,31,16
2021-04-25T23:59:59+02:00,0,9,4173,4523,7968,9182,8880,11477,12245,15626,17976,20163,21928,24565,18087,22449,5961,9981,0,2,2706,2652,4686,4667,5175,5851,6455,7644,7438,8135,8367,9026,11547,14315,5575,9260,145689,108950,10809,4502,58662,31,2,31,16
2021-04-24T23:59:59+02:00,0,9,4166,4515,7952,9177,8865,11467,12197,15595,17918,20125,21913,24552,18085,22444,5961,9981,0,2,2705,2652,4686,4667,5175,5851,6455,7644,7438,8135,8367,9025,11547,14315,5575,9260,145592,108950,10808,4502,58489,30,2,31,15
2021-04-23T23:59:59+02:00,0,9,4146,4485,7895,9114,8780,11365,11859,15269,17483,19726,21698,24319,18020,22367,5959,9973,0,2,2702,2650,4683,4664,5169,5843,6441,7635,7415,8104,8346,8998,11538,14306,5573,9257,144324,108938,10461,4342,57649,29,2,31,15
2021-04-22T23:59:59+02:00,0,9,4097,4421,7764,8925,8596,11107,11532,14851,16567,18741,21126,23608,17885,22187,5949,9955,0,2,2694,2644,4677,4642,5147,5816,6399,7601,7346,8059,8217,8840,11396,14155,5568,9248,140596,108320,10331,4093,56361,21,2,30,15
2021-04-21T23:59:59+02:00,0,9,4055,4378,7664,8804,8440,10946,11237,14570,15830,17982,20745,23161,17810,22082,5944,9942,0,2,2685,2633,4659,4621,5131,5795,6387,7583,7317,8036,8168,8778,11356,14115,5566,9246,137670,108034,10201,4009,55698,19,2,28,14
2021-04-20T23:59:59+02:00,0,9,4030,4352,7630,8751,8364,10866,11074,14396,15396,17507,20281,22643,17706,21931,5936,9930,0,2,2676,2624,4649,4608,5107,5775,6359,7559,7277,7996,8074,8646,11280,14028,5562,9242,135521,107461,9936,3969,55315,18,2,28,14
2021-04-19T23:59:59+02:00,0,9,4000,4301,7567,8646,8272,10727,10916,14213,15143,17212,19802,22078,17539,21714,5926,9918,0,2,2671,2623,4645,4604,5093,5760,6340,7542,7250,7951,8021,8593,11253,13982,5560,9238,133452,107128,9583,3966,54920,18,2,26,14
2021-04-18T23:59:59+02:00,0,6,3980,4273,7508,8594,8167,10601,10657,13970,14651,16674,19370,21566,17416,21529,5922,9912,0,2,2670,2623,4645,4604,5093,5760,6339,7539,7247,7950,8017,8590,11251,13978,5559,9235,131032,107105,9512,3964,54224,17,2,26,14
2021-04-17T23:59:59+02:00,0,6,3977,4265,7488,8587,8156,10583,10616,13924,14539,16586,19250,21444,17394,21501,5921,9910,0,2,2670,2623,4644,4602,5087,5755,6325,7534,7222,7927,7971,8544,11232,13955,5557,9235,130595,107094,9502,3758,54022,17,2,26,14
2021-04-16T23:59:59+02:00,0,6,3966,4221,7415,8463,8053,10428,10423,13662,13870,15824,18683,20802,17269,21326,5910,9892,0,2,2667,2620,4639,4595,5082,5742,6307,7523,7184,7892,7660,8153,11138,13814,5550,9218,127752,106290,9441,3464,52993,17,1,26,14
2021-04-15T23:59:59+02:00,0,5,3922,4168,7301,8331,7877,10193,10088,13272,13144,14965,17872,19941,17028,21004,5895,9872,0,2,2666,2612,4627,4578,5068,5709,6274,7487,7112,7819,7101,7488,11009,13653,5546,9208,124112,104615,9281,3314,51458,15,1,26,14
2021-04-14T23:59:59+02:00,0,4,3895,4136,7235,8225,7770,10042,9911,13073,12726,14519,17345,19329,16876,20795,5889,9858,0,2,2632,2593,4609,4546,5040,5662,6239,7454,7054,7759,6454,6721,10744,13356,5542,9200,122721,102266,9044,3313,49836,13,1,26,14
2021-04-13T23:59:59+02:00,0,4,3891,4130,7197,8208,7713,10007,9803,13020,12353,14226,16655,18476,16640,20491,5885,9852,0,2,2607,2565,4590,4520,5012,5627,6181,7384,6966,7655,6242,6468,10155,12673,5533,9179,122017,100028,8822,3303,47685,13,1,26,14
2021-04-12T23:59:59+02:00,0,4,3878,4112,7142,8162,7655,9937,9695,12919,12106,14011,16216,17960,16452,20277,5880,9849,0,2,2578,2554,4523,4478,4906,5557,6063,7307,6848,7555,5495,5646,9704,12134,5493,9137,121681,96658,8786,3294,45762,13,1,25,14
2021-04-11T23:59:59+02:00,0,4,3863,4104,7100,8110,7595,9894,9603,12842,11869,13802,15647,17272,16176,19937,5875,9839,0,2,2502,2474,4394,4357,4755,5424,5901,7155,6698,7450,5193,5285,9572,11972,5493,9133,121087,94490,8358,3243,44061,12,1,25,14
2021-04-10T23:59:59+02:00,0,4,3845,4084,7061,8063,7552,9837,9542,12783,11778,13717,15429,17079,16127,19868,5874,9832,0,2,1941,1910,3582,3635,3885,4660,4898,6239,5843,6662,4921,4980,9443,11820,5486,9124,120622,85761,8358,3243,43469,12,1,25,14
2021-04-09T23:59:59+02:00,0,4,3824,4064,7024,8033,7491,9781,9391,12654,11451,13436,14245,15545,15682,19336,5861,9820,0,2,1083,1085,2221,2440,2377,3291,3112,4595,4217,5196,4230,4244,9192,11462,5461,9094,118723,70036,8356,3240,40538,12,0,25,14
2021-04-08T23:59:59+02:00,0,4,3798,4048,6962,7980,7387,9687,9203,12537,11047,13084,13109,14281,15264,18806,5839,9784,0,2,583,596,1298,1733,1475,2365,2010,3507,2841,3805,2983,2842,8370,10459,5304,8857,117460,55768,8273,3237,37062,11,0,25,14
2021-04-07T23:59:59+02:00,0,4,3750,4022,6884,7924,7295,9616,9075,12408,10737,12777,12379,13513,15045,18542,5833,9762,0,2,354,379,948,1387,1069,1979,1500,3045,1893,2800,1799,1553,7461,9312,5148,8598,116496,45968,8120,3237,34926,8,0,24,14
2021-04-06T23:59:59+02:00,0,4,3734,4010,6863,7886,7239,9549,8982,12329,10525,12560,11994,13017,14825,18248,5822,9749,0,2,347,365,938,1376,1054,1958,1472,3017,1834,2741,1720,1484,7043,8753,4995,8359,115225,44201,8021,3236,34068,7,0,22,14
2021-04-05T23:59:59+02:00,0,4,3728,4009,6852,7873,7226,9538,8963,12301,10461,12501,11883,12869,14727,18155,5820,9746,0,2,345,359,928,1372,1048,1950,1462,2996,1812,2707,1667,1431,6813,8446,4870,8173,114885,43125,8000,3235,33749,7,0,22,14
2021-04-04T23:59:59+02:00,0,4,3728,4009,6850,7867,7225,9537,8960,12301,10451,12496,11879,12865,14724,18154,5820,9746,0,2,345,358,926,1372,1047,1948,1461,2995,1810,2704,1664,1426,6806,8432,4865,8170,114879,43076,7999,3234,33716,7,0,22,14
2021-04-03T23:59:59+02:00,0,4,3728,4009,6850,7866,7224,9537,8960,12301,10450,12496,11879,12864,14722,18152,5820,9746,0,2,345,357,924,1368,1045,1947,1460,2990,1808,2704,1658,1414,6763,8350,4830,8134,114875,42845,7999,3234,33712,6,0,22,14
2021-04-02T23:59:59+02:00,0,4,3726,4007,6848,7863,7218,9531,8947,12294,10434,12480,11752,12749,14679,18093,5817,9737,0,2,343,355,922,1362,1039,1936,1445,2965,1767,2666,1564,1328,5997,7452,4389,7564,114749,40164,7994,2912,33414,6,0,22,14
2021-04-01T23:59:59+02:00,0,3,3687,3995,6814,7842,7176,9501,8895,12255,10362,12409,11404,12341,14298,17574,5811,9717,0,2,338,352,906,1347,1027,1915,1413,2920,1707,2601,1440,1232,5048,6330,3821,6722,114347,36194,6578,2907,33137,6,0,22,14
2021-03-31T23:59:59+02:00,0,3,3681,3990,6799,7822,7159,9482,8860,12222,10272,12337,11068,11933,13946,17076,5805,9694,0,2,335,348,898,1337,1016,1899,1393,2892,1657,2564,1374,1179,4455,5641,3458,6245,113762,33839,5568,2834,32797,6,0,22,14
2021-03-30T23:59:59+02:00,0,3,3663,3966,6763,7785,7101,9416,8771,12119,10110,12182,10809,11656,13725,16811,5798,9680,0,2,331,341,893,1326,1009,1893,1370,2885,1628,2538,1347,1153,4336,5519,3396,6150,112949,33462,5318,2635,32071,6,0,20,14
2021-03-29T23:59:59+02:00,0,3,3653,3944,6737,7763,7061,9363,8675,12024,9927,11973,10370,11187,13353,16342,5782,9647,0,2,326,337,889,1315,1003,1885,1361,2874,1614,2529,1325,1139,4200,5375,3298,6017,111274,32841,5010,2629,31500,5,0,20,14
2021-03-28T23:59:59+02:00,0,3,3612,3888,6621,7604,6944,9219,8549,11831,9773,11782,10162,10925,13177,16160,5778,9638,0,2,326,337,889,1313,1001,1884,1360,2874,1613,2527,1316,1136,4167,5332,3272,5991,110903,32796,4743,2526,30001,4,0,19,14
2021-03-27T23:59:59+01:00,0,3,3611,3877,6609,7540,6914,9106,8499,11661,9721,11628,10049,10801,13082,16071,5777,9638,0,2,326,336,889,1313,1001,1881,1360,2872,1609,2526,1314,1134,4141,5297,3259,5976,110894,32693,4743,2525,28931,4,0,19,14
2021-03-26T23:59:59+01:00,0,3,3605,3870,6581,7503,6886,9031,8451,11548,9630,11500,10000,10737,13034,16015,5769,9617,0,2,321,334,888,1310,997,1869,1357,2851,1589,2512,1289,1118,3954,5068,3150,5822,110834,31929,4519,2484,28408,4,0,19,14
2021-03-25T23:59:59+01:00,0,3,3582,3839,6489,7377,6794,8865,8262,11317,9320,11183,9619,10352,12728,15699,5764,9606,0,2,321,333,886,1302,994,1859,1344,2838,1566,2493,1264,1098,3715,4818,2897,5482,110456,30711,4307,2484,26017,3,0,19,14
2021-03-24T23:59:59+01:00,0,3,3525,3789,6399,7193,6671,8639,8097,11080,9093,10858,9204,9862,12310,15240,5753,9595,0,2,321,332,885,1298,989,1857,1337,2834,1550,2477,1255,1088,3648,4744,2712,5256,109941,30087,4169,2484,23182,0,0,19,14
2021-03-23T23:59:59+01:00,0,3,3506,3756,6351,7139,6594,8579,7979,10952,8845,10625,8783,9395,11859,14718,5743,9581,0,2,321,332,884,1288,984,1848,1332,2825,1546,2470,1230,1063,3556,4667,2515,4933,109125,29298,4077,2484,21187,0,0,19,14
2021-03-22T23:59:59+01:00,0,3,3498,3736,6309,7111,6559,8531,7913,10877,8697,10489,8502,9044,11557,14394,5708,9542,0,2,319,327,878,1278,976,1841,1325,2814,1536,2460,1218,1053,3527,4631,2496,4900,108458,29084,4075,2483,19918,0,0,19,14
2021-03-21T23:59:59+01:00,0,3,3496,3734,6305,7101,6541,8515,7896,10858,8641,10431,8382,8927,11488,14292,5705,9539,0,2,317,326,870,1275,969,1834,1316,2812,1531,2456,1214,1050,3518,4616,2481,4890,108373,28980,4073,2483,19389,0,0,19,14
2021-03-20T23:59:59+01:00,0,3,3488,3696,6297,7029,6525,8378,7871,10674,8597,10296,8304,8841,11450,14253,5705,9539,0,2,317,326,870,1275,969,1833,1315,2812,1531,2454,1214,1050,3518,4615,2481,4889,108340,28975,3862,2482,18725,0,0,19,14
2021-03-19T23:59:59+01:00,0,3,3475,3666,6269,6943,6501,8285,7825,10557,8484,10136,7761,8234,11263,14010,5696,9521,0,2,314,325,865,1268,952,1824,1293,2781,1481,2410,1132,982,2847,3820,2062,4307,106720,26169,3560,2482,18330,0,0,19,14
2021-03-18T23:59:59+01:00,0,3,3464,3648,6228,6903,6467,8223,7761,10471,8368,10007,6800,7132,10983,13709,5684,9496,0,2,313,325,861,1263,946,1814,1278,2773,1457,2391,1093,962,2640,3579,1905,4084,103691,25190,3399,2482,18238,0,0,19,14
2021-03-17T23:59:59+01:00,0,3,3427,3609,6158,6820,6412,8118,7670,10340,8237,9849,6114,6283,10699,13399,5667,9469,0,2,312,325,853,1257,941,1802,1264,2751,1438,2364,1056,937,2511,3446,1823,3966,100893,24554,3398,2482,17964,0,0,19,12
2021-03-16T23:59:59+01:00,0,3,3409,3579,6119,6767,6367,8044,7616,10274,8146,9747,5937,6107,9989,12586,5626,9405,0,2,305,314,839,1240,929,1793,1258,2731,1426,2356,1042,918,2296,3197,1686,3769,98620,23609,3386,2480,17696,0,0,19,12
2021-03-15T23:59:59+01:00,0,3,3372,3547,6020,6687,6237,7951,7472,10154,8018,9621,5183,5273,9542,12036,5582,9335,0,2,304,313,835,1236,927,1786,1256,2718,1417,2347,1029,906,2151,3023,1595,3674,95096,23028,3377,2479,17541,0,0,19,12
2021-03-14T23:59:59+01:00,0,3,3248,3404,5741,6341,5966,7592,7158,9738,7731,9303,4851,4882,9381,11837,5578,9320,0,2,304,312,835,1236,926,1786,1254,2717,1415,2344,1027,903,2148,3020,1592,3673,92699,23006,3322,2476,16034,0,0,19,12
2021-03-13T23:59:59+01:00,0,3,2592,2749,4807,5472,4956,6668,5969,8625,6718,8356,4536,4499,8995,11313,5486,9212,0,2,304,311,834,1234,926,1780,1252,2715,1414,2344,1027,902,2124,2983,1561,3637,82037,22862,3322,2476,15578,0,0,19,12
2021-03-12T23:59:59+01:00,0,2,1769,1932,3471,4319,3448,5337,4222,6986,5081,6847,3863,3793,7739,9764,4971,8522,0,2,300,308,832,1230,920,1774,1245,2695,1389,2327,982,875,1767,2517,1286,3275,63182,21236,3319,2476,15546,0,0,19,12
2021-03-11T23:59:59+01:00,0,2,1270,1455,2565,3579,2548,4402,3129,5896,3723,5461,2688,2517,6033,7657,4196,7342,0,2,295,299,816,1221,907,1751,1227,2666,1364,2280,945,855,1608,2282,1159,3085,45883,20274,3317,2476,15244,0,0,19,12
2021-03-10T23:59:59+01:00,0,2,1049,1239,2198,3219,2174,4010,2678,5455,2811,4494,1551,1312,4669,5934,3629,6575,0,2,285,289,798,1201,885,1715,1193,2592,1325,2214,918,836,1426,2091,1062,2909,34821,19362,3317,2367,14843,0,0,18,12
2021-03-09T23:59:59+01:00,0,2,1033,1210,2134,3079,2110,3895,2594,5322,2726,4368,1517,1281,4592,5861,3587,6516,0,2,281,282,784,1180,868,1689,1167,2551,1307,2186,904,824,1349,1965,990,2793,34408,18787,3314,2323,14087,0,0,18,12
2021-03-08T23:59:59+01:00,0,2,1012,1180,2077,2979,2071,3814,2534,5209,2671,4295,1479,1260,4445,5699,3484,6373,0,2,281,278,779,1172,866,1680,1159,2543,1299,2170,879,803,1178,1739,864,2622,33709,17983,3314,2319,13543,0,0,18,12
2021-03-07T23:59:59+01:00,0,2,1007,1161,2037,2933,2029,3773,2495,5144,2630,4258,1474,1257,4438,5691,3481,6373,0,2,281,278,779,1172,866,1680,1159,2543,1298,2170,876,803,1169,1729,855,2611,33675,17982,3308,2277,13182,0,0,18,12
2021-03-06T23:59:59+01:00,0,2,1007,1158,2026,2919,2017,3754,2479,5117,2613,4237,1461,1247,4404,5645,3467,6361,0,2,281,278,779,1172,866,1679,1159,2543,1298,2170,876,803,1169,1729,855,2610,33531,17981,3307,2276,13058,0,0,18,12
2021-03-05T23:59:59+01:00,0,2,1003,1154,2010,2899,1987,3731,2436,5065,2561,4199,1425,1220,4134,5319,3315,6141,0,2,280,275,772,1165,860,1671,1156,2534,1294,2160,862,799,1161,1720,854,2608,32788,17885,2973,2276,12822,0,0,18,12
2021-03-04T23:59:59+01:00,0,2,909,1006,1921,2774,1921,3594,2360,4911,2471,4039,1394,1198,3891,5057,3050,5788,0,2,280,273,770,1160,857,1662,1155,2519,1290,2151,830,783,1148,1710,847,2595,31529,17767,2969,2253,11770,0,0,18,12
2021-03-03T23:59:59+01:00,0,2,862,898,1854,2678,1850,3490,2291,4796,2397,3955,1381,1185,3781,4950,2826,5513,0,2,279,271,769,1149,854,1644,1149,2477,1280,2125,813,779,1140,1690,839,2587,30850,17738,2850,2097,10991,0,0,18,12
2021-03-02T23:59:59+01:00,0,2,818,821,1758,2555,1766,3366,2201,4672,2337,3877,1346,1163,3651,4815,2617,5162,0,2,279,270,768,1143,850,1641,1144,2472,1276,2115,811,777,1125,1669,828,2568,30114,17630,2660,2096,10135,0,0,18,12
2021-03-01T23:59:59+01:00,0,2,795,785,1658,2413,1695,3220,2101,4500,2257,3756,1328,1151,3600,4750,2573,5102,0,2,279,268,764,1139,847,1629,1140,2460,1271,2105,804,774,1120,1657,820,2561,29861,17532,2576,2096,9231,0,0,18,12
2021-02-28T23:59:59+01:00,0,2,789,762,1640,2347,1667,3148,2078,4401,2242,3689,1322,1145,3590,4735,2558,5091,0,2,278,267,764,1138,847,1624,1139,2458,1271,2100,800,772,1112,1644,816,2551,29752,17509,2574,2062,8862,0,0,18,12
2021-02-27T23:59:59+01:00,0,2,774,745,1619,2287,1650,3037,2059,4275,2221,3594,1319,1142,3590,4733,2557,5090,0,2,278,267,764,1138,847,1624,1139,2458,1271,2099,800,772,1102,1638,799,2537,29747,17508,2573,2015,8356,0,0,18,12
2021-02-26T23:59:59+01:00,0,2,645,666,1515,2174,1599,2879,1996,4039,2120,3358,1227,1072,2935,3936,2122,4497,0,2,278,266,763,1136,846,1623,1139,2456,1269,2096,799,768,1084,1625,789,2520,26926,17434,2573,2013,7265,0,0,18,12
2021-02-25T23:59:59+01:00,0,2,497,589,1398,2070,1532,2751,1937,3912,2020,3246,1176,1037,2702,3663,1955,4253,0,2,261,251,739,1114,804,1554,1090,2356,1195,2003,743,747,1051,1587,777,2492,25848,17342,2545,1412,6329,0,0,18,12
2021-02-24T23:59:59+01:00,0,2,468,559,1328,1960,1462,2608,1867,3762,1944,3096,1139,1008,2562,3527,1875,4131,0,2,232,238,714,1068,777,1492,1060,2293,1140,1952,716,725,1004,1557,764,2461,25202,17152,2533,1031,5545,0,0,18,12
2021-02-23T23:59:59+01:00,0,2,413,519,1245,1820,1387,2463,1791,3551,1876,2974,1114,974,2355,3296,1747,3939,0,2,227,233,699,1044,765,1453,1038,2246,1114,1911,707,714,995,1543,761,2457,24265,17062,2524,835,4659,0,0,18,12
2021-02-22T23:59:59+01:00,0,2,400,485,1144,1711,1284,2366,1682,3444,1795,2903,1092,960,2211,3122,1656,3840,0,2,217,224,676,992,734,1390,1012,2152,1072,1829,663,681,925,1464,722,2398,23674,16872,2520,269,3885,0,0,18,12
2021-02-21T23:59:59+01:00,0,2,381,468,1042,1679,1134,2342,1527,3422,1690,2885,1084,958,2210,3121,1656,3840,0,2,190,218,645,984,723,1382,998,2147,1066,1827,660,678,922,1458,714,2390,23644,16738,2520,254,3259,0,0,18,12
2021-02-20T23:59:59+01:00,0,2,381,466,1041,1679,1133,2342,1526,3420,1690,2883,1084,957,2209,3121,1655,3839,0,2,189,216,642,984,720,1381,992,2144,1064,1827,660,678,922,1458,714,2389,23638,16716,2519,254,3253,0,0,18,12
2021-02-19T23:59:59+01:00,0,2,376,457,1029,1675,1123,2332,1514,3401,1657,2868,1033,928,1835,2614,1352,3446,0,2,167,206,616,980,702,1373,975,2142,1058,1825,657,677,921,1458,713,2386,21876,16592,2519,254,3229,0,0,18,12
2021-02-18T23:59:59+01:00,0,2,356,436,990,1592,1085,2246,1460,3285,1616,2776,1004,904,1658,2368,1218,3235,0,2,147,195,577,969,682,1360,941,2125,1032,1805,646,658,900,1430,699,2365,20875,16267,2519,254,2819,0,0,18,12
2021-02-17T23:59:59+01:00,0,2,333,384,906,1449,976,2049,1327,3031,1505,2556,966,874,1466,2154,1117,3054,0,2,141,188,565,938,657,1307,909,2046,986,1728,611,626,893,1403,693,2345,19793,15772,2519,254,1821,0,0,16,12
2021-02-16T23:59:59+01:00,0,2,327,345,863,1311,925,1866,1266,2810,1438,2396,955,857,1405,2057,1050,2954,0,2,135,175,551,896,642,1253,881,1982,956,1686,601,616,869,1369,679,2280,19422,15442,2518,119,871,0,0,16,12
2021-02-15T23:59:59+01:00,0,2,312,303,834,1280,908,1810,1226,2726,1400,2340,926,824,1226,1827,920,2776,0,2,127,167,530,870,625,1191,855,1909,933,1609,580,579,851,1332,670,2235,18505,14974,2517,79,604,0,0,14,12
2021-02-14T23:59:59+01:00,0,2,312,303,833,1280,907,1810,1225,2726,1400,2340,926,824,1226,1827,920,2775,0,2,126,167,529,862,621,1186,849,1903,929,1606,579,578,848,1331,668,2231,18503,14925,2517,78,602,0,0,14,12
2021-02-13T23:59:59+01:00,0,2,312,303,833,1280,907,1807,1225,2724,1400,2338,926,824,1226,1826,918,2775,0,2,126,167,529,862,621,1186,846,1900,927,1602,576,578,833,1310,656,2214,18496,14922,2514,1,602,0,0,14,12
2021-02-12T23:59:59+01:00,0,2,308,302,824,1275,903,1777,1219,2697,1372,2308,924,822,1225,1823,918,2775,0,2,126,167,527,860,620,1179,840,1888,921,1589,573,576,819,1299,650,2201,18488,14824,2514,1,458,0,0,14,12
2021-02-11T23:59:59+01:00,0,2,289,293,809,1240,897,1742,1202,2632,1349,2253,890,808,1214,1812,917,2765,0,2,124,153,509,821,598,1114,806,1788,899,1530,560,562,792,1265,635,2168,18376,14314,2513,0,211,0,0,14,12
2021-02-10T23:59:59+01:00,0,2,286,286,790,1203,884,1713,1190,2587,1334,2211,885,806,1199,1795,912,2747,0,2,120,143,442,735,552,1021,728,1662,841,1444,545,545,775,1242,622,2138,18351,13557,2408,0,58,0,0,13,0
2021-02-09T23:59:59+01:00,0,2,286,283,784,1188,872,1696,1175,2567,1320,2187,870,800,1185,1776,900,2727,0,2,104,124,385,646,499,887,647,1455,752,1251,492,465,655,1073,543,1871,18241,11851,2361,0,3,0,0,13,0
2021-02-08T23:59:59+01:00,0,2,285,282,782,1183,869,1689,1173,2563,1313,2179,864,797,1169,1753,882,2702,0,2,93,100,339,551,447,785,557,1244,644,1085,415,389,566,874,438,1539,18115,10068,2358,0,1,0,0,13,0
2021-02-07T23:59:59+01:00,0,2,284,281,781,1182,868,1689,1173,2562,1313,2176,858,795,1168,1750,880,2700,0,2,91,99,337,546,445,781,555,1234,640,1079,409,383,545,851,432,1524,18091,9953,2358,0,0,0,0,13,0
2021-02-06T23:59:59+01:00,0,2,284,280,780,1181,868,1688,1173,2562,1313,2175,857,795,1166,1744,878,2698,0,2,91,98,337,542,444,780,554,1230,638,1078,406,378,496,782,401,1478,18075,9735,2356,0,0,0,0,13,0
2021-02-05T23:59:59+01:00,0,2,284,279,780,1180,867,1687,1172,2561,1312,2170,850,789,1142,1733,871,2682,0,1,85,95,329,536,428,761,529,1195,609,1035,383,350,472,754,381,1431,17992,9374,2356,0,0,0,0,13,0
2021-02-04T23:59:59+01:00,0,2,281,271,777,1159,856,1664,1158,2533,1298,2147,828,776,1113,1702,864,2663,0,0,71,76,260,413,333,592,411,966,497,832,311,287,364,609,314,1208,17746,7544,2333,0,0,0,0,13,0
2021-02-03T23:59:59+01:00,0,2,280,266,774,1136,854,1636,1151,2481,1286,2115,808,762,1097,1681,852,2649,0,0,57,55,173,285,258,442,291,716,369,595,214,205,259,449,225,905,17643,5498,2174,0,0,0,0,13,0
2021-02-02T23:59:59+01:00,0,2,279,260,770,1127,848,1615,1143,2455,1274,2098,801,755,1089,1670,850,2641,0,0,37,34,95,143,149,255,178,447,239,376,140,135,177,273,158,582,17491,3418,2173,0,0,0,0,13,0
2021-02-01T23:59:59+01:00,0,2,277,257,765,1108,840,1595,1138,2425,1270,2063,791,742,1083,1659,845,2625,0,0,13,11,17,30,27,65,49,89,76,104,54,48,65,82,47,198,17299,975,2173,0,0,0,0,13,0
2021-01-31T23:59:59+01:00,0,2,271,255,749,1106,832,1584,1127,2414,1259,2055,785,736,1073,1641,838,2611,0,0,12,11,16,28,25,62,43,84,68,96,51,48,60,75,44,185,17262,908,2063,0,0,0,0,13,0
2021-01-30T23:59:59+01:00,0,2,271,255,749,1105,831,1584,1127,2414,1259,2055,784,736,1063,1634,821,2596,0,0,12,9,15,28,25,62,43,84,67,94,50,47,59,75,44,184,17257,898,2016,0,0,0,0,13,0
2021-01-29T23:59:59+01:00,0,2,270,255,749,1104,831,1584,1127,2414,1259,2054,783,735,1062,1632,821,2594,0,0,10,4,13,26,25,60,41,83,66,94,49,46,59,75,44,184,17249,879,2014,0,0,0,0,13,0
2021-01-28T23:59:59+01:00,0,2,266,250,738,1079,797,1528,1090,2353,1183,1995,742,721,1034,1612,805,2574,0,0,5,0,4,8,10,24,20,37,21,45,21,22,25,49,17,108,17069,416,1687,0,0,0,0,13,0
2021-01-27T23:59:59+01:00,0,2,260,243,715,1047,751,1473,1031,2272,1110,1914,707,694,1019,1589,802,2566,0,0,4,0,4,5,7,20,15,23,14,32,6,9,11,12,5,30,16619,197,1563,0,0,0,0,13,0
2021-01-26T23:59:59+01:00,0,2,236,234,700,1023,743,1425,1011,2198,1083,1849,695,680,995,1573,792,2547,0,0,4,0,2,5,6,10,13,12,7,11,3,5,7,8,2,17,16569,112,1204,0,0,0,0,13,0
2021-01-25T23:59:59+01:00,0,2,205,219,647,951,691,1303,968,2052,1025,1714,648,624,917,1476,745,2471,0,0,4,0,2,5,6,10,13,12,7,11,3,5,7,8,2,17,16341,112,304,0,0,0,0,13,0
2021-01-24T23:59:59+01:00,0,2,188,213,621,939,673,1289,950,2035,1009,1704,641,618,906,1456,736,2458,0,0,3,0,2,5,6,10,12,12,6,11,3,5,7,8,2,17,16166,109,259,0,0,0,0,13,0
2021-01-23T23:59:59+01:00,0,2,188,213,621,939,673,1289,950,2035,1009,1704,641,618,906,1456,736,2458,0,0,3,0,2,4,6,10,10,12,6,11,3,5,7,8,2,17,16166,106,259,0,0,0,0,13,0
2021-01-22T23:59:59+01:00,0,2,141,195,563,929,655,1274,916,2025,997,1693,636,617,905,1456,736,2458,0,0,3,0,1,4,6,10,10,12,6,11,3,5,7,8,2,17,15926,105,259,0,0,0,0,13,0
2021-01-21T23:59:59+01:00,0,2,137,187,548,908,635,1233,883,1971,976,1646,624,596,893,1425,729,2439,0,0,3,0,0,4,5,10,9,12,6,11,3,5,7,8,2,16,15560,101,259,0,0,0,0,13,0
2021-01-20T23:59:59+01:00,0,2,131,170,501,843,612,1155,820,1861,939,1575,604,578,876,1402,719,2409,0,0,3,0,0,4,5,10,9,12,6,11,3,5,7,8,2,16,14927,101,257,0,0,0,0,13,0
2021-01-19T23:59:59+01:00,0,2,121,152,429,756,549,1026,736,1672,839,1417,557,528,778,1247,638,2153,0,0,3,0,0,4,5,8,9,12,6,11,3,5,7,8,2,16,13397,99,190,0,0,0,0,13,0
2021-01-18T23:59:59+01:00,0,2,103,118,360,606,459,856,605,1411,713,1208,487,462,690,1084,560,1868,0,0,1,0,0,1,1,0,0,0,0,1,0,0,0,1,0,0,11498,5,81,0,0,0,0,13,0
2021-01-17T23:59:59+01:00,0,2,99,116,356,601,458,850,603,1392,706,1198,481,452,663,1053,540,1821,0,0,1,0,0,1,0,0,0,0,0,1,0,0,0,1,0,0,11298,4,80,0,0,0,0,13,0
2021-01-16T23:59:59+01:00,0,2,99,113,354,592,455,845,591,1379,695,1186,466,438,566,928,478,1722,0,0,0,0,0,1,0,0,0,0,0,0,0,0,0,0,0,0,10893,1,3,0,0,0,0,13,0
2021-01-15T23:59:59+01:00,0,2,97,111,349,590,449,840,585,1372,678,1170,450,420,558,916,468,1698,0,0,0,0,0,0,0,0,0,0,0,0,0,0,0,0,0,0,10739,0,1,0,0,0,0,13,0
2021-01-14T23:59:59+01:00,0,0,80,89,295,488,370,675,467,1119,559,990,369,338,439,750,384,1443,0,0,0,0,0,0,0,0,0,0,0,0,0,0,0,0,0,0,8842,0,0,0,0,0,0,13,0
2021-01-13T23:59:59+01:00,0,0,66,66,210,371,294,505,354,838,429,711,260,239,323,563,295,1107,0,0,0,0,0,0,0,0,0,0,0,0,0,0,0,0,0,0,6619,0,0,0,0,0,0,12,0
2021-01-12T23:59:59+01:00,0,0,44,44,130,220,182,314,214,533,286,444,166,154,211,370,203,743,0,0,0,0,0,0,0,0,0,0,0,0,0,0,0,0,0,0,4258,0,0,0,0,0,0,0,0
2021-01-11T23:59:59+01:00,0,0,14,13,45,61,42,94,62,121,98,131,69,61,92,114,58,253,0,0,0,0,0,0,0,0,0,0,0,0,0,0,0,0,0,0,1328,0,0,0,0,0,0,0,0
2021-01-10T23:59:59+01:00,0,0,13,13,32,49,35,76,53,112,84,121,62,57,85,104,55,238,0,0,0,0,0,0,0,0,0,0,0,0,0,0,0,0,0,0,1189,0,0,0,0,0,0,0,0
2021-01-09T23:59:59+01:00,0,0,13,12,28,48,35,75,52,111,82,118,61,56,84,103,53,237,0,0,0,0,0,0,0,0,0,0,0,0,0,0,0,0,0,0,1168,0,0,0,0,0,0,0,0
2021-01-08T23:59:59+01:00,0,0,9,4,28,42,33,72,49,108,81,117,58,52,78,98,49,237,0,0,0,0,0,0,0,0,0,0,0,0,0,0,0,0,0,0,1115,0,0,0,0,0,0,0,0
2021-01-07T23:59:59+01:00,0,0,6,1,10,21,16,38,28,77,35,77,32,27,51,82,33,180,0,0,0,0,0,0,0,0,0,0,0,0,0,0,0,0,0,0,714,0,0,0,0,0,0,0,0
2021-01-06T23:59:59+01:00,0,0,6,0,5,10,11,30,25,43,21,48,26,24,37,56,23,129,0,0,0,0,0,0,0,0,0,0,0,0,0,0,0,0,0,0,494,0,0,0,0,0,0,0,0
2021-01-05T23:59:59+01:00,0,0,5,0,5,9,11,30,25,43,21,48,26,24,37,55,23,129,0,0,0,0,0,0,0,0,0,0,0,0,0,0,0,0,0,0,491,0,0,0,0,0,0,0,0
2021-01-04T23:59:59+01:00,0,0,4,0,2,4,5,11,14,12,6,12,3,5,7,9,2,18,0,0,0,0,0,0,0,0,0,0,0,0,0,0,0,0,0,0,114,0,0,0,0,0,0,0,0
2021-01-03T23:59:59+01:00,0,0,3,0,2,4,5,10,13,12,6,12,3,5,7,9,2,17,0,0,0,0,0,0,0,0,0,0,0,0,0,0,0,0,0,0,110,0,0,0,0,0,0,0,0
2021-01-02T23:59:59+01:00,0,0,3,0,2,4,5,10,11,12,6,12,3,5,7,9,2,17,0,0,0,0,0,0,0,0,0,0,0,0,0,0,0,0,0,0,108,0,0,0,0,0,0,0,0
2021-01-01T23:59:59+01:00,0,0,3,0,1,4,5,10,11,12,6,12,3,5,7,8,2,17,0,0,0,0,0,0,0,0,0,0,0,0,0,0,0,0,0,0,106,0,0,0,0,0,0,0,0
2020-12-31T23:59:59+01:00,0,0,3,0,0,4,5,10,9,12,6,12,3,5,7,8,2,17,0,0,0,0,0,0,0,0,0,0,0,0,0,0,0,0,0,0,103,0,0,0,0,0,0,0,0
2020-12-30T23:59:59+01:00,0,0,3,0,0,4,5,10,9,12,6,12,3,5,7,8,2,17,0,0,0,0,0,0,0,0,0,0,0,0,0,0,0,0,0,0,103,0,0,0,0,0,0,0,0
2020-12-29T23:59:59+01:00,0,0,3,0,0,3,5,8,9,12,6,12,3,5,7,8,2,17,0,0,0,0,0,0,0,0,0,0,0,0,0,0,0,0,0,0,100,0,0,0,0,0,0,0,0
2020-12-28T23:59:59+01:00,0,0,3,0,0,3,5,8,9,12,5,12,3,5,7,8,2,17,0,0,0,0,0,0,0,0,0,0,0,0,0,0,0,0,0,0,99,0,0,0,0,0,0,0,0
2020-12-27T23:59:59+01:00,0,0,1,0,0,0,0,0,0,0,0,1,0,0,2,4,0,8,0,0,0,0,0,0,0,0,0,0,0,0,0,0,0,0,0,0,16,0,0,0,0,0,0,0,0
