Datum,<15_m,<15_w,15-24_1_m,15-24_1_w,25-34_1_m,25-34_1_w,35-44_1_m,35-44_1_w,45-54_1_m,45-54_1_w,55-64_1_m,55-64_1_w,65-74_1_m,65-74_1_w,75-84_1_m,75-84_1_w,>84_1_m,>84_1_w,<24_2_m,<24_2_w,25-34_2_m,25-34_2_w,35-44_2_m,35-44_2_w,45-54_2_m,45-54_2_w,55-64_2_m,55-64_2_w,65-74_2_m,65-74_2_w,75-84_2_m,75-84_2_w,>84_2_m,>84_2_w,bp_1,bp_2,mo_1,mo_2,az_1,az_2,ja,unb_1,unb_2
2021-08-19T23:59:59+02:00,2301,2039,22195,21238,31891,29300,32574,32545,38289,38741,42054,42342,27738,30975,19728,24766,5988,10132,18970,18238,29045,26420,30423,30067,36073,36201,39852,40102,26595,29648,18961,23659,5737,9633,315710,291806,44578,42893,77488,70794,16999,61,26
2021-08-18T23:59:59+02:00,2292,2032,22171,21217,31870,29280,32553,32523,38263,38723,42041,42329,27726,30965,19722,24761,5988,10131,18916,18182,29006,26386,30398,30036,36048,36180,39827,40072,26581,29637,18957,23647,5732,9629,315469,291385,44578,42893,77488,70792,16991,61,26
2021-08-17T23:59:59+02:00,2275,2016,22144,21190,31853,29254,32528,32499,38251,38712,42019,42311,27721,30953,19717,24756,5988,10131,18873,18130,28973,26345,30356,30009,36023,36148,39802,40051,26564,29625,18954,23633,5730,9625,315237,291013,44578,42890,77488,70788,16954,61,26
2021-08-16T23:59:59+02:00,2251,2006,22096,21154,31823,29218,32513,32481,38232,38698,41994,42296,27713,30948,19715,24747,5988,10131,18801,18083,28935,26312,30327,29979,35995,36118,39778,40032,26553,29618,18951,23623,5726,9625,314974,290660,44578,42890,77488,70788,16903,61,26
2021-08-15T23:59:59+02:00,2248,2003,22089,21141,31820,29214,32509,32476,38224,38691,41985,42294,27712,30948,19713,24745,5988,10131,18780,18064,28913,26276,30306,29954,35983,36105,39765,40022,26550,29615,18950,23620,5725,9625,314903,290447,44577,42889,77488,70787,16902,61,26
2021-08-14T23:59:59+02:00,2242,2000,22063,21125,31808,29197,32505,32470,38216,38686,41979,42291,27711,30947,19712,24744,5988,10130,18667,17972,28852,26211,30271,29907,35959,36074,39744,40009,26542,29610,18947,23619,5724,9622,314813,289913,44574,42870,77488,70783,16878,61,26
2021-08-13T23:59:59+02:00,2226,1991,22034,21098,31794,29185,32488,32451,38207,38678,41977,42288,27711,30945,19710,24744,5988,10130,18490,17811,28757,26118,30207,29851,35925,36032,39718,39990,26530,29602,18944,23613,5722,9618,314668,289051,44571,42860,77488,70780,16857,61,26
2021-08-12T23:59:59+02:00,2190,1954,21949,21007,31724,29112,32436,32402,38160,38636,41941,42255,27695,30926,19703,24734,5987,10130,18186,17502,28506,25898,30065,29728,35832,35943,39644,39924,26496,29557,18924,23591,5720,9615,314111,287337,44560,42808,77485,70736,16724,61,26
2021-08-11T23:59:59+02:00,2188,1949,21930,20990,31707,29090,32421,32386,38152,38627,41930,42239,27687,30923,19699,24729,5986,10126,18130,17445,28469,25853,30016,29691,35811,35906,39609,39892,26485,29531,18917,23581,5720,9613,313931,286860,44560,42807,77485,70733,16722,61,26
2021-08-10T23:59:59+02:00,2180,1928,21903,20954,31677,29070,32407,32367,38128,38601,41913,42233,27682,30915,19698,24726,5985,10122,17615,16998,28298,25697,29922,29604,35643,35784,39561,39852,26464,29508,18912,23567,5716,9612,313700,285180,44557,42788,77483,70483,16688,61,26
2021-08-09T23:59:59+02:00,2156,1914,21851,20904,31621,29026,32374,32338,38103,38580,41900,42209,27671,30907,19697,24717,5984,10120,17146,16544,28166,25593,29867,29552,35598,35738,39529,39817,26455,29494,18907,23561,5716,9610,313332,283710,44552,42770,77482,70472,16645,61,26
2021-08-08T23:59:59+02:00,2141,1898,21799,20864,31580,28993,32347,32317,38081,38574,41880,42189,27664,30903,19693,24713,5984,10117,16805,16203,28055,25511,29813,29482,35552,35700,39509,39792,26444,29481,18898,23552,5714,9605,313050,282488,44551,42749,77482,70465,16593,61,26
2021-08-07T23:59:59+02:00,2096,1855,21667,20781,31498,28926,32273,32256,38025,38523,41847,42162,27656,30877,19688,24704,5982,10115,16299,15751,27755,25232,29585,29299,35374,35545,39370,39682,26390,29420,18879,23523,5711,9601,312426,279871,44519,42629,77476,70376,16449,61,26
2021-08-06T23:59:59+02:00,2086,1845,21618,20745,31458,28894,32240,32237,37999,38503,41838,42146,27650,30868,19684,24704,5982,10115,15278,14776,26616,24340,29293,29067,35127,35347,39060,39444,26346,29376,18869,23513,5710,9598,312203,274899,44516,42608,77476,69582,16356,61,26
2021-08-05T23:59:59+02:00,2049,1816,21511,20659,31401,28817,32185,32181,37944,38454,41793,42109,27633,30849,19675,24691,5980,10112,14393,14030,25600,23566,28581,28557,34602,34916,38745,39199,26278,29297,18837,23479,5707,9588,311663,270045,44493,42555,77474,68087,16168,61,26
2021-08-04T23:59:59+02:00,2030,1797,21441,20606,31359,28746,32155,32140,37912,38431,41761,42083,27621,30834,19670,24678,5978,10109,14027,13694,25205,23263,28369,28338,34463,34791,38652,39106,26240,29253,18816,23456,5703,9583,311224,267638,44487,42528,77474,68045,16105,61,26
2021-08-03T23:59:59+02:00,2021,1781,21415,20580,31342,28732,32142,32131,37903,38418,41746,42071,27614,30828,19666,24671,5977,10107,13943,13608,25127,23187,28302,28282,34419,34748,38606,39073,26225,29232,18807,23448,5701,9577,311026,266962,44484,42527,77473,68019,16101,61,26
2021-08-02T23:59:59+02:00,2011,1760,21370,20544,31299,28712,32116,32100,37878,38403,41733,42056,27605,30816,19666,24664,5976,10103,13739,13399,24424,22638,28025,28062,34269,34636,38526,39012,26198,29200,18799,23443,5701,9575,310747,264552,44481,42513,77473,67795,16050,61,26
2021-08-01T23:59:59+02:00,1994,1744,21319,20497,31248,28675,32092,32083,37859,38384,41711,42039,27600,30809,19663,24655,5976,10102,13570,13240,24123,22384,27785,27846,34177,34527,38457,38940,26182,29181,18793,23437,5701,9573,310458,262856,44475,42501,77472,67772,15984,61,26
2021-07-31T23:59:59+02:00,1969,1714,21236,20424,31183,28639,32037,32045,37823,38356,41688,42018,27596,30801,19658,24651,5976,10102,12631,12216,23604,21944,27441,27492,33869,34230,38027,38599,26112,29096,18767,23393,5696,9567,310049,257837,44464,42466,77470,67204,15872,61,26
2021-07-30T23:59:59+02:00,1944,1695,21215,20402,31153,28620,32022,32029,37817,38349,41680,42010,27591,30798,19657,24651,5975,10102,12544,12140,23275,21656,27158,27280,33654,34070,37866,38467,26088,29079,18765,23385,5696,9565,309870,256411,44463,42458,77470,66653,15846,61,26
2021-07-29T23:59:59+02:00,1875,1626,20982,20169,31014,28475,31921,31921,37725,38260,41590,41950,27563,30774,19644,24633,5969,10094,11918,11610,22148,20818,26121,26442,32676,33380,37483,38178,26006,28978,18736,23338,5691,9558,308678,250817,44436,42373,77462,64898,15548,61,26
2021-07-28T23:59:59+02:00,1855,1611,20942,20120,30995,28448,31906,31900,37705,38240,41569,41930,27552,30762,19639,24623,5969,10092,11641,11310,21737,20437,25690,26012,32513,33229,37372,38087,25969,28927,18718,23315,5690,9553,308371,247908,44435,42371,77450,64838,15542,60,26
2021-07-27T23:59:59+02:00,1845,1605,20901,20079,30971,28416,31873,31885,37684,38208,41545,41916,27545,30755,19638,24618,5969,10089,11392,11098,21539,20248,25550,25893,32404,33127,37290,38005,25944,28890,18710,23306,5687,9549,308136,246439,44435,42366,77449,64763,15462,60,26
2021-07-26T23:59:59+02:00,1819,1571,20777,19964,30867,28317,31816,31823,37633,38142,41502,41886,27521,30737,19628,24605,5963,10086,11104,10775,21035,19808,25305,25687,32243,32977,37159,37919,25910,28855,18697,23284,5686,9541,307399,244160,44406,42255,77444,64558,15348,60,26
2021-07-25T23:59:59+02:00,1812,1562,20755,19953,30857,28308,31806,31808,37627,38136,41492,41877,27517,30735,19627,24603,5963,10085,11000,10669,20885,19700,25071,25494,32005,32770,37016,37787,25892,28841,18691,23277,5685,9538,307289,242903,44396,42240,77436,64148,15342,60,26
2021-07-24T23:59:59+02:00,1792,1547,20675,19880,30815,28270,31771,31772,37601,38108,41469,41865,27510,30730,19624,24601,5963,10085,10937,10614,20809,19638,24999,25433,31952,32739,36987,37767,25886,28837,18689,23275,5685,9538,306948,242534,44385,42217,77432,64082,15253,60,26
2021-07-23T23:59:59+02:00,1737,1512,20485,19739,30653,28159,31683,31702,37534,38056,41429,41823,27499,30714,19619,24595,5962,10080,10681,10411,20446,19333,24194,24789,31470,32410,36424,37311,25843,28795,18673,23258,5684,9536,306129,239670,44376,42173,77415,62693,15001,60,25
2021-07-22T23:59:59+02:00,1674,1456,20175,19471,30414,27979,31552,31589,37406,37951,41331,41742,27473,30691,19608,24571,5958,10079,10222,10036,19703,18824,23239,24122,30764,31823,35394,36551,25732,28698,18640,23226,5682,9532,304666,236074,44342,41508,77411,60180,14641,60,25
2021-07-21T23:59:59+02:00,1659,1448,20139,19423,30386,27950,31529,31566,37386,37926,41310,41718,27464,30683,19603,24565,5953,10075,9912,9701,19243,18374,22371,23359,30430,31490,35163,36354,25649,28601,18609,23174,5674,9522,304344,233339,44336,39824,77409,60008,14634,60,22
2021-07-20T23:59:59+02:00,1653,1443,20106,19396,30359,27927,31505,31547,37370,37910,41298,41706,27449,30668,19603,24558,5953,10072,9646,9422,18912,18105,22103,23074,30255,31336,34999,36209,25603,28556,18594,23140,5673,9518,304099,230955,44334,39815,77408,59909,14622,60,22
2021-07-19T23:59:59+02:00,1642,1435,19993,19308,30279,27855,31447,31494,37351,37891,41283,41688,27444,30657,19597,24551,5952,10069,9446,9225,18599,17829,21640,22656,30001,31104,34879,36108,25569,28518,18576,23124,5673,9515,303527,229325,44328,38873,77407,59795,14614,60,22
2021-07-18T23:59:59+02:00,1631,1430,19926,19243,30153,27755,31384,31431,37289,37840,41242,41637,27424,30627,19588,24536,5948,10066,9337,9110,18434,17680,21451,22466,29833,30906,34766,36008,25539,28495,18565,23107,5673,9509,302752,228078,44328,38573,77405,59754,14605,60,22
2021-07-17T23:59:59+02:00,1630,1426,19919,19241,30153,27752,31384,31427,37284,37838,41238,41635,27423,30626,19587,24536,5948,10066,9316,9095,18401,17658,21433,22453,29823,30899,34747,36004,25536,28493,18565,23106,5673,9509,302719,227924,44328,38570,77405,59743,14601,60,22
2021-07-16T23:59:59+02:00,1577,1381,19644,18993,30028,27656,31301,31354,37227,37775,41198,41603,27404,30609,19580,24526,5946,10060,9202,8982,18031,17359,21130,22183,29434,30544,34616,35901,25513,28470,18558,23093,5671,9507,301721,226680,44306,37856,77403,59411,14372,60,21
2021-07-15T23:59:59+02:00,1519,1338,19383,18745,29848,27509,31193,31255,37145,37693,41131,41536,27361,30579,19564,24512,5942,10057,8840,8678,17114,16529,19584,20960,28517,29621,33996,35322,25347,28290,18503,23044,5665,9495,300450,220581,44264,36402,77395,58486,14141,60,21
2021-07-14T23:59:59+02:00,1506,1326,19354,18709,29825,27483,31170,31224,37134,37680,41112,41530,27353,30572,19555,24505,5941,10054,8553,8381,16562,15929,19092,20442,27954,29122,33604,34947,25235,28161,18464,22978,5660,9484,300180,216418,44262,36044,77392,58059,14139,60,21
2021-07-13T23:59:59+02:00,1494,1316,19318,18684,29808,27459,31148,31209,37119,37653,41088,41502,27344,30558,19553,24500,5940,10048,8250,8120,16164,15574,18818,20164,27691,28873,33333,34691,25137,28041,18431,22937,5658,9479,299898,213722,44261,36009,77391,57567,14131,60,21
2021-07-12T23:59:59+02:00,1478,1306,19273,18667,29774,27430,31131,31188,37107,37636,41071,41487,27341,30554,19551,24494,5939,10048,7990,7904,15884,15298,18119,19618,27378,28553,32920,34329,24970,27848,18372,22862,5652,9474,299642,212443,44260,34078,77391,56590,14122,60,21
2021-07-11T23:59:59+02:00,1468,1298,19241,18637,29744,27399,31115,31159,37099,37614,41057,41475,27332,30545,19549,24494,5938,10047,7946,7857,15819,15227,18031,19564,27294,28491,32808,34267,24916,27803,18352,22840,5652,9471,299390,211869,44258,34067,77389,56347,14114,60,21
2021-07-10T23:59:59+02:00,1339,1182,18737,18219,29302,27106,30833,30929,36855,37455,40857,41325,27260,30485,19523,24462,5935,10044,7816,7787,15537,15093,17814,19415,27054,28351,32644,34150,24851,27757,18336,22827,5651,9471,297195,211449,44125,33949,77360,56106,13108,60,21
2021-07-09T23:59:59+02:00,1328,1176,18709,18189,29282,27089,30821,30916,36845,37443,40846,41317,27256,30481,19521,24458,5935,10043,7774,7740,15467,15027,17751,19322,26834,28121,32395,33937,24787,27694,18314,22801,5651,9468,297053,211170,44106,33946,77359,54943,13077,60,21
2021-07-08T23:59:59+02:00,1252,1095,18443,17976,29135,26939,30684,30799,36743,37341,40748,41240,27222,30446,19502,24440,5930,10039,7607,7606,15171,14780,17321,18962,26142,27522,32125,33671,24619,27537,18256,22739,5648,9462,295792,210039,44052,32529,77351,53925,12719,60,21
2021-07-07T23:59:59+02:00,1153,1003,18133,17652,28938,26756,30556,30676,36630,37221,40642,41155,27188,30398,19488,24423,5927,10036,7411,7395,14730,14412,16856,18520,25388,26913,31717,33292,24356,27213,18161,22645,5639,9453,294223,207122,44003,31694,77340,52969,12349,60,21
2021-07-06T23:59:59+02:00,1130,987,18056,17586,28893,26706,30505,30630,36594,37186,40607,41123,27171,30373,19477,24410,5925,10033,7195,7163,14387,14056,16507,18171,24639,26267,31418,33028,24166,26999,18113,22574,5632,9446,293647,205069,44000,30289,77339,52077,12346,60,21
2021-07-05T23:59:59+02:00,1087,959,17983,17522,28850,26650,30466,30596,36570,37141,40579,41097,27165,30359,19471,24404,5925,10028,6966,6973,14084,13785,16155,17806,24090,25760,30851,32462,23887,26700,18005,22434,5624,9436,293163,203575,43998,28199,77335,50945,12296,60,21
2021-07-04T23:59:59+02:00,1065,943,17912,17473,28811,26629,30445,30567,36560,37131,40564,41085,27159,30348,19466,24401,5925,10027,6940,6956,14030,13739,16081,17748,24006,25704,30698,32371,23795,26611,17973,22393,5622,9432,292847,203185,43997,28190,77324,50438,12283,60,21
2021-07-03T23:59:59+02:00,649,571,16185,15755,27641,25706,29646,29850,35920,36521,40066,40655,27002,30180,19398,24315,5916,10010,6555,6715,13516,13436,15679,17445,23645,25427,30394,32177,23699,26516,17939,22355,5618,9428,285343,202894,43958,28114,77241,50149,9384,60,21
2021-07-02T23:59:59+02:00,610,533,16054,15610,27480,25560,29566,29790,35889,36494,40047,40642,26996,30170,19395,24312,5916,10010,6507,6644,13442,13335,15591,17314,23502,25245,30240,32012,23506,26305,17850,22277,5616,9425,284439,202211,43958,27955,77239,49264,9378,60,21
2021-07-01T23:59:59+02:00,552,487,15876,15456,27262,25406,29489,29712,35834,36443,39981,40597,26976,30153,19384,24300,5914,10006,6368,6515,13102,13064,15064,16877,22239,24261,29479,31331,23228,26018,17732,22143,5609,9410,283252,198686,43953,26289,77227,48125,9336,60,21
2021-06-30T23:59:59+02:00,522,467,15772,15350,27152,25320,29422,29641,35778,36392,39938,40561,26961,30122,19373,24283,5910,10006,6175,6337,12671,12681,14495,16329,21617,23668,28889,30803,22809,25554,17602,21959,5602,9398,282430,194445,43950,26265,77221,46563,9309,60,21
2021-06-29T23:59:59+02:00,465,417,15010,14682,26890,25097,29328,29542,35699,36311,39870,40514,26942,30099,19365,24270,5910,10004,6063,6210,12411,12418,14100,15933,20828,23048,28305,30252,22362,25031,17450,21784,5594,9388,279928,191295,43949,25757,77213,44851,9265,60,21
2021-06-28T23:59:59+02:00,429,386,14382,14043,26733,24993,29254,29476,35641,36246,39826,40480,26924,30079,19357,24259,5910,10000,5996,6115,12232,12279,13912,15756,20208,22500,27906,29882,22026,24674,17321,21621,5589,9384,277993,189613,43945,25102,77209,43465,9211,60,21
2021-06-27T23:59:59+02:00,352,319,14036,13665,26669,24934,29214,29441,35619,36224,39809,40467,26913,30072,19354,24255,5909,9999,5960,6072,12118,12165,13767,15627,19658,22026,27298,29385,21749,24338,17201,21498,5585,9383,276872,188781,43943,23585,77198,42276,9178,60,21
2021-06-26T23:59:59+02:00,351,319,14025,13654,26653,24923,29208,29435,35613,36223,39806,40466,26912,30071,19354,24255,5909,9999,5955,6069,12106,12162,13761,15623,19645,22015,27253,29350,21604,24208,17161,21442,5584,9381,276800,188755,43941,23581,77198,41796,9177,60,21
2021-06-25T23:59:59+02:00,227,206,12764,12435,25189,23779,28907,29201,35507,36141,39740,40404,26888,30044,19344,24244,5906,9997,5912,6022,12010,12083,13619,15501,19335,21777,26869,28991,21281,23815,16987,21245,5581,9372,270572,187532,43937,23298,77180,40386,9174,60,21
2021-06-24T23:59:59+02:00,162,152,11793,11605,24076,22900,28542,28852,35360,35975,39628,40300,26853,29994,19333,24220,5904,9993,5695,5791,11551,11667,13041,14910,17806,20382,25226,27398,20512,22962,16672,20839,5571,9362,265346,182560,43920,19681,77176,37992,9141,59,21
2021-06-23T23:59:59+02:00,126,126,11433,11282,23579,22531,28296,28611,35183,35849,39539,40212,26823,29967,19325,24183,5902,9982,5621,5678,11339,11452,12741,14559,17415,19972,24478,26632,19720,22214,16480,20587,5563,9346,262743,180208,43914,19068,77171,35448,9062,59,21
2021-06-22T23:59:59+02:00,105,113,11250,11070,23421,22389,28216,28539,35107,35787,39493,40167,26808,29943,19317,24175,5902,9981,5512,5557,11073,11194,12374,14189,16813,19376,23748,25866,19341,21790,16317,20408,5556,9330,261598,177180,43911,18204,77169,34000,9046,59,21
2021-06-21T23:59:59+02:00,92,101,10998,10885,22589,21717,27965,28313,35041,35725,39429,40126,26792,29925,19311,24166,5902,9980,5393,5453,10858,10974,12068,13868,16422,19031,23302,25399,19051,21476,16213,20289,5550,9328,259007,175724,43905,17189,77164,32825,8922,59,21
2021-06-20T23:59:59+02:00,86,100,10934,10794,22341,21501,27707,28115,34961,35647,39384,40082,26783,29911,19309,24162,5900,9977,5352,5398,10772,10873,11973,13766,16225,18847,23032,25161,18950,21370,16160,20231,5544,9324,257725,175414,43903,16128,77162,32575,8845,59,21
2021-06-19T23:59:59+02:00,85,96,10910,10770,22308,21477,27689,28102,34949,35643,39374,40078,26782,29910,19309,24160,5900,9977,5321,5366,10691,10783,11881,13645,16077,18695,22725,24800,18864,21283,16148,20218,5543,9324,257571,175310,43882,14631,77162,32562,8845,59,21
2021-06-18T23:59:59+02:00,82,94,10863,10719,21990,21155,27425,27887,34896,35606,39343,40056,26774,29901,19308,24157,5900,9975,5306,5357,10661,10753,11841,13597,16016,18632,22640,24704,18698,21102,16103,20152,5542,9319,256185,174915,43881,14630,77161,32017,8845,59,21
2021-06-17T23:59:59+02:00,73,86,10283,10290,20717,20197,26566,27156,34528,35282,39090,39868,26710,29819,19288,24121,5893,9970,5108,5218,10286,10499,11398,13198,15336,18022,21275,23394,18244,20617,15940,19981,5538,9304,250423,169631,43863,14057,77150,31212,8442,59,21
2021-06-16T23:59:59+02:00,65,74,9946,9977,20038,19567,25928,26554,34280,35082,38930,39720,26668,29766,19265,24098,5892,9966,4965,5072,9899,10164,10939,12747,14633,17332,20427,22467,17842,20172,15772,19769,5528,9292,246592,165860,43851,12785,77137,30182,8177,59,21
2021-06-15T23:59:59+02:00,50,68,9701,9736,19742,19318,25706,26356,34150,34976,38834,39640,26639,29730,19258,24083,5887,9962,4859,4962,9660,9946,10708,12489,14212,16905,19830,21892,17524,19787,15552,19540,5519,9281,244826,163796,43839,11697,77131,29177,7981,59,20
2021-06-14T23:59:59+02:00,46,63,9568,9611,19442,19058,25531,26213,34029,34897,38773,39601,26622,29710,19252,24072,5887,9959,4778,4899,9469,9807,10535,12353,13951,16689,19514,21599,17359,19630,15451,19407,5518,9277,243630,162342,43837,11695,77127,28503,7681,59,20
2021-06-13T23:59:59+02:00,44,59,9408,9481,19152,18873,25180,25959,33828,34730,38667,39534,26607,29698,19242,24065,5887,9956,4696,4833,9260,9641,10371,12182,13626,16353,19166,21268,17232,19482,15404,19342,5516,9275,241986,161496,43837,11695,77124,27076,7364,59,20
2021-06-12T23:59:59+02:00,44,59,9399,9467,19139,18860,25180,25954,33828,34727,38664,39533,26607,29698,19242,24065,5887,9956,4693,4819,9250,9580,10339,12080,13577,16199,19111,21132,17123,19357,15288,19240,5514,9273,241940,161468,43837,11693,77120,26045,7353,59,20
2021-06-11T23:59:59+02:00,39,55,9242,9285,18906,18647,24380,25281,33648,34574,38531,39421,26574,29665,19232,24042,5887,9951,4616,4704,9033,9325,10080,11787,13056,15651,18138,20241,16937,19160,15248,19196,5511,9270,239025,157463,43836,11692,77117,25459,7323,59,20
2021-06-10T23:59:59+02:00,37,51,8848,8951,18254,18157,23529,24603,33328,34294,38329,39256,26518,29611,19209,24014,5884,9944,4441,4527,8454,8833,9277,11068,11910,14551,16157,18334,16049,18202,14963,18829,5502,9248,235406,147821,43176,11659,77091,23764,7086,58,19
2021-06-09T23:59:59+02:00,20,33,8399,8447,17420,17430,22377,23559,32839,33828,38043,39038,26409,29507,19163,23958,5874,9931,4305,4412,8167,8567,9034,10814,11579,14184,15672,17788,15678,17773,14722,18544,5495,9238,231417,145998,41285,11617,77056,21854,6488,29,19
2021-06-08T23:59:59+02:00,11,21,8081,8130,16949,17013,21959,23194,32594,33635,37881,38908,26365,29467,19153,23935,5871,9926,4185,4330,7913,8313,8729,10469,11221,13837,15031,17085,15223,17250,14461,18267,5490,9220,228690,144296,41253,10497,77047,20142,6074,29,19
2021-06-07T23:59:59+02:00,8,17,7884,7898,16591,16689,21415,22739,32313,33364,37764,38792,26339,29419,19136,23909,5866,9925,4109,4250,7732,8172,8569,10327,11051,13665,14721,16759,15027,16996,14288,18076,5486,9215,227070,143218,40278,10405,77036,19149,5656,28,19
2021-06-06T23:59:59+02:00,6,14,7776,7789,16457,16544,21220,22531,32086,33140,37629,38686,26312,29394,19123,23893,5866,9919,4080,4215,7686,8054,8517,10199,10946,13519,14525,16542,14844,16817,14199,17956,5479,9209,225838,142736,39979,10395,77018,18119,5522,28,19
2021-06-05T23:59:59+02:00,6,14,7754,7775,16428,16517,21213,22528,32076,33134,37627,38685,26311,29394,19122,23892,5866,9919,4071,4176,7671,7989,8503,10066,10932,13348,14507,16437,14807,16762,14190,17946,5479,9208,225729,142655,39979,10395,77017,17519,5508,28,19
2021-06-04T23:59:59+02:00,6,12,7640,7673,16149,16280,20936,22282,31652,32761,37514,38564,26278,29355,19110,23879,5864,9917,4064,4167,7645,7966,8477,10036,10865,13275,14402,16307,14726,16669,14153,17902,5479,9206,224135,142322,39203,10066,76998,17428,5508,28,19
2021-06-03T23:59:59+02:00,4,12,7385,7445,15272,15496,19302,20890,30741,31831,37011,38105,26147,29222,19066,23828,5858,9899,4003,4129,7557,7895,8355,9938,10696,13094,13834,15738,14463,16355,14068,17794,5476,9193,217514,140108,37625,9952,76988,17154,5359,28,19
2021-06-02T23:59:59+02:00,4,12,7250,7301,14886,15067,18870,20488,30272,31376,36785,37841,26083,29158,19046,23799,5855,9897,3973,4099,7492,7808,8267,9846,10556,12963,13388,15307,14339,16172,14041,17757,5473,9188,214426,138319,37194,9858,76987,17122,5355,28,19
2021-06-01T23:59:59+02:00,4,9,6974,7056,14489,14755,18527,20170,29945,31065,36562,37607,26027,29079,19022,23770,5853,9886,3871,4013,7250,7632,8035,9653,10292,12689,12986,14885,13908,15722,13925,17605,5466,9180,211682,136204,37149,9604,76966,16314,4975,28,19
2021-05-31T23:59:59+02:00,4,9,6811,6866,14270,14522,17823,19568,29604,30726,36265,37344,25938,28982,18996,23716,5843,9873,3792,3901,7041,7386,7812,9367,9950,12306,12546,14366,13380,15109,13726,17376,5458,9165,210256,133025,35100,9280,76949,15534,4827,28,19
2021-05-30T23:59:59+02:00,4,9,6788,6851,14224,14484,17746,19509,29554,30688,36234,37321,25926,28970,18993,23710,5842,9871,3749,3827,6893,7180,7664,9137,9746,11992,12290,14017,13259,14939,13657,17294,5455,9158,209961,132306,35088,9179,76895,14005,4752,28,19
2021-05-29T23:59:59+02:00,4,9,6786,6850,14215,14478,17741,19503,29549,30684,36231,37320,25924,28967,18993,23709,5842,9871,3740,3814,6864,7147,7631,9086,9710,11945,12217,13919,13218,14871,13627,17270,5454,9153,209929,132167,35088,9178,76880,13555,4751,28,19
2021-05-28T23:59:59+02:00,4,9,6776,6838,14200,14461,17724,19482,29538,30671,36220,37302,25923,28963,18991,23705,5842,9871,3726,3791,6842,7107,7597,9032,9657,11841,11977,13649,13029,14680,13597,17230,5451,9150,209778,130877,35087,9177,76877,13536,4750,28,19
2021-05-27T23:59:59+02:00,4,9,6685,6757,13932,14244,17239,19135,28859,30129,36061,37171,25877,28929,18976,23691,5841,9865,3601,3631,6555,6855,7221,8726,9159,11283,11268,12755,12479,14112,13467,17038,5444,9138,208701,127367,33647,8848,76835,12308,4193,28,19
2021-05-26T23:59:59+02:00,4,9,6614,6649,13718,14041,16986,18828,28315,29617,35886,36996,25840,28884,18961,23667,5840,9860,3511,3487,6330,6566,6934,8299,8819,10805,10616,11957,11917,13496,13321,16823,5439,9116,207110,123757,32893,8665,76822,11136,3862,28,19
2021-05-25T23:59:59+02:00,4,9,6533,6554,13513,13820,16723,18618,27590,28971,35793,36899,25817,28856,18949,23651,5835,9859,3462,3396,6185,6397,6788,8109,8593,10514,10270,11591,11571,13022,13216,16662,5436,9108,206400,121918,31441,8526,76336,10070,3790,27,19
2021-05-24T23:59:59+02:00,4,9,6463,6457,13336,13620,16501,18335,27179,28546,35447,36500,25760,28788,18930,23627,5834,9857,3448,3374,6127,6315,6743,8026,8534,10419,10197,11494,11398,12790,13168,16571,5428,9088,205867,121294,29219,8481,76329,9578,3751,27,19
2021-05-23T23:59:59+02:00,4,9,6461,6456,13331,13611,16498,18325,27160,28536,35417,36466,25757,28782,18930,23621,5834,9857,3445,3370,6121,6305,6733,8019,8506,10389,10157,11437,11315,12689,13148,16540,5428,9087,205752,121288,29203,8069,76328,9571,3745,27,19
2021-05-22T23:59:59+02:00,4,9,6454,6452,13324,13600,16492,18321,27157,28535,35414,36460,25757,28782,18930,23621,5834,9857,3444,3370,6118,6302,6732,8015,8502,10387,10152,11434,11304,12675,13143,16536,5427,9087,205702,121248,29203,8069,76326,9550,3745,27,19
2021-05-21T23:59:59+02:00,4,9,6394,6392,13172,13494,16319,18170,26887,28357,34985,36194,25731,28745,18922,23615,5833,9853,3435,3360,6085,6281,6701,7981,8463,10338,10099,11384,10787,11962,13002,16376,5424,9082,205013,119489,29078,8066,75284,9515,3674,27,19
2021-05-20T23:59:59+02:00,3,8,6101,6191,12562,13077,15125,17248,24973,26861,34032,35424,25626,28600,18868,23534,5827,9838,3375,3315,5992,6164,6589,7825,8316,10177,9862,11078,10452,11512,12890,16195,5414,9069,200253,117501,27333,7990,72741,9173,3545,26,19
2021-05-19T23:59:59+02:00,3,8,5895,5950,12048,12619,14416,16543,24026,26047,33407,34827,25516,28510,18833,23478,5819,9826,3298,3242,5830,5994,6399,7584,8041,9897,9560,10699,10140,11097,12811,16050,5412,9061,194566,115593,27295,7795,72726,8553,3158,26,19
2021-05-18T23:59:59+02:00,3,7,5725,5841,11648,12297,13793,16043,22870,25098,32741,34221,25400,28375,18787,23428,5814,9817,3255,3210,5719,5887,6236,7426,7836,9680,9362,10459,9973,10849,12666,15830,5403,9052,189615,114452,26789,7727,72682,7852,2796,26,19
2021-05-17T23:59:59+02:00,3,6,5672,5796,11485,12190,13522,15821,22056,24463,32433,33907,25321,28316,18765,23398,5805,9808,3138,3134,5528,5703,6063,7211,7626,9453,9137,10216,9885,10725,12608,15767,5400,9047,187852,113699,26089,7721,72290,6695,2510,26,19
2021-05-16T23:59:59+02:00,3,6,5645,5776,11424,12135,13437,15741,21446,23916,31819,33377,25280,28273,18755,23383,5804,9808,3134,3112,5514,5634,6035,7152,7598,9352,9105,10132,9869,10706,12605,15764,5400,9047,187085,113589,24546,7714,71871,6341,2500,26,18
2021-05-15T23:59:59+02:00,3,6,5636,5767,11391,12126,13408,15731,21372,23845,31280,33003,25269,28268,18754,23380,5803,9807,3120,3097,5495,5592,6021,7076,7558,9237,8869,9878,9836,10675,12571,15713,5400,9046,187036,113584,24534,7576,71222,5978,2031,26,18
2021-05-14T23:59:59+02:00,3,6,5596,5742,11329,12088,13336,15666,20961,23533,30849,32658,25233,28222,18743,23363,5803,9805,3088,3057,5459,5503,6000,6941,7518,9035,8809,9683,9765,10565,12484,15588,5400,9043,186313,113415,24215,7246,70352,5232,2030,26,18
2021-05-13T23:59:59+02:00,3,6,5438,5584,10948,11792,12622,15078,18777,21785,29304,31190,25003,27979,18676,23292,5801,9802,3076,3022,5435,5464,5983,6883,7494,8964,8765,9623,9550,10322,12287,15286,5395,9033,182361,113059,20416,6431,68262,5062,2015,26,18
2021-05-12T23:59:59+02:00,2,6,5409,5557,10876,11734,12521,14990,18655,21661,28941,30826,24911,27884,18659,23263,5800,9797,3076,3018,5429,5458,5973,6869,7469,8949,8726,9569,9366,10092,12057,14964,5392,9026,181413,112778,19779,5569,68259,5056,2015,26,18
2021-05-11T23:59:59+02:00,2,6,5272,5453,10629,11487,12155,14617,18044,21025,28010,29857,24718,27695,18600,23188,5795,9782,3034,2977,5340,5303,5873,6686,7339,8709,8566,9347,9185,9897,11910,14777,5383,9008,177339,111744,18889,5460,68126,4160,1955,26,18
2021-05-10T23:59:59+02:00,2,5,5148,5375,10416,11292,11896,14362,17718,20692,27590,29450,24609,27588,18562,23141,5787,9778,2965,2924,5223,5186,5759,6583,7215,8568,8439,9240,9081,9773,11820,14649,5380,9000,175338,111215,18199,5448,67901,3180,1947,26,18
2021-05-09T23:59:59+02:00,2,5,5075,5327,10317,11178,11797,14243,17378,20409,27200,29077,24523,27502,18533,23105,5784,9775,2896,2893,5077,5143,5584,6540,7047,8539,8311,9204,9069,9763,11802,14629,5380,9000,174944,111139,16921,5438,67407,2353,1932,26,18
2021-05-08T23:59:59+02:00,2,5,5074,5326,10315,11174,11797,14243,17374,20407,27197,29074,24523,27502,18533,23105,5784,9775,2896,2892,5076,5143,5584,6540,7047,8539,8308,9204,9068,9762,11802,14629,5380,9000,174927,111136,16921,5438,67404,2349,1932,26,18
2021-05-07T23:59:59+02:00,2,5,5040,5300,10246,11121,11668,14119,16974,20132,26561,28516,24475,27451,18516,23071,5777,9746,2886,2884,5060,5134,5573,6522,7035,8528,8300,9193,9062,9754,11791,14607,5372,8973,174093,111121,16918,5429,65880,2306,1803,26,18
2021-05-06T23:59:59+02:00,1,5,4770,5139,9784,10776,11106,13603,15888,19111,24155,26225,23977,26926,18410,22968,5772,9732,2844,2840,4993,5059,5533,6430,6952,8409,8169,9042,8962,9644,11767,14556,5369,8970,169069,110579,14466,5373,62997,1780,1792,24,18
2021-05-05T23:59:59+02:00,1,5,4692,5062,9491,10546,10764,13277,15308,18506,23313,25263,23716,26602,18341,22862,5762,9714,2824,2804,4943,4973,5474,6309,6868,8244,8045,8827,8856,9513,11690,14471,5368,8962,165409,109641,13156,5368,62847,1357,1789,24,18
2021-05-04T23:59:59+02:00,1,5,4607,4971,9317,10339,10556,13035,14920,18107,22769,24699,23502,26329,18269,22783,5754,9701,2815,2770,4915,4897,5441,6190,6814,8104,7952,8672,8752,9402,11616,14413,5366,8959,163153,109144,12032,5357,62686,792,1769,24,18
2021-05-03T23:59:59+02:00,1,5,4535,4897,9125,10202,10379,12859,14637,17860,22360,24284,23363,26180,18242,22736,5754,9695,2739,2700,4828,4823,5365,6104,6718,7998,7771,8507,8666,9316,11577,14364,5363,8954,161648,108924,12031,5354,62594,682,817,24,18
2021-05-02T23:59:59+02:00,1,5,4522,4883,9048,10144,10254,12747,14311,17553,22058,23998,23313,26121,18223,22711,5753,9694,2733,2693,4768,4789,5275,6020,6581,7869,7654,8407,8620,9274,11553,14330,5361,8949,160762,108808,12028,5352,62490,665,35,24,18
2021-05-01T23:59:59+02:00,1,5,4522,4881,9046,10143,10253,12747,14308,17550,22056,23998,23312,26120,18223,22711,5753,9694,2733,2693,4768,4789,5275,6020,6580,7869,7654,8407,8620,9274,11553,14330,5361,8949,160746,108808,12028,5351,62490,665,35,24,18
2021-04-30T23:59:59+02:00,0,5,4450,4790,8804,9929,9991,12505,13826,17125,21215,23230,23186,25984,18207,22683,5750,9691,2730,2691,4757,4781,5266,5986,6568,7839,7620,8370,8616,9271,11552,14327,5359,8948,157157,108781,12027,5349,62161,533,2,24,18
2021-04-29T23:59:59+02:00,0,5,4301,4646,8322,9520,9292,11901,12825,16228,19375,21550,22481,25226,18069,22473,5744,9674,2708,2670,4716,4709,5223,5911,6505,7733,7541,8252,8505,9156,11487,14251,5353,8939,147984,108291,12013,5076,61610,274,2,23,18
2021-04-28T23:59:59+02:00,0,5,4268,4627,8251,9446,9216,11814,12706,16109,19158,21336,22393,25134,18041,22432,5742,9669,2705,2659,4690,4649,5196,5867,6475,7660,7493,8170,8488,9132,11471,14229,5352,8933,147603,108101,11923,5004,60797,48,1,23,17
2021-04-27T23:59:59+02:00,0,5,4228,4581,8113,9306,9103,11663,12561,15940,18710,20838,22165,24876,17976,22354,5739,9661,2702,2655,4688,4645,5186,5859,6462,7641,7461,8133,8430,9053,11390,14147,5348,8929,146877,107845,10842,4831,60076,40,1,23,14
2021-04-26T23:59:59+02:00,0,5,4186,4553,8007,9211,8956,11558,12387,15767,18298,20474,22031,24730,17941,22326,5739,9660,2702,2653,4684,4641,5181,5849,6448,7621,7427,8105,8382,9005,11334,14069,5345,8912,146109,107736,10707,4575,58990,35,0,23,14
2021-04-25T23:59:59+02:00,0,5,4172,4538,7971,9181,8892,11496,12252,15637,17953,20144,21831,24492,17901,22271,5735,9655,2702,2653,4683,4640,5179,5845,6443,7618,7425,8101,8326,8946,11311,14041,5345,8911,144728,107715,10696,4408,58679,34,0,23,14
2021-04-24T23:59:59+02:00,0,5,4166,4530,7956,9177,8877,11486,12204,15607,17895,20106,21815,24479,17899,22266,5735,9655,2701,2653,4683,4640,5179,5845,6443,7618,7425,8101,8326,8945,11311,14041,5345,8911,144632,107715,10696,4408,58507,33,0,23,13
2021-04-23T23:59:59+02:00,0,5,4146,4497,7899,9114,8794,11384,11864,15282,17462,19709,21601,24246,17836,22189,5733,9647,2698,2651,4680,4637,5172,5838,6429,7609,7402,8070,8305,8918,11303,14033,5343,8908,143370,107703,10349,4250,57666,32,0,23,13
2021-04-22T23:59:59+02:00,0,5,4097,4432,7767,8922,8609,11124,11537,14862,16548,18723,21028,23537,17701,22008,5724,9628,2689,2645,4675,4616,5149,5812,6386,7573,7332,8024,8172,8762,11161,13881,5339,8899,139633,107085,10221,3994,56377,25,0,21,13
2021-04-21T23:59:59+02:00,0,5,4055,4389,7665,8802,8453,10965,11243,14583,15814,17965,20649,23089,17629,21903,5719,9615,2681,2634,4657,4597,5133,5791,6374,7555,7304,8003,8123,8701,11124,13842,5337,8897,136720,106804,10091,3916,55715,23,0,17,12
2021-04-20T23:59:59+02:00,0,5,4030,4363,7630,8750,8376,10885,11081,14408,15379,17488,20187,22574,17530,21751,5711,9604,2673,2625,4647,4584,5108,5771,6346,7531,7264,7963,8029,8569,11049,13755,5333,8893,134574,106232,9827,3876,55334,22,0,17,12
2021-04-19T23:59:59+02:00,0,5,3999,4312,7568,8646,8284,10746,10923,14225,15126,17194,19709,22010,17364,21537,5700,9592,2668,2624,4641,4580,5095,5756,6327,7514,7238,7919,7976,8515,11023,13709,5330,8888,132510,105898,9473,3873,54940,22,0,17,12
2021-04-18T23:59:59+02:00,0,5,3981,4283,7508,8595,8178,10619,10664,13983,14634,16655,19279,21500,17242,21351,5696,9586,2667,2624,4641,4580,5095,5756,6326,7511,7235,7918,7972,8512,11021,13705,5329,8885,130096,105875,9402,3871,54244,21,0,17,12
2021-04-17T23:59:59+02:00,0,5,3978,4275,7488,8589,8168,10601,10622,13937,14524,16567,19158,21376,17220,21323,5694,9584,2667,2624,4640,4578,5089,5751,6312,7506,7210,7895,7926,8466,11002,13682,5328,8885,129658,105865,9393,3665,54041,21,0,17,12
2021-04-16T23:59:59+02:00,0,5,3967,4232,7415,8467,8065,10443,10428,13676,13855,15805,18590,20730,17095,21148,5683,9567,2664,2621,4635,4573,5084,5739,6295,7495,7172,7860,7619,8077,10911,13543,5320,8869,126811,105070,9333,3376,53010,21,0,17,12
2021-04-15T23:59:59+02:00,0,4,3923,4178,7302,8336,7894,10205,10093,13286,13125,14947,17782,19864,16853,20824,5670,9546,2663,2613,4623,4557,5071,5709,6265,7459,7102,7790,7063,7431,10792,13391,5316,8858,123158,103438,9175,3236,51482,19,0,17,12
2021-04-14T23:59:59+02:00,0,3,3896,4149,7236,8230,7788,10055,9918,13087,12707,14501,17256,19252,16702,20614,5665,9533,2630,2594,4605,4525,5042,5662,6230,7426,7045,7729,6430,6673,10530,13103,5312,8850,121771,101126,8941,3236,49863,14,0,17,12
2021-04-13T23:59:59+02:00,0,3,3893,4143,7199,8214,7731,10022,9810,13034,12334,14208,16567,18405,16466,20313,5661,9527,2606,2567,4585,4499,5017,5628,6171,7358,6956,7628,6218,6423,9955,12447,5304,8831,121080,98942,8723,3228,47710,14,0,17,11
2021-04-12T23:59:59+02:00,0,3,3879,4125,7146,8168,7674,9953,9702,12932,12087,13996,16124,17889,16278,20099,5656,9524,2577,2556,4519,4457,4910,5559,6056,7282,6838,7529,5473,5603,9507,11911,5264,8789,120747,95587,8687,3220,45784,14,0,17,11
2021-04-11T23:59:59+02:00,0,3,3865,4117,7104,8116,7615,9909,9609,12854,11849,13788,15560,17201,16002,19758,5651,9514,2501,2473,4390,4335,4755,5426,5893,7130,6686,7423,5170,5242,9376,11752,5264,8785,120159,93408,8259,3171,44080,13,0,17,11
2021-04-10T23:59:59+02:00,0,3,3847,4098,7065,8069,7571,9853,9549,12795,11757,13703,15343,17009,15953,19690,5650,9507,1942,1905,3571,3614,3880,4661,4888,6210,5831,6637,4897,4936,9248,11600,5258,8776,119695,84661,8259,3171,43491,13,0,17,11
2021-04-09T23:59:59+02:00,0,3,3827,4078,7027,8040,7507,9797,9396,12667,11430,13418,14161,15479,15510,19159,5638,9497,1083,1078,2214,2421,2373,3288,3102,4568,4213,5175,4214,4203,9001,11246,5234,8747,117799,68970,8257,3168,40561,13,0,17,11
2021-04-08T23:59:59+02:00,0,3,3801,4062,6966,7987,7404,9702,9209,12548,11026,13064,13028,14223,15101,18638,5619,9467,582,589,1296,1715,1466,2356,2002,3480,2829,3789,2970,2805,8200,10268,5094,8526,116555,54782,8176,3165,37100,11,0,17,11
2021-04-07T23:59:59+02:00,0,3,3754,4037,6888,7933,7312,9632,9081,12419,10717,12756,12301,13453,14884,18373,5613,9448,351,372,945,1370,1060,1970,1491,3017,1885,2782,1788,1518,7295,9128,4939,8267,115594,44996,8025,3165,34969,8,0,16,11
2021-04-06T23:59:59+02:00,0,3,3738,4025,6866,7895,7257,9565,8988,12339,10506,12538,11916,12958,14662,18077,5602,9434,344,358,935,1360,1045,1949,1464,2989,1826,2723,1709,1452,6885,8573,4789,8030,114316,43251,7926,3164,34113,7,0,14,11
2021-04-05T23:59:59+02:00,0,3,3733,4024,6855,7883,7244,9555,8969,12311,10442,12479,11805,12813,14564,17985,5600,9431,342,352,924,1356,1039,1941,1454,2969,1805,2689,1656,1399,6657,8270,4667,7848,113980,42189,7905,3163,33797,7,0,14,11
2021-04-04T23:59:59+02:00,0,3,3733,4024,6853,7877,7243,9554,8966,12311,10432,12474,11802,12809,14561,17984,5600,9431,342,351,922,1356,1038,1939,1453,2968,1803,2686,1653,1394,6650,8257,4662,7845,113975,42141,7904,3162,33764,7,0,14,11
2021-04-03T23:59:59+02:00,0,3,3733,4024,6853,7876,7242,9554,8966,12311,10431,12474,11802,12808,14559,17982,5600,9431,342,350,920,1352,1036,1938,1452,2963,1801,2686,1648,1382,6607,8176,4627,7810,113971,41912,7904,3162,33760,7,0,14,11
2021-04-02T23:59:59+02:00,0,3,3731,4022,6851,7873,7236,9548,8954,12304,10415,12458,11675,12694,14516,17925,5596,9423,340,348,918,1345,1030,1927,1437,2938,1761,2647,1553,1296,5844,7277,4195,7248,113848,39248,7899,2840,33463,7,0,14,11
2021-04-01T23:59:59+02:00,0,2,3691,4010,6817,7851,7194,9517,8902,12265,10344,12387,11335,12287,14141,17414,5592,9410,335,345,902,1330,1018,1907,1405,2892,1702,2582,1430,1203,4911,6172,3645,6426,113465,35354,6493,2835,33187,7,0,14,11
2021-03-31T23:59:59+02:00,0,2,3685,4006,6802,7832,7177,9499,8867,12233,10256,12315,11005,11881,13797,16921,5586,9389,332,342,894,1322,1008,1892,1385,2864,1652,2546,1365,1151,4338,5507,3297,5968,112892,33085,5495,2762,32852,7,0,14,11
2021-03-30T23:59:59+02:00,0,2,3667,3982,6766,7793,7120,9432,8778,12129,10093,12160,10747,11604,13574,16655,5580,9375,328,335,888,1312,1001,1886,1362,2858,1624,2520,1338,1125,4220,5385,3237,5876,112071,32713,5245,2566,32127,7,0,14,11
2021-03-29T23:59:59+02:00,0,2,3658,3960,6740,7771,7080,9379,8682,12034,9910,11953,10315,11136,13201,16187,5563,9342,323,331,884,1302,995,1878,1354,2847,1608,2511,1313,1111,4087,5242,3140,5745,110397,32096,4937,2560,31565,6,0,14,11
2021-03-28T23:59:59+02:00,0,2,3616,3904,6625,7613,6963,9238,8555,11841,9758,11762,10104,10876,13025,16001,5558,9332,323,331,884,1302,993,1877,1353,2847,1607,2509,1304,1108,4054,5200,3114,5719,110024,32053,4673,2458,30062,5,0,14,11
2021-03-27T23:59:59+01:00,0,2,3615,3893,6613,7548,6933,9124,8505,11670,9706,11608,9990,10753,12931,15913,5557,9332,323,330,884,1302,993,1874,1353,2845,1603,2508,1302,1106,4028,5165,3101,5704,110015,31950,4673,2457,28991,5,0,14,11
2021-03-26T23:59:59+01:00,0,2,3609,3885,6585,7511,6904,9051,8457,11557,9615,11480,9941,10690,12885,15859,5550,9312,318,328,883,1299,989,1862,1350,2824,1582,2494,1277,1090,3848,4942,2995,5551,109959,31202,4453,2416,28467,5,0,14,11
2021-03-25T23:59:59+01:00,0,2,3586,3854,6494,7384,6812,8886,8266,11325,9306,11164,9562,10308,12582,15544,5545,9303,318,327,881,1291,986,1851,1337,2811,1558,2475,1251,1071,3615,4700,2745,5216,109586,30004,4246,2416,26077,4,0,14,11
2021-03-24T23:59:59+01:00,0,2,3531,3803,6405,7197,6692,8660,8099,11089,9081,10839,9147,9820,12165,15085,5534,9293,318,326,880,1288,981,1849,1329,2807,1542,2459,1243,1061,3548,4627,2564,4995,109075,29391,4109,2416,23244,1,0,14,11
2021-03-23T23:59:59+01:00,0,2,3513,3770,6356,7141,6616,8601,7981,10960,8832,10606,8727,9351,11714,14566,5525,9278,318,326,879,1278,976,1840,1324,2798,1538,2451,1219,1036,3456,4551,2372,4678,108262,28614,4016,2416,21247,1,0,14,11
2021-03-22T23:59:59+01:00,0,2,3505,3750,6313,7112,6582,8554,7915,10884,8683,10470,8446,8998,11411,14240,5489,9239,316,321,873,1268,968,1833,1317,2787,1529,2441,1207,1027,3428,4516,2353,4645,107591,28404,4013,2415,19975,1,0,14,11
2021-03-21T23:59:59+01:00,0,2,3503,3748,6309,7101,6565,8538,7896,10865,8627,10412,8326,8881,11340,14138,5487,9236,314,320,864,1265,961,1826,1308,2785,1525,2437,1203,1024,3419,4501,2339,4636,107506,28302,4012,2415,19442,1,0,14,11
2021-03-20T23:59:59+01:00,0,2,3495,3710,6301,7029,6550,8401,7871,10681,8583,10276,8248,8795,11302,14099,5487,9236,314,320,864,1265,961,1825,1307,2785,1525,2435,1203,1024,3419,4500,2339,4635,107473,28297,3800,2414,18779,1,0,14,11
2021-03-19T23:59:59+01:00,0,2,3482,3680,6275,6946,6526,8308,7825,10564,8469,10115,7711,8188,11118,13858,5477,9218,311,319,859,1258,944,1815,1284,2754,1475,2390,1119,956,2755,3711,1928,4066,105860,25520,3500,2414,18388,1,0,14,11
2021-03-18T23:59:59+01:00,0,2,3471,3662,6234,6905,6493,8246,7762,10477,8354,9986,6755,7092,10839,13558,5467,9193,310,319,856,1253,938,1806,1265,2746,1450,2371,1082,939,2548,3472,1772,3845,102843,24548,3342,2414,18297,1,0,14,11
2021-03-17T23:59:59+01:00,0,2,3434,3624,6163,6821,6440,8143,7672,10349,8224,9828,6073,6250,10553,13254,5450,9167,309,319,849,1247,934,1794,1251,2724,1432,2346,1046,916,2429,3347,1693,3735,100073,23947,3341,2414,18019,1,0,14,11
2021-03-16T23:59:59+01:00,0,2,3416,3595,6124,6768,6395,8070,7619,10284,8134,9727,5897,6074,9852,12463,5411,9104,302,309,835,1231,922,1785,1245,2704,1419,2338,1032,897,2215,3108,1560,3540,97837,23020,3331,2412,17753,1,0,14,11
2021-03-15T23:59:59+01:00,0,2,3379,3563,6028,6689,6265,7978,7477,10165,8005,9602,5145,5240,9409,11915,5368,9034,301,308,831,1227,921,1778,1243,2691,1410,2329,1019,885,2073,2935,1474,3446,94327,22450,3324,2411,17599,1,0,14,11
2021-03-14T23:59:59+01:00,0,2,3254,3416,5750,6343,5989,7617,7163,9750,7720,9283,4812,4849,9252,11718,5364,9024,301,307,831,1227,920,1778,1241,2690,1408,2326,1017,883,2070,2932,1471,3445,91933,22429,3269,2408,16090,1,0,14,11
2021-03-13T23:59:59+01:00,0,2,2600,2754,4809,5475,4971,6688,5968,8631,6705,8339,4499,4466,8869,11199,5274,8916,301,307,830,1225,920,1773,1238,2688,1407,2326,1017,882,2046,2896,1441,3410,81245,22289,3269,2408,15637,1,0,14,11
2021-03-12T23:59:59+01:00,0,2,1774,1933,3471,4325,3465,5354,4221,6991,5071,6833,3832,3762,7620,9652,4774,8237,297,304,828,1221,914,1766,1230,2668,1381,2309,971,857,1698,2434,1173,3059,62429,20692,3266,2408,15608,1,0,14,11
2021-03-11T23:59:59+01:00,0,2,1274,1456,2567,3584,2560,4414,3128,5901,3709,5449,2657,2485,5923,7542,4011,7062,292,295,812,1212,901,1743,1212,2639,1356,2263,934,837,1541,2205,1050,2871,45142,19746,3264,2408,15304,1,0,14,10
2021-03-10T23:59:59+01:00,0,2,1050,1238,2198,3223,2185,4023,2677,5460,2806,4482,1529,1286,4573,5824,3455,6293,282,285,794,1193,879,1707,1178,2566,1317,2197,909,817,1362,2015,954,2698,34125,18843,3264,2301,14902,1,0,13,10
2021-03-09T23:59:59+01:00,0,2,1034,1210,2132,3082,2120,3908,2592,5326,2722,4356,1495,1256,4498,5751,3416,6236,278,278,780,1172,862,1680,1153,2526,1299,2169,894,805,1285,1891,883,2588,33720,18277,3261,2257,14142,1,0,13,10
2021-03-08T23:59:59+01:00,0,2,1012,1179,2075,2983,2080,3826,2533,5213,2666,4284,1457,1236,4352,5593,3315,6095,278,274,775,1164,860,1671,1145,2518,1291,2153,870,784,1119,1666,760,2424,33031,17490,3261,2253,13596,1,0,13,10
2021-03-07T23:59:59+01:00,0,2,1007,1160,2035,2940,2038,3785,2493,5148,2625,4247,1452,1233,4345,5585,3313,6095,278,274,775,1164,860,1671,1145,2518,1290,2153,867,784,1110,1656,752,2413,33001,17490,3255,2212,13234,0,0,13,10
2021-03-06T23:59:59+01:00,0,2,1007,1156,2024,2926,2026,3766,2477,5121,2607,4226,1439,1223,4311,5541,3299,6083,278,274,775,1164,860,1670,1145,2518,1290,2153,867,784,1110,1656,752,2412,32857,17489,3254,2211,13110,0,0,13,10
2021-03-05T23:59:59+01:00,0,2,1003,1152,2009,2906,1996,3743,2434,5069,2554,4189,1403,1195,4045,5215,3149,5862,277,271,768,1157,854,1662,1142,2509,1287,2143,853,780,1102,1647,751,2410,32117,17394,2923,2211,12873,0,0,13,10
2021-03-04T23:59:59+01:00,0,2,909,1005,1921,2778,1928,3606,2358,4915,2464,4031,1373,1174,3805,4956,2885,5513,277,269,766,1152,851,1654,1141,2495,1283,2134,821,766,1090,1636,744,2398,30871,17281,2919,2188,11820,0,0,13,10
2021-03-03T23:59:59+01:00,0,2,863,897,1856,2682,1857,3501,2289,4799,2390,3947,1361,1161,3695,4851,2663,5241,276,267,765,1143,848,1636,1135,2453,1273,2108,804,762,1082,1618,737,2391,30199,17255,2802,2035,11041,0,0,13,10
2021-03-02T23:59:59+01:00,0,2,818,822,1759,2558,1772,3377,2198,4675,2330,3869,1326,1139,3566,4716,2460,4895,276,266,764,1137,845,1633,1130,2448,1269,2098,802,760,1068,1597,726,2372,29475,17149,2613,2034,10181,0,0,13,10
2021-03-01T23:59:59+01:00,0,2,795,783,1659,2414,1701,3233,2098,4503,2250,3748,1308,1127,3516,4653,2416,4833,276,264,760,1133,844,1621,1126,2436,1264,2088,796,758,1063,1586,719,2365,29223,17057,2529,2034,9274,0,0,13,10
2021-02-28T23:59:59+01:00,0,2,789,760,1640,2348,1673,3161,2075,4403,2236,3681,1302,1121,3506,4638,2402,4823,275,263,760,1132,844,1616,1126,2434,1264,2083,792,756,1055,1573,715,2355,29116,17034,2527,2001,8904,0,0,13,10
2021-02-27T23:59:59+01:00,0,2,774,743,1618,2288,1656,3049,2056,4277,2215,3585,1299,1118,3506,4636,2401,4822,275,263,760,1132,844,1615,1126,2434,1264,2082,792,756,1054,1572,714,2353,29111,17032,2526,1996,8395,0,0,13,10
2021-02-26T23:59:59+01:00,0,2,646,662,1513,2175,1604,2890,1993,4040,2114,3349,1209,1047,2855,3843,1975,4240,275,263,759,1130,843,1614,1126,2432,1262,2079,790,751,1036,1559,704,2337,26321,16958,2526,1994,7297,0,0,13,10
2021-02-25T23:59:59+01:00,0,2,496,582,1394,2073,1537,2762,1932,3912,2014,3237,1160,1015,2625,3573,1811,3997,258,248,734,1106,801,1545,1079,2334,1188,1986,733,730,1004,1522,692,2309,25256,16865,2499,1396,6354,0,0,13,10
2021-02-24T23:59:59+01:00,0,2,466,551,1325,1960,1464,2618,1862,3759,1937,3088,1122,985,2486,3436,1732,3878,229,235,707,1061,774,1483,1049,2274,1134,1936,706,707,958,1493,681,2279,24605,16679,2488,1019,5565,0,0,13,10
2021-02-23T23:59:59+01:00,0,2,410,511,1242,1820,1389,2472,1785,3548,1866,2966,1097,951,2283,3207,1607,3692,224,229,692,1038,762,1444,1027,2231,1109,1895,697,695,949,1479,678,2275,23683,16593,2478,823,4674,0,0,13,10
2021-02-22T23:59:59+01:00,0,2,397,478,1142,1709,1287,2375,1676,3442,1785,2895,1076,938,2141,3035,1522,3596,213,220,670,987,731,1381,1001,2137,1065,1813,654,663,880,1402,642,2219,23108,16404,2474,266,3901,0,0,13,10
2021-02-21T23:59:59+01:00,0,2,378,462,1041,1677,1135,2351,1521,3419,1682,2877,1068,936,2140,3034,1522,3596,186,214,639,979,720,1373,987,2132,1060,1811,651,660,877,1398,634,2212,23079,16273,2474,252,3275,0,0,13,10
2021-02-20T23:59:59+01:00,0,2,378,460,1040,1677,1134,2351,1519,3417,1682,2875,1068,935,2139,3034,1521,3595,185,212,636,979,717,1372,981,2129,1058,1811,651,660,877,1398,634,2212,23072,16252,2473,252,3269,0,0,13,10
2021-02-19T23:59:59+01:00,0,2,373,451,1028,1673,1124,2341,1506,3398,1649,2860,1018,907,1768,2527,1224,3213,164,202,610,975,699,1364,964,2127,1052,1809,648,659,875,1398,633,2211,21331,16130,2473,252,3245,0,0,13,10
2021-02-18T23:59:59+01:00,0,2,353,431,988,1591,1086,2254,1453,3280,1608,2770,988,884,1595,2284,1095,3009,144,191,571,964,679,1351,930,2111,1027,1789,637,640,854,1370,619,2190,20351,15807,2473,252,2834,0,0,13,10
2021-02-17T23:59:59+01:00,0,2,330,378,904,1448,979,2054,1319,3026,1496,2550,951,854,1406,2072,994,2832,138,184,559,933,653,1300,897,2033,977,1713,603,608,847,1344,614,2171,19278,15314,2473,252,1831,0,0,13,10
2021-02-16T23:59:59+01:00,0,2,324,339,860,1310,927,1866,1258,2801,1430,2389,939,837,1343,1976,927,2736,132,171,545,890,638,1246,869,1970,947,1671,593,598,825,1313,601,2111,18907,14996,2472,116,872,0,0,13,10
2021-02-15T23:59:59+01:00,0,2,308,299,832,1279,910,1810,1218,2717,1392,2333,911,805,1166,1744,798,2560,123,163,524,863,620,1184,843,1897,924,1594,572,561,807,1276,592,2069,17996,14528,2471,76,604,0,0,13,10
2021-02-14T23:59:59+01:00,0,2,308,299,831,1279,909,1810,1216,2717,1392,2333,911,805,1166,1744,798,2560,123,163,523,856,616,1179,837,1891,920,1591,571,560,805,1275,591,2066,17995,14484,2471,75,601,0,0,13,10
2021-02-13T23:59:59+01:00,0,2,308,299,831,1279,909,1807,1216,2715,1392,2331,911,805,1166,1744,798,2560,123,163,523,856,616,1179,835,1888,918,1587,569,560,790,1255,579,2050,17988,14482,2471,1,601,0,0,13,10
2021-02-12T23:59:59+01:00,0,2,304,298,821,1274,905,1777,1210,2687,1364,2302,909,803,1165,1741,798,2560,123,163,521,853,615,1172,829,1876,912,1574,566,558,776,1244,573,2037,17979,14383,2471,1,457,0,0,13,10
2021-02-11T23:59:59+01:00,0,2,285,289,806,1239,899,1743,1194,2621,1342,2247,874,790,1154,1729,797,2550,121,149,503,812,593,1107,795,1776,889,1514,552,544,752,1209,559,2005,17866,13872,2470,0,212,0,0,13,10
2021-02-10T23:59:59+01:00,0,2,282,283,787,1201,886,1713,1182,2575,1327,2205,869,788,1139,1713,792,2533,117,140,436,726,547,1014,717,1649,830,1430,537,528,738,1189,549,1978,17842,13127,2365,0,58,0,0,12,0
2021-02-09T23:59:59+01:00,0,2,282,280,783,1187,875,1696,1167,2556,1313,2181,854,783,1125,1696,781,2517,100,121,381,639,495,885,638,1449,742,1242,485,450,619,1027,481,1740,17744,11496,2319,0,3,0,0,12,0
2021-02-08T23:59:59+01:00,0,2,282,279,781,1182,875,1689,1165,2552,1307,2173,848,780,1109,1674,764,2496,90,99,336,545,443,785,549,1241,635,1077,409,376,535,837,388,1432,17629,9779,2316,0,1,0,0,12,0
2021-02-07T23:59:59+01:00,0,2,281,278,779,1181,874,1689,1165,2551,1307,2170,842,778,1107,1671,763,2494,88,98,334,540,441,781,547,1232,631,1071,404,371,514,814,382,1418,17604,9668,2316,0,0,0,0,12,0
2021-02-06T23:59:59+01:00,0,2,281,277,779,1180,874,1688,1165,2551,1307,2169,841,777,1105,1665,762,2492,88,97,334,537,440,780,546,1228,629,1070,400,366,466,745,354,1373,17588,9455,2315,0,0,0,0,12,0
2021-02-05T23:59:59+01:00,0,2,281,277,779,1179,873,1687,1164,2550,1306,2166,834,771,1082,1655,755,2476,82,95,326,531,424,762,521,1193,600,1028,377,339,446,721,340,1333,17510,9119,2315,0,0,0,0,12,0
2021-02-04T23:59:59+01:00,0,2,278,269,776,1158,861,1665,1151,2522,1292,2142,812,758,1054,1625,748,2460,68,77,256,409,329,595,404,965,487,826,304,275,335,576,277,1114,17269,7297,2292,0,0,0,0,12,0
2021-02-03T23:59:59+01:00,0,2,277,264,772,1137,859,1639,1144,2472,1279,2112,793,744,1037,1602,739,2446,54,54,170,280,255,444,284,715,363,587,208,195,237,423,194,837,17173,5300,2133,0,0,0,0,12,0
2021-02-02T23:59:59+01:00,0,2,276,259,768,1129,852,1617,1136,2448,1267,2095,789,737,1028,1591,737,2438,35,35,92,139,147,255,172,448,235,368,134,125,161,254,136,538,17024,3274,2133,0,0,0,0,12,0
2021-02-01T23:59:59+01:00,0,2,274,256,763,1110,844,1597,1130,2419,1263,2062,780,724,1021,1581,733,2425,11,12,15,27,25,65,45,88,71,101,49,45,57,74,39,178,16840,902,2133,0,0,0,0,11,0
2021-01-31T23:59:59+01:00,0,2,268,254,747,1108,836,1586,1120,2408,1252,2053,774,718,1011,1564,726,2412,10,12,14,26,23,62,39,83,64,93,46,45,53,67,36,165,16805,838,2023,0,0,0,0,11,0
2021-01-30T23:59:59+01:00,0,2,268,254,747,1107,835,1586,1120,2408,1252,2053,773,718,1010,1562,725,2410,10,10,14,26,23,62,39,83,63,91,45,44,52,67,36,164,16801,829,2018,0,0,0,0,11,0
2021-01-29T23:59:59+01:00,0,2,268,254,747,1106,835,1586,1120,2408,1252,2052,772,717,1009,1560,725,2408,9,5,12,24,23,61,37,81,62,91,44,43,52,67,36,164,16794,811,2016,0,0,0,0,11,0
2021-01-28T23:59:59+01:00,0,2,264,249,735,1081,800,1531,1083,2348,1175,1994,731,703,980,1540,709,2386,4,0,3,6,9,25,18,36,20,45,21,22,23,45,15,97,16615,389,1685,0,0,0,0,11,0
2021-01-27T23:59:59+01:00,0,2,258,242,712,1049,752,1476,1025,2267,1102,1913,696,676,966,1519,706,2379,3,0,3,4,6,21,14,22,13,32,6,9,10,10,4,27,16167,184,1562,0,0,0,0,11,0
2021-01-26T23:59:59+01:00,0,2,234,233,695,1025,744,1426,1005,2193,1075,1848,684,662,943,1503,696,2360,3,0,1,4,5,11,12,12,6,11,3,5,6,7,1,16,16116,103,1201,0,0,0,0,11,0
2021-01-25T23:59:59+01:00,0,2,202,218,643,952,692,1303,962,2047,1017,1713,636,607,866,1408,653,2287,3,0,1,4,5,11,12,12,6,11,3,5,6,7,1,16,15890,103,307,0,0,0,0,11,0
2021-01-24T23:59:59+01:00,0,2,185,212,617,940,673,1289,944,2031,1002,1703,629,601,856,1388,644,2274,3,0,1,4,5,10,11,12,5,11,3,5,6,7,1,16,15717,100,262,0,0,0,0,11,0
2021-01-23T23:59:59+01:00,0,2,185,212,617,940,673,1289,944,2031,1002,1703,629,601,856,1388,644,2274,3,0,1,4,5,10,9,12,5,11,3,5,6,7,1,16,15717,98,262,0,0,0,0,11,0
2021-01-22T23:59:59+01:00,0,2,138,194,559,930,655,1274,910,2021,990,1692,624,600,855,1388,644,2274,3,0,0,4,5,10,9,12,5,11,3,5,6,7,1,16,15477,97,262,0,0,0,0,11,0
2021-01-21T23:59:59+01:00,0,2,133,186,544,907,634,1233,877,1967,968,1644,613,579,843,1357,637,2255,3,0,0,4,4,10,9,12,5,11,3,5,6,7,1,15,15106,95,262,0,0,0,0,11,0
2021-01-20T23:59:59+01:00,0,2,128,170,497,841,611,1157,814,1857,931,1573,592,562,826,1334,627,2227,3,0,0,4,4,10,9,12,5,11,3,5,6,7,1,15,14478,95,260,0,0,0,0,11,0
2021-01-19T23:59:59+01:00,0,2,115,151,424,753,546,1027,729,1659,827,1409,546,508,725,1175,554,1979,3,0,0,4,4,8,9,12,5,11,3,5,6,7,1,15,12925,93,193,0,0,0,0,11,0
2021-01-18T23:59:59+01:00,0,2,97,119,355,600,455,855,599,1398,701,1203,478,442,641,1017,487,1712,1,0,0,1,0,0,0,0,0,0,0,0,0,1,0,0,11067,3,83,0,0,0,0,11,0
2021-01-17T23:59:59+01:00,0,2,93,117,351,595,454,850,597,1379,693,1193,473,432,614,988,471,1671,1,0,0,1,0,0,0,0,0,0,0,0,0,1,0,0,10880,3,82,0,0,0,0,11,0
2021-01-16T23:59:59+01:00,0,2,93,114,349,587,451,845,586,1366,682,1181,458,418,519,862,410,1574,0,0,0,1,0,0,0,0,0,0,0,0,0,0,0,0,10483,1,3,0,0,0,0,11,0
2021-01-15T23:59:59+01:00,0,2,92,112,344,585,445,840,580,1359,665,1165,442,400,511,850,402,1551,0,0,0,0,0,0,0,0,0,0,0,0,0,0,0,0,10333,0,1,0,0,0,0,11,0
2021-01-14T23:59:59+01:00,0,0,75,90,287,483,367,676,463,1105,545,983,363,320,401,695,332,1321,0,0,0,0,0,0,0,0,0,0,0,0,0,0,0,0,8495,0,0,0,0,0,0,11,0
2021-01-13T23:59:59+01:00,0,0,61,67,203,365,291,503,349,823,419,702,253,224,293,520,250,1015,0,0,0,0,0,0,0,0,0,0,0,0,0,0,0,0,6328,0,0,0,0,0,0,10,0
2021-01-12T23:59:59+01:00,0,0,40,44,122,216,178,313,208,529,280,435,159,142,188,337,171,682,0,0,0,0,0,0,0,0,0,0,0,0,0,0,0,0,4044,0,0,0,0,0,0,0,0
2021-01-11T23:59:59+01:00,0,0,11,14,42,58,41,93,60,119,93,128,65,58,83,103,49,223,0,0,0,0,0,0,0,0,0,0,0,0,0,0,0,0,1240,0,0,0,0,0,0,0,0
2021-01-10T23:59:59+01:00,0,0,11,14,29,47,34,75,51,110,80,118,57,54,77,93,46,209,0,0,0,0,0,0,0,0,0,0,0,0,0,0,0,0,1105,0,0,0,0,0,0,0,0
2021-01-09T23:59:59+01:00,0,0,11,13,26,46,34,75,50,109,78,115,56,53,76,92,45,208,0,0,0,0,0,0,0,0,0,0,0,0,0,0,0,0,1087,0,0,0,0,0,0,0,0
2021-01-08T23:59:59+01:00,0,0,7,6,26,41,32,72,47,107,77,114,53,49,71,87,41,208,0,0,0,0,0,0,0,0,0,0,0,0,0,0,0,0,1038,0,0,0,0,0,0,0,0
2021-01-07T23:59:59+01:00,0,0,5,1,9,20,15,38,28,77,33,77,32,27,47,74,28,162,0,0,0,0,0,0,0,0,0,0,0,0,0,0,0,0,673,0,0,0,0,0,0,0,0
2021-01-06T23:59:59+01:00,0,0,5,0,4,8,10,30,25,43,19,47,26,24,34,51,19,120,0,0,0,0,0,0,0,0,0,0,0,0,0,0,0,0,465,0,0,0,0,0,0,0,0
2021-01-05T23:59:59+01:00,0,0,5,0,4,8,10,30,25,43,19,47,26,24,34,50,19,120,0,0,0,0,0,0,0,0,0,0,0,0,0,0,0,0,464,0,0,0,0,0,0,0,0
2021-01-04T23:59:59+01:00,0,0,4,0,1,3,4,11,13,12,5,11,3,5,6,8,1,17,0,0,0,0,0,0,0,0,0,0,0,0,0,0,0,0,104,0,0,0,0,0,0,0,0
2021-01-03T23:59:59+01:00,0,0,3,0,1,3,4,10,12,12,5,11,3,5,6,8,1,16,0,0,0,0,0,0,0,0,0,0,0,0,0,0,0,0,100,0,0,0,0,0,0,0,0
2021-01-02T23:59:59+01:00,0,0,3,0,1,3,4,10,10,12,5,11,3,5,6,8,1,16,0,0,0,0,0,0,0,0,0,0,0,0,0,0,0,0,98,0,0,0,0,0,0,0,0
2021-01-01T23:59:59+01:00,0,0,3,0,0,3,4,10,10,12,5,11,3,5,6,7,1,16,0,0,0,0,0,0,0,0,0,0,0,0,0,0,0,0,96,0,0,0,0,0,0,0,0
2020-12-31T23:59:59+01:00,0,0,3,0,0,3,4,10,9,12,5,11,3,5,6,7,1,16,0,0,0,0,0,0,0,0,0,0,0,0,0,0,0,0,95,0,0,0,0,0,0,0,0
2020-12-30T23:59:59+01:00,0,0,3,0,0,3,4,10,9,12,5,11,3,5,6,7,1,16,0,0,0,0,0,0,0,0,0,0,0,0,0,0,0,0,95,0,0,0,0,0,0,0,0
2020-12-29T23:59:59+01:00,0,0,3,0,0,3,4,8,9,12,5,11,3,5,6,7,1,16,0,0,0,0,0,0,0,0,0,0,0,0,0,0,0,0,93,0,0,0,0,0,0,0,0
2020-12-28T23:59:59+01:00,0,0,3,0,0,3,4,8,9,12,5,11,3,5,6,7,1,16,0,0,0,0,0,0,0,0,0,0,0,0,0,0,0,0,93,0,0,0,0,0,0,0,0
2020-12-27T23:59:59+01:00,0,0,1,0,0,0,0,0,0,0,0,0,0,0,1,3,0,7,0,0,0,0,0,0,0,0,0,0,0,0,0,0,0,0,12,0,0,0,0,0,0,0,0
