Datum,<15_1_m,<15_1_w,15-24_1_m,15-24_1_w,25-34_1_m,25-34_1_w,35-44_1_m,35-44_1_w,45-54_1_m,45-54_1_w,55-64_1_m,55-64_1_w,65-74_1_m,65-74_1_w,75-84_1_m,75-84_1_w,>84_1_m,>84_1_w,<15_2_m,<15_2_w,15-24_2_m,15-24_2_w,25-34_2_m,25-34_2_w,35-44_2_m,35-44_2_w,45-54_2_m,45-54_2_w,55-64_2_m,55-64_2_w,65-74_2_m,65-74_2_w,75-84_2_m,75-84_2_w,>84_2_m,>84_2_w,bp_1,bp_2,mo_1,mo_2,az_1,az_2,ja,unb_1,unb_2
2021-11-18T23:59:59+01:00,5319,4943,29691,27868,38988,35937,37734,37206,42449,42509,45196,44952,28857,32154,20464,25662,6411,10831,3901,3639,25014,23894,34261,31376,34110,33660,39178,39147,42441,42409,27797,30925,19800,24726,6152,10280,370617,334516,46661,44574,77620,71363,22208,72,49
2021-11-17T23:59:59+01:00,5264,4884,29599,27812,38902,35826,37665,37125,42378,42453,45139,44887,28839,32123,20455,25644,6405,10820,3882,3621,24989,23843,34209,31326,34069,33615,39139,39116,42388,42363,27786,30901,19794,24715,6152,10278,369684,334004,46648,44567,77620,71363,22203,72,49
2021-11-16T23:59:59+01:00,5178,4815,29423,27660,38736,35648,37529,36987,42254,42348,45049,44798,28808,32083,20438,25624,6401,10808,3863,3604,24885,23767,34096,31230,33988,33541,39075,39056,42340,42315,27759,30873,19778,24689,6138,10265,368131,333145,46611,44544,77619,71363,22161,72,49
2021-11-15T23:59:59+01:00,5125,4774,29305,27566,38604,35545,37450,36894,42191,42275,44992,44749,28784,32063,20426,25609,6399,10800,3855,3598,24835,23747,34051,31186,33950,33514,39043,39033,42314,42299,27750,30862,19768,24673,6135,10261,367128,332786,46588,44525,77619,71363,22151,72,49
2021-11-14T23:59:59+01:00,5092,4742,29233,27500,38508,35447,37397,36841,42142,42217,44954,44715,28775,32047,20417,25593,6397,10794,3847,3588,24807,23730,34018,31148,33923,33491,39025,39008,42295,42281,27739,30855,19762,24664,6134,10261,366403,332505,46581,44516,77619,71363,22143,72,49
2021-11-13T23:59:59+01:00,5032,4699,29090,27398,38393,35310,37288,36764,42070,42147,44914,44678,28763,32033,20413,25592,6395,10792,3841,3584,24771,23710,33999,31128,33903,33469,39005,38990,42287,42274,27735,30853,19761,24664,6134,10260,365399,332314,46560,44514,77619,71363,22128,72,49
2021-11-12T23:59:59+01:00,4928,4609,28735,27092,38127,35059,37105,36552,41922,41994,44797,44586,28733,32011,20407,25578,6394,10792,3823,3554,24667,23628,33893,31036,33811,33393,38936,38942,42239,42241,27719,30836,19755,24659,6133,10260,363200,331571,46478,44483,77619,71363,22059,72,49
2021-11-11T23:59:59+01:00,4809,4476,28443,26822,37840,34760,36880,36330,41744,41823,44664,44473,28692,31956,20393,25558,6388,10781,3788,3510,24559,23533,33800,30918,33699,33310,38859,38863,42173,42185,27699,30813,19745,24643,6131,10258,360737,330642,46413,44435,77619,71363,21997,72,49
2021-11-10T23:59:59+01:00,4752,4415,28297,26718,37715,34616,36773,36227,41677,41745,44595,44400,28679,31936,20384,25545,6383,10770,3774,3491,24517,23492,33748,30866,33654,33275,38828,38832,42148,42155,27681,30803,19735,24633,6128,10247,359590,330203,46382,44423,77619,71362,21970,72,49
2021-11-09T23:59:59+01:00,4686,4356,28056,26513,37492,34408,36624,36093,41550,41623,44516,44328,28658,31906,20369,25524,6380,10763,3757,3470,24452,23435,33671,30790,33607,33231,38789,38790,42110,42125,27671,30778,19723,24620,6125,10239,357907,329655,46324,44387,77618,71362,21930,72,49
2021-11-08T23:59:59+01:00,4628,4307,27835,26332,37240,34208,36444,35957,41427,41511,44419,44247,28625,31871,20358,25510,6377,10760,3742,3450,24387,23384,33616,30735,33573,33187,38753,38744,42076,42086,27655,30763,19709,24608,6124,10232,356188,329136,46279,44372,77618,71362,21905,72,49
2021-11-07T23:59:59+01:00,4591,4273,27637,26179,37029,34022,36304,35813,41307,41411,44334,44188,28608,31854,20349,25501,6375,10752,3735,3442,24349,23356,33561,30696,33545,33161,38725,38719,42054,42061,27650,30751,19703,24601,6122,10229,354754,328847,46244,44357,77618,71362,21845,72,49
2021-11-06T23:59:59+01:00,4571,4257,27588,26141,36966,33982,36275,35795,41270,41395,44309,44165,28604,31852,20343,25499,6375,10750,3734,3439,24343,23352,33554,30692,33542,33157,38720,38717,42051,42060,27647,30751,19701,24599,6121,10228,354392,328811,46232,44357,77618,71362,21829,72,49
2021-11-05T23:59:59+01:00,4476,4159,27337,25947,36734,33748,36069,35636,41141,41258,44228,44095,28589,31835,20340,25487,6373,10749,3717,3418,24277,23315,33502,30643,33490,33121,38680,38679,42024,42039,27636,30745,19697,24592,6119,10226,352668,328439,46087,44309,77618,71362,21761,72,49
2021-11-04T23:59:59+01:00,4400,4109,27110,25780,36509,33537,35887,35511,41019,41143,44142,44031,28568,31820,20331,25476,6371,10746,3685,3369,24184,23201,33397,30527,33409,33041,38614,38613,41960,41982,27617,30720,19687,24579,6114,10217,351104,327561,46029,44272,77618,71362,21672,72,49
2021-11-03T23:59:59+01:00,4381,4078,27048,25724,36423,33457,35815,35474,40961,41098,44105,44002,28561,31809,20325,25470,6370,10746,3659,3339,24150,23160,33364,30484,33373,33017,38594,38586,41935,41961,27602,30702,19680,24570,6109,10212,350488,327159,46010,44264,77618,71361,21664,72,49
2021-11-02T23:59:59+01:00,4347,4037,26829,25586,36190,33286,35653,35362,40827,40999,44023,43934,28536,31792,20314,25461,6369,10742,3630,3312,24048,23081,33252,30408,33306,32967,38533,38531,41890,41928,27582,30681,19664,24559,6107,10205,349100,326494,45959,44237,77618,71361,21543,72,49
2021-11-01T23:59:59+01:00,4305,4000,26740,25523,36075,33212,35576,35316,40756,40948,43985,43915,28529,31783,20310,25460,6368,10741,3612,3275,24001,23032,33197,30373,33271,32937,38494,38506,41864,41902,27572,30674,19658,24550,6106,10203,348412,326087,45933,44220,77618,71359,21512,72,49
2021-10-31T23:59:59+01:00,4305,4000,26736,25523,36073,33212,35576,35316,40755,40948,43984,43914,28528,31783,20310,25460,6368,10741,3612,3275,24001,23032,33197,30373,33271,32937,38493,38506,41863,41902,27572,30674,19658,24550,6106,10203,348404,326086,45932,44220,77618,71359,21511,72,49
2021-10-30T23:59:59+02:00,4302,3998,26725,25518,36059,33204,35570,35312,40746,40944,43976,43914,28527,31783,20310,25459,6368,10740,3612,3275,23997,23029,33194,30373,33271,32934,38492,38505,41862,41902,27572,30674,19658,24550,6106,10203,348327,326070,45932,44220,77618,71359,21511,72,49
2021-10-29T23:59:59+02:00,4278,3979,26583,25423,35874,33085,35457,35241,40646,40875,43930,43890,28524,31773,20309,25457,6368,10740,3600,3267,23943,22992,33141,30318,33223,32899,38451,38467,41836,41883,27567,30666,19653,24543,6105,10203,347401,325681,45877,44200,77618,71358,21469,72,49
2021-10-28T23:59:59+02:00,4246,3937,26412,25294,35675,32951,35310,35141,40549,40799,43866,43849,28513,31761,20300,25450,6367,10738,3571,3231,23855,22906,33054,30223,33160,32848,38396,38418,41788,41854,27556,30651,19645,24533,6101,10196,346310,325058,45802,44160,77618,71358,21361,72,49
2021-10-27T23:59:59+02:00,4219,3913,26371,25261,35631,32906,35269,35091,40513,40770,43842,43832,28510,31754,20298,25444,6363,10736,3556,3212,23808,22866,33007,30184,33135,32821,38385,38394,41776,41834,27547,30635,19637,24526,6100,10194,345887,324698,45792,44154,77618,71357,21359,72,49
2021-10-26T23:59:59+02:00,4176,3884,26232,25146,35485,32800,35173,35012,40443,40721,43801,43810,28499,31743,20293,25438,6360,10734,3528,3199,23742,22783,32929,30114,33089,32771,38329,38355,41736,41811,27539,30625,19632,24517,6099,10192,345022,324184,45762,44122,77618,71354,21281,72,49
2021-10-25T23:59:59+02:00,4167,3876,26218,25128,35452,32777,35146,34998,40429,40714,43797,43806,28498,31742,20292,25438,6360,10734,3523,3192,23738,22777,32910,30095,33086,32765,38322,38351,41735,41808,27538,30624,19632,24514,6099,10192,344869,324120,45753,44114,77618,71353,21265,72,49
2021-10-24T23:59:59+02:00,4156,3871,26194,25098,35419,32749,35116,34974,40415,40696,43785,43797,28497,31738,20291,25436,6360,10734,3513,3183,23724,22760,32898,30086,33074,32757,38313,38342,41727,41800,27532,30621,19632,24509,6099,10191,344632,323980,45745,44114,77617,71353,21265,72,49
2021-10-23T23:59:59+02:00,4156,3871,26192,25094,35414,32748,35112,34971,40412,40694,43783,43797,28497,31738,20291,25436,6360,10734,3513,3183,23724,22759,32897,30086,33072,32757,38312,38341,41727,41800,27532,30621,19632,24509,6099,10191,344606,323974,45745,44114,77617,71353,21265,72,49
2021-10-22T23:59:59+02:00,4135,3840,26096,25022,35304,32651,35018,34909,40336,40652,43742,43770,28490,31733,20288,25429,6360,10733,3475,3154,23665,22696,32833,30030,33020,32719,38275,38310,41693,41775,27525,30614,19628,24506,6098,10190,343888,323488,45711,44091,77617,71353,21225,72,49
2021-10-21T23:59:59+02:00,4069,3793,25990,24929,35178,32536,34918,34838,40265,40596,43681,43734,28478,31719,20281,25423,6360,10731,3288,3002,23521,22542,32738,29939,32949,32651,38216,38256,41642,41735,27507,30595,19612,24489,6093,10181,342983,322327,45685,44059,77616,71353,21168,72,49
2021-10-20T23:59:59+02:00,4060,3776,25958,24899,35128,32489,34880,34805,40243,40573,43661,43720,28473,31714,20277,25418,6355,10727,3254,2974,23481,22502,32696,29906,32921,32622,38190,38226,41620,41713,27492,30583,19602,24478,6090,10177,342640,321924,45677,44045,77616,71353,21156,72,49
2021-10-19T23:59:59+02:00,4041,3749,25887,24854,35073,32442,34841,34766,40209,40546,43640,43706,28469,31708,20269,25408,6350,10724,3150,2860,23362,22392,32617,29838,32881,32579,38163,38182,41589,41689,27477,30566,19593,24471,6083,10172,342219,321132,45653,44004,77616,71352,21127,72,49
2021-10-18T23:59:59+02:00,4032,3732,25847,24827,35042,32404,34822,34752,40191,40532,43630,43692,28462,31701,20259,25401,6349,10724,3121,2842,23314,22354,32585,29795,32857,32543,38137,38162,41569,41666,27470,30559,19586,24462,6080,10168,341957,320769,45645,43986,77616,71352,21114,72,49
2021-10-17T23:59:59+02:00,4025,3720,25831,24821,35029,32392,34813,34747,40187,40528,43625,43684,28461,31697,20259,25396,6348,10722,3032,2762,23274,22327,32574,29781,32851,32533,38133,38155,41568,41657,27469,30556,19585,24460,6078,10168,341844,320463,45645,43986,77616,71352,21113,72,49
2021-10-16T23:59:59+02:00,4025,3720,25831,24821,35029,32392,34813,34747,40186,40527,43625,43684,28460,31696,20259,25395,6348,10721,3031,2760,23273,22327,32574,29781,32851,32532,38131,38154,41567,41656,27468,30556,19585,24459,6077,10166,341839,320449,45645,43986,77616,71352,21112,72,49
2021-10-15T23:59:59+02:00,4015,3711,25793,24790,34997,32366,34790,34724,40167,40515,43614,43677,28456,31693,20256,25392,6346,10717,3000,2735,23212,22255,32517,29731,32819,32484,38102,38127,41547,41639,27460,30549,19582,24455,6077,10162,341605,319990,45629,43959,77615,71352,21103,72,49
2021-10-14T23:59:59+02:00,3995,3681,25721,24730,34930,32299,34744,34688,40133,40482,43583,43662,28448,31684,20250,25388,6343,10712,2956,2678,23129,22169,32454,29636,32767,32427,38044,38084,41508,41602,27442,30534,19574,24446,6074,10161,341121,319306,45606,43914,77615,71352,21064,72,49
2021-10-13T23:59:59+02:00,3980,3658,25690,24709,34903,32268,34724,34673,40119,40460,43565,43642,28440,31678,20246,25379,6337,10705,2935,2657,23096,22129,32427,29596,32756,32392,38024,38064,41492,41590,27435,30520,19567,24439,6074,10156,340834,318983,45601,43906,77615,71352,21059,72,49
2021-10-12T23:59:59+02:00,3963,3637,25639,24657,34843,32204,34690,34643,40090,40433,43545,43629,28427,31663,20242,25370,6331,10698,2907,2623,23008,22031,32328,29506,32712,32344,37967,38026,41467,41553,27410,30507,19560,24429,6071,10146,340403,318291,45583,43869,77615,71350,21036,72,49
2021-10-11T23:59:59+02:00,3955,3625,25611,24631,34828,32181,34661,34624,40079,40420,43534,43616,28417,31654,20235,25365,6327,10693,2886,2612,22977,21998,32285,29471,32687,32314,37950,38009,41446,41536,27404,30501,19554,24422,6069,10142,340179,317977,45569,43861,77615,71350,21026,72,49
2021-10-10T23:59:59+02:00,3952,3623,25606,24624,34819,32170,34654,34610,40070,40415,43525,43608,28416,31649,20230,25361,6327,10689,2878,2606,22967,21982,32273,29454,32682,32307,37939,37998,41440,41531,27398,30497,19553,24421,6069,10142,340073,317854,45567,43858,77615,71350,21026,72,49
2021-10-09T23:59:59+02:00,3951,3620,25605,24622,34818,32166,34651,34609,40067,40411,43523,43608,28414,31648,20229,25358,6326,10689,2878,2605,22967,21982,32273,29454,32680,32306,37938,37998,41439,41530,27398,30497,19552,24421,6069,10141,340040,317845,45567,43858,77615,71350,21026,72,49
2021-10-08T23:59:59+02:00,3916,3596,25532,24562,34754,32112,34619,34578,40033,40383,43489,43582,28404,31638,20218,25342,6318,10685,2851,2569,22869,21914,32221,29397,32643,32258,37910,37954,41413,41505,27386,30479,19546,24413,6065,10140,339523,317285,45549,43843,77615,71349,21007,72,49
2021-10-07T23:59:59+02:00,3892,3552,25455,24481,34684,32039,34571,34538,39993,40341,43456,43555,28394,31626,20201,25331,6311,10675,2793,2507,22742,21772,32149,29309,32591,32180,37863,37906,41370,41464,27366,30461,19530,24399,6058,10128,338926,316409,45522,43817,77615,71348,20965,72,49
2021-10-06T23:59:59+02:00,3878,3532,25419,24437,34644,32000,34545,34508,39974,40323,43437,43537,28387,31617,20189,25313,6307,10663,2778,2490,22709,21730,32118,29272,32569,32150,37847,37881,41351,41449,27356,30451,19520,24387,6056,10124,338550,316068,45519,43814,77615,71348,20959,72,49
2021-10-05T23:59:59+02:00,3856,3513,25362,24375,34574,31926,34506,34469,39955,40287,43399,43514,28377,31605,20169,25293,6302,10634,2741,2448,22631,21611,32026,29181,32514,32086,37805,37841,41321,41420,27340,30441,19510,24377,6046,10114,338035,315366,45497,43788,77613,71346,20904,72,49
2021-10-04T23:59:59+02:00,3833,3491,25314,24330,34528,31890,34471,34436,39928,40266,43379,43492,28369,31596,20161,25276,6293,10620,2726,2438,22586,21564,31997,29132,32485,32062,37785,37823,41295,41404,27329,30425,19501,24368,6042,10104,337621,315014,45486,43774,77613,71343,20886,72,49
2021-10-03T23:59:59+02:00,3824,3488,25299,24323,34518,31883,34463,34429,39922,40256,43373,43488,28365,31594,20158,25267,6292,10613,2721,2432,22572,21553,31989,29122,32471,32053,37778,37817,41287,41400,27327,30420,19497,24362,6037,10098,337507,314889,45485,43772,77613,71343,20883,72,49
2021-10-02T23:59:59+02:00,3824,3488,25299,24323,34517,31883,34463,34429,39921,40256,43373,43488,28365,31594,20158,25267,6292,10613,2720,2432,22572,21553,31989,29122,32471,32053,37778,37817,41287,41400,27327,30420,19497,24362,6037,10098,337505,314888,45485,43772,77613,71343,20883,72,49
2021-10-01T23:59:59+02:00,3805,3470,25250,24257,34450,31814,34401,34388,39886,40231,43343,43470,28361,31587,20156,25265,6290,10610,2677,2390,22472,21464,31937,29051,32421,32011,37740,37769,41262,41383,27320,30415,19493,24357,6036,10096,337065,314326,45458,43745,77611,71341,20833,72,49
2021-09-30T23:59:59+02:00,3772,3428,25147,24135,34335,31726,34318,34323,39810,40169,43285,43418,28344,31566,20145,25256,6287,10600,2615,2338,22350,21346,31855,28947,32361,31940,37690,37721,41222,41357,27291,30403,19490,24344,6034,10091,336220,313530,45416,43720,77606,71341,20755,72,49
2021-09-29T23:59:59+02:00,3754,3408,25119,24088,34304,31698,34292,34297,39791,40147,43264,43400,28335,31558,20140,25250,6281,10593,2608,2324,22322,21315,31832,28927,32341,31916,37673,37704,41206,41345,27286,30392,19485,24335,6033,10087,335892,313283,45412,43716,77606,71341,20742,72,49
2021-09-28T23:59:59+02:00,3726,3376,25032,24016,34222,31629,34242,34247,39742,40107,43228,43368,28319,31539,20132,25238,6277,10584,2587,2298,22228,21241,31766,28854,32294,31869,37639,37661,41181,41319,27265,30377,19483,24326,6030,10085,335323,312778,45378,43686,77606,71340,20650,72,49
2021-09-27T23:59:59+02:00,3703,3353,24989,23988,34185,31589,34219,34217,39721,40073,43207,43347,28311,31529,20125,25233,6273,10578,2568,2283,22192,21209,31734,28814,32268,31848,37617,37643,41161,41306,27256,30372,19480,24322,6029,10081,334986,312510,45368,43670,77605,71340,20614,72,49
2021-09-26T23:59:59+02:00,3550,3249,24931,23953,34175,31581,34212,34214,39715,40067,43201,43341,28310,31527,20123,25232,6272,10577,2557,2276,22176,21190,31730,28807,32264,31844,37609,37636,41155,41300,27253,30368,19477,24320,6028,10080,334581,312404,45368,43669,77605,71339,20609,72,49
2021-09-25T23:59:59+02:00,3549,3249,24930,23953,34175,31581,34212,34214,39713,40066,43200,43341,28310,31526,20123,25232,6272,10577,2557,2275,22174,21187,31730,28807,32262,31843,37606,37634,41155,41300,27253,30367,19477,24320,6028,10080,334575,312389,45368,43669,77604,71339,20609,72,49
2021-09-24T23:59:59+02:00,3525,3217,24848,23877,34062,31502,34144,34151,39656,40019,43166,43315,28296,31515,20120,25226,6271,10575,2521,2244,22088,21098,31636,28743,32217,31806,37550,37595,41135,41278,27241,30356,19474,24317,6027,10080,334048,311932,45335,43656,77603,71338,20432,72,48
2021-09-23T23:59:59+02:00,3353,3065,24710,23729,33972,31412,34067,34091,39598,39966,43108,43271,28278,31501,20112,25214,6268,10573,2471,2200,21974,20994,31567,28666,32165,31750,37514,37561,41100,41244,27227,30336,19467,24301,6026,10077,333004,311311,45307,43638,77603,71336,20307,72,48
2021-09-22T23:59:59+02:00,3330,3040,24674,23674,33940,31379,34044,34052,39569,39950,43085,43246,28268,31492,20108,25203,6268,10568,2456,2188,21944,20963,31530,28628,32147,31721,37491,37546,41077,41233,27217,30330,19464,24297,6026,10076,332653,311046,45298,43634,77601,71335,20271,72,48
2021-09-21T23:59:59+02:00,3202,2907,24477,23515,33796,31279,33979,33968,39500,39902,43064,43204,28249,31472,20099,25197,6260,10561,2392,2157,21806,20825,31419,28523,32070,31643,37436,37498,41045,41199,27206,30318,19456,24282,6023,10071,331592,310269,45259,43606,77601,71334,20112,72,48
2021-09-20T23:59:59+02:00,3178,2885,24431,23469,33748,31239,33949,33935,39469,39871,43040,43179,28244,31462,20095,25191,6260,10557,2384,2145,21768,20783,31373,28476,32047,31607,37406,37479,41032,41190,27195,30311,19447,24276,6021,10063,331226,309960,45244,43599,77601,71332,20064,72,48
2021-09-19T23:59:59+02:00,3174,2883,24421,23463,33739,31231,33941,33928,39464,39856,43031,43178,28243,31461,20095,25189,6260,10557,2380,2141,21761,20776,31368,28468,32043,31606,37399,37471,41024,41189,27195,30311,19446,24275,6021,10063,331149,309905,45244,43598,77600,71332,20054,72,48
2021-09-18T23:59:59+02:00,3174,2883,24421,23463,33739,31231,33941,33928,39464,39856,43031,43178,28243,31461,20095,25189,6260,10557,2380,2141,21761,20776,31368,28465,32041,31606,37399,37471,41024,41189,27195,30311,19446,24274,6021,10063,331149,309899,45244,43598,77600,71332,20054,72,48
2021-09-17T23:59:59+02:00,3147,2845,24316,23348,33633,31130,33865,33860,39394,39802,42996,43151,28229,31453,20093,25182,6258,10555,2333,2098,21681,20698,31295,28402,31978,31559,37359,37437,41004,41175,27187,30296,19444,24267,6021,10062,330496,309446,45203,43578,77599,71332,19892,71,48
2021-09-16T23:59:59+02:00,3096,2797,24203,23215,33535,31021,33796,33754,39347,39741,42942,43102,28203,31432,20077,25171,6255,10547,2293,2056,21576,20600,31212,28327,31911,31493,37336,37381,40970,41136,27176,30276,19437,24259,6019,10061,329665,308839,45165,43568,77599,71326,19738,71,48
2021-09-15T23:59:59+02:00,3073,2784,24162,23168,33504,30977,33781,33723,39318,39712,42924,43084,28193,31421,20071,25166,6254,10545,2280,2041,21539,20558,31180,28281,31885,31470,37304,37347,40947,41109,27162,30267,19430,24251,6019,10057,329335,308480,45152,43567,77598,71324,19708,71,48
2021-09-14T23:59:59+02:00,3033,2752,24054,23025,33361,30838,33696,33638,39261,39660,42873,43034,28175,31405,20062,25158,6250,10540,2261,2016,21454,20476,31090,28192,31820,31408,37255,37305,40903,41082,27152,30247,19421,24243,6017,10054,328522,307955,45116,43560,77597,71320,19513,71,48
2021-09-13T23:59:59+02:00,3015,2732,24003,22972,33314,30780,33663,33588,39237,39629,42842,43010,28169,31391,20057,25156,6248,10536,2246,2000,21402,20428,31045,28141,31790,31376,37233,37285,40889,41060,27146,30241,19417,24239,6016,10053,328138,307655,45100,43547,77597,71317,19440,71,48
2021-09-12T23:59:59+02:00,3011,2725,23999,22964,33308,30775,33654,33582,39232,39626,42839,43008,28167,31389,20056,25155,6248,10535,2243,1997,21386,20419,31035,28123,31771,31368,37227,37277,40883,41054,27141,30240,19415,24236,6016,10051,328070,307532,45100,43547,77596,71315,19440,71,48
2021-09-11T23:59:59+02:00,3009,2724,23997,22962,33306,30774,33652,33581,39232,39624,42838,43008,28164,31387,20056,25155,6248,10535,2242,1995,21382,20418,31034,28120,31771,31368,37227,37275,40882,41053,27139,30240,19415,24236,6016,10051,328050,307515,45100,43547,77596,71315,19439,71,48
2021-09-10T23:59:59+02:00,2967,2682,23865,22834,33176,30658,33550,33504,39157,39540,42790,42967,28148,31370,20051,25147,6247,10533,2205,1957,21267,20315,30921,28027,31681,31313,37162,37233,40836,41020,27131,30230,19409,24226,6014,10050,327307,306971,45080,43528,77596,71314,19136,71,48
2021-09-09T23:59:59+02:00,2917,2643,23684,22686,33065,30528,33449,33402,39085,39467,42749,42919,28120,31353,20042,25141,6245,10531,2151,1900,21146,20185,30829,27929,31605,31217,37099,37177,40788,40972,27107,30214,19400,24217,6010,10047,326404,306219,45056,43509,77594,71311,18906,70,48
2021-09-08T23:59:59+02:00,2896,2612,23643,22635,33035,30489,33433,33374,39065,39446,42734,42904,28114,31344,20039,25136,6244,10531,2140,1888,21112,20154,30798,27913,31590,31192,37081,37154,40777,40958,27101,30209,19395,24212,6009,10046,326089,305992,45050,43505,77593,71310,18876,70,46
2021-09-07T23:59:59+02:00,2843,2557,23494,22490,32916,30381,33358,33288,39009,39382,42690,42870,28096,31327,20035,25131,6243,10528,2085,1847,20977,20020,30682,27826,31515,31126,37033,37102,40740,40929,27084,30184,19389,24201,6008,10044,325335,305340,45025,43483,77593,71305,18618,70,46
2021-09-06T23:59:59+02:00,2820,2542,23462,22446,32884,30347,33337,33268,38987,39369,42674,42855,28093,31323,20033,25129,6242,10525,2061,1829,20935,19976,30651,27799,31494,31099,37014,37082,40726,40917,27076,30176,19387,24192,6005,10042,325066,305035,45009,43475,77592,71303,18602,70,46
2021-09-05T23:59:59+02:00,2809,2539,23456,22441,32882,30342,33335,33263,38984,39366,42670,42849,28091,31319,20031,25128,6241,10524,2057,1826,20923,19969,30640,27793,31491,31095,37011,37080,40722,40914,27071,30174,19385,24188,6004,10042,325003,304961,45008,43475,77592,71303,18600,70,46
2021-09-04T23:59:59+02:00,2809,2539,23453,22440,32881,30342,33335,33262,38984,39365,42669,42848,28091,31319,20031,25128,6241,10524,2055,1823,20921,19969,30640,27793,31490,31094,37011,37080,40721,40914,27071,30174,19385,24188,6004,10042,324997,304954,45008,43475,77592,71303,18597,70,46
2021-09-03T23:59:59+02:00,2786,2505,23376,22362,32807,30271,33295,33219,38940,39336,42639,42835,28083,31306,20030,25126,6239,10523,2039,1806,20872,19910,30591,27754,31456,31059,36983,37054,40691,40902,27063,30166,19383,24186,6003,10042,324498,304610,44980,43466,77590,71295,18543,70,46
2021-09-02T23:59:59+02:00,2755,2473,23270,22265,32747,30181,33236,33164,38902,39303,42600,42803,28063,31294,20026,25112,6237,10520,2016,1787,20798,19850,30531,27692,31418,31028,36943,37017,40658,40874,27053,30154,19380,24175,6003,10042,323893,304183,44950,43448,77589,71290,18452,70,46
2021-09-01T23:59:59+02:00,2733,2459,23246,22228,32717,30149,33214,33138,38875,39282,42587,42787,28055,31287,20021,25110,6237,10520,1999,1772,20757,19808,30498,27664,31391,31005,36924,37001,40640,40858,27043,30145,19379,24169,6003,10042,323638,303909,44939,43441,77588,71289,18413,70,46
2021-08-31T23:59:59+02:00,2688,2416,23123,22122,32636,30048,33160,33081,38830,39241,42561,42762,28044,31281,20015,25106,6236,10516,1975,1752,20671,19713,30426,27604,31342,30963,36884,36969,40611,40833,27034,30133,19373,24164,6003,10040,323060,303493,44909,43426,77587,71282,18243,70,46
2021-08-30T23:59:59+02:00,2666,2392,23071,22079,32596,30006,33134,33044,38801,39221,42542,42744,28039,31274,20008,25097,6235,10512,1928,1712,20547,19609,30330,27509,31281,30912,36851,36942,40590,40799,27018,30118,19372,24155,6003,10038,322718,302779,44894,43417,77587,71277,18195,70,46
2021-08-29T23:59:59+02:00,2635,2362,22983,22012,32533,29949,33091,33013,38755,39185,42512,42723,28030,31267,20005,25092,6235,10511,1902,1687,20443,19540,30261,27459,31246,30878,36810,36911,40565,40781,27005,30107,19371,24150,6003,10038,322260,302347,44878,43394,77585,71267,18103,70,46
2021-08-28T23:59:59+02:00,2629,2360,22983,22012,32529,29949,33090,33013,38752,39184,42511,42723,28029,31267,20005,25092,6235,10511,1902,1685,20442,19539,30255,27459,31246,30875,36807,36909,40565,40781,27005,30107,19371,24150,6003,10038,322247,302336,44878,43393,77585,71267,18097,70,46
2021-08-27T23:59:59+02:00,2629,2360,22978,22009,32522,29948,33088,33010,38750,39182,42507,42723,28028,31267,20005,25092,6234,10511,1901,1684,20436,19538,30247,27458,31244,30873,36804,36908,40563,40781,27005,30107,19371,24149,6003,10038,322228,302321,44878,43393,77585,71265,18085,70,46
2021-08-26T23:59:59+02:00,2546,2275,22790,21803,32389,29806,32969,32903,38662,39094,42441,42654,28003,31234,19992,25074,6233,10505,1815,1603,20167,19268,30107,27292,31101,30746,36695,36814,40477,40707,26963,30066,19352,24125,5997,10036,321006,300809,44858,43369,77584,71249,17858,70,46
2021-08-25T23:59:59+02:00,2540,2267,22770,21778,32378,29784,32955,32888,38650,39079,42430,42648,27998,31231,19985,25068,6230,10503,1804,1594,20119,19224,30071,27262,31080,30709,36670,36782,40458,40691,26950,30053,19349,24117,5996,10035,320817,300446,44858,43369,77584,71247,17856,70,46
2021-08-24T23:59:59+02:00,2522,2256,22731,21736,32352,29739,32936,32856,38640,39059,42411,42634,27992,31220,19980,25060,6229,10502,1794,1585,20081,19182,30038,27221,31059,30674,36656,36761,40438,40673,26944,30043,19345,24114,5996,10031,320530,300157,44848,43364,77584,71242,17826,70,46
2021-08-23T23:59:59+02:00,2503,2224,22663,21663,32281,29682,32900,32825,38601,39028,42381,42621,27976,31211,19977,25049,6229,10500,1750,1541,19957,19060,29919,27142,30994,30627,36607,36717,40396,40644,26932,30028,19339,24104,5996,10025,320088,299418,44837,43340,77582,71234,17740,70,46
2021-08-22T23:59:59+02:00,2494,2215,22627,21631,32262,29664,32884,32817,38584,39012,42376,42612,27972,31206,19972,25049,6229,10499,1740,1528,19917,19022,29883,27108,30963,30591,36586,36701,40378,40622,26924,30024,19336,24101,5996,10023,319918,299127,44831,43337,77581,71225,17708,70,46
2021-08-21T23:59:59+02:00,2475,2202,22572,21581,32222,29627,32861,32793,38570,38989,42359,42602,27965,31198,19970,25046,6229,10498,1710,1504,19816,18924,29811,27050,30929,30547,36551,36659,40354,40601,26913,30015,19331,24097,5994,10023,319672,298619,44818,43322,77579,71219,17623,70,46
2021-08-20T23:59:59+02:00,2437,2160,22485,21474,32145,29544,32799,32745,38519,38949,42317,42574,27958,31184,19966,25031,6228,10494,1663,1467,19642,18797,29684,26947,30854,30488,36488,36613,40308,40563,26898,29996,19322,24088,5993,10019,319087,297803,44795,43296,77576,71201,17484,70,46
2021-08-19T23:59:59+02:00,2347,2092,22325,21336,32007,29419,32708,32660,38417,38869,42247,42519,27932,31151,19959,25019,6223,10485,1607,1417,19383,18590,29470,26797,30733,30379,36369,36517,40206,40478,26870,29966,19311,24072,5989,10014,318147,296529,44774,43266,77576,71176,17151,70,46
2021-08-18T23:59:59+02:00,2337,2083,22299,21314,31984,29398,32686,32637,38389,38851,42234,42504,27917,31141,19953,25014,6223,10483,1584,1399,19328,18531,29430,26763,30707,30348,36340,36496,40182,40447,26853,29955,19307,24060,5984,10010,317886,296095,44774,43265,77576,71174,17144,70,46
2021-08-17T23:59:59+02:00,2320,2067,22274,21286,31968,29368,32660,32612,38376,38839,42210,42485,27911,31128,19947,25009,6223,10483,1571,1388,19285,18482,29398,26724,30663,30321,36312,36462,40154,40423,26831,29940,19300,24043,5980,10006,317639,295695,44774,43262,77576,71170,17110,70,46
2021-08-16T23:59:59+02:00,2281,2050,22207,21243,31927,29323,32635,32591,38352,38818,42178,42468,27902,31120,19945,24999,6223,10482,1547,1363,19076,18337,29252,26608,30586,30232,36265,36408,40116,40381,26811,29924,19293,24024,5974,10004,317289,294690,44774,43256,77573,71168,17041,70,46
2021-08-15T23:59:59+02:00,2254,2027,22153,21186,31879,29282,32611,32558,38324,38799,42157,42454,27896,31115,19939,24992,6222,10482,1525,1347,18956,18219,29094,26480,30506,30150,36199,36357,40061,40324,26793,29900,19283,24015,5971,10003,316953,293765,44765,43239,77572,71160,16973,70,46
2021-08-14T23:59:59+02:00,2248,2024,22127,21170,31867,29266,32607,32552,38316,38794,42151,42451,27895,31114,19938,24991,6222,10481,1495,1319,18843,18125,29031,26416,30466,30102,36174,36325,40040,40309,26786,29894,19280,24014,5970,10000,316864,293218,44762,43220,77572,71156,16949,70,46
2021-08-13T23:59:59+02:00,2231,2013,22081,21132,31830,29242,32569,32523,38301,38780,42141,42441,27893,31110,19935,24988,6221,10481,1420,1254,18587,17865,28854,26254,30350,30011,36122,36257,39995,40273,26770,29881,19275,24005,5967,9996,316628,291850,44757,43204,77570,71146,16890,70,46
2021-08-12T23:59:59+02:00,2195,1975,21992,21037,31759,29164,32513,32473,38254,38737,42101,42407,27877,31091,19928,24978,6219,10481,1327,1194,18285,17551,28602,26026,30205,29880,36027,36163,39918,40204,26735,29834,19255,23982,5965,9993,316050,290098,44746,43152,77567,71099,16751,70,46
2021-08-11T23:59:59+02:00,2193,1970,21972,21021,31741,29143,32498,32457,38246,38728,42090,42390,27868,31088,19925,24974,6218,10477,1319,1181,18229,17496,28566,25981,30158,29842,36007,36125,39882,40171,26723,29807,19248,23972,5965,9991,315869,289622,44746,43149,77567,71096,16750,70,46
2021-08-10T23:59:59+02:00,2184,1949,21945,20984,31703,29121,32482,32437,38219,38701,42072,42380,27861,31080,19924,24971,6217,10473,1285,1147,17715,17041,28390,25826,30064,29751,35838,36002,39832,40127,26699,29784,19241,23957,5961,9990,315619,287925,44741,43120,77565,70846,16713,68,46
2021-08-09T23:59:59+02:00,2160,1935,21895,20931,31645,29074,32447,32407,38194,38680,42058,42355,27850,31071,19923,24962,6216,10471,1242,1107,17246,16587,28258,25719,30008,29696,35791,35957,39800,40092,26690,29770,19236,23951,5961,9988,315238,286448,44735,43100,77565,70834,16671,68,46
2021-08-08T23:59:59+02:00,2144,1917,21841,20885,31601,29037,32413,32381,38170,38671,42036,42334,27843,31067,19917,24958,6216,10468,1177,1045,16900,16245,28147,25635,29950,29622,35743,35919,39778,40066,26678,29756,19227,23941,5959,9983,314919,285203,44734,43079,77564,70826,16617,68,46
2021-08-07T23:59:59+02:00,2100,1874,21705,20802,31519,28969,32339,32320,38113,38622,42003,42305,27834,31040,19912,24949,6214,10466,1031,919,16389,15792,27841,25344,29722,29435,35566,35761,39637,39954,26622,29692,19208,23912,5956,9979,314289,282547,44701,42958,77558,70736,16473,68,46
2021-08-06T23:59:59+02:00,2090,1864,21654,20763,31476,28936,32306,32301,38087,38602,41991,42289,27830,31031,19908,24949,6214,10466,912,811,15362,14814,26694,24445,29431,29202,35319,35560,39320,39714,26580,29645,19198,23902,5955,9976,314057,277547,44697,42936,77558,69931,16380,68,46
2021-08-05T23:59:59+02:00,2051,1835,21548,20676,31419,28859,32245,32242,38027,38551,41946,42251,27813,31011,19900,24936,6212,10463,813,705,14471,14066,25667,23662,28714,28684,34786,35125,39002,39468,26513,29565,19166,23868,5952,9966,313497,272640,44674,42884,77557,68431,16192,68,46
2021-08-04T23:59:59+02:00,2031,1816,21476,20625,31374,28790,32211,32200,37991,38528,41909,42222,27800,30995,19895,24923,6210,10459,735,659,14098,13722,25261,23358,28502,28457,34643,35000,38902,39374,26474,29520,19143,23845,5947,9961,313045,270190,44667,42854,77557,68390,16121,68,46
2021-08-03T23:59:59+02:00,2022,1800,21449,20598,31355,28777,32198,32190,37981,38514,41893,42209,27791,30989,19890,24916,6209,10457,715,645,14014,13631,25183,23282,28434,28400,34595,34952,38850,39335,26448,29493,19131,23833,5944,9955,312837,269462,44663,42850,77555,68364,16118,68,46
2021-08-02T23:59:59+02:00,2012,1779,21404,20560,31309,28755,32171,32159,37955,38498,41880,42194,27782,30977,19890,24908,6208,10453,684,615,13811,13421,24479,22731,28150,28176,34447,34840,38772,39271,26421,29461,19123,23829,5944,9953,312546,267042,44660,42836,77555,68136,16068,68,46
2021-08-01T23:59:59+02:00,1992,1762,21352,20513,31260,28715,32144,32140,37936,38479,41859,42177,27776,30970,19887,24900,6208,10453,646,587,13642,13261,24177,22473,27911,27958,34357,34731,38704,39199,26405,29442,19117,23823,5944,9951,312242,265337,44654,42824,77554,68113,16008,68,46
2021-07-31T23:59:59+02:00,1967,1732,21271,20436,31190,28676,32089,32100,37901,38450,41836,42156,27773,30961,19882,24896,6208,10453,374,357,12697,12238,23660,22030,27565,27601,34045,34435,38272,38855,26335,29357,19091,23778,5939,9945,311819,260301,44642,42788,77552,67541,15898,68,46
2021-07-30T23:59:59+02:00,1942,1712,21246,20414,31158,28656,32074,32079,37895,38443,41828,42148,27768,30958,19881,24896,6207,10453,366,350,12610,12165,23336,21739,27288,27389,33826,34270,38110,38720,26311,29339,19089,23770,5939,9943,311628,258881,44641,42780,77552,66982,15871,68,46
2021-07-29T23:59:59+02:00,1873,1643,21014,20175,31016,28508,31970,31966,37803,38353,41734,42088,27740,30933,19868,24877,6200,10444,300,290,11981,11629,22207,20899,26246,26549,32840,33576,37727,38429,26228,29238,19060,23723,5933,9934,310410,253258,44612,42690,77544,65222,15573,68,46
2021-07-28T23:59:59+02:00,1853,1628,20973,20123,30996,28478,31954,31945,37781,38334,41711,42067,27729,30921,19863,24867,6200,10442,256,239,11697,11325,21799,20517,25815,26122,32674,33419,37613,38338,26191,29187,19041,23700,5932,9929,310088,250329,44612,42690,77532,65161,15568,67,46
2021-07-27T23:59:59+02:00,1843,1622,20934,20080,30972,28445,31919,31929,37759,38301,41687,42054,27722,30914,19862,24862,6200,10439,217,216,11450,11108,21594,20326,25669,26001,32561,33311,37524,38254,26160,29149,19031,23688,5929,9925,309851,248840,44612,42655,77531,65088,15485,67,45
2021-07-26T23:59:59+02:00,1817,1586,20808,19949,30864,28344,31860,31866,37704,38232,41644,42023,27696,30896,19851,24848,6194,10436,182,188,11155,10785,21088,19883,25419,25792,32399,33161,37392,38166,26124,29115,19018,23665,5928,9917,309085,246546,44581,42541,77524,64882,15363,67,45
2021-07-25T23:59:59+02:00,1810,1578,20784,19937,30854,28334,31848,31851,37697,38225,41634,42014,27692,30893,19850,24846,6194,10435,170,175,11048,10678,20936,19776,25186,25598,32157,32950,37246,38030,26105,29101,19012,23658,5927,9914,308968,245276,44572,42526,77516,64465,15355,67,45
2021-07-24T23:59:59+02:00,1790,1563,20702,19863,30809,28294,31813,31815,37668,38196,41612,42002,27685,30887,19847,24844,6194,10435,164,170,10985,10623,20860,19713,25114,25537,32104,32919,37216,38009,26099,29096,19010,23656,5927,9914,308617,244906,44561,42503,77512,64398,15264,67,45
2021-07-23T23:59:59+02:00,1735,1528,20509,19717,30650,28179,31727,31741,37601,38144,41574,41959,27674,30870,19842,24838,6193,10430,152,159,10725,10416,20503,19411,24307,24890,31619,32587,36647,37551,26055,29054,18994,23638,5926,9912,307785,242028,44552,42456,77495,63004,15013,67,45
2021-07-22T23:59:59+02:00,1671,1471,20200,19443,30406,28000,31597,31628,37472,38038,41477,41876,27647,30846,19832,24814,6189,10429,115,132,10261,10038,19758,18897,23352,24217,30908,31997,35608,36787,25943,28956,18960,23606,5924,9908,306310,238410,44517,41791,77490,60468,14653,67,45
2021-07-21T23:59:59+02:00,1656,1463,20162,19391,30376,27970,31573,31605,37452,38013,41456,41852,27638,30838,19827,24808,6184,10425,97,111,9951,9706,19299,18445,22478,23450,30573,31664,35373,36589,25861,28859,18929,23553,5916,9898,305982,235667,44508,40100,77488,60296,14645,67,44
2021-07-20T23:59:59+02:00,1649,1457,20128,19364,30344,27945,31548,31585,37436,37995,41444,41840,27623,30823,19827,24801,6184,10422,86,100,9683,9425,18967,18177,22205,23166,30395,31507,35208,36445,25815,28811,18913,23517,5915,9894,305722,233265,44506,40092,77487,60194,14634,67,44
2021-07-19T23:59:59+02:00,1638,1449,20014,19278,30260,27874,31488,31528,37417,37976,41429,41821,27618,30812,19821,24794,6183,10419,79,94,9486,9228,18655,17902,21743,22744,30141,31276,35090,36341,25781,28772,18895,23501,5915,9891,305143,231635,44500,39151,77485,60079,14625,67,44
2021-07-18T23:59:59+02:00,1627,1443,19945,19210,30132,27777,31424,31462,37358,37924,41385,41769,27597,30781,19812,24779,6179,10416,73,86,9375,9112,18485,17751,21551,22555,29972,31077,34976,36240,25749,28748,18884,23483,5915,9885,304357,230375,44500,38847,77482,60036,14615,67,44
2021-07-17T23:59:59+02:00,1626,1439,19938,19208,30132,27776,31424,31458,37353,37922,41380,41767,27596,30780,19811,24779,6179,10416,73,82,9354,9097,18454,17729,21532,22542,29962,31070,34958,36236,25746,28746,18884,23482,5915,9885,304325,230223,44500,38844,77482,60025,14611,67,44
2021-07-16T23:59:59+02:00,1573,1394,19665,18968,30012,27680,31342,31389,37298,37859,41339,41735,27578,30762,19804,24769,6177,10410,72,80,9236,8983,18072,17424,21229,22268,29572,30713,34822,36130,25723,28722,18877,23469,5913,9883,303347,228946,44477,38121,77481,59695,14383,67,43
2021-07-15T23:59:59+02:00,1515,1350,19408,18721,29839,27532,31231,31289,37215,37776,41269,41668,27535,30733,19788,24756,6173,10407,63,68,8871,8679,17167,16602,19674,21040,28652,29791,34198,35548,25555,28541,18821,23419,5907,9871,302069,222830,44437,36660,77473,58774,14160,67,43
2021-07-14T23:59:59+02:00,1501,1337,19378,18685,29813,27506,31207,31257,37203,37762,41250,41661,27527,30726,19779,24749,6172,10404,55,63,8581,8381,16617,15999,19178,20520,28087,29289,33807,35174,25442,28412,18781,23352,5902,9860,301788,218655,44436,36301,77471,58345,14156,67,43
2021-07-13T23:59:59+02:00,1490,1326,19340,18660,29796,27481,31183,31241,37188,37735,41226,41633,27518,30712,19777,24744,6171,10398,37,57,8273,8122,16221,15650,18901,20241,27823,29038,33537,34915,25343,28291,18748,23311,5900,9855,301501,215956,44435,36264,77470,57853,14147,67,43
2021-07-12T23:59:59+02:00,1474,1316,19289,18642,29760,27452,31166,31220,37176,37718,41210,41619,27513,30707,19775,24738,6170,10398,36,52,8012,7910,15941,15371,18201,19691,27506,28717,33125,34553,25173,28094,18689,23237,5894,9850,301234,214667,44434,34333,77470,56870,14139,67,43
2021-07-11T23:59:59+02:00,1464,1308,19257,18611,29733,27420,31149,31189,37168,37697,41196,41607,27504,30698,19773,24738,6169,10397,34,51,7967,7864,15876,15301,18111,19637,27422,28654,33009,34490,25118,28049,18669,23215,5894,9847,300981,214090,44431,34322,77468,56621,14132,67,43
2021-07-10T23:59:59+02:00,1335,1192,18751,18190,29280,27117,30864,30956,36921,37536,40992,41457,27430,30638,19747,24706,6166,10394,33,51,7837,7794,15587,15163,17892,19487,27178,28512,32842,34374,25052,28003,18653,23202,5893,9847,298761,213668,44295,34199,77439,56379,13111,67,43
2021-07-09T23:59:59+02:00,1324,1186,18723,18159,29259,27100,30851,30943,36910,37524,40981,41448,27426,30634,19745,24702,6166,10393,30,49,7795,7749,15516,15096,17827,19393,26956,28282,32592,34161,24988,27940,18631,23175,5893,9844,298615,213382,44276,34195,77438,55218,13079,67,43
2021-07-08T23:59:59+02:00,1246,1104,18456,17944,29108,26946,30712,30822,36807,37421,40882,41370,27392,30600,19726,24683,6161,10387,25,45,7629,7614,15219,14849,17396,19033,26264,27678,32317,33893,24819,27782,18572,23112,5890,9836,297338,212245,44219,32773,77430,54198,12714,67,43
2021-07-07T23:59:59+02:00,1147,1012,18145,17621,28906,26761,30582,30697,36695,37299,40775,41283,27357,30551,19712,24667,6158,10384,22,37,7433,7403,14777,14483,16929,18587,25510,27065,31908,33511,24550,27456,18478,23019,5881,9827,295763,209324,44168,31936,77420,53238,12335,67,43
2021-07-06T23:59:59+02:00,1124,995,18067,17553,28860,26711,30532,30650,36659,37264,40740,41252,27340,30525,19701,24653,6156,10381,15,31,7216,7173,14430,14121,16577,18237,24757,26418,31606,33247,24360,27242,18430,22947,5874,9820,295184,207255,44164,30529,77417,52342,12332,67,43
2021-07-05T23:59:59+02:00,1082,967,17991,17490,28815,26651,30492,30615,36634,37219,40712,41226,27334,30511,19695,24647,6156,10376,5,18,6987,6987,14125,13851,16225,17874,24199,25906,31033,32680,24079,26944,18322,22807,5866,9810,294691,205758,44162,28427,77413,51209,12281,67,43
2021-07-04T23:59:59+02:00,1060,951,17919,17440,28777,26628,30469,30586,36625,37210,40697,41214,27328,30500,19690,24644,6156,10375,5,18,6962,6968,14071,13798,16148,17813,24115,25849,30879,32588,23986,26855,18290,22766,5864,9806,294374,205361,44162,28417,77402,50695,12265,67,43
2021-07-03T23:59:59+02:00,646,580,16182,15724,27616,25708,29675,29864,35983,36597,40196,40784,27170,30333,19625,24556,6147,10358,5,18,6574,6729,13560,13499,15751,17509,23754,25571,30571,32393,23887,26759,18258,22726,5860,9802,286856,205061,44123,28340,77319,50402,9380,67,43
2021-07-02T23:59:59+02:00,607,541,16052,15579,27459,25559,29594,29805,35953,36568,40177,40771,27164,30324,19622,24553,6147,10358,5,18,6527,6655,13486,13403,15664,17378,23610,25385,30417,32228,23695,26548,18169,22648,5858,9799,285953,204377,44123,28181,77318,49519,9373,67,43
2021-07-01T23:59:59+02:00,549,493,15872,15424,27245,25403,29516,29725,35898,36516,40112,40725,27143,30306,19611,24540,6145,10354,5,17,6380,6523,13137,13129,15135,16939,22339,24394,29656,31544,23414,26258,18050,22513,5851,9783,284758,200830,44119,26503,77305,48364,9329,67,41
2021-06-30T23:59:59+02:00,519,473,15767,15317,27135,25316,29448,29652,35841,36464,40070,40690,27127,30275,19600,24523,6141,10354,4,15,6185,6342,12705,12741,14564,16390,21714,23795,29061,31013,22996,25791,17919,22330,5844,9771,283933,196563,44116,26478,77297,46798,9300,67,41
2021-06-29T23:59:59+02:00,463,422,15018,14648,26871,25098,29350,29553,35761,36381,40001,40641,27108,30250,19592,24510,6141,10352,4,13,6072,6214,12446,12479,14168,15996,20923,23170,28475,30459,22548,25267,17766,22155,5836,9761,281441,193412,44112,25968,77288,45078,9253,67,41
2021-06-28T23:59:59+02:00,427,391,14394,14012,26712,24993,29277,29487,35701,36314,39958,40607,27090,30230,19584,24499,6141,10348,3,13,6004,6118,12268,12339,13981,15820,20297,22619,28073,30085,22212,24910,17637,21992,5831,9756,279509,191729,44109,25304,77283,43686,9198,67,41
2021-06-27T23:59:59+02:00,350,324,14047,13639,26649,24935,29238,29450,35679,36292,39940,40593,27079,30223,19581,24495,6140,10347,3,13,5965,6074,12152,12223,13835,15690,19743,22141,27462,29583,21935,24571,17516,21868,5827,9755,278394,190888,44105,23775,77273,42489,9163,67,41
2021-06-26T23:59:59+02:00,349,323,14036,13627,26634,24924,29233,29443,35672,36291,39937,40592,27078,30222,19581,24495,6140,10347,3,13,5960,6072,12141,12221,13829,15687,19730,22129,27417,29548,21788,24441,17476,21811,5826,9753,278321,190865,44102,23771,77273,42006,9162,67,41
2021-06-25T23:59:59+02:00,225,210,12778,12412,25178,23772,28934,29210,35566,36205,39869,40530,27054,30194,19570,24483,6138,10345,3,13,5917,6027,12042,12140,13685,15566,19419,21889,27031,29190,21464,24046,17297,21614,5823,9744,272100,189636,44098,23486,77253,40591,9156,67,41
2021-06-24T23:59:59+02:00,160,156,11803,11579,24057,22892,28570,28857,35415,36039,39754,40424,27015,30145,19559,24459,6136,10341,3,12,5700,5798,11585,11725,13104,14971,17880,20490,25374,27593,20689,23187,16976,21207,5813,9734,266848,184645,44077,19860,77249,38174,9121,67,41
2021-06-23T23:59:59+02:00,124,130,11438,11257,23562,22522,28321,28613,35238,35912,39665,40336,26984,30118,19550,24421,6134,10329,3,12,5625,5687,11372,11510,12804,14622,17486,20080,24623,26823,19894,22435,16781,20953,5805,9718,264235,182290,44067,19241,77244,35619,9042,67,41
2021-06-22T23:59:59+02:00,103,117,11257,11048,23401,22382,28241,28540,35162,35851,39618,40291,26969,30093,19542,24412,6134,10328,2,10,5516,5566,11105,11250,12437,14253,16882,19479,23889,26053,19514,22010,16618,20774,5798,9702,263093,179250,44063,18366,77242,34176,9025,67,41
2021-06-21T23:59:59+02:00,91,105,11006,10864,22568,21715,27989,28310,35094,35788,39555,40249,26952,30074,19536,24402,6134,10327,2,9,5398,5466,10886,11034,12129,13930,16491,19134,23438,25583,19222,21693,16514,20654,5792,9700,260504,177781,44052,17352,77235,32999,8902,67,41
2021-06-20T23:59:59+02:00,85,104,10941,10773,22318,21500,27730,28109,35014,35711,39510,40204,26940,30058,19534,24397,6132,10324,2,8,5357,5414,10798,10932,12034,13827,16294,18949,23167,25342,19121,21586,16461,20596,5786,9696,259213,177466,44050,16290,77229,32748,8825,67,41
2021-06-19T23:59:59+02:00,84,100,10918,10750,22286,21477,27712,28096,35002,35707,39501,40200,26939,30057,19534,24395,6132,10324,2,8,5325,5383,10716,10840,11941,13707,16146,18798,22858,24980,19033,21499,16449,20583,5785,9696,259063,177358,44030,14790,77229,32735,8825,67,41
2021-06-18T23:59:59+02:00,81,98,10870,10699,21973,21152,27453,27877,34947,35670,39468,40177,26930,30048,19533,24392,6132,10322,2,8,5309,5374,10687,10809,11901,13659,16084,18735,22774,24884,18867,21318,16404,20517,5784,9691,257676,176963,44026,14789,77228,32189,8825,67,41
2021-06-17T23:59:59+02:00,72,90,10292,10269,20695,20190,26591,27141,34575,35343,39208,39986,26866,29966,19512,24355,6125,10317,2,8,5114,5234,10309,10555,11455,13257,15402,18123,21403,23559,18408,20826,16240,20345,5780,9677,251887,171646,44005,14215,77215,31376,8419,67,41
2021-06-16T23:59:59+02:00,64,78,9958,9961,20010,19559,25957,26539,34323,35140,39047,39836,26820,29913,19488,24330,6124,10313,2,7,4973,5088,9922,10222,10994,12806,14698,17432,20550,22618,18004,20380,16070,20131,5770,9665,248048,167859,43989,12945,77202,30334,8154,67,40
2021-06-15T23:59:59+02:00,49,72,9714,9716,19710,19314,25730,26341,34191,35031,38951,39755,26788,29877,19481,24315,6119,10309,2,7,4868,4971,9684,10006,10759,12546,14273,17004,19948,22039,17679,19988,15848,19899,5761,9653,246266,165760,43979,11854,77194,29325,7957,67,39
2021-06-14T23:59:59+02:00,45,67,9582,9589,19413,19054,25553,26197,34073,34951,38888,39715,26769,29857,19475,24304,6119,10306,2,7,4787,4907,9496,9867,10583,12410,14012,16787,19630,21744,17513,19829,15745,19765,5760,9649,245062,164292,43977,11852,77190,28649,7661,67,39
2021-06-13T23:59:59+02:00,44,63,9421,9461,19124,18871,25197,25945,33872,34783,38780,39648,26753,29845,19465,24296,6119,10302,1,7,4703,4838,9287,9694,10413,12234,13688,16440,19281,21413,17384,19679,15697,19700,5758,9647,243415,163426,43976,11851,77185,27202,7346,67,39
2021-06-12T23:59:59+02:00,44,63,9411,9443,19112,18858,25197,25940,33872,34780,38777,39647,26753,29845,19465,24296,6119,10302,1,7,4700,4824,9276,9632,10380,12132,13639,16286,19226,21277,17275,19553,15579,19598,5756,9645,243366,163397,43976,11849,77180,26166,7335,67,39
2021-06-11T23:59:59+02:00,39,59,9249,9263,18877,18647,24393,25266,33694,34623,38641,39534,26719,29811,19454,24271,6119,10297,1,7,4622,4714,9055,9373,10120,11834,13116,15732,18248,20375,17089,19355,15539,19554,5753,9642,240435,159360,43974,11848,77175,25577,7305,67,39
2021-06-10T23:59:59+02:00,37,55,8853,8934,18231,18152,23546,24594,33375,34342,38438,39368,26660,29758,19430,24243,6116,10290,1,7,4447,4537,8478,8877,9311,11110,11967,14624,16241,18450,16199,18386,15253,19187,5744,9620,236819,149645,43320,11815,77149,23871,7069,65,39
2021-06-09T23:59:59+02:00,20,37,8401,8431,17401,17430,22398,23550,32888,33873,38150,39147,26552,29653,19382,24184,6106,10277,1,7,4311,4419,8189,8616,9065,10856,11629,14255,15756,17901,15824,17954,15011,18901,5737,9610,232817,147807,41431,11774,77108,21949,6474,50,38
2021-06-08T23:59:59+02:00,12,25,8083,8111,16931,17019,21974,23183,32642,33678,37987,39017,26508,29612,19372,24162,6103,10272,0,7,4193,4338,7935,8364,8759,10511,11266,13908,15113,17195,15361,17431,14749,18622,5732,9592,230089,146093,41399,10657,77098,20233,6055,50,38
2021-06-07T23:59:59+02:00,9,22,7885,7881,16572,16697,21435,22724,32360,33409,37870,38899,26478,29564,19352,24133,6098,10271,0,7,4117,4258,7752,8221,8600,10366,11093,13736,14798,16867,15161,17173,14575,18429,5728,9587,228465,145003,40427,10564,77078,19224,5639,50,38
2021-06-06T23:59:59+02:00,7,19,7778,7773,16438,16550,21240,22518,32133,33182,37734,38793,26451,29539,19340,24116,6098,10265,0,7,4089,4221,7704,8102,8545,10235,10984,13589,14601,16646,14975,16993,14486,18308,5721,9581,227230,144511,40128,10551,77060,18181,5506,50,38
2021-06-05T23:59:59+02:00,7,19,7755,7760,16413,16525,21232,22515,32122,33175,37732,38792,26450,29539,19339,24115,6098,10265,0,7,4078,4180,7689,8036,8531,10103,10969,13417,14582,16541,14940,16938,14477,18298,5721,9580,227124,144425,40128,10551,77059,17581,5492,50,38
2021-06-04T23:59:59+02:00,7,17,7644,7658,16135,16285,20958,22265,31699,32800,37617,38670,26417,29500,19328,24102,6096,10263,0,7,4071,4170,7661,8013,8504,10072,10902,13344,14477,16408,14857,16845,14440,18254,5721,9578,225525,144085,39353,10221,77041,17488,5492,50,38
2021-06-03T23:59:59+02:00,5,17,7389,7426,15257,15495,19324,20875,30786,31874,37111,38207,26285,29365,19283,24050,6090,10245,0,7,4011,4131,7572,7942,8380,9975,10729,13161,13905,15834,14590,16527,14354,18146,5718,9565,218892,141854,37772,10100,77030,17215,5340,50,38
2021-06-02T23:59:59+02:00,5,17,7254,7281,14881,15070,18892,20470,30319,31417,36883,37944,26221,29301,19263,24021,6087,10243,0,7,3981,4101,7510,7856,8292,9880,10588,13030,13457,15402,14465,16344,14324,18108,5715,9560,215813,140058,37341,10006,77029,17182,5336,50,38
2021-06-01T23:59:59+02:00,5,14,6978,7042,14484,14760,18548,20152,29991,31104,36658,37711,26165,29222,19239,23992,6085,10232,0,7,3880,4017,7268,7682,8058,9687,10324,12754,13048,14978,14029,15889,14208,17953,5708,9552,213070,137917,37294,9752,77008,16375,4960,50,38
2021-05-31T23:59:59+02:00,5,14,6817,6854,14259,14525,17846,19551,29648,30763,36366,37447,26072,29124,19212,23939,6075,10220,0,7,3803,3908,7056,7433,7834,9403,9980,12369,12609,14457,13499,15274,14007,17722,5699,9536,211628,134726,35258,9430,76993,15594,4808,50,38
2021-05-30T23:59:59+02:00,5,14,6794,6838,14212,14485,17768,19492,29599,30724,36336,37421,26060,29112,19209,23932,6074,10218,0,7,3759,3836,6897,7219,7686,9166,9772,12048,12352,14103,13378,15102,13941,17639,5696,9529,211331,133987,35245,9328,76935,14046,4732,50,37
2021-05-29T23:59:59+02:00,5,14,6793,6837,14202,14479,17763,19486,29594,30720,36333,37420,26058,29109,19209,23931,6074,10218,0,7,3748,3824,6867,7185,7652,9115,9736,12001,12278,14004,13335,15033,13911,17614,5695,9524,211299,133845,35245,9327,76920,13589,4731,50,37
2021-05-28T23:59:59+02:00,5,14,6783,6824,14185,14467,17747,19465,29581,30707,36322,37400,26055,29105,19207,23927,6074,10218,0,6,3734,3801,6846,7145,7617,9060,9682,11896,12034,13735,13145,14841,13881,17573,5692,9521,211146,132547,35244,9326,76917,13570,4729,50,37
2021-05-27T23:59:59+02:00,5,14,6693,6741,13915,14249,17260,19118,28900,30164,36161,37268,26006,29071,19192,23911,6073,10212,0,6,3611,3638,6558,6892,7242,8750,9184,11338,11323,12836,12591,14267,13750,17379,5684,9509,210058,129014,33799,8994,76876,12343,4170,50,37
2021-05-26T23:59:59+02:00,5,14,6623,6635,13706,14047,17005,18807,28356,29649,35985,37094,25966,29021,19175,23881,6072,10205,0,6,3520,3496,6335,6602,6952,8323,8842,10860,10670,12033,12025,13650,13603,17163,5679,9487,208447,125387,33048,8810,76860,11172,3842,49,35
2021-05-25T23:59:59+02:00,5,14,6542,6539,13499,13825,16742,18595,27631,29002,35892,36997,25942,28991,19163,23865,6067,10204,0,6,3471,3403,6192,6434,6805,8132,8615,10570,10322,11666,11681,13171,13495,17000,5676,9479,207727,123534,31591,8672,76377,10105,3772,48,35
2021-05-24T23:59:59+02:00,5,14,6472,6443,13321,13626,16519,18315,27215,28572,35546,36596,25885,28923,19144,23841,6066,10202,0,6,3458,3382,6131,6353,6759,8048,8554,10474,10250,11567,11505,12937,13447,16908,5667,9458,207196,122899,29358,8622,76370,9615,3733,48,35
2021-05-23T23:59:59+02:00,5,14,6470,6442,13315,13617,16516,18305,27196,28562,35516,36562,25882,28917,19144,23835,6066,10202,0,3,3453,3378,6125,6342,6749,8041,8526,10443,10210,11508,11422,12833,13427,16875,5667,9457,207080,122885,29342,8205,76369,9607,3727,48,35
2021-05-22T23:59:59+02:00,5,14,6463,6439,13307,13605,16510,18300,27192,28560,35513,36556,25882,28917,19144,23835,6066,10202,0,3,3451,3378,6121,6339,6747,8037,8522,10441,10205,11505,11411,12819,13422,16871,5666,9457,207026,122845,29342,8205,76367,9583,3727,48,35
2021-05-21T23:59:59+02:00,5,14,6400,6382,13154,13500,16336,18150,26923,28381,35083,36290,25856,28879,19136,23829,6065,10198,0,3,3442,3368,6088,6317,6717,8003,8482,10392,10150,11455,10891,12105,13281,16711,5663,9452,206337,121081,29217,8202,75324,9547,3655,48,35
2021-05-20T23:59:59+02:00,4,13,6107,6182,12541,13084,15143,17228,25011,26880,34127,35522,25751,28733,19081,23748,6059,10183,0,3,3383,3322,5991,6201,6601,7846,8333,10227,9908,11147,10551,11647,13168,16527,5653,9438,201564,119065,27474,8119,72785,9200,3527,47,35
2021-05-19T23:59:59+02:00,4,13,5899,5940,12030,12623,14438,16522,24062,26062,33500,34917,25634,28641,19046,23689,6051,10171,0,3,3307,3247,5832,6028,6412,7601,8058,9945,9603,10765,10238,11231,13089,16382,5651,9430,195851,117139,27432,7923,72768,8580,3145,46,35
2021-05-18T23:59:59+02:00,4,12,5728,5829,11631,12304,13816,16021,22907,25111,32832,34309,25517,28506,18998,23636,6046,10161,0,3,3265,3215,5715,5917,6245,7441,7851,9731,9403,10525,10062,10978,12941,16158,5641,9421,190896,115967,26920,7854,72724,7874,2782,46,35
2021-05-17T23:59:59+02:00,4,11,5675,5786,11468,12198,13541,15800,22088,24473,32520,33993,25439,28446,18976,23606,6037,10152,0,3,3148,3141,5525,5733,6070,7226,7643,9503,9178,10280,9970,10852,12882,16094,5638,9416,189124,115203,26218,7846,72328,6721,2497,46,35
2021-05-16T23:59:59+02:00,4,11,5646,5766,11405,12141,13456,15720,21472,23923,31907,33463,25399,28402,18966,23591,6036,10152,0,3,3142,3119,5511,5664,6042,7166,7615,9404,9147,10196,9953,10831,12879,16091,5638,9416,188356,115091,24672,7840,71902,6370,2484,46,32
2021-05-15T23:59:59+02:00,4,11,5637,5756,11373,12132,13427,15711,21396,23852,31367,33087,25388,28397,18965,23588,6035,10151,0,3,3129,3104,5492,5622,6028,7091,7571,9288,8908,9941,9920,10800,12845,16040,5638,9415,188305,115086,24659,7702,71254,6004,2013,46,30
2021-05-14T23:59:59+02:00,4,11,5598,5730,11310,12093,13354,15647,20985,23539,30935,32740,25353,28351,18953,23572,6035,10149,0,3,3096,3064,5455,5534,6006,6955,7530,9084,8847,9746,9844,10690,12759,15911,5638,9412,187581,114912,24338,7366,70382,5254,2012,46,30
2021-05-13T23:59:59+02:00,4,10,5443,5575,10928,11796,12640,15060,18797,21793,29388,31271,25125,28108,18885,23500,6033,10146,0,3,3085,3029,5433,5495,5990,6898,7504,9014,8803,9686,9627,10445,12555,15604,5633,9401,183622,114552,20543,6538,68294,5088,1997,46,30
2021-05-12T23:59:59+02:00,3,10,5413,5548,10858,11738,12539,14972,18674,21669,29024,30906,25030,28011,18868,23471,6032,10141,0,3,3084,3024,5427,5489,5980,6885,7479,8999,8764,9632,9438,10211,12323,15279,5630,9394,182669,114268,19905,5666,68291,5082,1996,46,29
2021-05-11T23:59:59+02:00,3,10,5274,5442,10608,11485,12172,14604,18063,21028,28092,29932,24838,27821,18809,23395,6027,10127,0,3,3041,2983,5338,5332,5880,6699,7349,8756,8599,9409,9256,10012,12171,15090,5621,9374,178579,113207,19009,5558,68159,4182,1937,46,29
2021-05-10T23:59:59+02:00,3,9,5149,5367,10392,11294,11912,14348,17737,20694,27668,29523,24730,27714,18770,23348,6019,10123,0,3,2971,2929,5220,5216,5766,6595,7225,8615,8470,9302,9152,9887,12081,14961,5618,9365,176569,112674,18325,5546,67931,3198,1929,46,29
2021-05-09T23:59:59+02:00,3,9,5074,5322,10294,11179,11812,14229,17395,20408,27277,29146,24642,27626,18741,23312,6016,10120,0,3,2903,2897,5073,5175,5589,6552,7057,8586,8341,9266,9139,9877,12063,14941,5618,9365,176175,112596,17044,5537,67429,2371,1912,45,29
2021-05-08T23:59:59+02:00,3,9,5072,5321,10292,11174,11812,14229,17391,20406,27274,29144,24642,27626,18741,23312,6016,10120,0,3,2902,2896,5071,5175,5589,6552,7057,8586,8338,9265,9138,9876,12063,14941,5618,9365,176158,112593,17044,5537,67426,2365,1911,45,29
2021-05-07T23:59:59+02:00,3,9,5039,5295,10224,11122,11682,14105,16990,20133,26636,28587,24593,27575,18724,23280,6010,10090,0,3,2890,2889,5056,5166,5578,6536,7045,8575,8330,9254,9132,9868,12052,14921,5611,9337,175323,112578,17041,5531,65903,2320,1785,45,29
2021-05-06T23:59:59+02:00,2,9,4770,5136,9768,10779,11116,13588,15900,19110,24222,26290,24093,27045,18619,23178,6005,10076,0,3,2847,2841,4989,5089,5537,6444,6962,8456,8201,9102,9031,9753,12028,14870,5608,9334,170283,112037,14591,5475,63014,1779,1775,43,29
2021-05-05T23:59:59+02:00,2,9,4691,5053,9473,10550,10773,13263,15320,18511,23375,25322,23833,26718,18550,23073,5995,10058,0,2,2828,2804,4941,5004,5478,6324,6880,8289,8076,8885,8923,9620,11950,14783,5607,9325,166615,111087,13273,5469,62864,1360,1774,43,29
2021-05-04T23:59:59+02:00,2,9,4607,4961,9300,10351,10562,13021,14930,18115,22825,24754,23621,26444,18477,22992,5987,10044,0,2,2820,2769,4912,4929,5446,6203,6827,8148,7980,8730,8819,9507,11875,14724,5605,9322,164356,110584,12147,5457,62699,791,1757,43,29
2021-05-03T23:59:59+02:00,2,9,4536,4885,9112,10215,10387,12846,14647,17871,22413,24339,23482,26294,18450,22944,5987,10038,0,2,2747,2698,4831,4856,5371,6118,6732,8044,7798,8564,8733,9420,11835,14674,5602,9317,162843,110359,12146,5454,62606,681,819,43,29
2021-05-02T23:59:59+02:00,2,9,4523,4870,9038,10157,10263,12736,14319,17566,22110,24052,23432,26235,18431,22919,5986,10037,0,2,2741,2691,4774,4822,5283,6035,6593,7916,7679,8462,8687,9378,11811,14640,5600,9312,161955,110239,12143,5452,62502,664,42,43,29
2021-05-01T23:59:59+02:00,2,9,4523,4867,9036,10155,10262,12736,14315,17562,22108,24052,23431,26234,18431,22919,5986,10037,0,2,2741,2691,4774,4822,5283,6035,6592,7916,7679,8462,8687,9378,11811,14640,5600,9312,161935,110239,12143,5451,62502,664,42,43,29
2021-04-30T23:59:59+02:00,1,9,4451,4781,8797,9940,10000,12495,13833,17136,21265,23277,23306,26097,18415,22888,5983,10034,0,2,2737,2689,4763,4814,5274,6001,6581,7885,7646,8422,8683,9375,11810,14637,5598,9311,158341,110210,12142,5449,62174,532,8,43,29
2021-04-29T23:59:59+02:00,1,9,4305,4636,8317,9528,9299,11891,12832,16232,19411,21589,22598,25332,18277,22678,5977,10017,0,2,2714,2669,4721,4743,5231,5927,6517,7779,7564,8306,8573,9260,11743,14561,5591,9302,149130,109709,12126,5186,61623,271,8,42,29
2021-04-28T23:59:59+02:00,1,9,4274,4616,8246,9455,9223,11804,12713,16111,19194,21375,22509,25240,18250,22637,5975,10012,0,2,2711,2657,4696,4682,5203,5883,6487,7705,7516,8223,8556,9235,11726,14538,5589,9296,148744,109515,12038,5112,60813,44,7,42,27
2021-04-27T23:59:59+02:00,1,9,4236,4569,8109,9320,9108,11654,12566,15943,18743,20879,22278,24983,18185,22559,5972,10003,0,2,2708,2653,4693,4678,5193,5875,6474,7686,7481,8185,8493,9156,11644,14456,5585,9292,148014,109252,10964,4938,60090,36,7,42,21
2021-04-26T23:59:59+02:00,1,9,4194,4542,8002,9224,8961,11548,12393,15769,18331,20514,22144,24835,18149,22527,5971,10001,0,2,2708,2651,4689,4674,5188,5867,6461,7666,7448,8156,8445,9108,11588,14377,5581,9275,147235,109147,10829,4680,59003,31,6,42,20
2021-04-25T23:59:59+02:00,1,9,4180,4527,7964,9193,8897,11485,12258,15640,17987,20180,21944,24598,18109,22472,5967,9996,0,2,2708,2651,4688,4672,5185,5863,6456,7663,7446,8152,8390,9049,11565,14349,5581,9273,145851,109124,10818,4513,58690,30,6,42,20
2021-04-24T23:59:59+02:00,1,9,4172,4518,7948,9188,8882,11475,12208,15608,17929,20142,21929,24585,18107,22467,5967,9996,0,2,2707,2651,4688,4672,5185,5863,6456,7663,7446,8152,8390,9048,11565,14349,5581,9273,145751,109124,10817,4513,58517,29,6,40,19
2021-04-23T23:59:59+02:00,1,9,4152,4488,7891,9125,8796,11373,11870,15282,17494,19744,21714,24352,18042,22390,5965,9988,0,2,2704,2649,4685,4669,5178,5855,6441,7653,7423,8121,8369,9021,11556,14340,5579,9270,144483,109110,10470,4353,57678,28,5,40,19
2021-04-22T23:59:59+02:00,1,9,4104,4424,7760,8937,8612,11115,11543,14864,16580,18758,21140,23640,17907,22210,5955,9970,0,2,2696,2642,4679,4647,5156,5829,6398,7618,7354,8074,8240,8862,11410,14189,5574,9261,140754,108490,10339,4097,56392,20,5,39,19
2021-04-21T23:59:59+02:00,1,9,4061,4380,7660,8815,8455,10954,11246,14583,15841,18002,20759,23192,17832,22105,5950,9957,0,2,2687,2631,4661,4626,5139,5808,6386,7600,7325,8050,8190,8799,11370,14149,5572,9259,137823,108200,10209,4013,55728,18,5,37,18
2021-04-20T23:59:59+02:00,1,9,4036,4355,7626,8761,8378,10874,11082,14409,15406,17526,20293,22674,17728,21954,5941,9945,0,2,2678,2621,4651,4613,5115,5788,6358,7575,7285,8010,8095,8667,11293,14062,5568,9255,135669,107623,9943,3973,55344,17,5,37,18
2021-04-19T23:59:59+02:00,1,9,4006,4306,7563,8656,8286,10735,10924,14226,15153,17231,19811,22109,17561,21737,5930,9933,0,2,2673,2619,4647,4609,5101,5773,6339,7558,7258,7965,8042,8614,11266,14015,5566,9251,133599,107289,9590,3969,54948,17,5,35,18
2021-04-18T23:59:59+02:00,1,6,3986,4277,7503,8604,8182,10609,10665,13983,14661,16693,19379,21598,17437,21552,5926,9926,0,2,2672,2618,4647,4609,5101,5773,6338,7555,7255,7964,8038,8611,11264,14011,5565,9248,131175,107265,9519,3967,54254,16,5,35,18
2021-04-17T23:59:59+02:00,1,6,3983,4269,7483,8597,8171,10591,10623,13937,14549,16605,19259,21475,17415,21524,5925,9924,0,2,2672,2618,4646,4607,5094,5768,6324,7550,7230,7941,7991,8565,11245,13988,5563,9248,130736,107252,9509,3761,54052,16,5,35,18
2021-04-16T23:59:59+02:00,1,6,3972,4225,7410,8475,8068,10436,10430,13675,13879,15843,18693,20832,17290,21349,5914,9906,0,2,2669,2615,4641,4600,5089,5755,6306,7539,7192,7906,7681,8174,11150,13847,5556,9231,127892,106448,9448,3468,53025,15,4,35,18
2021-04-15T23:59:59+02:00,1,5,3928,4173,7296,8343,7891,10200,10095,13285,13153,14984,17883,19967,17049,21027,5899,9886,0,2,2668,2607,4629,4583,5075,5722,6273,7503,7120,7833,7121,7508,11020,13685,5552,9221,124246,104769,9288,3318,51492,13,4,35,18
2021-04-14T23:59:59+02:00,1,4,3901,4142,7230,8237,7784,10049,9917,13085,12735,14536,17356,19353,16897,20818,5893,9872,0,2,2634,2588,4611,4550,5047,5675,6238,7470,7062,7773,6471,6737,10755,13385,5548,9213,122852,102410,9051,3316,49870,11,4,33,18
2021-04-13T23:59:59+02:00,1,4,3897,4136,7192,8220,7727,10014,9809,13031,12362,14243,16667,18501,16659,20514,5889,9866,0,2,2608,2559,4591,4524,5020,5640,6180,7400,6974,7669,6258,6482,10164,12696,5539,9192,122145,100160,8829,3305,47721,11,4,33,18
2021-04-12T23:59:59+02:00,1,4,3884,4118,7137,8173,7669,9943,9700,12930,12115,14028,16224,17983,16471,20300,5884,9863,0,2,2579,2548,4524,4480,4914,5570,6062,7323,6856,7569,5511,5658,9712,12157,5499,9150,121807,96785,8792,3296,45792,11,4,32,18
2021-04-11T23:59:59+02:00,1,4,3869,4110,7095,8122,7610,9900,9609,12852,11877,13819,15655,17291,16195,19959,5879,9853,0,2,2503,2469,4395,4359,4763,5437,5900,7171,6707,7464,5209,5297,9580,11995,5499,9146,121213,94619,8360,3245,44091,10,4,32,18
2021-04-10T23:59:59+02:00,1,4,3851,4090,7056,8075,7567,9843,9547,12793,11786,13734,15438,17098,16146,19889,5878,9846,0,2,1942,1906,3583,3640,3892,4673,4897,6254,5852,6675,4937,4992,9451,11843,5492,9137,120748,85891,8360,3245,43498,10,4,32,18
2021-04-09T23:59:59+02:00,1,4,3830,4070,7019,8044,7506,9786,9396,12662,11456,13453,14252,15564,15701,19357,5865,9834,0,2,1085,1087,2223,2443,2384,3303,3111,4609,4224,5208,4244,4255,9199,11484,5467,9107,118845,70162,8358,3242,40562,10,3,32,18
2021-04-08T23:59:59+02:00,1,4,3804,4053,6957,7987,7402,9690,9208,12545,11050,13101,13117,14300,15282,18827,5843,9798,0,2,587,598,1301,1738,1478,2377,2010,3520,2849,3819,2994,2850,8376,10477,5309,8870,117577,55888,8275,3239,37084,9,1,32,18
2021-04-07T23:59:59+02:00,1,4,3757,4027,6879,7930,7310,9619,9080,12416,10739,12793,12386,13530,15061,18562,5837,9776,0,2,358,381,951,1391,1072,1991,1501,3057,1900,2814,1809,1560,7468,9326,5153,8611,116610,46079,8122,3239,34944,8,1,30,18
2021-04-06T23:59:59+02:00,1,4,3741,4015,6857,7892,7254,9552,8987,12336,10527,12576,12000,13033,14839,18269,5826,9763,0,2,351,368,941,1380,1058,1969,1473,3029,1841,2755,1730,1491,7049,8765,5000,8370,115336,44309,8023,3237,34085,7,1,27,18
2021-04-05T23:59:59+02:00,1,4,3735,4014,6846,7879,7240,9542,8968,12308,10463,12517,11889,12886,14740,18176,5824,9760,0,2,349,362,931,1376,1052,1960,1463,3008,1819,2721,1676,1438,6818,8456,4875,8184,114998,43228,8001,3236,33766,7,1,26,18
2021-04-04T23:59:59+02:00,1,4,3735,4014,6844,7873,7239,9541,8965,12308,10453,12512,11885,12882,14737,18175,5824,9760,0,2,349,361,929,1375,1051,1958,1462,3007,1817,2718,1673,1433,6811,8443,4870,8181,114992,43180,8000,3234,33733,7,1,26,18
2021-04-03T23:59:59+02:00,1,4,3735,4014,6844,7872,7238,9541,8965,12308,10452,12512,11885,12881,14735,18173,5824,9760,0,2,349,360,927,1371,1049,1957,1461,3002,1815,2718,1667,1421,6768,8361,4835,8145,114988,42949,8000,3234,33729,6,1,26,18
2021-04-02T23:59:59+02:00,1,4,3733,4012,6841,7869,7231,9535,8952,12301,10436,12496,11758,12766,14692,18114,5821,9751,0,2,347,358,925,1365,1043,1946,1446,2977,1774,2680,1572,1335,6001,7462,4394,7573,114861,40263,7994,2912,33431,6,1,26,18
2021-04-01T23:59:59+02:00,1,3,3694,4000,6807,7848,7189,9504,8900,12262,10362,12425,11411,12358,14311,17595,5815,9731,0,2,342,355,908,1351,1031,1925,1414,2932,1714,2613,1448,1237,5053,6337,3825,6732,114459,36287,6578,2907,33152,6,1,26,18
2021-03-31T23:59:59+02:00,0,3,3688,3995,6793,7828,7171,9486,8865,12229,10272,12353,11076,11947,13961,17095,5809,9709,0,2,339,351,900,1340,1020,1909,1394,2904,1664,2576,1381,1184,4459,5647,3462,6254,113873,33927,5568,2834,32812,6,1,26,18
2021-03-30T23:59:59+02:00,0,3,3670,3969,6757,7790,7114,9419,8776,12126,10110,12197,10817,11670,13740,16830,5802,9695,0,2,335,344,895,1329,1012,1903,1371,2897,1636,2550,1354,1158,4340,5524,3400,6159,113057,33549,5318,2635,32085,6,1,24,18
2021-03-29T23:59:59+02:00,0,3,3660,3947,6731,7768,7074,9366,8680,12031,9927,11987,10378,11199,13366,16363,5786,9662,0,2,330,341,891,1318,1006,1895,1362,2886,1622,2541,1332,1144,4205,5380,3303,6026,111377,32931,5012,2629,31514,5,1,24,18
2021-03-28T23:59:59+02:00,0,3,3619,3890,6616,7610,6957,9222,8554,11839,9773,11796,10170,10937,13189,16181,5782,9653,0,2,330,341,891,1316,1004,1894,1361,2886,1621,2539,1323,1141,4172,5336,3277,6000,111003,32886,4746,2526,30018,4,1,23,17
2021-03-27T23:59:59+01:00,0,3,3618,3878,6604,7546,6927,9109,8504,11669,9721,11642,10057,10813,13094,16092,5781,9653,0,2,330,340,891,1316,1004,1891,1361,2884,1617,2538,1321,1139,4146,5301,3264,5985,110993,32783,4746,2525,28948,4,1,23,17
2021-03-26T23:59:59+01:00,0,3,3611,3871,6576,7509,6899,9034,8456,11556,9630,11514,10008,10750,13045,16035,5773,9632,0,2,325,338,890,1313,1000,1879,1358,2863,1597,2524,1296,1122,3959,5071,3155,5830,110934,32016,4522,2484,28422,4,1,23,17
2021-03-25T23:59:59+01:00,0,3,3587,3840,6483,7384,6807,8868,8267,11325,9320,11196,9628,10365,12739,15719,5768,9621,0,2,325,337,888,1305,997,1869,1345,2850,1574,2505,1271,1102,3720,4821,2902,5490,110556,30798,4309,2484,26031,3,1,23,17
2021-03-24T23:59:59+01:00,0,3,3529,3788,6393,7200,6683,8642,8102,11087,9093,10871,9212,9874,12321,15261,5757,9610,0,2,325,336,887,1301,992,1867,1338,2846,1558,2489,1262,1092,3653,4747,2717,5264,110038,30174,4170,2484,23194,0,1,23,17
2021-03-23T23:59:59+01:00,0,3,3511,3755,6346,7145,6606,8583,7985,10959,8846,10637,8790,9407,11870,14739,5747,9596,0,2,325,336,886,1291,987,1858,1333,2837,1554,2481,1237,1067,3561,4670,2519,4941,109223,29384,4079,2484,21200,0,0,23,17
2021-03-22T23:59:59+01:00,0,3,3502,3735,6304,7117,6571,8535,7919,10884,8698,10501,8509,9056,11568,14416,5712,9557,0,2,323,331,880,1280,979,1851,1326,2826,1544,2471,1225,1058,3532,4634,2500,4908,108556,29169,4077,2484,19931,0,0,23,17
2021-03-21T23:59:59+01:00,0,3,3500,3733,6300,7107,6553,8519,7902,10865,8642,10443,8389,8939,11498,14313,5709,9554,0,2,321,330,872,1277,972,1844,1317,2824,1539,2467,1221,1054,3523,4619,2485,4898,108470,29065,4075,2484,19401,0,0,23,16
2021-03-20T23:59:59+01:00,0,3,3491,3695,6292,7035,6536,8382,7877,10681,8598,10308,8311,8853,11460,14274,5709,9554,0,2,321,330,872,1277,972,1843,1316,2824,1539,2465,1221,1054,3523,4618,2485,4898,108435,29061,3864,2483,18737,0,0,23,16
2021-03-19T23:59:59+01:00,0,3,3478,3665,6264,6949,6512,8289,7831,10564,8485,10148,7769,8246,11273,14031,5700,9536,0,2,318,329,867,1270,955,1834,1294,2793,1489,2421,1138,986,2851,3822,2066,4316,106815,26252,3563,2483,18342,0,0,23,16
2021-03-18T23:59:59+01:00,0,3,3467,3647,6223,6909,6477,8227,7767,10478,8369,10020,6807,7142,10991,13730,5688,9511,0,2,317,329,863,1265,949,1824,1279,2784,1465,2401,1099,966,2643,3581,1909,4092,103781,25269,3402,2483,18250,0,0,23,16
2021-03-17T23:59:59+01:00,0,3,3429,3609,6153,6824,6422,8123,7676,10346,8238,9863,6120,6290,10708,13415,5671,9484,0,2,316,329,855,1259,944,1811,1265,2762,1446,2374,1061,941,2514,3449,1828,3975,100976,24634,3400,2483,17975,0,0,23,14
2021-03-16T23:59:59+01:00,0,3,3410,3578,6115,6771,6377,8049,7622,10280,8147,9761,5943,6113,9997,12596,5630,9419,0,2,309,318,841,1242,932,1802,1259,2742,1434,2366,1046,921,2299,3202,1691,3777,98693,23688,3387,2481,17708,0,0,23,14
2021-03-15T23:59:59+01:00,0,3,3373,3546,6016,6689,6247,7956,7478,10160,8019,9634,5189,5279,9550,12045,5586,9349,0,2,308,317,837,1238,930,1795,1257,2729,1425,2357,1032,909,2154,3028,1599,3682,95165,23106,3378,2480,17553,0,0,23,13
2021-03-14T23:59:59+01:00,0,3,3249,3405,5737,6345,5974,7598,7162,9745,7733,9317,4858,4890,9389,11846,5582,9334,0,2,308,316,837,1238,929,1795,1254,2728,1423,2354,1029,906,2151,3025,1596,3681,92773,23082,3324,2477,16047,0,0,23,13
2021-03-13T23:59:59+01:00,0,3,2594,2751,4803,5478,4963,6672,5975,8632,6720,8368,4542,4507,9003,11322,5490,9226,0,2,308,315,836,1236,929,1789,1252,2726,1422,2354,1029,905,2127,2988,1565,3645,82112,22938,3324,2477,15590,0,0,23,13
2021-03-12T23:59:59+01:00,0,2,1772,1941,3467,4323,3455,5343,4227,6992,5082,6859,3867,3801,7746,9771,4975,8535,0,2,304,311,834,1232,923,1783,1245,2706,1397,2337,984,878,1770,2522,1291,3283,63256,21312,3321,2477,15558,0,0,23,13
2021-03-11T23:59:59+01:00,0,2,1276,1464,2562,3588,2554,4408,3135,5902,3724,5472,2691,2522,6038,7661,4200,7355,0,2,299,302,818,1224,910,1760,1227,2677,1372,2290,947,858,1611,2287,1164,3093,45953,20351,3319,2477,15259,0,0,23,13
2021-03-10T23:59:59+01:00,0,2,1055,1248,2195,3228,2180,4015,2685,5461,2812,4505,1554,1317,4675,5938,3633,6587,0,2,289,292,800,1204,888,1724,1193,2603,1333,2224,920,839,1429,2096,1067,2917,34891,19439,3318,2368,14859,0,0,22,13
2021-03-09T23:59:59+01:00,0,2,1039,1218,2132,3091,2116,3900,2601,5327,2729,4379,1520,1286,4598,5863,3591,6528,0,2,285,285,786,1183,871,1698,1167,2562,1315,2196,906,827,1352,1972,995,2801,34477,18866,3315,2324,14106,0,0,22,13
2021-03-08T23:59:59+01:00,0,2,1018,1189,2074,2991,2077,3819,2541,5215,2674,4306,1482,1265,4452,5702,3490,6385,0,2,285,281,781,1175,869,1689,1159,2554,1307,2180,881,806,1181,1746,868,2630,33784,18061,3315,2320,13561,0,0,22,13
2021-03-07T23:59:59+01:00,0,2,1013,1170,2034,2945,2035,3778,2502,5150,2633,4269,1477,1262,4445,5694,3487,6385,0,2,285,281,781,1175,869,1689,1159,2554,1306,2180,878,806,1172,1737,859,2619,33750,18060,3309,2279,13200,0,0,22,13
2021-03-06T23:59:59+01:00,0,2,1012,1167,2023,2931,2023,3759,2486,5123,2616,4247,1464,1252,4411,5648,3473,6373,0,2,285,281,781,1175,869,1688,1159,2554,1306,2180,878,806,1172,1737,859,2618,33606,18059,3308,2278,13074,0,0,22,13
2021-03-05T23:59:59+01:00,0,2,1008,1162,2008,2911,1993,3736,2443,5070,2564,4209,1428,1224,4141,5322,3321,6152,0,2,284,278,774,1168,863,1680,1156,2545,1302,2170,864,802,1164,1728,858,2616,32861,17963,2974,2278,12837,0,0,22,13
2021-03-04T23:59:59+01:00,0,2,915,1013,1919,2785,1927,3599,2367,4915,2474,4049,1397,1202,3898,5060,3054,5798,0,2,284,276,772,1163,860,1671,1155,2530,1297,2161,832,786,1151,1718,851,2603,31599,17844,2970,2255,11783,0,0,22,13
2021-03-03T23:59:59+01:00,0,2,868,904,1852,2687,1856,3495,2298,4801,2400,3965,1384,1187,3788,4953,2831,5523,0,2,282,273,771,1152,857,1652,1148,2488,1287,2135,815,782,1143,1697,843,2595,30918,17811,2851,2098,11003,0,0,22,13
2021-03-02T23:59:59+01:00,0,2,824,828,1756,2564,1772,3371,2206,4677,2340,3887,1349,1165,3658,4818,2621,5172,0,2,282,272,770,1146,853,1649,1143,2483,1282,2125,813,780,1128,1676,832,2576,30180,17702,2661,2097,10147,0,0,22,13
2021-03-01T23:59:59+01:00,0,2,801,792,1656,2421,1701,3226,2107,4504,2260,3766,1331,1153,3607,4753,2577,5112,0,2,282,270,766,1142,849,1637,1138,2471,1277,2114,806,777,1123,1664,824,2569,29925,17601,2577,2097,9245,0,0,22,13
2021-02-28T23:59:59+01:00,0,2,795,769,1638,2353,1673,3154,2084,4405,2245,3699,1325,1147,3597,4737,2562,5101,0,2,281,269,766,1141,849,1632,1138,2469,1277,2109,802,775,1115,1651,820,2559,29816,17578,2574,2064,8875,0,0,21,13
2021-02-27T23:59:59+01:00,0,2,780,752,1617,2293,1656,3043,2065,4279,2224,3604,1322,1144,3597,4735,2561,5100,0,2,281,269,766,1141,849,1632,1138,2469,1277,2108,802,775,1105,1645,803,2545,29811,17577,2573,2017,8369,0,0,21,13
2021-02-26T23:59:59+01:00,0,2,652,671,1513,2181,1605,2886,2002,4043,2123,3368,1230,1074,2941,3938,2126,4507,0,2,281,268,765,1139,848,1631,1138,2467,1275,2105,801,771,1087,1632,793,2528,26989,17503,2573,2015,7279,0,0,21,13
2021-02-25T23:59:59+01:00,0,2,504,594,1396,2076,1538,2758,1942,3916,2023,3254,1179,1039,2708,3666,1959,4263,0,2,264,253,741,1118,806,1562,1088,2366,1200,2013,745,750,1054,1594,781,2500,25910,17412,2545,1412,6341,0,0,21,13
2021-02-24T23:59:59+01:00,0,2,474,564,1326,1966,1468,2615,1872,3766,1947,3104,1141,1010,2568,3531,1880,4142,0,2,235,241,716,1072,779,1500,1058,2303,1145,1962,718,727,1007,1564,768,2469,25266,17221,2533,1032,5556,0,0,21,13
2021-02-23T23:59:59+01:00,0,2,419,524,1244,1825,1393,2471,1796,3556,1879,2982,1115,975,2361,3301,1752,3949,0,2,230,235,701,1046,767,1461,1036,2256,1119,1920,709,716,998,1550,765,2465,24327,17128,2524,835,4672,0,0,21,13
2021-02-22T23:59:59+01:00,0,2,406,490,1144,1716,1290,2374,1687,3449,1798,2911,1093,962,2217,3127,1660,3850,0,2,220,226,677,994,736,1399,1010,2162,1076,1838,665,683,928,1470,726,2406,23735,16936,2521,269,3899,0,0,21,13
2021-02-21T23:59:59+01:00,0,2,389,474,1042,1684,1140,2350,1531,3427,1693,2893,1085,960,2216,3126,1660,3850,0,2,193,220,646,986,724,1391,996,2157,1070,1836,662,680,925,1464,718,2398,23704,16802,2521,254,3276,0,0,21,12
2021-02-20T23:59:59+01:00,0,2,388,472,1041,1684,1139,2350,1530,3425,1693,2891,1085,959,2215,3126,1659,3849,0,2,192,218,643,986,721,1390,990,2154,1068,1836,662,680,925,1464,718,2397,23698,16780,2520,254,3269,0,0,21,12
2021-02-19T23:59:59+01:00,0,2,383,462,1029,1680,1129,2340,1516,3406,1660,2876,1034,930,1839,2619,1357,3456,0,2,169,208,617,982,704,1382,973,2152,1062,1834,659,679,924,1464,717,2394,21934,16656,2520,254,3243,0,0,21,12
2021-02-18T23:59:59+01:00,0,2,361,441,990,1596,1091,2254,1461,3289,1619,2784,1005,906,1662,2373,1223,3245,0,2,149,197,578,971,684,1369,939,2135,1036,1812,648,660,903,1436,703,2373,20934,16329,2520,254,2827,0,0,21,12
2021-02-17T23:59:59+01:00,0,2,338,389,907,1453,982,2057,1328,3034,1508,2564,967,876,1470,2159,1122,3064,0,2,143,190,566,940,659,1315,907,2056,989,1735,613,628,896,1409,697,2353,19852,15832,2520,254,1829,0,0,19,12
2021-02-16T23:59:59+01:00,0,2,332,349,864,1314,931,1872,1267,2814,1441,2403,956,859,1409,2062,1054,2964,0,2,137,177,552,899,644,1261,880,1991,959,1693,603,618,872,1375,683,2288,19480,15503,2519,119,875,0,0,19,12
2021-02-15T23:59:59+01:00,0,2,317,307,835,1283,914,1816,1227,2730,1402,2347,926,826,1230,1832,923,2786,0,2,129,169,531,873,627,1199,854,1918,936,1616,582,581,854,1338,674,2243,18562,15035,2518,79,607,0,0,16,12
2021-02-14T23:59:59+01:00,0,2,317,307,834,1283,913,1816,1226,2730,1402,2347,926,825,1230,1832,923,2785,0,2,128,169,530,865,623,1193,848,1912,932,1613,581,580,851,1337,672,2239,18560,14985,2518,78,605,0,0,15,12
2021-02-13T23:59:59+01:00,0,2,317,307,834,1283,913,1813,1226,2728,1402,2345,926,825,1230,1831,921,2785,0,2,128,169,530,865,623,1193,845,1909,930,1609,578,580,836,1316,660,2222,18553,14982,2515,1,605,0,0,15,12
2021-02-12T23:59:59+01:00,0,2,311,306,825,1278,909,1784,1220,2701,1374,2315,924,823,1229,1828,921,2785,0,2,128,169,528,863,622,1186,839,1897,924,1596,575,578,822,1305,654,2209,18545,14884,2515,1,460,0,0,15,12
2021-02-11T23:59:59+01:00,0,2,293,297,810,1243,903,1749,1203,2636,1351,2260,890,809,1218,1817,920,2775,0,2,125,155,510,824,600,1121,805,1797,902,1537,562,564,795,1270,639,2176,18433,14372,2514,0,214,0,0,15,12
2021-02-10T23:59:59+01:00,0,2,289,288,791,1205,890,1720,1191,2591,1336,2218,885,807,1203,1800,915,2757,0,2,121,145,443,738,554,1028,727,1671,844,1450,547,547,778,1247,626,2146,18407,13614,2409,0,58,0,0,14,0
2021-02-09T23:59:59+01:00,0,2,289,285,785,1190,878,1703,1176,2571,1321,2194,870,801,1189,1781,903,2737,0,2,105,126,386,649,500,893,646,1463,755,1257,492,467,658,1076,545,1878,18296,11898,2362,0,3,0,0,14,0
2021-02-08T23:59:59+01:00,0,2,289,284,783,1185,874,1696,1173,2567,1314,2186,864,798,1173,1757,885,2712,0,2,94,102,339,553,448,790,556,1252,647,1090,415,391,569,878,440,1545,18168,10111,2359,0,1,0,0,14,0
2021-02-07T23:59:59+01:00,0,2,288,283,782,1184,873,1696,1173,2566,1314,2183,858,796,1172,1754,883,2710,0,2,91,101,337,548,446,786,554,1242,643,1084,409,385,548,855,434,1530,18144,9995,2359,0,0,0,0,14,0
2021-02-06T23:59:59+01:00,0,2,288,282,781,1183,873,1695,1173,2566,1314,2182,857,796,1170,1748,881,2708,0,2,91,100,337,544,445,785,553,1238,641,1083,406,380,499,786,403,1484,18128,9777,2357,0,0,0,0,14,0
2021-02-05T23:59:59+01:00,0,2,288,281,781,1182,872,1694,1172,2565,1313,2177,850,790,1146,1737,874,2692,0,1,85,97,329,538,429,766,528,1203,612,1040,383,351,474,758,382,1437,18045,9413,2357,0,0,0,0,14,0
2021-02-04T23:59:59+01:00,0,2,285,273,778,1161,861,1672,1157,2537,1299,2153,827,776,1117,1706,867,2673,0,0,71,78,260,415,334,595,410,973,500,837,311,288,366,613,315,1214,17796,7580,2334,0,0,0,0,14,0
2021-02-03T23:59:59+01:00,0,2,284,268,775,1138,859,1645,1150,2486,1287,2122,807,762,1101,1684,855,2660,0,0,57,57,172,285,259,443,290,722,372,597,214,206,261,453,226,909,17697,5523,2174,0,0,0,0,14,0
2021-02-02T23:59:59+01:00,0,2,283,262,771,1129,853,1623,1142,2460,1275,2105,800,755,1093,1673,853,2652,0,0,37,35,94,145,150,256,177,452,240,377,140,136,179,276,159,586,17544,3439,2173,0,0,0,0,14,0
2021-02-01T23:59:59+01:00,0,2,281,258,766,1110,845,1604,1137,2431,1271,2070,790,742,1087,1662,848,2636,0,0,13,12,17,31,27,66,48,91,76,105,54,48,66,83,47,198,17353,982,2173,0,0,0,0,14,0
2021-01-31T23:59:59+01:00,0,2,275,256,750,1108,836,1593,1126,2420,1260,2062,784,736,1077,1644,841,2622,0,0,12,12,16,29,25,63,42,86,68,97,51,48,61,76,44,185,17316,915,2063,0,0,0,0,13,0
2021-01-30T23:59:59+01:00,0,2,275,256,750,1107,835,1593,1126,2420,1260,2062,783,736,1067,1637,824,2607,0,0,12,10,15,29,25,63,42,86,67,95,50,47,60,76,44,184,17311,905,2016,0,0,0,0,13,0
2021-01-29T23:59:59+01:00,0,2,273,256,750,1106,835,1593,1126,2420,1260,2061,782,735,1066,1635,824,2605,0,0,10,5,13,27,25,61,41,85,66,95,49,46,60,76,44,184,17302,887,2014,0,0,0,0,13,0
2021-01-28T23:59:59+01:00,0,2,269,252,737,1080,800,1537,1089,2359,1184,2001,741,721,1038,1615,808,2585,0,0,5,0,4,9,10,25,20,37,21,45,21,22,26,49,17,108,17118,419,1687,0,0,0,0,13,0
2021-01-27T23:59:59+01:00,0,2,263,245,714,1048,754,1481,1030,2278,1111,1921,706,694,1024,1592,805,2577,0,0,4,0,4,6,7,21,15,23,14,32,6,9,11,12,5,30,16669,199,1563,0,0,0,0,13,0
2021-01-26T23:59:59+01:00,0,2,239,236,699,1023,746,1433,1010,2204,1084,1856,694,680,1000,1576,795,2558,0,0,4,0,2,6,6,10,13,12,7,11,3,5,7,8,2,17,16619,113,1203,0,0,0,0,13,0
2021-01-25T23:59:59+01:00,0,2,208,221,646,951,694,1311,967,2058,1026,1721,647,624,922,1479,748,2482,0,0,4,0,2,6,6,10,13,12,7,11,3,5,7,8,2,17,16391,113,303,0,0,0,0,13,0
2021-01-24T23:59:59+01:00,0,2,191,215,620,939,676,1296,949,2041,1010,1711,640,618,911,1460,739,2469,0,0,3,0,2,5,6,10,12,12,6,11,3,5,7,8,2,17,16215,109,259,0,0,0,0,13,0
2021-01-23T23:59:59+01:00,0,2,191,215,620,939,676,1296,949,2041,1010,1711,640,618,911,1460,739,2469,0,0,3,0,2,4,6,10,10,12,6,11,3,5,7,8,2,17,16215,106,259,0,0,0,0,13,0
2021-01-22T23:59:59+01:00,0,2,144,197,562,929,658,1281,915,2031,998,1700,635,617,910,1460,739,2469,0,0,3,0,1,4,6,10,10,12,6,11,3,5,7,8,2,17,15975,105,259,0,0,0,0,13,0
2021-01-21T23:59:59+01:00,0,2,139,189,547,908,638,1240,882,1977,977,1653,623,596,898,1429,732,2450,0,0,3,0,0,4,5,10,9,12,6,11,3,5,7,8,2,16,15608,101,259,0,0,0,0,13,0
2021-01-20T23:59:59+01:00,0,2,133,172,500,843,615,1162,819,1867,940,1581,603,578,881,1406,722,2420,0,0,3,0,0,4,5,10,9,12,6,11,3,5,7,8,2,16,14974,101,257,0,0,0,0,13,0
2021-01-19T23:59:59+01:00,0,2,123,154,429,757,552,1033,735,1678,840,1422,556,528,782,1250,640,2164,0,0,3,0,0,4,5,8,9,12,6,11,3,5,7,8,2,16,13442,99,190,0,0,0,0,13,0
2021-01-18T23:59:59+01:00,0,2,105,120,360,606,461,861,604,1418,714,1213,486,462,693,1087,561,1873,0,0,1,0,0,1,1,0,0,0,0,1,0,0,0,1,0,0,11532,5,81,0,0,0,0,13,0
2021-01-17T23:59:59+01:00,0,2,100,118,356,601,460,855,602,1399,707,1203,480,452,666,1056,541,1826,0,0,1,0,0,1,0,0,0,0,0,1,0,0,0,1,0,0,11331,4,80,0,0,0,0,13,0
2021-01-16T23:59:59+01:00,0,2,100,115,354,592,457,850,590,1386,696,1191,465,438,569,931,479,1727,0,0,0,0,0,1,0,0,0,0,0,0,0,0,0,0,0,0,10926,1,3,0,0,0,0,13,0
2021-01-15T23:59:59+01:00,0,2,98,113,349,590,451,845,584,1379,679,1175,449,420,560,919,468,1703,0,0,0,0,0,0,0,0,0,0,0,0,0,0,0,0,0,0,10770,0,1,0,0,0,0,13,0
2021-01-14T23:59:59+01:00,0,0,80,90,294,488,372,680,466,1125,560,995,368,338,441,753,384,1447,0,0,0,0,0,0,0,0,0,0,0,0,0,0,0,0,0,0,8868,0,0,0,0,0,0,13,0
2021-01-13T23:59:59+01:00,0,0,66,67,209,371,296,509,353,843,430,713,259,239,325,566,295,1109,0,0,0,0,0,0,0,0,0,0,0,0,0,0,0,0,0,0,6638,0,0,0,0,0,0,12,0
2021-01-12T23:59:59+01:00,0,0,44,45,130,220,183,315,213,536,287,445,166,155,213,372,203,745,0,0,0,0,0,0,0,0,0,0,0,0,0,0,0,0,0,0,4272,0,0,0,0,0,0,0,0
2021-01-11T23:59:59+01:00,0,0,14,14,45,61,42,95,61,123,99,132,69,61,94,115,58,254,0,0,0,0,0,0,0,0,0,0,0,0,0,0,0,0,0,0,1337,0,0,0,0,0,0,0,0
2021-01-10T23:59:59+01:00,0,0,13,14,32,49,35,77,52,114,84,122,62,57,86,105,55,239,0,0,0,0,0,0,0,0,0,0,0,0,0,0,0,0,0,0,1196,0,0,0,0,0,0,0,0
2021-01-09T23:59:59+01:00,0,0,13,13,28,48,35,76,51,113,82,119,61,56,85,104,53,238,0,0,0,0,0,0,0,0,0,0,0,0,0,0,0,0,0,0,1175,0,0,0,0,0,0,0,0
2021-01-08T23:59:59+01:00,0,0,9,5,28,43,33,73,49,110,81,118,58,52,79,99,49,238,0,0,0,0,0,0,0,0,0,0,0,0,0,0,0,0,0,0,1124,0,0,0,0,0,0,0,0
2021-01-07T23:59:59+01:00,0,0,6,1,10,22,16,39,28,77,35,77,32,27,52,82,33,181,0,0,0,0,0,0,0,0,0,0,0,0,0,0,0,0,0,0,718,0,0,0,0,0,0,0,0
2021-01-06T23:59:59+01:00,0,0,6,0,5,11,11,31,25,43,21,48,26,24,38,56,23,130,0,0,0,0,0,0,0,0,0,0,0,0,0,0,0,0,0,0,498,0,0,0,0,0,0,0,0
2021-01-05T23:59:59+01:00,0,0,5,0,5,10,11,31,25,43,21,48,26,24,38,55,23,130,0,0,0,0,0,0,0,0,0,0,0,0,0,0,0,0,0,0,495,0,0,0,0,0,0,0,0
2021-01-04T23:59:59+01:00,0,0,4,0,2,5,5,11,14,12,6,12,3,5,7,9,2,18,0,0,0,0,0,0,0,0,0,0,0,0,0,0,0,0,0,0,115,0,0,0,0,0,0,0,0
2021-01-03T23:59:59+01:00,0,0,3,0,2,5,5,10,13,12,6,12,3,5,7,9,2,17,0,0,0,0,0,0,0,0,0,0,0,0,0,0,0,0,0,0,111,0,0,0,0,0,0,0,0
2021-01-02T23:59:59+01:00,0,0,3,0,2,5,5,10,11,12,6,12,3,5,7,9,2,17,0,0,0,0,0,0,0,0,0,0,0,0,0,0,0,0,0,0,109,0,0,0,0,0,0,0,0
2021-01-01T23:59:59+01:00,0,0,3,0,1,4,5,10,11,12,6,12,3,5,7,8,2,17,0,0,0,0,0,0,0,0,0,0,0,0,0,0,0,0,0,0,106,0,0,0,0,0,0,0,0
2020-12-31T23:59:59+01:00,0,0,3,0,0,4,5,10,9,12,6,12,3,5,7,8,2,17,0,0,0,0,0,0,0,0,0,0,0,0,0,0,0,0,0,0,103,0,0,0,0,0,0,0,0
2020-12-30T23:59:59+01:00,0,0,3,0,0,4,5,10,9,12,6,12,3,5,7,8,2,17,0,0,0,0,0,0,0,0,0,0,0,0,0,0,0,0,0,0,103,0,0,0,0,0,0,0,0
2020-12-29T23:59:59+01:00,0,0,3,0,0,3,5,8,9,12,6,12,3,5,7,8,2,17,0,0,0,0,0,0,0,0,0,0,0,0,0,0,0,0,0,0,100,0,0,0,0,0,0,0,0
2020-12-28T23:59:59+01:00,0,0,3,0,0,3,5,8,9,12,5,12,3,5,7,8,2,17,0,0,0,0,0,0,0,0,0,0,0,0,0,0,0,0,0,0,99,0,0,0,0,0,0,0,0
2020-12-27T23:59:59+01:00,0,0,1,0,0,0,0,0,0,0,0,1,0,0,2,4,0,8,0,0,0,0,0,0,0,0,0,0,0,0,0,0,0,0,0,0,16,0,0,0,0,0,0,0,0
