Datum,<24_1_m,<24_1_w,25-34_1_m,25-34_1_w,35-44_1_m,35-44_1_w,45-54_1_m,45-54_1_w,55-64_1_m,55-64_1_w,65-74_1_m,65-74_1_w,75-84_1_m,75-84_1_w,>84_1_m,>84_1_w,<24_2_m,<24_2_w,25-34_2_m,25-34_2_w,35-44_2_m,35-44_2_w,45-54_2_m,45-54_2_w,55-64_2_m,55-64_2_w,65-74_2_m,65-74_2_w,75-84_2_m,75-84_2_w,>84_2_m,>84_2_w,bp_1,bp_2,mo_1,mo_2,az_1,az_2,ja
2021-05-26T23:59:59+02:00,7526,7712,13648,13895,16927,18876,28763,30349,34171,35432,24870,28066,17425,22094,4834,8371,3948,3998,6284,6492,6851,8283,8917,10913,10269,11393,11308,12868,12641,16240,4462,7701,204665,119973,29605,8345,74978,10539,3711
2021-05-25T23:59:59+02:00,7455,7625,13510,13738,16694,18685,28388,29981,34094,35347,24852,28047,17417,22080,4831,8370,3886,3898,6157,6340,6717,8103,8707,10638,9915,11040,11041,12465,12563,16134,4460,7693,203978,118333,28976,8211,74498,9551,3662
2021-05-24T23:59:59+02:00,7409,7566,13438,13656,16597,18565,28301,29878,34032,35264,24845,28033,17415,22076,4831,8370,3877,3872,6107,6273,6684,8042,8660,10576,9857,10973,11024,12448,12559,16129,4460,7693,203484,118211,28676,8207,74491,9191,3625
2021-05-23T23:59:59+02:00,7406,7565,13433,13647,16594,18555,28280,29867,33999,35223,24844,28026,17415,22072,4831,8370,3873,3868,6099,6263,6676,8036,8631,10543,9815,10908,10941,12348,12543,16107,4460,7693,203356,118206,28662,7794,74490,9185,3619
2021-05-22T23:59:59+02:00,7397,7560,13421,13632,16585,18550,28278,29866,33996,35217,24844,28026,17415,22072,4831,8370,3871,3867,6097,6261,6675,8031,8627,10542,9809,10905,10931,12335,12537,16103,4460,7693,203291,118165,28662,7794,74488,9166,3619
2021-05-21T23:59:59+02:00,7358,7513,13331,13565,16472,18443,28162,29780,33912,35153,24838,28014,17409,22066,4830,8369,3861,3856,6067,6244,6649,8003,8590,10500,9754,10846,10769,12095,12497,16046,4459,7690,202619,117434,28566,7792,74481,9151,3549
2021-05-20T23:59:59+02:00,7015,7273,12737,13161,15210,17491,26133,28121,33281,34658,24739,27873,17367,21998,4824,8357,3801,3797,5988,6132,6548,7854,8431,10349,9513,10517,10462,11675,12410,15907,4453,7679,197955,115509,26849,7725,71983,8831,3451
2021-05-19T23:59:59+02:00,6790,6998,12241,12714,14479,16797,25268,27317,32726,34155,24654,27793,17334,21954,4820,8348,3727,3712,5844,5972,6359,7620,8161,10067,9223,10150,10169,11293,12356,15784,4451,7672,192534,113655,26815,7530,71970,8306,3069
2021-05-18T23:59:59+02:00,6586,6866,11847,12401,13856,16299,24167,26379,32183,33645,24556,27685,17295,21913,4815,8340,3677,3679,5734,5866,6205,7457,7967,9856,9037,9921,9998,11033,12242,15616,4441,7665,187793,112573,26365,7461,71929,7614,2746
2021-05-17T23:59:59+02:00,6526,6815,11673,12291,13567,16065,23350,25719,31910,33394,24497,27637,17272,21885,4808,8334,3568,3583,5553,5699,6046,7262,7762,9631,8832,9697,9920,10928,12195,15558,4438,7663,186051,111895,25692,7456,71540,6524,2460
2021-05-16T23:59:59+02:00,6495,6792,11611,12237,13475,15976,22670,25117,31384,32937,24462,27601,17265,21870,4807,8334,3562,3556,5539,5640,6020,7198,7735,9540,8802,9615,9909,10916,12193,15557,4438,7663,185294,111792,24168,7450,71121,6191,2450
2021-05-15T23:59:59+02:00,6482,6783,11579,12226,13444,15966,22600,25047,30857,32565,24455,27599,17264,21867,4806,8333,3546,3539,5523,5596,6006,7123,7694,9416,8576,9379,9873,10874,12165,15520,4438,7662,185245,111791,24156,7316,70481,5832,1991
2021-05-14T23:59:59+02:00,6441,6752,11513,12188,13371,15893,22162,24718,30468,32258,24430,27558,17252,21853,4806,8331,3510,3495,5487,5501,5987,6989,7652,9196,8520,9214,9791,10751,12096,15420,4438,7661,184537,111633,23840,6991,69627,5094,1990
2021-05-13T23:59:59+02:00,6260,6567,11123,11885,12619,15302,19855,22861,29120,30940,24252,27376,17193,21794,4805,8328,3496,3461,5466,5460,5970,6932,7624,9129,8483,9160,9555,10483,11940,15175,4434,7654,180671,111303,20088,6213,67546,4931,1975
2021-05-12T23:59:59+02:00,6226,6538,11049,11823,12514,15206,19727,22734,28725,30539,24200,27324,17180,21769,4804,8323,3496,3457,5459,5454,5961,6917,7597,9109,8445,9108,9346,10221,11764,14921,4431,7649,179706,111030,19457,5405,67543,4925,1975
2021-05-11T23:59:59+02:00,6068,6423,10813,11570,12144,14830,19088,22072,27850,29634,24058,27178,17135,21702,4799,8308,3449,3405,5373,5298,5863,6734,7458,8870,8287,8901,9168,10021,11645,14761,4422,7635,175761,110036,18582,5299,67416,4042,1913
2021-05-10T23:59:59+02:00,5925,6327,10601,11368,11890,14580,18757,21714,27453,29262,23964,27090,17098,21660,4795,8305,3368,3340,5262,5188,5749,6627,7336,8733,8164,8801,9060,9888,11567,14649,4420,7628,173793,109511,17899,5288,67192,3076,1905
2021-05-09T23:59:59+02:00,5845,6264,10502,11261,11781,14459,18387,21394,27106,28930,23889,27010,17070,21634,4793,8302,3292,3307,5116,5146,5573,6587,7178,8703,8046,8769,9052,9876,11551,14634,4420,7628,173404,109437,16632,5279,66700,2271,1891
2021-05-08T23:59:59+02:00,5843,6262,10501,11259,11781,14459,18384,21393,27104,28928,23889,27010,17070,21634,4793,8302,3292,3306,5115,5146,5573,6587,7178,8703,8044,8769,9051,9875,11551,14634,4420,7628,173389,109434,16632,5279,66700,2268,1891
2021-05-07T23:59:59+02:00,5805,6235,10423,11198,11655,14340,17923,21071,26542,28418,23856,26973,17059,21603,4787,8278,3280,3298,5107,5140,5564,6575,7166,8691,8038,8763,9046,9865,11543,14613,4413,7607,172574,109420,16630,5278,65189,2238,1773
2021-05-06T23:59:59+02:00,5517,6041,9928,10842,11104,13837,16744,19991,24213,26135,23486,26601,16972,21517,4782,8268,3228,3254,5049,5061,5522,6491,7087,8572,7919,8631,8954,9764,11523,14574,4410,7605,167622,108928,14237,5224,62357,1730,1762
2021-05-05T23:59:59+02:00,5425,5943,9611,10615,10778,13494,16126,19345,23402,25207,23265,26316,16914,21431,4774,8254,3207,3214,5000,4971,5463,6364,6996,8405,7796,8430,8855,9626,11460,14506,4409,7597,163988,108007,12947,5218,62206,1315,1759
2021-05-04T23:59:59+02:00,5329,5841,9444,10419,10580,13247,15737,18926,22879,24670,23074,26077,16858,21374,4766,8245,3197,3171,4973,4902,5428,6243,6948,8268,7714,8283,8758,9522,11399,14462,4407,7595,161834,107549,11839,5211,62053,770,1740
2021-05-03T23:59:59+02:00,5242,5755,9256,10285,10412,13065,15436,18675,22489,24264,22955,25954,16834,21334,4766,8240,3113,3093,4885,4830,5361,6151,6847,8164,7528,8119,8690,9445,11362,14423,4404,7591,160361,107335,11838,5208,61960,660,803
2021-05-02T23:59:59+02:00,5225,5739,9173,10224,10281,12943,15070,18339,22239,24017,22909,25910,16821,21309,4765,8239,3103,3086,4817,4792,5267,6059,6703,8033,7432,8035,8645,9409,11343,14391,4402,7586,159483,107226,11835,5206,61857,643,28
2021-05-01T23:59:59+02:00,5225,5737,9170,10223,10280,12943,15067,18336,22237,24017,22908,25909,16821,21309,4765,8239,3103,3086,4817,4792,5267,6059,6703,8033,7432,8035,8645,9409,11343,14391,4402,7586,159466,107226,11835,5206,61857,643,28
2021-04-30T23:59:59+02:00,5145,5630,8912,10001,10029,12703,14541,17874,21426,23263,22841,25827,16805,21285,4763,8236,3100,3084,4809,4782,5259,6027,6692,7998,7401,8007,8644,9407,11343,14389,4400,7585,155915,107205,11835,5204,61530,517,1
2021-04-29T23:59:59+02:00,4968,5456,8398,9576,9347,12109,13448,16877,19650,21641,22231,25160,16706,21118,4758,8221,3073,3054,4771,4715,5215,5945,6632,7896,7325,7894,8533,9291,11284,14326,4394,7579,146855,106730,11821,4933,60987,263,1
2021-04-28T23:59:59+02:00,4929,5433,8321,9499,9271,12021,13329,16739,19442,21451,22154,25072,16684,21083,4756,8218,3068,3035,4744,4663,5187,5897,6603,7820,7275,7821,8519,9267,11271,14306,4393,7574,146477,106540,11733,4863,60191,39,1
2021-04-27T23:59:59+02:00,4874,5369,8184,9367,9165,11871,13165,16560,19000,20940,21952,24851,16635,21023,4753,8211,3065,3029,4742,4661,5180,5888,6589,7803,7242,7786,8448,9173,11209,14243,4389,7571,145761,106290,10671,4695,59487,32,1
2021-04-26T23:59:59+02:00,4822,5331,8076,9279,9027,11762,12961,16377,18605,20575,21834,24718,16614,21005,4753,8211,3065,3027,4738,4657,5175,5883,6576,7785,7215,7759,8398,9124,11165,14174,4386,7559,145000,106215,10536,4444,58414,27,0
2021-04-25T23:59:59+02:00,4807,5313,8036,9240,8961,11692,12803,16233,18259,20231,21656,24507,16580,20962,4749,8206,3065,3027,4737,4657,5172,5879,6573,7782,7211,7754,8343,9060,11144,14152,4386,7558,143633,106195,10526,4279,58076,26,0
2021-04-24T23:59:59+02:00,4800,5305,8021,9235,8947,11683,12750,16200,18204,20193,21643,24498,16578,20957,4749,8206,3064,3027,4737,4657,5172,5879,6573,7782,7211,7754,8343,9060,11144,14152,4386,7558,143538,106195,10526,4279,57905,25,0
2021-04-23T23:59:59+02:00,4780,5267,7963,9167,8856,11582,12359,15834,17811,19806,21458,24307,16521,20889,4748,8199,3062,3025,4733,4655,5163,5871,6561,7771,7186,7721,8324,9036,11138,14145,4384,7555,142293,106185,10181,4121,57073,24,0
2021-04-22T23:59:59+02:00,4720,5186,7837,8971,8649,11315,12020,15390,16856,18757,20956,23711,16422,20744,4740,8187,3052,3017,4728,4636,5138,5846,6517,7733,7123,7678,8191,8879,11016,14009,4381,7549,138601,105581,10063,3894,55797,18,0
2021-04-21T23:59:59+02:00,4673,5135,7731,8846,8488,11160,11699,15085,16084,17923,20661,23379,16374,20655,4735,8177,3040,3004,4713,4621,5119,5825,6507,7718,7100,7658,8139,8817,10985,13974,4379,7548,135727,105310,9934,3820,55144,17,0
2021-04-20T23:59:59+02:00,4648,5108,7694,8791,8404,11077,11528,14906,15607,17402,20255,22902,16296,20538,4728,8166,3034,2995,4706,4608,5091,5805,6481,7698,7058,7619,8032,8674,10930,13904,4375,7545,133612,104753,9672,3785,54766,17,0
2021-04-19T23:59:59+02:00,4615,5043,7634,8693,8303,10932,11368,14722,15326,17088,19796,22347,16158,20361,4717,8158,3029,2994,4701,4601,5079,5791,6464,7682,7033,7574,7972,8611,10912,13871,4373,7542,131564,104429,9317,3783,54380,17,0
2021-04-18T23:59:59+02:00,4594,5013,7572,8636,8188,10796,11071,14465,14850,16528,19392,21875,16060,20204,4715,8154,3029,2994,4701,4601,5079,5791,6463,7679,7030,7572,7970,8607,10909,13868,4373,7539,129179,104407,9248,3781,53686,17,0
2021-04-17T23:59:59+02:00,4589,5005,7553,8629,8178,10777,11027,14416,14738,16429,19276,21765,16042,20181,4714,8153,3029,2994,4699,4599,5074,5787,6447,7671,7007,7549,7922,8561,10893,13848,4372,7539,128745,104400,9241,3574,53486,17,0
2021-04-16T23:59:59+02:00,4574,4950,7477,8505,8082,10616,10791,14135,14046,15639,18764,21173,15942,20050,4708,8145,3026,2991,4693,4594,5071,5775,6427,7661,6957,7496,7627,8188,10814,13729,4365,7526,125923,103637,9192,3286,52482,17,0
2021-04-15T23:59:59+02:00,4523,4885,7358,8370,7908,10367,10445,13705,13250,14739,18010,20369,15758,19784,4694,8131,3025,2983,4683,4577,5058,5744,6395,7625,6873,7410,7073,7554,10744,13637,4361,7516,122291,102090,9037,3153,50968,15,0
2021-04-14T23:59:59+02:00,4493,4845,7292,8261,7803,10222,10255,13495,12812,14261,17507,19778,15639,19627,4690,8118,2987,2962,4666,4542,5032,5703,6360,7589,6818,7350,6346,6676,10608,13498,4357,7509,120923,99839,8806,3153,49369,11,0
2021-04-13T23:59:59+02:00,4489,4837,7248,8244,7749,10188,10140,13437,12387,13920,16834,18932,15468,19405,4686,8112,2963,2932,4648,4518,5003,5665,6302,7519,6724,7249,6131,6409,10155,12944,4350,7495,120252,97850,8588,3146,47236,11,0
2021-04-12T23:59:59+02:00,4472,4819,7198,8193,7694,10114,10022,13332,12108,13658,16404,18425,15325,19244,4681,8110,2932,2917,4573,4475,4902,5595,6191,7447,6580,7128,5346,5547,9775,12479,4323,7458,119919,94519,8553,3138,45327,11,0
2021-04-11T23:59:59+02:00,4455,4810,7154,8141,7639,10068,9923,13244,11849,13422,15810,17714,15119,18983,4677,8102,2847,2825,4435,4351,4762,5471,6016,7279,6439,7027,5026,5179,9677,12351,4323,7454,119344,92360,8126,3092,43640,10,0
2021-04-10T23:59:59+02:00,4433,4785,7116,8094,7591,10016,9858,13185,11761,13323,15590,17526,15083,18930,4676,8097,2204,2189,3606,3650,3899,4681,4973,6342,5668,6314,4769,4885,9574,12219,4317,7446,118883,83634,8126,3092,43055,10,0
2021-04-09T23:59:59+02:00,4410,4764,7076,8066,7522,9954,9694,13049,11354,12946,14429,16000,14737,18519,4666,8089,1233,1264,2237,2427,2373,3301,3122,4664,4221,4963,4119,4183,9362,11926,4298,7422,117015,68015,8124,3090,40136,10,0
2021-04-08T23:59:59+02:00,4381,4745,7015,8014,7425,9850,9487,12921,10891,12534,13303,14745,14420,18090,4649,8063,649,717,1317,1705,1455,2352,2006,3557,2836,3552,2924,2842,8628,11029,4197,7255,115797,53924,8045,3087,36691,10,0
2021-04-07T23:59:59+02:00,4330,4713,6933,7961,7335,9785,9349,12770,10557,12201,12590,13992,14258,17878,4644,8046,396,468,947,1357,1042,1966,1488,3089,1817,2445,1783,1579,7800,9968,4086,7068,114854,44204,7894,3087,34594,8,0
2021-04-06T23:59:59+02:00,4315,4698,6910,7925,7281,9717,9251,12689,10332,11962,12205,13489,14086,17649,4634,8035,388,452,940,1349,1026,1943,1462,3059,1756,2388,1704,1504,7362,9387,3985,6898,113625,42510,7796,3086,33757,7,0
2021-04-05T23:59:59+02:00,4309,4697,6899,7914,7270,9706,9228,12660,10268,11896,12084,13340,14005,17571,4632,8034,386,447,928,1345,1021,1934,1450,3039,1734,2351,1649,1450,7112,9056,3904,6766,113296,41480,7775,3085,33442,7,0
2021-04-04T23:59:59+02:00,4309,4697,6896,7907,7269,9705,9227,12660,10257,11891,12081,13337,14003,17571,4632,8034,386,446,928,1345,1020,1932,1449,3038,1733,2347,1646,1446,7104,9042,3900,6764,113291,41434,7775,3085,33410,7,0
2021-04-03T23:59:59+02:00,4309,4697,6896,7906,7269,9705,9227,12660,10257,11891,12081,13336,14001,17569,4632,8034,386,445,925,1341,1019,1931,1448,3033,1731,2345,1639,1433,7058,8957,3870,6737,113287,41206,7775,3085,33408,7,0
2021-04-02T23:59:59+02:00,4306,4695,6895,7903,7262,9698,9218,12653,10236,11870,11953,13217,13964,17522,4628,8027,384,442,923,1334,1012,1920,1432,3006,1688,2304,1528,1338,6235,7975,3517,6271,113165,38536,7771,2766,33111,7,0
2021-04-01T23:59:59+02:00,4264,4682,6856,7884,7225,9668,9167,12612,10163,11789,11562,12740,13656,17111,4624,8017,379,437,905,1317,1002,1903,1396,2954,1622,2240,1408,1242,5211,6749,3075,5587,112777,34659,6395,2761,32848,7,0
2021-03-31T23:59:59+02:00,4256,4676,6842,7866,7209,9649,9129,12576,10067,11716,11197,12273,13381,16708,4618,8001,376,434,895,1309,995,1888,1373,2927,1572,2201,1330,1177,4600,6011,2783,5220,112208,32396,5438,2688,32518,7,0
2021-03-30T23:59:59+02:00,4233,4648,6806,7829,7156,9584,9031,12462,9902,11562,10921,11961,13194,16490,4611,7989,371,428,890,1298,984,1882,1352,2919,1545,2179,1304,1151,4470,5880,2736,5137,111387,32026,5192,2493,31800,7,0
2021-03-29T23:59:59+02:00,4223,4625,6778,7804,7113,9528,8932,12361,9691,11342,10457,11439,12892,16104,4597,7962,366,423,886,1289,978,1874,1341,2908,1527,2170,1281,1135,4327,5710,2651,5035,109721,31408,4884,2487,31243,6,0
2021-03-28T23:59:59+02:00,4170,4558,6666,7649,6999,9388,8804,12164,9538,11157,10236,11156,12740,15957,4594,7954,366,423,886,1289,976,1873,1340,2908,1526,2168,1274,1133,4293,5666,2629,5015,109349,31374,4621,2386,29760,5,0
2021-03-27T23:59:59+01:00,4168,4540,6655,7587,6969,9262,8753,11991,9486,11020,10109,11026,12666,15884,4594,7954,366,423,886,1289,976,1871,1339,2906,1523,2167,1271,1130,4266,5631,2618,5001,109342,31273,4621,2385,28701,5,0
2021-03-26T23:59:59+01:00,4163,4530,6624,7550,6938,9183,8703,11873,9396,10899,10058,10968,12632,15833,4587,7938,362,421,884,1286,972,1858,1333,2885,1505,2159,1243,1111,4079,5394,2524,4868,109286,30534,4401,2345,28188,5,0
2021-03-25T23:59:59+01:00,4137,4488,6532,7420,6837,9015,8502,11639,9090,10582,9664,10558,12373,15575,4583,7930,362,419,882,1279,968,1847,1319,2866,1481,2143,1214,1093,3830,5125,2335,4601,108912,29414,4192,2345,25821,5,0
2021-03-24T23:59:59+01:00,4071,4414,6448,7242,6714,8783,8329,11391,8850,10267,9218,10032,12026,15189,4574,7923,362,418,881,1277,962,1845,1313,2857,1463,2130,1207,1083,3755,5047,2169,4389,108406,28811,4060,2344,23005,3,0
2021-03-23T23:59:59+01:00,4052,4378,6400,7189,6632,8713,8210,11258,8587,10030,8768,9501,11634,14760,4566,7911,362,417,879,1266,957,1838,1308,2848,1462,2118,1181,1065,3665,4962,2015,4145,107603,28141,3966,2344,21020,3,0
2021-03-22T23:59:59+01:00,4038,4358,6364,7156,6598,8668,8137,11179,8433,9870,8456,9134,11374,14480,4540,7876,359,411,874,1254,949,1833,1299,2840,1454,2107,1169,1056,3633,4922,2001,4118,106935,27933,3964,2343,19762,3,0
2021-03-21T23:59:59+01:00,4036,4354,6359,7145,6582,8653,8114,11159,8368,9809,8345,9004,11309,14398,4538,7873,357,410,865,1250,940,1828,1292,2838,1450,2102,1165,1054,3624,4906,1987,4110,106849,27832,3963,2343,19234,3,0
2021-03-20T23:59:59+01:00,4028,4307,6349,7072,6568,8510,8087,10966,8323,9697,8264,8917,11278,14363,4538,7873,357,410,865,1250,940,1828,1291,2838,1450,2100,1165,1054,3624,4904,1987,4110,106818,27828,3750,2342,18572,3,0
2021-03-19T23:59:59+01:00,4015,4272,6322,6989,6542,8416,8037,10852,8187,9512,7730,8323,11125,14159,4530,7860,354,409,859,1242,924,1817,1266,2808,1396,2053,1077,978,2901,4034,1646,3638,105227,25057,3450,2342,18194,3,0
2021-03-18T23:59:59+01:00,4003,4252,6279,6948,6510,8349,7967,10767,8043,9351,6752,7206,10927,13946,4519,7842,353,409,855,1238,917,1810,1249,2798,1371,2032,1035,961,2677,3756,1515,3460,102264,24091,3292,2342,18105,3,0
2021-03-17T23:59:59+01:00,3960,4210,6211,6861,6449,8243,7871,10636,7916,9191,5964,6227,10776,13791,4503,7821,352,409,849,1232,914,1798,1236,2780,1346,2009,1008,937,2563,3633,1470,3378,99502,23569,3291,2342,17837,3,0
2021-03-16T23:59:59+01:00,3940,4174,6173,6807,6401,8176,7813,10564,7828,9098,5780,6019,10180,13113,4469,7769,344,399,837,1216,902,1789,1230,2763,1333,2001,994,916,2335,3364,1357,3214,97449,22651,3281,2340,17574,3,0
2021-03-15T23:59:59+01:00,3902,4142,6068,6728,6275,8076,7671,10446,7672,8956,4995,5142,9805,12628,4433,7713,343,398,834,1212,901,1781,1227,2751,1325,1992,978,902,2180,3178,1284,3138,93950,22083,3274,2339,17428,2,0
2021-03-14T23:59:59+01:00,3753,3957,5789,6396,6014,7732,7346,9999,7403,8669,4650,4747,9679,12465,4430,7702,343,398,834,1212,900,1781,1225,2750,1323,1989,977,900,2177,3174,1281,3138,91571,22064,3221,2336,15939,2,0
2021-03-13T23:59:59+01:00,3007,3215,4831,5537,5003,6782,6105,8847,6491,7809,4350,4382,9306,11957,4365,7620,343,398,833,1210,900,1776,1224,2748,1322,1989,977,899,2145,3133,1259,3108,80892,21926,3221,2336,15494,2,0
2021-03-12T23:59:59+01:00,2065,2297,3472,4358,3491,5437,4291,7159,5021,6423,3687,3696,8014,10341,3971,7083,339,394,829,1206,896,1770,1217,2730,1295,1971,930,873,1744,2616,1045,2812,62121,20329,3219,2336,15466,2,0
2021-03-11T23:59:59+01:00,1482,1755,2562,3602,2575,4490,3180,6038,3646,5012,2576,2475,6233,8119,3379,6138,334,386,813,1197,883,1746,1198,2700,1271,1930,892,849,1569,2360,943,2651,44875,19384,3217,2336,15170,2,0
2021-03-10T23:59:59+01:00,1233,1510,2190,3230,2191,4099,2714,5610,2666,3938,1484,1291,4874,6376,2938,5534,324,378,798,1180,863,1705,1166,2641,1239,1875,867,830,1379,2140,859,2509,33885,18488,3217,2263,14776,2,0
2021-03-09T23:59:59+01:00,1211,1466,2124,3093,2126,3986,2630,5467,2586,3828,1452,1264,4796,6297,2904,5485,317,369,787,1160,842,1674,1142,2603,1223,1850,852,815,1286,2009,806,2407,33479,17921,3214,2219,14022,2,0
2021-03-08T23:59:59+01:00,1183,1430,2072,2995,2081,3900,2570,5353,2533,3770,1413,1242,4642,6111,2816,5373,317,364,783,1154,839,1665,1135,2595,1212,1831,833,790,1097,1764,704,2268,32788,17134,3214,2216,13482,1,0
2021-03-07T23:59:59+01:00,1176,1410,2031,2951,2040,3858,2531,5284,2496,3743,1407,1239,4636,6103,2813,5373,317,364,783,1154,839,1665,1135,2595,1211,1831,829,790,1089,1753,696,2258,32758,17134,3209,2175,13124,0,0
2021-03-06T23:59:59+01:00,1174,1406,2023,2936,2027,3839,2516,5254,2477,3725,1394,1226,4603,6063,2802,5362,317,364,783,1154,839,1665,1135,2595,1211,1831,829,790,1089,1753,696,2257,32616,17134,3209,2174,13002,0,0
2021-03-05T23:59:59+01:00,1168,1402,2005,2916,1997,3811,2473,5200,2426,3696,1353,1195,4322,5714,2673,5171,315,361,775,1148,835,1658,1132,2587,1208,1823,817,786,1082,1744,695,2255,31878,17047,2879,2174,12765,0,0
2021-03-04T23:59:59+01:00,1065,1235,1919,2798,1931,3673,2397,5034,2338,3561,1322,1173,4061,5423,2469,4890,315,359,773,1144,833,1652,1131,2578,1203,1819,800,779,1072,1733,688,2244,30695,16972,2875,2151,11719,0,0
2021-03-03T23:59:59+01:00,1010,1118,1858,2702,1865,3574,2328,4920,2267,3486,1312,1158,3937,5310,2263,4628,314,354,772,1137,830,1630,1125,2536,1189,1799,787,775,1063,1711,681,2236,30026,16940,2760,1999,10950,0,0
2021-03-02T23:59:59+01:00,958,1031,1766,2578,1775,3453,2242,4796,2204,3415,1284,1139,3795,5159,2101,4350,314,352,771,1131,827,1628,1121,2531,1184,1789,785,772,1048,1688,672,2220,29382,16835,2571,1998,10093,0,0
2021-03-01T23:59:59+01:00,924,967,1671,2445,1703,3310,2140,4627,2135,3308,1265,1129,3740,5088,2063,4297,313,351,768,1128,826,1615,1116,2519,1179,1782,780,769,1040,1676,667,2215,29131,16746,2487,1998,9194,0,0
2021-02-28T23:59:59+01:00,915,938,1653,2381,1674,3231,2120,4535,2121,3242,1260,1125,3730,5073,2049,4288,313,351,768,1127,826,1614,1116,2519,1178,1781,778,768,1031,1661,664,2207,29025,16737,2485,1965,8825,0,0
2021-02-27T23:59:59+01:00,897,916,1632,2316,1659,3119,2097,4399,2102,3166,1257,1123,3730,5071,2048,4287,313,351,768,1127,826,1613,1116,2519,1178,1780,778,768,1031,1661,664,2207,29018,16735,2484,1965,8317,0,0
2021-02-26T23:59:59+01:00,749,827,1541,2197,1606,2964,2033,4142,1998,2951,1164,1049,3017,4194,1692,3802,313,351,766,1126,826,1612,1116,2515,1176,1779,775,763,1011,1644,657,2195,26220,16661,2484,1964,7222,0,0
2021-02-25T23:59:59+01:00,576,739,1440,2090,1539,2838,1966,4010,1904,2841,1113,1023,2766,3879,1554,3607,295,333,737,1101,784,1542,1068,2411,1106,1698,725,746,980,1602,646,2173,25149,16570,2454,1377,6282,0,0
2021-02-24T23:59:59+01:00,539,700,1367,1979,1478,2688,1888,3862,1833,2709,1082,995,2632,3744,1511,3518,264,313,711,1060,762,1479,1035,2350,1056,1654,695,722,941,1569,634,2148,24585,16384,2443,1009,5497,0,0
2021-02-23T23:59:59+01:00,479,650,1284,1835,1411,2534,1805,3656,1771,2598,1058,965,2410,3484,1407,3364,258,304,697,1036,750,1443,1012,2306,1034,1614,686,712,930,1555,633,2144,23666,16300,2433,814,4612,0,0
2021-02-22T23:59:59+01:00,464,611,1180,1724,1305,2442,1705,3545,1689,2537,1039,950,2256,3297,1334,3286,247,289,669,984,722,1376,985,2213,991,1539,649,684,859,1474,602,2094,23089,16114,2429,263,3846,0,0
2021-02-21T23:59:59+01:00,440,592,1071,1694,1154,2418,1552,3523,1596,2521,1035,948,2255,3296,1334,3286,216,282,642,977,711,1367,971,2208,988,1537,646,682,854,1470,596,2087,23060,15984,2429,250,3226,0,0
2021-02-20T23:59:59+01:00,440,591,1070,1694,1153,2418,1551,3522,1596,2519,1035,947,2254,3296,1333,3285,215,280,638,977,708,1366,964,2205,987,1537,646,682,854,1470,596,2087,23054,15962,2428,250,3222,0,0
2021-02-19T23:59:59+01:00,433,581,1061,1691,1142,2408,1539,3505,1564,2501,983,918,1827,2731,1090,2960,192,270,612,973,691,1357,950,2203,981,1536,643,681,852,1470,595,2085,21307,15841,2428,250,3199,0,0
2021-02-18T23:59:59+01:00,412,557,1016,1606,1107,2322,1489,3382,1526,2424,952,893,1627,2460,987,2782,171,258,574,962,666,1346,916,2185,962,1517,632,664,831,1438,587,2074,20321,15533,2428,250,2793,0,0
2021-02-17T23:59:59+01:00,381,491,931,1466,994,2100,1354,3139,1420,2219,919,869,1427,2215,899,2637,164,251,558,927,645,1291,878,2110,916,1443,599,634,825,1415,583,2055,19244,15044,2428,250,1789,0,0
2021-02-16T23:59:59+01:00,373,442,887,1325,941,1906,1285,2921,1359,2071,911,855,1352,2108,846,2550,155,235,546,884,626,1239,855,2046,885,1406,589,621,805,1384,570,1996,18870,14728,2427,114,835,0,0
2021-02-15T23:59:59+01:00,354,398,862,1294,921,1846,1240,2837,1325,2016,886,825,1152,1854,738,2399,146,225,524,854,607,1177,832,1971,861,1331,569,586,787,1345,562,1959,17954,14262,2426,74,567,0,0
2021-02-14T23:59:59+01:00,353,398,861,1294,920,1846,1237,2837,1325,2016,886,825,1152,1854,738,2399,146,224,523,848,602,1172,828,1967,858,1328,567,586,786,1344,562,1956,17952,14223,2426,74,563,0,0
2021-02-13T23:59:59+01:00,353,398,861,1293,920,1843,1237,2835,1325,2014,886,825,1152,1854,738,2399,146,224,523,848,602,1172,826,1963,856,1326,564,586,772,1323,550,1940,17944,14221,2426,0,563,0,0
2021-02-12T23:59:59+01:00,348,397,856,1285,916,1816,1231,2802,1298,1992,886,824,1151,1851,738,2399,146,223,521,845,600,1164,819,1953,852,1312,561,584,758,1311,544,1929,17936,14122,2426,0,428,0,0
2021-02-11T23:59:59+01:00,327,389,844,1257,910,1780,1215,2746,1279,1944,854,810,1141,1840,737,2389,142,204,506,802,577,1099,785,1847,827,1265,551,570,733,1272,531,1903,17824,13614,2425,0,213,0,0
2021-02-10T23:59:59+01:00,324,378,827,1225,899,1751,1206,2704,1269,1914,850,809,1125,1820,732,2373,136,189,447,729,542,1013,718,1735,789,1210,535,555,724,1250,521,1884,17795,12977,2353,0,58,0,0
2021-02-09T23:59:59+01:00,324,375,821,1211,889,1734,1191,2686,1255,1891,837,804,1110,1803,724,2357,117,165,393,642,497,874,639,1545,708,1045,475,465,610,1080,455,1657,17701,11367,2308,0,3,0,0
2021-02-08T23:59:59+01:00,323,374,819,1206,889,1729,1189,2681,1248,1883,832,801,1089,1776,711,2339,103,141,356,558,448,775,552,1326,605,914,402,386,533,883,361,1363,17583,9706,2305,0,1,0,0
2021-02-07T23:59:59+01:00,322,373,817,1205,888,1729,1189,2679,1248,1881,826,799,1087,1772,710,2338,101,140,354,553,446,771,549,1316,601,911,398,383,511,859,357,1349,17558,9599,2305,0,0,0,0
2021-02-06T23:59:59+01:00,322,372,817,1205,888,1728,1189,2679,1248,1880,825,796,1084,1768,710,2336,101,139,354,550,445,769,548,1313,598,911,395,379,460,785,329,1311,17543,9387,2304,0,0,0,0
2021-02-05T23:59:59+01:00,322,372,816,1203,888,1728,1189,2677,1247,1878,817,790,1060,1755,705,2323,93,135,347,543,429,751,524,1276,568,877,373,353,439,759,315,1276,17466,9058,2304,0,0,0,0
2021-02-04T23:59:59+01:00,319,364,811,1181,878,1705,1173,2649,1233,1858,794,774,1033,1725,699,2310,75,104,270,419,331,595,415,1038,461,704,298,287,334,601,255,1070,17225,7257,2281,0,0,0,0
2021-02-03T23:59:59+01:00,318,354,808,1164,876,1673,1166,2598,1215,1835,780,761,1014,1701,692,2297,59,72,183,293,256,446,297,755,341,507,199,204,235,444,181,799,17130,5271,2122,0,0,0,0
2021-02-02T23:59:59+01:00,316,349,804,1155,872,1650,1154,2574,1206,1819,776,755,1004,1689,691,2288,38,43,100,151,151,250,186,484,214,316,131,125,156,267,131,529,16981,3272,2121,0,0,0,0
2021-02-01T23:59:59+01:00,315,344,795,1140,867,1628,1149,2546,1203,1791,767,743,999,1680,686,2275,13,13,16,28,28,64,48,95,62,89,46,43,54,80,41,176,16807,896,2121,0,0,0,0
2021-01-31T23:59:59+01:00,308,342,780,1138,859,1617,1137,2534,1193,1783,762,737,989,1661,679,2264,12,13,14,26,26,61,41,89,58,82,42,43,50,72,38,165,16772,832,2011,0,0,0,0
2021-01-30T23:59:59+01:00,308,342,780,1138,858,1617,1137,2534,1193,1783,761,737,989,1660,679,2264,12,11,14,26,26,61,40,89,57,80,42,42,49,72,38,164,16769,823,2011,0,0,0,0
2021-01-29T23:59:59+01:00,308,342,780,1138,858,1617,1137,2534,1193,1782,760,735,988,1659,679,2262,11,6,13,26,26,59,38,88,56,80,41,41,49,72,38,164,16762,808,2010,0,0,0,0
2021-01-28T23:59:59+01:00,304,335,764,1113,823,1560,1098,2471,1121,1732,719,724,959,1632,669,2246,4,0,3,9,11,21,17,42,19,39,20,21,23,47,16,98,16585,390,1685,0,0,0,0
2021-01-27T23:59:59+01:00,298,328,735,1075,777,1501,1037,2393,1052,1656,687,696,948,1614,667,2239,3,0,3,6,8,17,12,27,13,28,5,7,10,10,5,25,16140,179,1563,0,0,0,0
2021-01-26T23:59:59+01:00,272,314,720,1051,767,1453,1016,2314,1028,1596,674,685,927,1596,657,2222,3,0,1,6,6,7,11,11,5,12,3,3,6,7,2,16,16090,99,1202,0,0,0,0
2021-01-25T23:59:59+01:00,238,294,663,969,713,1334,974,2161,968,1474,630,632,848,1493,620,2160,3,0,1,6,6,7,11,11,5,12,3,3,6,7,2,16,15866,99,305,0,0,0,0
2021-01-24T23:59:59+01:00,219,283,638,962,696,1319,954,2145,956,1464,622,626,839,1473,611,2148,3,0,1,6,5,7,11,11,4,12,3,3,6,7,2,16,15694,97,261,0,0,0,0
2021-01-23T23:59:59+01:00,219,283,638,962,696,1319,954,2145,956,1464,622,626,839,1473,611,2148,3,0,1,6,5,7,10,11,4,12,3,3,6,7,2,16,15694,96,261,0,0,0,0
2021-01-22T23:59:59+01:00,167,264,585,953,675,1305,924,2133,945,1456,617,625,839,1473,611,2148,3,0,0,6,5,7,10,11,4,12,3,3,6,7,2,16,15459,95,261,0,0,0,0
2021-01-21T23:59:59+01:00,161,253,570,929,653,1265,886,2075,926,1414,610,604,825,1440,606,2133,3,0,0,6,4,7,10,11,4,12,3,3,6,7,2,15,15089,93,261,0,0,0,0
2021-01-20T23:59:59+01:00,152,232,526,861,629,1186,820,1962,893,1351,589,587,808,1417,598,2106,3,0,0,6,4,7,10,11,4,12,3,3,6,7,2,15,14458,93,259,0,0,0,0
2021-01-19T23:59:59+01:00,135,204,447,774,562,1039,734,1766,795,1207,535,523,708,1242,528,1872,3,0,0,6,4,7,10,11,4,12,3,3,6,7,2,15,12879,93,192,0,0,0,0
2021-01-18T23:59:59+01:00,113,165,378,620,469,865,603,1482,672,1033,469,457,631,1069,463,1621,1,0,0,0,0,0,0,0,0,0,0,0,0,1,0,0,11028,2,82,0,0,0,0
2021-01-17T23:59:59+01:00,109,163,374,615,468,858,600,1464,663,1025,466,450,602,1038,449,1577,1,0,0,0,0,0,0,0,0,0,0,0,0,1,0,0,10839,2,82,0,0,0,0
2021-01-16T23:59:59+01:00,109,160,372,607,465,850,589,1450,650,1017,451,436,503,900,389,1492,0,0,0,0,0,0,0,0,0,0,0,0,0,0,0,0,10438,0,2,0,0,0,0
2021-01-15T23:59:59+01:00,107,158,368,605,459,845,583,1441,631,1002,437,420,493,885,382,1471,0,0,0,0,0,0,0,0,0,0,0,0,0,0,0,0,10287,0,0,0,0,0,0
2021-01-14T23:59:59+01:00,83,125,306,498,380,684,470,1182,525,842,358,339,393,727,315,1263,0,0,0,0,0,0,0,0,0,0,0,0,0,0,0,0,8490,0,0,0,0,0,0
2021-01-13T23:59:59+01:00,66,93,219,372,301,516,362,865,396,610,245,239,286,544,235,964,0,0,0,0,0,0,0,0,0,0,0,0,0,0,0,0,6313,0,0,0,0,0,0
2021-01-12T23:59:59+01:00,44,59,132,222,183,310,225,561,251,378,154,146,183,358,164,661,0,0,0,0,0,0,0,0,0,0,0,0,0,0,0,0,4031,0,0,0,0,0,0
2021-01-11T23:59:59+01:00,14,18,45,58,43,91,69,130,77,112,64,56,80,114,48,219,0,0,0,0,0,0,0,0,0,0,0,0,0,0,0,0,1238,0,0,0,0,0,0
2021-01-10T23:59:59+01:00,14,17,33,47,35,73,56,122,70,102,55,52,75,102,45,208,0,0,0,0,0,0,0,0,0,0,0,0,0,0,0,0,1106,0,0,0,0,0,0
2021-01-09T23:59:59+01:00,14,16,30,46,35,73,53,121,69,99,55,51,74,101,43,207,0,0,0,0,0,0,0,0,0,0,0,0,0,0,0,0,1087,0,0,0,0,0,0
2021-01-08T23:59:59+01:00,10,9,30,42,33,69,50,120,68,98,52,46,68,97,40,207,0,0,0,0,0,0,0,0,0,0,0,0,0,0,0,0,1039,0,0,0,0,0,0
2021-01-07T23:59:59+01:00,5,2,10,23,18,35,27,89,32,63,32,27,46,81,27,162,0,0,0,0,0,0,0,0,0,0,0,0,0,0,0,0,679,0,0,0,0,0,0
2021-01-06T23:59:59+01:00,5,0,4,11,13,28,23,50,19,39,26,24,32,56,20,118,0,0,0,0,0,0,0,0,0,0,0,0,0,0,0,0,468,0,0,0,0,0,0
2021-01-05T23:59:59+01:00,5,0,4,11,13,28,23,50,19,39,26,24,32,55,20,118,0,0,0,0,0,0,0,0,0,0,0,0,0,0,0,0,467,0,0,0,0,0,0
2021-01-04T23:59:59+01:00,4,0,1,6,4,7,13,11,4,12,3,3,6,8,2,17,0,0,0,0,0,0,0,0,0,0,0,0,0,0,0,0,101,0,0,0,0,0,0
2021-01-03T23:59:59+01:00,3,0,1,6,4,7,12,11,4,12,3,3,6,8,2,16,0,0,0,0,0,0,0,0,0,0,0,0,0,0,0,0,98,0,0,0,0,0,0
2021-01-02T23:59:59+01:00,3,0,1,6,4,7,11,11,4,12,3,3,6,8,2,16,0,0,0,0,0,0,0,0,0,0,0,0,0,0,0,0,97,0,0,0,0,0,0
2021-01-01T23:59:59+01:00,3,0,0,6,4,7,11,11,4,12,3,3,6,7,2,16,0,0,0,0,0,0,0,0,0,0,0,0,0,0,0,0,95,0,0,0,0,0,0
2020-12-31T23:59:59+01:00,3,0,0,6,4,7,10,11,4,12,3,3,6,7,2,16,0,0,0,0,0,0,0,0,0,0,0,0,0,0,0,0,94,0,0,0,0,0,0
2020-12-30T23:59:59+01:00,3,0,0,6,4,7,10,11,4,12,3,3,6,7,2,16,0,0,0,0,0,0,0,0,0,0,0,0,0,0,0,0,94,0,0,0,0,0,0
2020-12-29T23:59:59+01:00,3,0,0,6,4,7,10,11,4,12,3,3,6,7,2,16,0,0,0,0,0,0,0,0,0,0,0,0,0,0,0,0,94,0,0,0,0,0,0
2020-12-28T23:59:59+01:00,3,0,0,6,4,7,10,11,4,12,3,3,6,7,2,16,0,0,0,0,0,0,0,0,0,0,0,0,0,0,0,0,94,0,0,0,0,0,0
2020-12-27T23:59:59+01:00,1,0,0,0,0,0,0,0,0,0,0,0,1,3,0,7,0,0,0,0,0,0,0,0,0,0,0,0,0,0,0,0,12,0,0,0,0,0,0
