Datum,<15_m,<15_w,15-24_1_m,15-24_1_w,25-34_1_m,25-34_1_w,35-44_1_m,35-44_1_w,45-54_1_m,45-54_1_w,55-64_1_m,55-64_1_w,65-74_1_m,65-74_1_w,75-84_1_m,75-84_1_w,>84_1_m,>84_1_w,<24_2_m,<24_2_w,25-34_2_m,25-34_2_w,35-44_2_m,35-44_2_w,45-54_2_m,45-54_2_w,55-64_2_m,55-64_2_w,65-74_2_m,65-74_2_w,75-84_2_m,75-84_2_w,>84_2_m,>84_2_w,bp_1,bp_2,mo_1,mo_2,az_1,az_2,ja,unb_1,unb_2
2021-07-26T23:59:59+02:00,1807,1557,20700,19884,30752,28213,31730,31735,37543,38069,41431,41804,27489,30681,19587,24572,5958,10079,11021,10709,20922,19703,25152,25550,32104,32846,37019,37790,25835,28756,18633,23208,5682,9526,306605,243187,44304,42017,77316,64287,15296,70,25
2021-07-25T23:59:59+02:00,1800,1548,20678,19873,30745,28205,31720,31721,37537,38063,41421,41795,27485,30680,19586,24570,5958,10078,10917,10604,20773,19598,24919,25358,31869,32642,36878,37660,25818,28742,18626,23201,5681,9523,306498,241936,44294,42001,77309,63888,15292,70,25
2021-07-24T23:59:59+02:00,1780,1533,20598,19800,30704,28167,31684,31685,37512,38036,41399,41783,27478,30675,19583,24568,5958,10078,10855,10552,20698,19537,24850,25297,31817,32611,36849,37640,25812,28738,18624,23199,5681,9523,306159,241577,44283,41978,77305,63822,15204,70,25
2021-07-23T23:59:59+02:00,1725,1498,20411,19660,30543,28058,31596,31616,37446,37985,41360,41741,27467,30660,19578,24562,5957,10073,10605,10351,20338,19238,24067,24669,31342,32284,36292,37184,25769,28696,18608,23182,5680,9521,305351,238770,44274,41937,77288,62442,14953,70,24
2021-07-22T23:59:59+02:00,1662,1442,20103,19395,30306,27882,31465,31506,37318,37881,41265,41661,27441,30637,19567,24539,5953,10072,10159,9978,19602,18731,23123,24005,30641,31699,35266,36426,25659,28600,18575,23150,5678,9517,303901,235197,44241,41280,77284,59946,14599,70,24
2021-07-21T23:59:59+02:00,1647,1434,20067,19348,30280,27853,31444,31483,37298,37856,41244,41639,27432,30629,19562,24533,5948,10068,9849,9649,19147,18284,22264,23246,30309,31366,35038,36232,25576,28503,18545,23098,5670,9507,303586,232481,44235,39613,77282,59774,14592,70,21
2021-07-20T23:59:59+02:00,1641,1429,20036,19322,30253,27832,31420,31465,37282,37841,41234,41628,27417,30616,19562,24526,5948,10065,9584,9372,18820,18016,21998,22963,30134,31212,34874,36087,25530,28458,18530,23064,5669,9503,303352,230109,44234,39604,77281,59675,14580,70,21
2021-07-19T23:59:59+02:00,1630,1421,19923,19234,30173,27762,31362,31415,37263,37822,41219,41610,27412,30605,19556,24519,5947,10062,9391,9179,18510,17748,21540,22553,29882,30982,34755,35987,25496,28420,18512,23048,5669,9500,302785,228506,44228,38675,77280,59562,14572,70,21
2021-07-18T23:59:59+02:00,1619,1416,19856,19170,30048,27663,31299,31352,37201,37771,41178,41559,27392,30575,19548,24504,5943,10059,9282,9065,18346,17600,21352,22363,29715,30784,34643,35888,25466,28398,18501,23031,5669,9494,302014,227265,44228,38376,77278,59522,14563,70,21
2021-07-17T23:59:59+02:00,1618,1412,19849,19168,30048,27661,31299,31348,37196,37769,41174,41557,27391,30574,19547,24504,5943,10059,9261,9050,18314,17579,21334,22350,29705,30777,34624,35884,25463,28396,18501,23030,5669,9494,301982,227113,44228,38373,77278,59511,14559,70,21
2021-07-16T23:59:59+02:00,1565,1367,19576,18920,29923,27564,31216,31277,37141,37707,41134,41525,27372,30557,19540,24494,5941,10053,9148,8937,17946,17285,21035,22084,29322,30425,34493,35781,25440,28373,18494,23017,5667,9492,300991,225877,44205,37677,77276,59180,14330,70,18
2021-07-15T23:59:59+02:00,1507,1324,19315,18675,29744,27417,31109,31178,37060,37626,41068,41458,27330,30528,19524,24480,5937,10050,8789,8635,17043,16462,19506,20871,28411,29511,33878,35206,25274,28195,18441,22968,5661,9480,299730,219832,44163,36242,77268,58263,14099,70,18
2021-07-14T23:59:59+02:00,1494,1312,19286,18639,29721,27391,31087,31147,37049,37614,41049,41452,27322,30521,19515,24473,5936,10047,8503,8339,16493,15864,19016,20358,27849,29013,33486,34831,25162,28069,18402,22903,5656,9470,299462,215688,44161,35884,77265,57837,14097,70,18
2021-07-13T23:59:59+02:00,1482,1303,19249,18614,29704,27367,31066,31132,37034,37587,41026,41424,27313,30507,19513,24468,5935,10041,8201,8080,16095,15509,18742,20082,27588,28765,33215,34575,25064,27949,18369,22862,5654,9465,299182,212999,44160,35849,77264,57347,14089,70,18
2021-07-12T23:59:59+02:00,1467,1294,19208,18597,29671,27339,31049,31111,37022,37570,41009,41409,27310,30503,19511,24462,5934,10041,7941,7864,15817,15235,18044,19537,27275,28446,32804,34214,24897,27757,18310,22787,5648,9460,298934,211724,44159,33923,77264,56372,14080,70,18
2021-07-11T23:59:59+02:00,1459,1286,19178,18568,29641,27310,31034,31083,37014,37549,40995,41397,27301,30494,19509,24462,5933,10040,7898,7818,15752,15164,17956,19483,27192,28385,32692,34152,24844,27713,18290,22765,5648,9457,298692,211153,44157,33913,77262,56131,14072,70,18
2021-07-10T23:59:59+02:00,1330,1171,18678,18151,29201,27019,30752,30854,36771,37390,40796,41247,27229,30434,19483,24430,5930,10037,7770,7749,15474,15031,17741,19337,26952,28247,32528,34035,24779,27667,18274,22752,5647,9457,296508,210739,44024,33797,77233,55895,13068,70,18
2021-07-09T23:59:59+02:00,1320,1165,18651,18121,29181,27002,30740,30841,36761,37378,40785,41239,27225,30430,19481,24426,5930,10036,7728,7702,15405,14966,17679,19244,26733,28017,32279,33822,24717,27604,18252,22726,5647,9454,296368,210464,44005,33794,77232,54734,13037,70,18
2021-07-08T23:59:59+02:00,1244,1085,18385,17911,29036,26853,30606,30725,36659,37276,40687,41162,27192,30395,19462,24408,5925,10032,7562,7570,15109,14720,17252,18886,26044,27420,32009,33557,24550,27447,18194,22664,5644,9448,295115,209341,43952,32381,77224,53717,12682,70,18
2021-07-07T23:59:59+02:00,1147,993,18075,17592,28841,26671,30481,30604,36547,37157,40581,41078,27159,30348,19448,24391,5922,10029,7367,7359,14671,14355,16789,18444,25292,26815,31602,33179,24287,27125,18100,22570,5635,9439,293562,206436,43904,31547,77213,52765,12315,70,18
2021-07-06T23:59:59+02:00,1124,977,17998,17531,28798,26622,30432,30558,36511,37122,40547,41046,27142,30323,19437,24378,5920,10026,7151,7128,14328,14000,16442,18095,24549,26169,31304,32915,24097,26911,18052,22499,5628,9432,292997,204388,43901,30146,77212,51876,12312,70,18
2021-07-05T23:59:59+02:00,1082,949,17925,17468,28755,26566,30394,30524,36487,37078,40521,41021,27137,30309,19431,24372,5920,10021,6922,6938,14025,13732,16090,17731,24004,25664,30741,32351,23819,26613,17944,22360,5620,9422,292520,202896,43899,28070,77208,50746,12263,70,18
2021-07-04T23:59:59+02:00,1060,934,17856,17419,28717,26545,30373,30495,36477,37068,40506,41009,27131,30299,19426,24369,5920,10020,6896,6921,13972,13686,16017,17673,23920,25609,30588,32260,23727,26525,17912,22319,5618,9418,292208,202508,43898,28061,77197,50240,12251,70,18
2021-07-03T23:59:59+02:00,646,565,16134,15704,27550,25625,29580,29781,35838,36460,40009,40583,26974,30133,19359,24283,5911,10003,6513,6680,13459,13383,15617,17371,23560,25332,30284,32066,23631,26432,17879,22282,5614,9414,284737,202218,43857,27985,77114,49953,9360,70,18
2021-07-02T23:59:59+02:00,607,527,16004,15559,27389,25479,29501,29721,35808,36433,39990,40570,26968,30123,19356,24280,5911,10003,6465,6610,13386,13282,15529,17241,23417,25149,30131,31901,23438,26222,17790,22204,5612,9411,283836,201538,43857,27827,77112,49068,9354,70,18
2021-07-01T23:59:59+02:00,549,482,15828,15407,27171,25326,29424,29644,35753,36382,39925,40526,26948,30106,19345,24268,5909,9999,6326,6481,13048,13011,15005,16808,22160,24166,29373,31225,23160,25935,17672,22070,5605,9396,282658,198020,43852,26174,77100,47933,9312,70,18
2021-06-30T23:59:59+02:00,519,462,15725,15304,27063,25244,29358,29575,35700,36332,39883,40490,26933,30075,19335,24251,5905,9999,6134,6304,12619,12630,14438,16262,21538,23574,28783,30697,22741,25471,17542,21886,5598,9384,281854,193788,43849,26150,77094,46372,9286,70,18
2021-06-29T23:59:59+02:00,462,413,14965,14638,26803,25025,29265,29476,35621,36251,39815,40443,26912,30052,19328,24238,5905,9997,6022,6180,12363,12367,14046,15867,20751,22955,28202,30148,22294,24948,17390,21713,5590,9374,279362,190653,43848,25644,77086,44663,9243,70,18
2021-06-28T23:59:59+02:00,426,382,14339,14002,26647,24921,29191,29410,35565,36186,39771,40410,26894,30032,19320,24227,5905,9993,5956,6085,12186,12228,13858,15691,20135,22409,27803,29778,21958,24591,17262,21550,5585,9370,277435,188973,43844,24995,77082,43279,9190,70,18
2021-06-27T23:59:59+02:00,349,315,13995,13627,26583,24863,29151,29375,35543,36164,39754,40397,26883,30025,19318,24224,5904,9992,5920,6043,12072,12114,13715,15564,19586,21938,27197,29281,21681,24256,17142,21427,5581,9369,276322,188144,43842,23481,77071,42096,9157,70,18
2021-06-26T23:59:59+02:00,349,315,13984,13616,26567,24852,29145,29369,35538,36163,39751,40396,26882,30024,19318,24224,5904,9992,5915,6040,12060,12111,13709,15560,19573,21927,27152,29246,21536,24128,17102,21371,5580,9367,276252,188118,43840,23477,77071,41618,9156,70,18
2021-06-25T23:59:59+02:00,226,202,12728,12399,25110,23713,28847,29135,35432,36081,39686,40335,26858,29997,19309,24213,5902,9990,5872,5993,11964,12032,13568,15438,19264,21689,26768,28887,21214,23736,16929,21174,5577,9358,270047,186897,43836,23194,77057,40211,9153,70,18
2021-06-24T23:59:59+02:00,162,148,11759,11573,24002,22839,28484,28788,35285,35918,39574,40232,26824,29947,19298,24189,5900,9986,5656,5764,11506,11617,12992,14848,17739,20301,25133,27300,20449,22885,16614,20768,5567,9348,264846,181938,43819,19595,77053,37824,9121,69,18
2021-06-23T23:59:59+02:00,126,123,11402,11253,23509,22475,28240,28547,35108,35793,39486,40146,26794,29921,19290,24152,5898,9975,5583,5651,11295,11402,12695,14498,17349,19893,24387,26536,19660,22139,16422,20516,5559,9332,262266,179593,43813,18983,77048,35290,9042,69,18
2021-06-22T23:59:59+02:00,104,110,11221,11041,23354,22333,28161,28475,35032,35731,39440,40102,26779,29897,19282,24144,5898,9974,5474,5531,11031,11148,12328,14128,16747,19299,23660,25771,19281,21716,16259,20338,5552,9316,261127,176571,43810,18127,77046,33844,9026,69,18
2021-06-21T23:59:59+02:00,91,98,10971,10857,22526,21662,27911,28252,34967,35670,39377,40061,26763,29879,19276,24135,5898,9973,5355,5427,10816,10928,12022,13809,16356,18955,23215,25306,18991,21405,16155,20219,5546,9314,258551,175118,43805,17115,77040,32672,8902,69,18
2021-06-20T23:59:59+02:00,85,97,10907,10768,22281,21447,27654,28055,34887,35592,39332,40017,26754,29866,19274,24131,5896,9970,5314,5373,10732,10829,11927,13709,16163,18772,22945,25068,18890,21299,16102,20161,5540,9310,257277,174815,43803,16059,77039,32422,8825,69,18
2021-06-19T23:59:59+02:00,84,93,10883,10744,22249,21423,27637,28041,34875,35588,39322,40013,26753,29865,19274,24129,5896,9970,5283,5341,10651,10739,11835,13588,16015,18620,22638,24709,18805,21212,16090,20149,5539,9310,257126,174711,43780,14566,77039,32409,8825,69,18
2021-06-18T23:59:59+02:00,81,91,10838,10694,21940,21107,27373,27830,34823,35552,39292,39991,26745,29856,19273,24126,5896,9968,5268,5332,10621,10709,11794,13540,15954,18558,22553,24613,18639,21031,16045,20083,5538,9305,255765,174316,43779,14565,77038,31864,8825,69,18
2021-06-17T23:59:59+02:00,72,83,10260,10268,20673,20152,26514,27101,34455,35228,39039,39803,26681,29777,19253,24090,5889,9964,5070,5195,10248,10457,11357,13143,15279,17950,21194,23309,18186,20546,15882,19912,5534,9290,250023,169049,43761,13993,77027,31075,8422,69,18
2021-06-16T23:59:59+02:00,64,71,9926,9959,19995,19524,25877,26501,34209,35029,38881,39655,26639,29727,19230,24067,5888,9960,4928,5049,9862,10124,10899,12694,14580,17262,20347,22384,17784,20102,15715,19701,5524,9278,246212,165295,43749,12720,77014,30047,8158,69,18
2021-06-15T23:59:59+02:00,49,66,9682,9717,19703,19277,25656,26303,34081,34924,38785,39576,26611,29691,19223,24052,5883,9956,4823,4940,9623,9907,10670,12436,14160,16836,19751,21811,17470,19718,15497,19474,5515,9267,244457,163239,43738,11635,77008,29048,7963,69,18
2021-06-14T23:59:59+02:00,45,62,9551,9592,19407,19020,25481,26160,33962,34845,38724,39538,26594,29671,19217,24041,5883,9953,4742,4878,9436,9769,10497,12300,13899,16622,19435,21518,17306,19563,15396,19342,5514,9263,243274,161790,43736,11633,77004,28380,7664,68,18
2021-06-13T23:59:59+02:00,43,58,9392,9462,19118,18836,25130,25907,33761,34678,38619,39471,26579,29659,19207,24034,5883,9950,4661,4812,9227,9604,10333,12131,13576,16286,19088,21191,17181,19415,15349,19277,5512,9261,241634,160947,43736,11633,77001,26962,7348,68,18
2021-06-12T23:59:59+02:00,43,58,9383,9448,19105,18823,25130,25902,33761,34675,38616,39470,26579,29659,19207,24034,5883,9950,4658,4798,9217,9544,10301,12029,13528,16132,19033,21055,17072,19290,15233,19175,5510,9259,241588,160920,43736,11631,76997,25932,7337,68,18
2021-06-11T23:59:59+02:00,38,54,9226,9267,18872,18612,24335,25232,33584,34522,38484,39358,26546,29626,19197,24011,5883,9945,4581,4683,9000,9290,10042,11736,13010,15585,18064,20166,16886,19094,15193,19131,5507,9256,238687,156922,43735,11630,76994,25350,7308,68,18
2021-06-10T23:59:59+02:00,36,50,8832,8933,18222,18123,23488,24556,33265,34242,38285,39196,26489,29571,19174,23983,5880,9938,4406,4506,8423,8799,9241,11019,11865,14489,16091,18265,16000,18138,14908,18766,5498,9234,235078,147306,43077,11597,76968,23658,7073,67,18
2021-06-09T23:59:59+02:00,19,32,8385,8429,17393,17398,22337,23514,32778,33776,38001,38979,26380,29468,19128,23926,5870,9925,4271,4393,8137,8535,8999,10767,11536,14125,15608,17722,15631,17709,14667,18482,5491,9224,231110,145494,41190,11555,76932,21755,6479,27,18
2021-06-08T23:59:59+02:00,11,20,8067,8114,16922,16981,21920,23149,32533,33584,37839,38850,26336,29428,19118,23903,5867,9920,4151,4311,7883,8282,8695,10422,11183,13778,14968,17024,15179,17188,14406,18205,5486,9206,228389,143802,41158,10441,76923,20045,6065,27,18
2021-06-07T23:59:59+02:00,8,16,7872,7882,16564,16658,21376,22697,32254,33316,37722,38734,26310,29380,19101,23877,5862,9919,4076,4230,7702,8141,8535,10280,11014,13606,14659,16700,14983,16935,14233,18014,5482,9201,226773,142728,40190,10349,76912,19053,5647,26,18
2021-06-06T23:59:59+02:00,6,13,7765,7773,16430,16513,21182,22491,32028,33092,37589,38630,26282,29356,19088,23861,5862,9913,4047,4195,7656,8024,8484,10152,10910,13462,14464,16485,14801,16757,14144,17894,5475,9195,225549,142251,39891,10339,76894,18027,5514,26,18
2021-06-05T23:59:59+02:00,6,13,7743,7759,16401,16486,21175,22488,32018,33086,37587,38629,26281,29356,19087,23860,5862,9913,4038,4156,7641,7959,8470,10019,10896,13291,14446,16380,14764,16702,14135,17884,5475,9194,225440,142170,39891,10339,76893,17427,5500,26,18
2021-06-04T23:59:59+02:00,6,11,7629,7657,16122,16250,20899,22242,31598,32713,37474,38508,26248,29318,19076,23847,5860,9911,4031,4147,7615,7936,8444,9989,10829,13218,14341,16250,14683,16609,14099,17840,5475,9192,223852,141838,39117,10010,76874,17336,5500,26,18
2021-06-03T23:59:59+02:00,4,11,7376,7430,15246,15470,19266,20855,30689,31785,36971,38049,26117,29185,19032,23796,5854,9893,3972,4109,7527,7865,8322,9891,10661,13037,13775,15681,14423,16299,14015,17736,5472,9179,217242,139634,37545,9903,76865,17062,5351,26,18
2021-06-02T23:59:59+02:00,4,11,7241,7287,14862,15042,18835,20455,30220,31331,36745,37785,26053,29121,19012,23768,5851,9892,3942,4079,7463,7779,8234,9801,10521,12906,13330,15251,14300,16116,13988,17699,5469,9174,214163,137850,37114,9810,76864,17030,5348,26,18
2021-06-01T23:59:59+02:00,4,9,6965,7044,14467,14730,18494,20137,29894,31020,36522,37551,25997,29042,18988,23739,5849,9881,3841,3993,7221,7603,8003,9608,10258,12632,12928,14829,13869,15668,13872,17547,5462,9166,211427,135740,37069,9556,76843,16222,4968,26,18
2021-05-31T23:59:59+02:00,4,9,6802,6854,14248,14497,17791,19536,29553,30682,36225,37288,25907,28945,18962,23685,5839,9868,3762,3883,7013,7357,7780,9323,9917,12251,12489,14312,13341,15055,13673,17318,5454,9151,210002,132570,35021,9233,76826,15442,4820,26,18
2021-05-30T23:59:59+02:00,4,9,6779,6840,14202,14459,17714,19477,29503,30644,36194,37265,25895,28933,18959,23679,5838,9866,3719,3809,6865,7151,7632,9095,9716,11941,12233,13968,13220,14886,13605,17236,5451,9144,209708,131853,35009,9132,76772,13927,4745,26,18
2021-05-29T23:59:59+02:00,4,9,6777,6839,14193,14453,17709,19471,29498,30640,36191,37264,25893,28930,18959,23678,5838,9866,3710,3796,6836,7118,7599,9044,9680,11895,12160,13870,13179,14818,13575,17212,5450,9139,209676,131714,35009,9131,76757,13478,4744,26,18
2021-05-28T23:59:59+02:00,4,9,6767,6827,14178,14436,17692,19450,29487,30627,36180,37246,25892,28926,18957,23674,5838,9866,3696,3773,6814,7078,7565,8992,9627,11791,11920,13601,12991,14627,13545,17172,5447,9136,209525,130428,35008,9130,76754,13459,4743,26,18
2021-05-27T23:59:59+02:00,4,9,6676,6746,13910,14219,17208,19103,28809,30086,36021,37115,25846,28892,18942,23660,5837,9860,3571,3613,6527,6828,7189,8686,9129,11233,11212,12706,12442,14059,13415,16981,5440,9124,208449,126922,33570,8801,76712,12231,4186,26,18
2021-05-26T23:59:59+02:00,4,9,6605,6638,13697,14017,16956,18796,28267,29575,35846,36940,25809,28847,18927,23636,5836,9855,3481,3470,6302,6539,6902,8260,8791,10756,10563,11910,11883,13444,13270,16766,5435,9102,206863,123325,32817,8619,76699,11060,3855,26,18
2021-05-25T23:59:59+02:00,4,9,6524,6543,13492,13796,16693,18586,27543,28929,35753,36844,25786,28819,18915,23620,5831,9854,3432,3379,6157,6371,6756,8071,8567,10465,10218,11546,11536,12969,13165,16604,5432,9094,206153,121490,31365,8480,76214,9994,3783,26,18
2021-05-24T23:59:59+02:00,4,9,6453,6446,13315,13596,16471,18303,27134,28504,35407,36446,25729,28751,18896,23597,5830,9852,3419,3357,6099,6289,6711,7988,8508,10370,10145,11449,11363,12739,13118,16513,5424,9074,205622,120869,29145,8435,76206,9503,3744,26,18
2021-05-23T23:59:59+02:00,4,9,6451,6445,13310,13587,16468,18293,27115,28494,35377,36412,25726,28745,18896,23591,5830,9852,3416,3353,6093,6279,6701,7981,8480,10340,10105,11393,11280,12638,13098,16482,5424,9073,205507,120864,29129,8023,76205,9496,3738,26,18
2021-05-22T23:59:59+02:00,4,9,6444,6441,13303,13576,16462,18289,27112,28493,35374,36406,25726,28745,18896,23591,5830,9852,3415,3353,6090,6276,6700,7977,8476,10338,10100,11390,11269,12624,13093,16478,5423,9073,205457,120824,29129,8023,76203,9475,3738,26,18
2021-05-21T23:59:59+02:00,4,9,6384,6381,13151,13470,16290,18138,26843,28317,34946,36139,25701,28709,18888,23585,5829,9848,3406,3343,6057,6255,6670,7943,8437,10289,10046,11340,10755,11913,12954,16319,5420,9068,204770,119071,29004,8020,75165,9442,3667,26,18
2021-05-20T23:59:59+02:00,3,8,6092,6180,12542,13053,15097,17215,24935,26823,33997,35372,25596,28564,18834,23504,5823,9833,3346,3298,5964,6138,6558,7789,8290,10130,9811,11035,10420,11465,12843,16138,5410,9055,200010,117092,27268,7944,72629,9100,3539,25,18
2021-05-19T23:59:59+02:00,3,8,5887,5939,12028,12595,14389,16512,23989,26012,33373,34776,25487,28474,18799,23448,5816,9821,3270,3225,5802,5968,6368,7550,8015,9850,9509,10656,10108,11051,12765,15993,5408,9047,194335,115189,27230,7749,72614,8480,3152,25,18
2021-05-18T23:59:59+02:00,3,7,5717,5830,11627,12273,13766,16013,22834,25063,32708,34170,25371,28339,18753,23398,5811,9812,3227,3197,5692,5862,6208,7392,7810,9640,9316,10419,9941,10803,12621,15774,5399,9038,189385,114064,26725,7681,72570,7789,2790,25,18
2021-05-17T23:59:59+02:00,3,6,5664,5785,11464,12166,13495,15791,22022,24429,32400,33856,25291,28280,18731,23368,5802,9803,3133,3127,5515,5683,6042,7186,7603,9422,9098,10182,9854,10681,12563,15711,5396,9033,187622,113355,26028,7675,72177,6680,2504,25,18
2021-05-16T23:59:59+02:00,3,6,5637,5765,11403,12111,13410,15711,21414,23882,31786,33327,25250,28237,18721,23353,5801,9803,3129,3105,5501,5614,6015,7127,7575,9320,9066,10098,9839,10662,12560,15708,5396,9033,186856,113246,24485,7669,71760,6325,2494,25,17
2021-05-15T23:59:59+02:00,3,6,5628,5756,11370,12102,13381,15701,21341,23811,31253,32953,25239,28232,18720,23350,5800,9802,3115,3090,5482,5572,6001,7052,7535,9205,8834,9844,9806,10631,12526,15657,5396,9032,186807,113241,24473,7531,71114,5963,2029,25,17
2021-05-14T23:59:59+02:00,3,6,5588,5731,11307,12064,13309,15636,20930,23500,30823,32608,25203,28187,18709,23333,5800,9800,3083,3050,5446,5483,5980,6918,7495,9003,8774,9650,9736,10522,12440,15532,5396,9028,186084,113073,24154,7203,70246,5218,2028,25,17
2021-05-13T23:59:59+02:00,3,6,5431,5574,10928,11769,12595,15049,18749,21759,29280,31147,24973,27943,18642,23261,5798,9797,3072,3017,5422,5444,5963,6861,7471,8933,8731,9591,9523,10281,12243,15235,5391,9019,182139,112723,20362,6397,68165,5050,2013,25,17
2021-05-12T23:59:59+02:00,2,6,5402,5547,10856,11711,12494,14961,18627,21635,28917,30783,24882,27848,18625,23232,5797,9792,3072,3013,5416,5438,5953,6847,7447,8918,8692,9537,9340,10052,12014,14915,5388,9012,181191,112443,19726,5540,68162,5044,2013,25,17
2021-05-11T23:59:59+02:00,2,6,5266,5444,10611,11466,12129,14588,18020,21000,27987,29817,24689,27660,18567,23158,5792,9777,3030,2972,5327,5283,5854,6664,7317,8679,8532,9315,9161,9861,11868,14728,5379,8994,177132,111416,18839,5433,68030,4148,1953,25,17
2021-05-10T23:59:59+02:00,2,5,5142,5366,10398,11271,11871,14334,17695,20668,27567,29410,24580,27553,18529,23111,5784,9773,2961,2919,5210,5166,5741,6562,7194,8538,8405,9208,9057,9737,11778,14600,5376,8986,175132,110887,18151,5422,67806,3170,1945,25,17
2021-05-09T23:59:59+02:00,2,5,5069,5318,10299,11158,11772,14217,17355,20387,27177,29037,24494,27467,18500,23075,5781,9770,2894,2888,5064,5123,5566,6519,7027,8509,8279,9173,9045,9727,11760,14580,5376,8986,174738,110811,16876,5412,67314,2349,1930,25,17
2021-05-08T23:59:59+02:00,2,5,5068,5317,10297,11154,11772,14217,17351,20385,27174,29034,24494,27467,18500,23075,5781,9770,2894,2887,5063,5123,5566,6519,7027,8509,8277,9173,9044,9726,11760,14580,5376,8986,174721,110808,16876,5412,67311,2346,1930,25,17
2021-05-07T23:59:59+02:00,2,5,5034,5291,10229,11101,11644,14093,16951,20110,26538,28476,24446,27416,18483,23041,5774,9741,2884,2879,5046,5113,5555,6500,7015,8498,8269,9162,9038,9718,11749,14558,5368,8959,173890,110793,16872,5400,65787,2303,1801,25,17
2021-05-06T23:59:59+02:00,1,5,4764,5130,9767,10757,11085,13578,15867,19091,24133,26190,23948,26892,18377,22938,5769,9727,2842,2835,4979,5038,5515,6409,6932,8379,8139,9014,8938,9608,11725,14508,5365,8956,168872,110257,14424,5344,62910,1777,1790,23,17
2021-05-05T23:59:59+02:00,1,5,4687,5053,9474,10528,10746,13252,15287,18486,23291,25230,23687,26568,18308,22832,5759,9709,2822,2799,4929,4951,5456,6288,6848,8213,8015,8799,8833,9477,11648,14424,5364,8948,165212,109321,13121,5339,62760,1352,1787,23,17
2021-05-04T23:59:59+02:00,1,5,4603,4962,9300,10324,10539,13011,14900,18088,22750,24666,23474,26295,18236,22753,5751,9696,2813,2765,4901,4876,5423,6170,6794,8073,7922,8645,8730,9367,11574,14366,5362,8945,162959,108825,12002,5329,62603,790,1767,23,17
2021-05-03T23:59:59+02:00,1,5,4531,4888,9108,10187,10362,12836,14617,17842,22341,24251,23335,26146,18209,22706,5751,9690,2737,2695,4814,4802,5347,6085,6698,7967,7741,8480,8644,9281,11535,14317,5359,8940,161455,108605,12001,5326,62511,680,816,23,17
2021-05-02T23:59:59+02:00,1,5,4518,4874,9031,10129,10237,12723,14291,17534,22039,23965,23285,26088,18190,22681,5750,9689,2731,2688,4754,4769,5257,6001,6561,7838,7624,8380,8598,9240,11511,14283,5357,8935,160567,108490,11998,5324,62407,663,35,23,17
2021-05-01T23:59:59+02:00,1,5,4518,4872,9029,10128,10236,12723,14288,17531,22037,23965,23284,26087,18190,22681,5750,9689,2731,2688,4754,4769,5257,6001,6560,7838,7624,8380,8598,9240,11511,14283,5357,8935,160551,108490,11998,5323,62407,663,35,23,17
2021-04-30T23:59:59+02:00,0,5,4446,4781,8787,9915,9974,12480,13806,17106,21196,23197,23158,25951,18174,22653,5747,9686,2728,2686,4744,4762,5248,5967,6548,7808,7590,8343,8594,9238,11510,14280,5355,8934,156962,108465,11997,5321,62078,532,2,23,17
2021-04-29T23:59:59+02:00,0,5,4297,4638,8306,9507,9277,11877,12806,16210,19358,21521,22455,25195,18036,22444,5741,9669,2705,2665,4703,4690,5205,5893,6489,7702,7514,8226,8485,9124,11445,14204,5349,8925,147808,107985,11983,5049,61527,273,2,22,17
2021-04-28T23:59:59+02:00,0,5,4264,4619,8235,9433,9201,11791,12688,16091,19141,21307,22367,25103,18008,22403,5739,9664,2702,2654,4677,4631,5178,5849,6459,7628,7465,8144,8468,9100,11429,14182,5348,8919,147429,107793,11893,4977,60714,48,1,22,16
2021-04-27T23:59:59+02:00,0,5,4224,4573,8097,9294,9088,11640,12544,15922,18693,20810,22139,24845,17943,22326,5736,9655,2699,2650,4675,4627,5168,5841,6446,7609,7433,8107,8410,9021,11348,14102,5344,8916,146704,107538,10814,4805,59994,40,1,21,14
2021-04-26T23:59:59+02:00,0,5,4182,4545,7991,9199,8942,11535,12370,15749,18282,20446,22005,24699,17908,22298,5736,9654,2699,2648,4671,4624,5164,5831,6431,7589,7401,8079,8362,8973,11293,14024,5341,8899,145936,107433,10679,4549,58910,35,0,21,14
2021-04-25T23:59:59+02:00,0,5,4168,4530,7955,9169,8878,11473,12236,15619,17937,20116,21806,24462,17868,22243,5732,9649,2699,2648,4670,4623,5162,5827,6426,7586,7399,8075,8306,8914,11270,13996,5341,8898,144558,107412,10668,4382,58599,34,0,21,14
2021-04-24T23:59:59+02:00,0,5,4162,4522,7940,9165,8863,11463,12188,15589,17879,20078,21790,24449,17866,22238,5732,9649,2698,2648,4670,4623,5162,5827,6426,7586,7399,8075,8306,8914,11270,13996,5341,8898,144462,107412,10668,4382,58427,33,0,21,14
2021-04-23T23:59:59+02:00,0,5,4142,4489,7883,9102,8780,11362,11848,15264,17446,19681,21576,24216,17804,22161,5730,9641,2695,2646,4667,4620,5155,5820,6412,7577,7376,8044,8285,8887,11262,13988,5339,8895,143202,107400,10321,4224,57586,32,0,21,14
2021-04-22T23:59:59+02:00,0,5,4093,4424,7751,8910,8595,11103,11522,14845,16533,18697,21006,23511,17670,21981,5721,9622,2686,2640,4662,4600,5132,5794,6370,7541,7307,7998,8151,8733,11120,13836,5335,8886,139471,106783,10197,3971,56301,25,0,20,14
2021-04-21T23:59:59+02:00,0,5,4051,4381,7649,8791,8439,10945,11229,14566,15800,17941,20628,23063,17598,21876,5716,9609,2678,2629,4644,4581,5116,5773,6358,7526,7282,7977,8102,8672,11083,13797,5333,8884,136564,106506,10068,3895,55639,23,0,16,13
2021-04-20T23:59:59+02:00,0,5,4026,4355,7614,8739,8362,10865,11067,14392,15366,17465,20167,22549,17498,21724,5708,9598,2670,2620,4634,4568,5091,5753,6330,7502,7242,7938,8008,8540,11009,13710,5329,8880,134421,105936,9804,3855,55259,22,0,16,13
2021-04-19T23:59:59+02:00,0,5,3995,4305,7552,8635,8270,10726,10910,14211,15113,17171,19689,21985,17333,21510,5697,9586,2665,2619,4628,4564,5078,5738,6311,7485,7217,7894,7955,8486,10983,13664,5326,8875,132361,105603,9450,3852,54866,22,0,16,13
2021-04-18T23:59:59+02:00,0,5,3977,4276,7492,8584,8164,10599,10651,13969,14622,16632,19260,21477,17211,21324,5693,9580,2665,2619,4628,4564,5078,5738,6310,7482,7215,7893,7951,8483,10981,13660,5325,8872,129950,105582,9380,3850,54170,21,0,16,13
2021-04-17T23:59:59+02:00,0,5,3973,4268,7472,8578,8154,10581,10609,13923,14512,16544,19139,21353,17189,21296,5691,9578,2665,2619,4627,4562,5073,5733,6296,7477,7190,7870,7905,8437,10962,13637,5324,8872,129511,105573,9371,3644,53967,21,0,16,13
2021-04-16T23:59:59+02:00,0,5,3962,4225,7400,8456,8051,10424,10415,13662,13843,15785,18572,20710,17064,21121,5680,9561,2662,2616,4622,4557,5069,5721,6279,7466,7152,7835,7599,8050,10872,13499,5316,8856,126670,104783,9311,3356,52939,21,0,16,13
2021-04-15T23:59:59+02:00,0,4,3918,4171,7287,8325,7881,10186,10080,13272,13114,14927,17764,19844,16822,20798,5667,9540,2661,2608,4610,4541,5056,5691,6249,7431,7083,7766,7044,7413,10756,13347,5312,8845,123019,103163,9153,3220,51412,19,0,16,13
2021-04-14T23:59:59+02:00,0,3,3891,4142,7221,8219,7775,10036,9906,13073,12696,14481,17239,19233,16671,20589,5662,9527,2628,2589,4592,4509,5027,5644,6214,7398,7026,7705,6415,6664,10494,13062,5308,8837,121632,100867,8920,3220,49796,14,0,16,13
2021-04-13T23:59:59+02:00,0,3,3888,4136,7184,8203,7718,10003,9798,13021,12323,14189,16550,18387,16435,20288,5658,9521,2604,2562,4572,4484,5003,5611,6155,7330,6937,7604,6204,6415,9931,12414,5300,8818,120942,98707,8702,3213,47645,14,0,16,12
2021-04-12T23:59:59+02:00,0,3,3874,4118,7132,8157,7662,9935,9690,12919,12076,13976,16107,17870,16248,20074,5653,9518,2575,2551,4506,4442,4896,5542,6041,7254,6819,7505,5461,5596,9483,11878,5260,8776,120608,95356,8667,3205,45721,14,0,16,12
2021-04-11T23:59:59+02:00,0,3,3861,4111,7091,8105,7604,9891,9597,12841,11838,13769,15543,17182,15973,19733,5648,9508,2499,2468,4377,4320,4742,5409,5878,7102,6667,7399,5159,5235,9352,11719,5260,8772,120022,93179,8239,3156,44021,13,0,16,12
2021-04-10T23:59:59+02:00,0,3,3843,4092,7052,8058,7560,9835,9537,12782,11746,13684,15326,16991,15924,19665,5647,9501,1942,1901,3558,3600,3868,4644,4873,6182,5812,6614,4886,4929,9224,11566,5254,8763,119558,84437,8239,3156,43433,13,0,16,12
2021-04-09T23:59:59+02:00,0,3,3823,4072,7014,8029,7496,9779,9384,12654,11419,13399,14144,15461,15483,19135,5635,9491,1083,1074,2203,2409,2361,3274,3089,4541,4194,5153,4204,4197,8978,11214,5230,8734,117665,68762,8237,3153,40503,13,0,16,12
2021-04-08T23:59:59+02:00,0,3,3797,4056,6953,7976,7393,9685,9198,12535,11015,13045,13013,14207,15074,18614,5616,9461,582,585,1286,1704,1455,2344,1989,3458,2812,3767,2962,2799,8180,10241,5090,8514,116424,54596,8156,3150,37045,12,0,16,12
2021-04-07T23:59:59+02:00,0,3,3750,4031,6875,7922,7300,9616,9071,12405,10705,12738,12286,13438,14857,18349,5610,9442,351,368,935,1359,1051,1959,1479,2997,1868,2760,1779,1514,7277,9103,4936,8255,115463,44823,8005,3150,34915,8,0,15,12
2021-04-06T23:59:59+02:00,0,3,3734,4019,6853,7884,7245,9549,8978,12325,10494,12520,11901,12943,14636,18052,5599,9428,344,354,927,1349,1036,1938,1452,2969,1809,2701,1700,1448,6870,8551,4786,8018,114184,43086,7906,3149,34060,7,0,13,12
2021-04-05T23:59:59+02:00,0,3,3730,4018,6842,7872,7233,9539,8959,12296,10429,12461,11790,12798,14538,17960,5597,9425,342,348,916,1345,1030,1930,1442,2949,1788,2667,1647,1395,6644,8251,4664,7836,113848,42029,7885,3148,33744,7,0,13,12
2021-04-04T23:59:59+02:00,0,3,3730,4018,6840,7866,7232,9538,8956,12296,10419,12456,11787,12794,14535,17959,5597,9425,342,347,916,1345,1029,1928,1441,2948,1786,2664,1644,1390,6637,8238,4659,7833,113843,41983,7884,3147,33711,7,0,13,12
2021-04-03T23:59:59+02:00,0,3,3730,4018,6840,7865,7231,9538,8956,12296,10418,12456,11787,12793,14533,17957,5597,9425,342,346,914,1341,1027,1927,1440,2943,1784,2664,1639,1378,6594,8157,4624,7798,113839,41754,7884,3147,33707,7,0,13,12
2021-04-02T23:59:59+02:00,0,3,3728,4016,6838,7862,7225,9532,8944,12289,10402,12440,11660,12679,14490,17900,5593,9417,340,344,912,1334,1021,1916,1425,2918,1744,2625,1544,1292,5832,7259,4192,7236,113716,39092,7879,2825,33410,7,0,13,12
2021-04-01T23:59:59+02:00,0,2,3689,4004,6804,7840,7183,9501,8892,12250,10331,12370,11322,12273,14117,17391,5589,9404,335,341,896,1319,1009,1897,1393,2872,1685,2561,1421,1199,4902,6157,3642,6415,113333,35207,6480,2820,33136,7,0,13,12
2021-03-31T23:59:59+02:00,0,2,3683,4000,6789,7821,7167,9483,8857,12218,10243,12299,10992,11868,13774,16898,5583,9383,332,338,888,1311,999,1882,1373,2844,1635,2526,1356,1147,4330,5493,3296,5957,112761,32943,5484,2747,32802,7,0,13,12
2021-03-30T23:59:59+02:00,0,2,3665,3976,6753,7783,7110,9417,8769,12114,10081,12144,10734,11591,13551,16632,5577,9369,328,332,882,1301,992,1876,1350,2838,1609,2500,1330,1121,4212,5371,3236,5865,111940,32574,5234,2552,32081,7,0,13,12
2021-03-29T23:59:59+02:00,0,2,3656,3954,6727,7761,7070,9364,8673,12019,9900,11937,10302,11123,13178,16166,5560,9336,323,328,878,1291,986,1868,1342,2827,1593,2491,1305,1107,4079,5228,3139,5735,110269,31958,4926,2546,31520,6,0,13,12
2021-03-28T23:59:59+02:00,0,2,3615,3899,6612,7604,6953,9224,8546,11826,9748,11748,10091,10863,13002,15980,5555,9326,323,328,878,1291,984,1867,1341,2827,1592,2489,1296,1104,4046,5186,3113,5710,109897,31916,4662,2444,30022,5,0,13,12
2021-03-27T23:59:59+01:00,0,2,3614,3888,6600,7539,6924,9110,8497,11655,9696,11594,9977,10740,12908,15892,5554,9326,323,327,878,1291,984,1864,1341,2825,1588,2488,1294,1102,4020,5151,3100,5695,109888,31813,4662,2443,28953,5,0,13,12
2021-03-26T23:59:59+01:00,0,2,3608,3880,6572,7502,6895,9037,8449,11543,9605,11466,9928,10677,12862,15838,5547,9306,318,325,877,1288,980,1852,1338,2804,1567,2475,1269,1086,3840,4930,2994,5542,109832,31068,4442,2402,28430,5,0,13,12
2021-03-25T23:59:59+01:00,0,2,3585,3849,6481,7375,6803,8873,8258,11311,9296,11150,9550,10295,12559,15523,5542,9297,318,324,875,1280,977,1841,1325,2791,1543,2456,1243,1067,3607,4688,2744,5208,109459,29871,4235,2402,26042,4,0,13,12
2021-03-24T23:59:59+01:00,0,2,3530,3798,6393,7190,6683,8647,8091,11076,9071,10826,9135,9808,12142,15064,5531,9287,318,323,874,1277,972,1839,1317,2787,1527,2440,1235,1057,3541,4615,2563,4988,108948,29260,4098,2402,23215,1,0,13,12
2021-03-23T23:59:59+01:00,0,2,3512,3765,6344,7134,6608,8589,7973,10947,8823,10593,8715,9339,11691,14545,5522,9272,318,323,873,1267,967,1830,1312,2778,1523,2433,1211,1032,3449,4539,2371,4673,108136,28486,4005,2402,21220,1,0,13,12
2021-03-22T23:59:59+01:00,0,2,3504,3745,6301,7105,6574,8542,7907,10871,8674,10457,8436,8986,11388,14220,5486,9233,316,318,867,1257,959,1823,1305,2767,1514,2423,1200,1023,3421,4504,2352,4640,107466,28277,4002,2401,19950,1,0,13,12
2021-03-21T23:59:59+01:00,0,2,3502,3743,6297,7094,6557,8526,7888,10852,8618,10400,8317,8869,11318,14118,5484,9230,314,317,858,1254,952,1816,1296,2765,1510,2419,1196,1020,3412,4489,2338,4631,107381,28175,4001,2401,19420,1,0,13,12
2021-03-20T23:59:59+01:00,0,2,3494,3705,6289,7023,6542,8389,7863,10668,8574,10264,8239,8783,11280,14079,5484,9230,314,317,858,1254,952,1816,1295,2765,1510,2417,1196,1020,3412,4488,2338,4630,107349,28171,3789,2400,18757,1,0,13,12
2021-03-19T23:59:59+01:00,0,2,3481,3676,6263,6941,6518,8296,7818,10551,8461,10104,7702,8177,11097,13838,5474,9212,311,316,853,1247,935,1806,1272,2734,1460,2372,1112,953,2749,3700,1928,4062,105738,25399,3490,2400,18370,1,0,13,12
2021-03-18T23:59:59+01:00,0,2,3470,3658,6222,6900,6485,8235,7755,10466,8346,9975,6747,7085,10818,13538,5464,9187,310,316,850,1242,929,1797,1253,2726,1435,2353,1075,936,2542,3461,1772,3841,102727,24427,3333,2400,18280,1,0,13,12
2021-03-17T23:59:59+01:00,0,2,3433,3620,6151,6816,6432,8132,7665,10339,8216,9817,6068,6245,10532,13235,5447,9161,309,316,843,1238,925,1785,1239,2704,1417,2329,1039,914,2423,3337,1693,3732,99964,23832,3332,2400,18002,1,0,13,12
2021-03-16T23:59:59+01:00,0,2,3415,3591,6112,6763,6387,8059,7612,10275,8126,9716,5892,6069,9840,12452,5408,9098,302,307,829,1222,913,1776,1233,2685,1404,2321,1025,895,2211,3099,1560,3538,97745,22911,3322,2398,17737,1,0,13,12
2021-03-15T23:59:59+01:00,0,2,3378,3559,6016,6684,6258,7967,7470,10156,7997,9591,5140,5236,9398,11905,5365,9028,301,306,826,1218,912,1769,1231,2672,1395,2312,1012,883,2069,2927,1474,3445,94239,22344,3315,2397,17583,1,0,13,12
2021-03-14T23:59:59+01:00,0,2,3253,3412,5740,6338,5982,7606,7158,9742,7712,9277,4807,4845,9241,11708,5361,9018,301,306,826,1218,911,1769,1229,2671,1393,2309,1010,881,2066,2924,1471,3444,91847,22324,3260,2394,16082,1,0,13,12
2021-03-13T23:59:59+01:00,0,2,2599,2750,4800,5470,4964,6677,5963,8624,6697,8334,4494,4462,8858,11189,5271,8910,301,306,825,1216,911,1764,1226,2669,1392,2309,1010,880,2042,2888,1441,3409,81161,22184,3260,2394,15630,1,0,13,12
2021-03-12T23:59:59+01:00,0,2,1773,1929,3463,4320,3458,5345,4216,6985,5063,6828,3828,3759,7611,9642,4771,8231,297,303,823,1212,905,1757,1218,2650,1366,2292,964,855,1694,2427,1173,3058,62353,20589,3257,2394,15601,1,0,13,12
2021-03-11T23:59:59+01:00,0,2,1273,1452,2560,3581,2554,4406,3123,5896,3701,5444,2653,2482,5918,7533,4008,7057,292,294,807,1203,892,1734,1200,2621,1341,2246,927,835,1537,2198,1050,2870,45078,19643,3255,2394,15297,1,0,13,11
2021-03-10T23:59:59+01:00,0,2,1049,1234,2193,3221,2180,4015,2672,5456,2798,4477,1525,1285,4570,5817,3453,6289,282,284,789,1184,870,1698,1167,2548,1303,2180,902,815,1358,2008,954,2697,34073,18742,3255,2287,14895,1,0,13,11
2021-03-09T23:59:59+01:00,0,2,1033,1207,2127,3080,2115,3900,2587,5322,2715,4351,1491,1255,4495,5744,3414,6232,278,277,775,1163,853,1671,1142,2508,1285,2152,888,803,1281,1884,883,2587,33669,18177,3252,2243,14136,1,0,13,11
2021-03-08T23:59:59+01:00,0,2,1012,1176,2070,2981,2075,3818,2528,5209,2659,4279,1453,1235,4349,5586,3313,6091,278,273,770,1155,851,1662,1134,2500,1278,2136,864,782,1115,1659,760,2423,32980,17391,3252,2239,13591,1,0,13,11
2021-03-07T23:59:59+01:00,0,2,1007,1157,2030,2938,2033,3777,2488,5144,2618,4242,1448,1232,4342,5578,3311,6091,278,273,770,1155,851,1662,1134,2500,1277,2136,861,782,1106,1649,752,2412,32950,17391,3246,2198,13229,0,0,13,11
2021-03-06T23:59:59+01:00,0,2,1007,1153,2019,2924,2021,3758,2472,5117,2600,4221,1435,1222,4308,5534,3297,6079,278,273,770,1155,851,1661,1134,2500,1277,2136,861,782,1106,1649,752,2411,32806,17390,3245,2197,13105,0,0,13,11
2021-03-05T23:59:59+01:00,0,2,1003,1149,2004,2904,1991,3735,2429,5065,2547,4184,1399,1194,4042,5209,3147,5858,277,270,763,1148,846,1654,1131,2491,1274,2126,847,778,1098,1640,751,2409,32067,17297,2914,2197,12868,0,0,13,11
2021-03-04T23:59:59+01:00,0,2,909,1002,1917,2776,1923,3598,2353,4911,2457,4026,1369,1173,3802,4950,2883,5509,277,268,761,1143,844,1646,1130,2480,1270,2119,818,764,1088,1629,744,2397,30821,17195,2910,2174,11816,0,0,13,11
2021-03-03T23:59:59+01:00,0,2,863,895,1852,2680,1853,3493,2284,4795,2383,3942,1357,1160,3692,4845,2661,5237,276,266,760,1134,841,1628,1124,2438,1260,2093,801,760,1080,1611,737,2390,30149,17169,2794,2021,11038,0,0,13,11
2021-03-02T23:59:59+01:00,0,2,818,820,1755,2556,1768,3369,2192,4671,2322,3864,1322,1138,3563,4710,2458,4892,276,265,759,1128,838,1625,1120,2433,1256,2083,799,758,1066,1590,726,2371,29426,17064,2605,2020,10176,0,0,13,11
2021-03-01T23:59:59+01:00,0,2,795,781,1655,2412,1697,3225,2092,4499,2242,3743,1304,1126,3512,4647,2414,4830,276,264,755,1124,837,1613,1116,2421,1251,2073,793,756,1061,1579,719,2364,29173,16973,2521,2020,9269,0,0,13,11
2021-02-28T23:59:59+01:00,0,2,789,758,1636,2346,1670,3153,2069,4399,2228,3676,1298,1120,3502,4633,2400,4820,275,263,755,1123,837,1608,1116,2419,1251,2068,790,754,1053,1566,715,2354,29067,16951,2519,1987,8900,0,0,13,11
2021-02-27T23:59:59+01:00,0,2,774,741,1614,2286,1653,3042,2050,4273,2207,3580,1295,1117,3502,4631,2399,4819,275,263,755,1123,837,1607,1116,2419,1251,2067,790,754,1053,1566,715,2353,29063,16949,2518,1986,8391,0,0,13,11
2021-02-26T23:59:59+01:00,0,2,646,660,1509,2173,1601,2883,1987,4036,2106,3344,1205,1046,2852,3838,1974,4237,275,263,754,1121,836,1606,1116,2417,1249,2064,788,749,1035,1553,705,2337,26275,16875,2518,1984,7293,0,0,13,11
2021-02-25T23:59:59+01:00,0,2,496,580,1390,2071,1534,2755,1926,3907,2006,3233,1156,1014,2622,3568,1810,3994,258,248,729,1097,794,1538,1069,2319,1176,1972,731,728,1004,1516,693,2309,25210,16782,2491,1390,6350,0,0,13,11
2021-02-24T23:59:59+01:00,0,2,466,549,1321,1958,1461,2611,1856,3754,1929,3084,1118,984,2483,3431,1731,3875,229,235,702,1052,768,1476,1040,2259,1122,1922,704,705,958,1487,682,2279,24559,16596,2480,1015,5561,0,0,13,11
2021-02-23T23:59:59+01:00,0,2,410,509,1239,1818,1387,2465,1779,3543,1858,2962,1093,950,2280,3203,1606,3689,224,229,687,1029,757,1437,1018,2216,1097,1881,695,693,949,1473,679,2275,23638,16511,2470,819,4672,0,0,13,11
2021-02-22T23:59:59+01:00,0,2,397,476,1140,1707,1285,2368,1670,3437,1777,2891,1072,937,2139,3031,1521,3594,213,220,665,978,726,1374,993,2122,1053,1800,652,661,880,1397,643,2219,23066,16323,2466,264,3899,0,0,13,11
2021-02-21T23:59:59+01:00,0,2,378,460,1039,1675,1133,2344,1515,3414,1675,2873,1064,935,2138,3030,1521,3594,186,214,634,970,715,1366,979,2117,1048,1798,649,658,877,1393,635,2212,23037,16192,2466,250,3274,0,0,13,11
2021-02-20T23:59:59+01:00,0,2,378,458,1038,1675,1132,2344,1513,3412,1675,2871,1064,934,2137,3030,1520,3593,185,212,631,970,712,1365,973,2114,1046,1798,649,658,877,1393,635,2212,23030,16171,2465,250,3268,0,0,13,11
2021-02-19T23:59:59+01:00,0,2,373,449,1026,1671,1122,2334,1500,3394,1643,2856,1014,906,1766,2524,1223,3211,164,202,605,966,694,1357,956,2112,1040,1796,646,657,875,1393,634,2211,21292,16049,2465,250,3244,0,0,13,11
2021-02-18T23:59:59+01:00,0,2,353,429,986,1589,1084,2247,1447,3276,1602,2766,984,883,1593,2281,1094,3007,144,191,566,955,674,1345,922,2096,1016,1776,635,638,854,1365,620,2190,20312,15728,2465,250,2833,0,0,13,11
2021-02-17T23:59:59+01:00,0,2,330,376,902,1447,977,2047,1313,3022,1490,2546,947,853,1404,2069,993,2830,138,184,554,924,648,1294,889,2018,966,1700,601,606,847,1339,615,2171,19239,15235,2465,250,1831,0,0,13,11
2021-02-16T23:59:59+01:00,0,2,324,338,858,1309,925,1859,1252,2797,1424,2385,936,836,1341,1973,926,2734,132,171,540,881,633,1240,863,1955,936,1658,591,596,825,1308,602,2111,18870,14919,2464,114,872,0,0,13,11
2021-02-15T23:59:59+01:00,0,2,308,298,830,1278,908,1803,1212,2713,1386,2329,908,804,1164,1741,797,2558,123,163,519,853,615,1178,839,1882,913,1581,570,559,807,1271,593,2069,17959,14452,2463,74,604,0,0,13,11
2021-02-14T23:59:59+01:00,0,2,308,298,829,1278,907,1803,1210,2713,1386,2329,908,804,1164,1741,797,2558,123,163,518,846,611,1173,833,1876,909,1578,569,559,805,1270,592,2066,17958,14408,2463,74,601,0,0,13,11
2021-02-13T23:59:59+01:00,0,2,308,298,829,1278,907,1800,1210,2711,1386,2327,908,804,1164,1741,797,2558,123,163,518,846,611,1173,831,1873,907,1574,567,559,790,1250,580,2050,17951,14406,2463,0,601,0,0,13,11
2021-02-12T23:59:59+01:00,0,2,304,297,819,1273,903,1770,1204,2683,1358,2298,906,802,1163,1738,797,2558,123,163,516,843,610,1166,825,1861,901,1561,564,557,776,1239,574,2037,17942,14307,2463,0,457,0,0,13,11
2021-02-11T23:59:59+01:00,0,2,285,288,804,1238,897,1736,1188,2617,1336,2243,871,789,1153,1726,796,2548,121,149,498,802,588,1101,791,1761,878,1501,551,543,752,1204,560,2006,17830,13797,2462,0,212,0,0,13,11
2021-02-10T23:59:59+01:00,0,2,282,282,785,1200,884,1706,1176,2571,1321,2201,866,787,1138,1710,791,2532,117,140,433,720,547,1008,715,1641,826,1421,537,527,738,1184,550,1978,17806,13084,2357,0,58,0,0,13,0
2021-02-09T23:59:59+01:00,0,2,282,279,781,1186,873,1690,1162,2552,1307,2177,851,782,1124,1693,780,2516,100,121,378,633,495,878,636,1444,737,1234,485,449,617,1023,482,1738,17710,11452,2311,0,3,0,0,13,0
2021-02-08T23:59:59+01:00,0,2,282,278,779,1181,873,1683,1160,2548,1301,2169,845,779,1108,1671,763,2495,90,99,334,543,443,779,547,1237,632,1070,410,375,535,836,389,1432,17595,9753,2308,0,1,0,0,13,0
2021-02-07T23:59:59+01:00,0,2,281,277,777,1180,872,1683,1160,2547,1301,2166,839,777,1106,1668,762,2493,88,98,332,538,441,775,545,1228,628,1064,405,370,514,813,383,1418,17570,9642,2308,0,0,0,0,13,0
2021-02-06T23:59:59+01:00,0,2,281,276,777,1179,872,1682,1160,2547,1301,2165,838,776,1104,1662,761,2491,88,97,332,535,440,774,544,1224,626,1063,401,365,466,744,355,1373,17554,9429,2307,0,0,0,0,13,0
2021-02-05T23:59:59+01:00,0,2,281,276,777,1178,871,1681,1159,2546,1300,2162,831,770,1081,1652,754,2475,82,95,324,529,424,756,518,1191,597,1022,378,338,446,721,341,1333,17476,9096,2307,0,0,0,0,13,0
2021-02-04T23:59:59+01:00,0,2,278,269,774,1157,859,1659,1146,2518,1286,2138,809,757,1053,1622,747,2459,68,77,254,408,329,591,402,963,484,820,305,274,335,577,277,1114,17236,7278,2284,0,0,0,0,13,0
2021-02-03T23:59:59+01:00,0,2,277,264,770,1136,857,1633,1139,2468,1273,2108,790,743,1036,1599,738,2445,54,54,168,279,255,440,282,714,360,581,209,194,237,424,194,837,17140,5282,2125,0,0,0,0,13,0
2021-02-02T23:59:59+01:00,0,2,276,259,766,1128,852,1611,1130,2444,1261,2091,786,736,1027,1588,736,2437,35,34,91,138,147,251,171,446,232,364,135,124,160,255,136,539,16992,3258,2125,0,0,0,0,13,0
2021-02-01T23:59:59+01:00,0,2,274,256,761,1109,844,1590,1125,2414,1257,2058,778,723,1020,1578,732,2424,11,12,14,26,25,62,44,88,69,100,49,45,57,73,39,178,16808,892,2125,0,0,0,0,12,0
2021-01-31T23:59:59+01:00,0,2,268,254,745,1107,836,1579,1115,2403,1246,2049,772,717,1010,1561,725,2411,10,12,13,25,23,59,38,83,62,92,46,45,53,66,36,165,16773,828,2015,0,0,0,0,12,0
2021-01-30T23:59:59+01:00,0,2,268,254,745,1106,835,1579,1115,2403,1246,2049,771,717,1010,1560,725,2410,10,10,13,25,23,59,38,83,61,90,45,44,52,66,36,164,16769,819,2014,0,0,0,0,12,0
2021-01-29T23:59:59+01:00,0,2,268,254,745,1105,835,1579,1115,2403,1246,2048,770,716,1009,1558,725,2408,9,5,12,24,23,58,36,81,60,90,44,43,52,66,36,164,16762,803,2012,0,0,0,0,12,0
2021-01-28T23:59:59+01:00,0,2,264,249,733,1080,800,1524,1078,2343,1170,1990,729,702,980,1538,709,2386,4,0,3,6,9,23,18,36,20,45,21,22,23,44,15,97,16583,386,1682,0,0,0,0,12,0
2021-01-27T23:59:59+01:00,0,2,258,242,710,1048,752,1468,1021,2262,1097,1909,694,675,966,1517,706,2379,3,0,3,4,6,19,14,22,13,32,6,9,10,9,4,27,16134,181,1560,0,0,0,0,12,0
2021-01-26T23:59:59+01:00,0,2,234,233,693,1024,744,1418,1001,2188,1070,1844,682,661,943,1501,696,2360,3,0,1,4,5,9,12,12,6,11,3,5,6,7,1,16,16083,101,1199,0,0,0,0,12,0
2021-01-25T23:59:59+01:00,0,2,202,218,641,950,692,1295,959,2042,1012,1709,634,606,866,1406,653,2287,3,0,1,4,5,9,12,12,6,11,3,5,6,7,1,16,15857,101,305,0,0,0,0,12,0
2021-01-24T23:59:59+01:00,0,2,185,212,615,938,673,1281,941,2026,997,1699,627,600,856,1386,644,2274,3,0,1,4,5,9,11,12,5,11,3,5,6,7,1,16,15684,99,260,0,0,0,0,12,0
2021-01-23T23:59:59+01:00,0,2,185,212,615,938,673,1281,941,2026,997,1699,627,600,856,1386,644,2274,3,0,1,4,5,9,9,12,5,11,3,5,6,7,1,16,15684,97,260,0,0,0,0,12,0
2021-01-22T23:59:59+01:00,0,2,138,194,557,928,655,1267,907,2016,986,1688,622,599,855,1386,644,2274,3,0,0,4,5,9,9,12,5,11,3,5,6,7,1,16,15446,96,260,0,0,0,0,12,0
2021-01-21T23:59:59+01:00,0,2,133,186,542,905,634,1226,874,1962,964,1640,611,578,843,1355,637,2255,3,0,0,4,4,9,9,12,5,11,3,5,6,7,1,15,15075,94,260,0,0,0,0,12,0
2021-01-20T23:59:59+01:00,0,2,128,170,495,839,611,1150,811,1852,928,1569,590,561,825,1332,627,2227,3,0,0,4,4,9,9,12,5,11,3,5,6,7,1,15,14447,94,258,0,0,0,0,12,0
2021-01-19T23:59:59+01:00,0,2,115,149,422,752,545,1020,726,1653,823,1404,544,507,723,1172,554,1978,3,0,0,4,4,8,9,12,5,11,3,5,6,7,1,15,12886,93,191,0,0,0,0,12,0
2021-01-18T23:59:59+01:00,0,2,97,117,353,599,454,848,596,1392,697,1198,477,441,639,1015,487,1711,1,0,0,1,0,0,0,0,0,0,0,0,0,1,0,0,11030,3,81,0,0,0,0,12,0
2021-01-17T23:59:59+01:00,0,2,93,115,349,594,453,843,594,1373,689,1188,472,432,612,986,471,1670,1,0,0,1,0,0,0,0,0,0,0,0,0,1,0,0,10843,3,81,0,0,0,0,12,0
2021-01-16T23:59:59+01:00,0,2,93,112,347,586,450,838,583,1360,678,1176,457,418,517,860,410,1573,0,0,0,1,0,0,0,0,0,0,0,0,0,0,0,0,10446,1,2,0,0,0,0,12,0
2021-01-15T23:59:59+01:00,0,2,92,110,342,584,444,833,577,1353,661,1160,441,400,509,848,402,1550,0,0,0,0,0,0,0,0,0,0,0,0,0,0,0,0,10296,0,0,0,0,0,0,12,0
2021-01-14T23:59:59+01:00,0,0,75,88,285,482,366,671,460,1100,541,978,363,320,399,694,332,1320,0,0,0,0,0,0,0,0,0,0,0,0,0,0,0,0,8462,0,0,0,0,0,0,12,0
2021-01-13T23:59:59+01:00,0,0,61,65,201,364,290,499,347,818,415,697,253,224,291,519,250,1014,0,0,0,0,0,0,0,0,0,0,0,0,0,0,0,0,6297,0,0,0,0,0,0,11,0
2021-01-12T23:59:59+01:00,0,0,40,42,121,215,177,309,206,526,276,431,159,142,186,336,171,682,0,0,0,0,0,0,0,0,0,0,0,0,0,0,0,0,4019,0,0,0,0,0,0,0,0
2021-01-11T23:59:59+01:00,0,0,11,14,41,57,41,90,59,119,91,127,65,58,83,103,49,223,0,0,0,0,0,0,0,0,0,0,0,0,0,0,0,0,1231,0,0,0,0,0,0,0,0
2021-01-10T23:59:59+01:00,0,0,11,14,29,47,34,72,50,110,78,117,57,54,77,93,46,209,0,0,0,0,0,0,0,0,0,0,0,0,0,0,0,0,1098,0,0,0,0,0,0,0,0
2021-01-09T23:59:59+01:00,0,0,11,13,26,46,34,72,49,109,76,114,56,53,76,92,45,208,0,0,0,0,0,0,0,0,0,0,0,0,0,0,0,0,1080,0,0,0,0,0,0,0,0
2021-01-08T23:59:59+01:00,0,0,7,6,26,41,32,69,46,107,75,113,53,49,71,87,41,208,0,0,0,0,0,0,0,0,0,0,0,0,0,0,0,0,1031,0,0,0,0,0,0,0,0
2021-01-07T23:59:59+01:00,0,0,5,1,9,20,15,36,28,77,33,77,32,27,47,74,28,162,0,0,0,0,0,0,0,0,0,0,0,0,0,0,0,0,671,0,0,0,0,0,0,0,0
2021-01-06T23:59:59+01:00,0,0,5,0,4,8,10,28,25,43,19,47,26,24,34,51,19,120,0,0,0,0,0,0,0,0,0,0,0,0,0,0,0,0,463,0,0,0,0,0,0,0,0
2021-01-05T23:59:59+01:00,0,0,5,0,4,8,10,28,25,43,19,47,26,24,34,50,19,120,0,0,0,0,0,0,0,0,0,0,0,0,0,0,0,0,462,0,0,0,0,0,0,0,0
2021-01-04T23:59:59+01:00,0,0,4,0,1,3,4,9,13,12,5,11,3,5,6,8,1,17,0,0,0,0,0,0,0,0,0,0,0,0,0,0,0,0,102,0,0,0,0,0,0,0,0
2021-01-03T23:59:59+01:00,0,0,3,0,1,3,4,9,12,12,5,11,3,5,6,8,1,16,0,0,0,0,0,0,0,0,0,0,0,0,0,0,0,0,99,0,0,0,0,0,0,0,0
2021-01-02T23:59:59+01:00,0,0,3,0,1,3,4,9,10,12,5,11,3,5,6,8,1,16,0,0,0,0,0,0,0,0,0,0,0,0,0,0,0,0,97,0,0,0,0,0,0,0,0
2021-01-01T23:59:59+01:00,0,0,3,0,0,3,4,9,10,12,5,11,3,5,6,7,1,16,0,0,0,0,0,0,0,0,0,0,0,0,0,0,0,0,95,0,0,0,0,0,0,0,0
2020-12-31T23:59:59+01:00,0,0,3,0,0,3,4,9,9,12,5,11,3,5,6,7,1,16,0,0,0,0,0,0,0,0,0,0,0,0,0,0,0,0,94,0,0,0,0,0,0,0,0
2020-12-30T23:59:59+01:00,0,0,3,0,0,3,4,9,9,12,5,11,3,5,6,7,1,16,0,0,0,0,0,0,0,0,0,0,0,0,0,0,0,0,94,0,0,0,0,0,0,0,0
2020-12-29T23:59:59+01:00,0,0,3,0,0,3,4,8,9,12,5,11,3,5,6,7,1,16,0,0,0,0,0,0,0,0,0,0,0,0,0,0,0,0,93,0,0,0,0,0,0,0,0
2020-12-28T23:59:59+01:00,0,0,3,0,0,3,4,8,9,12,5,11,3,5,6,7,1,16,0,0,0,0,0,0,0,0,0,0,0,0,0,0,0,0,93,0,0,0,0,0,0,0,0
2020-12-27T23:59:59+01:00,0,0,1,0,0,0,0,0,0,0,0,0,0,0,1,3,0,7,0,0,0,0,0,0,0,0,0,0,0,0,0,0,0,0,12,0,0,0,0,0,0,0,0
