Datum,<24_1_m,<24_1_w,25-34_1_m,25-34_1_w,35-44_1_m,35-44_1_w,45-54_1_m,45-54_1_w,55-64_1_m,55-64_1_w,65-74_1_m,65-74_1_w,75-84_1_m,75-84_1_w,>84_1_m,>84_1_w,<24_2_m,<24_2_w,25-34_2_m,25-34_2_w,35-44_2_m,35-44_2_w,45-54_2_m,45-54_2_w,55-64_2_m,55-64_2_w,65-74_2_m,65-74_2_w,75-84_2_m,75-84_2_w,>84_2_m,>84_2_w,bp_1,bp_2,mo_1,mo_2,az_1,az_2,ja
2021-04-29T23:59:59+02:00,4853,5397,8277,9433,9207,11817,13229,16424,19407,21304,22154,25092,16675,21096,4769,8251,3010,3015,4654,4572,5105,5754,6477,7634,7177,7714,8471,9243,11240,14273,4394,7584,145612,105241,11704,4815,60067,259,2
2021-04-28T23:59:59+02:00,4817,5381,8202,9359,9134,11732,13111,16291,19212,21123,22077,25004,16654,21063,4768,8248,3006,2996,4629,4519,5079,5708,6448,7558,7128,7641,8457,9218,11229,14254,4394,7581,145237,105057,11641,4748,59296,38,2
2021-04-27T23:59:59+02:00,4763,5321,8066,9226,9028,11582,12947,16112,18768,20611,21873,24781,16605,21002,4765,8241,3004,2992,4628,4516,5072,5700,6435,7543,7097,7608,8390,9128,11178,14205,4392,7580,144520,104843,10576,4593,58593,30,2
2021-04-26T23:59:59+02:00,4713,5282,7959,9137,8891,11473,12743,15928,18378,20251,21756,24648,16584,20984,4765,8241,3004,2990,4624,4512,5068,5695,6422,7525,7070,7582,8340,9079,11133,14137,4389,7568,143763,104771,10440,4340,57529,26,1
2021-04-25T23:59:59+02:00,4698,5260,7911,9089,8824,11397,12582,15781,18032,19902,21578,24438,16549,20940,4761,8236,3004,2990,4623,4512,5065,5693,6419,7522,7066,7577,8285,9015,11113,14114,4389,7566,142395,104752,10430,4175,57152,25,1
2021-04-24T23:59:59+02:00,4692,5254,7895,9083,8812,11388,12529,15748,17975,19866,21565,24428,16547,20935,4761,8236,3003,2990,4623,4512,5065,5693,6419,7522,7066,7577,8285,9015,11113,14114,4389,7566,142300,104752,10430,4175,56983,24,1
2021-04-23T23:59:59+02:00,4670,5216,7836,9016,8722,11287,12138,15383,17580,19478,21379,24236,16490,20868,4760,8229,3001,2987,4619,4510,5056,5685,6408,7511,7041,7543,8264,8991,11107,14107,4387,7563,141051,104743,10085,4013,56151,23,1
2021-04-22T23:59:59+02:00,4609,5131,7711,8815,8515,11018,11799,14936,16623,18426,20882,23640,16390,20721,4752,8217,2991,2978,4614,4492,5030,5661,6365,7474,6980,7501,8133,8832,10985,13972,4384,7557,137359,104138,9963,3793,54862,17,1
2021-04-21T23:59:59+02:00,4564,5082,7602,8687,8349,10867,11477,14640,15856,17602,20586,23310,16342,20631,4747,8208,2979,2965,4599,4477,5011,5639,6355,7459,6958,7483,8081,8770,10954,13936,4382,7555,134504,103866,9834,3720,54211,16,1
2021-04-20T23:59:59+02:00,4539,5054,7563,8630,8265,10784,11308,14462,15377,17086,20178,22833,16263,20514,4740,8197,2973,2957,4592,4466,4986,5620,6330,7441,6916,7445,7974,8627,10900,13867,4378,7552,132389,103322,9572,3685,53831,16,1
2021-04-19T23:59:59+02:00,4505,4984,7502,8528,8164,10639,11149,14279,15097,16773,19715,22278,16125,20337,4729,8189,2970,2956,4586,4463,4974,5609,6315,7426,6892,7402,7915,8565,10881,13834,4377,7549,130328,103015,9219,3682,53445,16,1
2021-04-18T23:59:59+02:00,4484,4954,7441,8472,8052,10505,10851,14022,14621,16217,19311,21803,16028,20180,4727,8185,2970,2956,4586,4463,4974,5609,6314,7424,6890,7401,7913,8562,10878,13831,4377,7546,127951,102996,9150,3681,52751,16,1
2021-04-17T23:59:59+02:00,4479,4946,7423,8465,8042,10487,10807,13972,14511,16118,19195,21694,16010,20156,4726,8184,2970,2956,4584,4461,4970,5605,6299,7416,6867,7378,7864,8516,10861,13811,4376,7546,127520,102990,9143,3473,52551,16,1
2021-04-16T23:59:59+02:00,4465,4890,7348,8343,7947,10325,10571,13692,13828,15335,18690,21112,15914,20026,4720,8177,2967,2953,4578,4456,4967,5593,6280,7407,6816,7326,7571,8138,10782,13693,4369,7532,124696,102227,9094,3184,51592,16,1
2021-04-15T23:59:59+02:00,4415,4828,7232,8204,7774,10077,10227,13266,13034,14438,17942,20309,15732,19758,4706,8163,2966,2945,4568,4439,4954,5564,6247,7371,6732,7241,7020,7510,10713,13604,4365,7523,121093,100695,8935,3052,50076,14,1
2021-04-14T23:59:59+02:00,4388,4785,7165,8097,7671,9934,10036,13054,12597,13964,17445,19721,15612,19599,4702,8150,2929,2924,4552,4404,4927,5524,6215,7334,6677,7181,6297,6631,10580,13466,4361,7516,119735,98455,8702,3052,48482,10,1
2021-04-13T23:59:59+02:00,4384,4779,7122,8078,7619,9900,9922,12996,12170,13626,16769,18875,15441,19379,4698,8144,2904,2893,4533,4380,4895,5488,6157,7264,6584,7081,6086,6366,10128,12915,4353,7502,119068,96474,8483,3044,46350,10,1
2021-04-12T23:59:59+02:00,4368,4761,7072,8028,7566,9826,9807,12896,11892,13365,16335,18371,15298,19216,4693,8142,2879,2883,4469,4339,4811,5422,6054,7191,6455,6961,5300,5503,9752,12450,4326,7465,118748,93216,8448,3033,44439,10,1
2021-04-11T23:59:59+02:00,4350,4750,7028,7979,7510,9780,9709,12811,11636,13131,15747,17660,15093,18959,4689,8134,2798,2795,4348,4223,4686,5312,5907,7038,6341,6864,4986,5141,9656,12323,4326,7462,118177,91208,8030,2988,42758,9,1
2021-04-10T23:59:59+02:00,4329,4725,6989,7932,7462,9726,9644,12751,11549,13032,15527,17470,15057,18906,4688,8129,2154,2157,3506,3518,3817,4516,4861,6098,5565,6151,4726,4847,9553,12189,4320,7454,117716,82434,8030,2988,42169,9,1
2021-04-09T23:59:59+02:00,4306,4704,6950,7903,7394,9664,9480,12614,11141,12657,14370,15947,14711,18491,4678,8120,1176,1228,2135,2291,2277,3128,3000,4417,4112,4796,4074,4147,9338,11895,4301,7429,115852,66748,8028,2986,39249,9,1
2021-04-08T23:59:59+02:00,4284,4684,6888,7852,7296,9564,9279,12488,10685,12249,13248,14696,14395,18062,4661,8094,592,682,1215,1564,1355,2174,1875,3300,2720,3384,2878,2806,8604,10998,4199,7257,114644,52610,7952,2983,35828,9,1
2021-04-07T23:59:59+02:00,4236,4652,6808,7799,7208,9500,9144,12346,10367,11938,12545,13950,14234,17850,4656,8075,347,435,851,1224,950,1799,1366,2835,1714,2289,1747,1550,7772,9940,4089,7068,113703,42985,7805,2983,33799,7,1
2021-04-06T23:59:59+02:00,4222,4637,6785,7764,7154,9431,9047,12271,10141,11701,12160,13448,14066,17627,4646,8064,339,420,845,1215,935,1777,1338,2805,1654,2231,1669,1476,7335,9355,3988,6894,112493,41286,7708,2983,32962,6,1
2021-04-05T23:59:59+02:00,4217,4634,6775,7754,7144,9419,9024,12243,10083,11647,12048,13311,13992,17561,4645,8063,336,414,833,1211,930,1768,1326,2785,1632,2194,1615,1422,7082,9027,3908,6762,112226,40256,7687,2982,32646,6,1
2021-04-04T23:59:59+02:00,4217,4634,6772,7750,7144,9419,9023,12243,10073,11641,12045,13308,13990,17561,4645,8063,336,413,833,1211,929,1766,1325,2784,1631,2190,1612,1419,7074,9012,3904,6760,112221,40210,7687,2982,32619,6,1
2021-04-03T23:59:59+02:00,4217,4634,6772,7749,7144,9419,9023,12243,10073,11641,12045,13307,13989,17560,4645,8063,336,412,830,1207,928,1765,1324,2779,1629,2188,1605,1406,7029,8926,3874,6732,112217,39981,7687,2982,32619,6,1
2021-04-02T23:59:59+02:00,4215,4633,6771,7747,7137,9412,9016,12236,10052,11620,11917,13188,13952,17515,4641,8057,334,409,827,1200,921,1754,1308,2752,1586,2148,1495,1312,6215,7944,3522,6267,112101,37323,7683,2664,32324,6,1
2021-04-01T23:59:59+02:00,4173,4619,6732,7730,7100,9382,8964,12196,9979,11540,11525,12712,13643,17106,4636,8044,329,404,810,1184,911,1737,1276,2704,1520,2083,1378,1216,5189,6713,3081,5580,111712,33449,6307,2659,32061,6,1
2021-03-31T23:59:59+02:00,4165,4613,6718,7714,7084,9366,8927,12163,9886,11466,11162,12244,13369,16704,4629,8028,326,401,800,1176,904,1722,1255,2679,1469,2043,1300,1152,4579,5975,2791,5209,111160,31187,5348,2587,31729,6,1
2021-03-30T23:59:59+02:00,4143,4584,6680,7677,7031,9301,8830,12049,9724,11315,10888,11934,13183,16489,4622,8016,321,396,795,1165,893,1716,1233,2671,1441,2021,1274,1126,4447,5844,2743,5126,110347,30814,5104,2391,31014,6,1
2021-03-29T23:59:59+02:00,4134,4562,6657,7652,6992,9245,8734,11949,9512,11100,10427,11408,12880,16104,4609,7990,316,393,795,1160,889,1709,1224,2662,1426,2016,1250,1110,4303,5677,2659,5027,108691,30223,4794,2386,30469,6,1
2021-03-28T23:59:59+02:00,4080,4494,6544,7494,6878,9105,8606,11752,9360,10918,10210,11126,12732,15954,4606,7982,316,393,795,1160,888,1708,1223,2662,1425,2014,1243,1108,4269,5634,2637,5007,108328,30191,4534,2285,28978,5,1
2021-03-27T23:59:59+01:00,4078,4476,6533,7432,6848,8979,8556,11578,9308,10781,10082,10994,12657,15881,4606,7982,316,392,795,1160,888,1706,1222,2660,1422,2013,1240,1105,4243,5600,2626,4993,108321,30091,4534,2284,27915,5,1
2021-03-26T23:59:59+01:00,4073,4465,6502,7395,6816,8900,8506,11460,9219,10659,10029,10936,12623,15832,4599,7966,313,390,793,1157,884,1693,1216,2640,1403,2005,1212,1087,4055,5360,2531,4860,108268,29348,4310,2245,27401,5,1
2021-03-25T23:59:59+01:00,4048,4421,6408,7263,6714,8732,8306,11227,8912,10343,9636,10526,12365,15576,4595,7957,313,388,791,1151,881,1682,1202,2622,1379,1990,1183,1069,3805,5091,2342,4592,107865,28230,4102,2245,25061,5,1
2021-03-24T23:59:59+01:00,3983,4348,6325,7089,6593,8500,8139,10983,8675,10030,9191,10002,12022,15190,4586,7950,313,387,790,1148,876,1680,1196,2613,1362,1977,1176,1059,3732,5014,2174,4379,107364,27629,3970,2242,22271,4,1
2021-03-23T23:59:59+01:00,3963,4312,6276,7035,6510,8430,8021,10855,8413,9795,8745,9470,11631,14764,4577,7938,313,386,788,1137,871,1674,1191,2605,1361,1964,1150,1041,3642,4930,2020,4132,106559,26958,3877,2242,20298,4,1
2021-03-22T23:59:59+01:00,3949,4292,6239,7002,6476,8386,7951,10777,8260,9636,8432,9107,11373,14483,4551,7903,310,380,783,1125,863,1669,1182,2597,1353,1953,1138,1032,3609,4890,2006,4105,105896,26750,3874,2241,19047,4,0
2021-03-21T23:59:59+01:00,3949,4289,6234,6995,6461,8374,7929,10758,8196,9576,8321,8978,11305,14402,4549,7900,308,379,774,1121,854,1664,1176,2595,1348,1948,1134,1030,3600,4874,1991,4097,105822,26648,3874,2241,18520,4,0
2021-03-20T23:59:59+01:00,3941,4242,6224,6923,6446,8231,7902,10565,8151,9464,8240,8893,11275,14367,4549,7900,308,379,774,1121,853,1664,1175,2595,1348,1946,1134,1030,3600,4872,1991,4097,105791,26643,3660,2240,17862,4,0
2021-03-19T23:59:59+01:00,3928,4205,6197,6838,6419,8137,7852,10450,8016,9280,7707,8293,11123,14162,4541,7887,305,378,768,1113,837,1653,1150,2565,1295,1899,1046,954,2879,3999,1650,3618,104197,23865,3358,2240,17480,4,0
2021-03-18T23:59:59+01:00,3914,4184,6154,6800,6386,8071,7782,10364,7871,9117,6730,7175,10928,13947,4530,7869,304,378,764,1109,830,1647,1134,2554,1270,1880,1004,937,2655,3720,1520,3439,101229,22901,3200,2240,17393,4,0
2021-03-17T23:59:59+01:00,3871,4142,6085,6722,6326,7970,7687,10238,7746,8961,5942,6191,10777,13795,4516,7848,302,378,759,1104,827,1636,1122,2539,1246,1858,978,913,2544,3604,1474,3361,98471,22401,3199,2240,17147,4,0
2021-03-16T23:59:59+01:00,3852,4105,6048,6668,6279,7904,7629,10166,7657,8867,5760,5983,10182,13115,4482,7793,294,368,748,1091,815,1627,1116,2524,1233,1850,965,892,2323,3341,1365,3198,96417,21508,3188,2238,16885,4,0
2021-03-15T23:59:59+01:00,3821,4084,5962,6594,6170,7809,7502,10055,7518,8730,4973,5104,9808,12630,4446,7737,293,367,745,1087,814,1618,1114,2512,1225,1842,948,877,2174,3158,1293,3126,93000,20952,3177,2238,16766,3,0
2021-03-14T23:59:59+01:00,3675,3897,5695,6263,5928,7480,7204,9622,7275,8448,4631,4716,9685,12467,4443,7727,293,367,745,1087,814,1618,1112,2511,1223,1839,947,874,2171,3154,1290,3126,90776,20932,3124,2236,15256,3,0
2021-03-13T23:59:59+01:00,2929,3154,4729,5403,4911,6533,5961,8478,6361,7603,4331,4355,9316,11960,4378,7643,292,366,741,1085,811,1609,1109,2505,1222,1837,947,874,2140,3114,1268,3096,80026,20777,3124,2236,14895,3,0
2021-03-12T23:59:59+01:00,1980,2232,3364,4217,3387,5180,4134,6786,4885,6214,3666,3675,8017,10339,3982,7098,288,362,736,1082,807,1602,1102,2487,1193,1818,900,847,1737,2597,1054,2800,61165,19173,3122,2236,14869,3,0
2021-03-11T23:59:59+01:00,1398,1693,2453,3453,2466,4226,3013,5659,3505,4798,2557,2452,6230,8106,3389,6149,283,354,721,1072,795,1578,1083,2457,1169,1777,860,823,1566,2356,954,2648,43863,18257,3121,2236,14563,3,0
2021-03-10T23:59:59+01:00,1152,1453,2077,3086,2079,3836,2547,5240,2525,3722,1461,1267,4860,6361,2947,5532,273,346,706,1056,775,1537,1051,2399,1137,1724,835,804,1375,2136,870,2506,32822,17359,3121,2168,14202,3,0
2021-03-09T23:59:59+01:00,1131,1410,2015,2946,2016,3729,2463,5098,2445,3613,1429,1240,4780,6283,2911,5484,266,339,695,1038,756,1509,1027,2362,1121,1700,820,789,1283,2004,817,2402,32416,16800,3119,2125,13458,3,0
2021-03-08T23:59:59+01:00,1108,1380,1965,2850,1974,3650,2407,4994,2392,3558,1388,1218,4625,6099,2824,5374,266,335,691,1033,753,1501,1020,2353,1110,1681,800,764,1093,1759,715,2264,31732,16013,3119,2123,12955,2,0
2021-03-07T23:59:59+01:00,1101,1360,1928,2809,1935,3607,2370,4926,2355,3534,1382,1215,4620,6092,2821,5374,266,335,691,1033,753,1501,1020,2353,1109,1681,796,764,1085,1747,707,2254,31722,16013,3114,2082,12593,0,0
2021-03-06T23:59:59+01:00,1099,1355,1920,2794,1921,3588,2355,4895,2336,3516,1369,1203,4587,6053,2810,5362,266,335,691,1033,752,1501,1020,2353,1109,1681,796,764,1085,1747,707,2253,31581,16012,3114,2081,12468,0,0
2021-03-05T23:59:59+01:00,1093,1349,1902,2773,1892,3560,2315,4840,2287,3488,1328,1170,4305,5699,2680,5171,265,332,684,1028,749,1494,1018,2346,1106,1676,786,761,1078,1736,706,2251,30835,15936,2783,2080,12234,0,0
2021-03-04T23:59:59+01:00,992,1182,1818,2656,1827,3431,2242,4683,2204,3362,1296,1148,4042,5408,2476,4889,265,330,682,1023,747,1488,1017,2338,1101,1672,771,755,1069,1725,699,2239,29650,15864,2779,2057,11227,0,0
2021-03-03T23:59:59+01:00,937,1071,1763,2565,1761,3346,2181,4585,2141,3295,1286,1133,3919,5296,2269,4623,264,324,681,1016,744,1466,1011,2296,1087,1652,758,751,1061,1702,694,2234,28980,15833,2663,1908,10528,0,0
2021-03-02T23:59:59+01:00,885,985,1670,2441,1671,3226,2096,4460,2078,3224,1259,1115,3778,5145,2107,4341,264,323,680,1010,741,1464,1008,2290,1082,1644,756,748,1046,1679,685,2218,28336,15731,2474,1907,9671,0,0
2021-03-01T23:59:59+01:00,851,922,1574,2308,1602,3091,1998,4305,2009,3122,1242,1105,3722,5074,2069,4288,263,323,678,1008,741,1462,1004,2287,1079,1643,750,745,1039,1668,680,2213,28091,15676,2389,1907,8802,0,0
2021-02-28T23:59:59+01:00,841,894,1556,2241,1573,3011,1978,4213,1995,3056,1237,1101,3713,5059,2055,4279,263,323,678,1007,741,1461,1004,2287,1078,1642,748,744,1030,1653,677,2205,27984,15667,2389,1874,8429,0,0
2021-02-27T23:59:59+01:00,823,870,1534,2175,1557,2900,1956,4077,1976,2980,1234,1099,3713,5057,2054,4278,263,323,678,1007,741,1460,1004,2287,1078,1641,748,744,1030,1653,677,2205,27976,15665,2388,1874,7919,0,0
2021-02-26T23:59:59+01:00,675,781,1444,2055,1504,2744,1893,3820,1873,2764,1141,1025,3002,4175,1698,3786,263,323,676,1006,741,1459,1004,2283,1076,1640,746,739,1010,1636,670,2192,25168,15590,2388,1874,6824,0,0
2021-02-25T23:59:59+01:00,505,693,1340,1949,1437,2618,1828,3690,1783,2655,1089,1000,2751,3859,1561,3590,261,307,660,983,705,1391,961,2187,1011,1561,697,722,978,1594,659,2170,24098,15504,2359,1343,5891,0,0
2021-02-24T23:59:59+01:00,468,659,1270,1845,1378,2479,1756,3563,1721,2534,1059,972,2616,3722,1516,3504,248,289,636,942,684,1331,931,2126,965,1521,671,702,939,1561,647,2145,23532,15330,2348,1008,5182,0,0
2021-02-23T23:59:59+01:00,409,608,1187,1708,1309,2324,1676,3364,1660,2423,1035,942,2401,3465,1414,3348,242,280,622,918,672,1295,908,2079,943,1480,662,692,928,1548,646,2141,22633,15246,2338,810,4302,0,0
2021-02-22T23:59:59+01:00,391,577,1087,1607,1211,2238,1586,3275,1585,2371,1014,926,2252,3281,1341,3274,231,265,594,866,644,1227,883,1987,900,1405,625,665,858,1467,615,2092,22067,15061,2334,263,3615,0,0
2021-02-21T23:59:59+01:00,365,559,977,1578,1061,2214,1435,3253,1491,2355,1010,924,2251,3280,1341,3274,200,257,565,858,633,1218,869,1982,897,1403,622,663,853,1463,609,2085,22038,14927,2334,250,2996,0,0
2021-02-20T23:59:59+01:00,365,559,976,1578,1060,2214,1435,3252,1491,2353,1010,924,2251,3280,1340,3273,199,255,561,858,630,1217,862,1979,896,1403,622,663,853,1463,609,2085,22035,14905,2333,250,2993,0,0
2021-02-19T23:59:59+01:00,358,550,968,1576,1049,2204,1423,3235,1460,2335,958,894,1825,2715,1097,2949,176,244,535,854,613,1209,848,1977,890,1402,619,662,851,1463,608,2083,20292,14784,2333,250,2971,0,0
2021-02-18T23:59:59+01:00,339,524,921,1491,1015,2120,1374,3116,1422,2259,927,869,1629,2457,996,2779,154,231,497,843,588,1198,815,1957,871,1382,608,645,830,1431,600,2072,19334,14472,2333,250,2571,0,0
2021-02-17T23:59:59+01:00,311,463,841,1353,911,1911,1240,2879,1318,2056,894,845,1428,2213,907,2633,148,226,490,819,571,1155,782,1889,827,1313,575,616,824,1409,595,2053,18259,14042,2333,250,1611,0,0
2021-02-16T23:59:59+01:00,303,411,800,1209,862,1726,1179,2682,1263,1920,886,831,1354,2106,855,2546,139,210,478,775,552,1103,760,1826,796,1277,565,603,803,1377,581,1994,17885,13725,2332,114,716,0,0
2021-02-15T23:59:59+01:00,289,370,779,1186,843,1678,1136,2611,1230,1870,861,801,1151,1852,747,2394,130,202,466,756,540,1050,738,1759,773,1207,545,568,785,1336,572,1956,16967,13309,2332,74,499,0,0
2021-02-14T23:59:59+01:00,288,369,778,1186,842,1678,1134,2611,1230,1870,861,801,1151,1852,747,2394,130,199,465,750,535,1044,734,1755,770,1204,543,568,784,1334,572,1953,16966,13266,2332,74,494,0,0
2021-02-13T23:59:59+01:00,287,369,778,1185,841,1675,1134,2609,1230,1868,861,801,1151,1852,747,2394,130,199,465,749,535,1044,733,1751,768,1202,540,568,769,1313,560,1937,16957,13263,2332,0,493,0,0
2021-02-12T23:59:59+01:00,282,367,774,1177,837,1648,1128,2576,1203,1846,861,800,1150,1849,747,2394,130,198,463,746,533,1036,726,1741,764,1188,537,566,755,1301,554,1926,16950,13164,2332,0,357,0,0
2021-02-11T23:59:59+01:00,276,359,762,1149,832,1616,1114,2522,1190,1797,829,786,1140,1838,746,2384,126,178,446,703,510,971,692,1634,740,1140,527,552,730,1261,541,1900,16836,12651,2331,0,173,0,0
2021-02-10T23:59:59+01:00,272,351,748,1124,821,1595,1108,2493,1181,1777,825,785,1124,1818,741,2368,124,168,403,662,481,913,642,1560,718,1102,511,537,721,1239,530,1881,16812,12192,2263,0,56,0,0
2021-02-09T23:59:59+01:00,272,348,742,1111,813,1580,1093,2474,1166,1759,814,781,1109,1800,733,2353,108,147,357,583,446,788,572,1394,641,951,452,450,606,1074,463,1660,16727,10692,2219,0,2,0,0
2021-02-08T23:59:59+01:00,272,348,740,1106,813,1575,1093,2469,1159,1752,809,779,1088,1773,721,2335,97,126,332,522,412,702,502,1211,554,837,384,376,530,877,369,1363,16614,9194,2217,0,1,0,0
2021-02-07T23:59:59+01:00,271,347,739,1105,812,1575,1093,2467,1159,1750,803,777,1086,1769,720,2334,95,125,330,517,410,698,499,1202,550,834,381,374,508,853,365,1348,16590,9089,2217,0,0,0,0
2021-02-06T23:59:59+01:00,271,346,739,1105,812,1574,1093,2466,1159,1749,802,774,1083,1765,720,2332,95,124,330,514,409,696,498,1199,548,834,378,370,456,778,337,1312,16574,8878,2216,0,0,0,0
2021-02-05T23:59:59+01:00,271,346,738,1103,812,1574,1093,2464,1158,1747,797,770,1060,1752,715,2318,88,120,324,508,397,683,475,1177,521,808,357,344,435,754,322,1278,16502,8591,2216,0,0,0,0
2021-02-04T23:59:59+01:00,268,339,734,1084,802,1552,1077,2437,1145,1728,773,753,1034,1723,709,2304,68,90,249,385,299,533,374,947,419,643,289,280,337,597,263,1072,16269,6845,2193,0,0,0,0
2021-02-03T23:59:59+01:00,267,328,731,1067,800,1520,1070,2385,1128,1705,759,742,1015,1699,704,2296,55,60,167,278,231,408,272,690,303,463,193,197,238,440,185,795,16178,4975,2038,0,0,0,0
2021-02-02T23:59:59+01:00,266,323,727,1059,797,1501,1059,2364,1122,1689,756,737,1005,1687,703,2287,35,38,95,147,142,239,177,451,194,296,126,121,158,265,132,525,16045,3141,2037,0,0,0,0
2021-02-01T23:59:59+01:00,265,317,718,1045,792,1480,1056,2336,1119,1661,747,725,1000,1679,698,2273,12,11,18,27,28,63,45,95,58,85,43,42,55,76,41,172,15874,871,2037,0,0,0,0
2021-01-31T23:59:59+01:00,258,315,703,1043,784,1470,1044,2324,1109,1653,742,719,989,1660,691,2262,12,11,16,26,26,60,39,88,54,78,40,42,51,68,38,162,15840,811,1926,0,0,0,0
2021-01-30T23:59:59+01:00,258,315,703,1043,784,1470,1044,2324,1109,1653,741,719,989,1659,691,2262,12,9,16,26,26,60,38,88,53,76,40,41,50,68,38,161,15838,802,1926,0,0,0,0
2021-01-29T23:59:59+01:00,258,315,703,1043,784,1470,1044,2324,1109,1653,741,717,988,1658,691,2260,11,5,15,26,26,58,37,88,52,76,39,40,50,68,38,161,15832,790,1926,0,0,0,0
2021-01-28T23:59:59+01:00,254,308,687,1017,749,1413,1005,2261,1038,1603,700,707,958,1632,681,2244,4,0,3,9,11,20,17,42,18,38,19,21,23,46,16,99,15657,386,1600,0,0,0,0
2021-01-27T23:59:59+01:00,248,303,668,989,708,1367,951,2191,972,1531,668,679,947,1614,679,2237,3,0,3,6,8,16,12,27,12,27,4,7,10,8,5,25,15271,173,1481,0,0,0,0
2021-01-26T23:59:59+01:00,241,290,655,964,698,1321,931,2110,951,1473,656,668,926,1596,669,2220,3,0,1,6,6,7,11,11,5,12,3,3,6,5,2,16,15219,97,1150,0,0,0,0
2021-01-25T23:59:59+01:00,222,274,620,895,659,1212,895,1970,894,1358,612,616,846,1492,632,2158,3,0,1,6,6,7,11,11,5,12,3,3,6,5,2,16,15049,97,306,0,0,0,0
2021-01-24T23:59:59+01:00,203,262,595,886,642,1196,876,1954,882,1348,604,610,837,1471,623,2146,3,0,1,6,5,7,11,11,4,12,3,3,6,5,2,16,14874,95,261,0,0,0,0
2021-01-23T23:59:59+01:00,203,262,595,886,642,1196,876,1954,882,1348,604,610,837,1471,623,2146,3,0,1,6,5,7,10,11,4,12,3,3,6,5,2,16,14874,94,261,0,0,0,0
2021-01-22T23:59:59+01:00,151,241,541,877,621,1182,846,1942,873,1340,600,610,837,1471,623,2146,3,0,0,6,5,7,10,11,4,12,3,3,6,5,2,16,14640,93,261,0,0,0,0
2021-01-21T23:59:59+01:00,145,229,526,853,599,1142,808,1884,854,1296,593,589,823,1438,618,2131,3,0,0,6,4,7,10,11,4,12,3,3,6,5,2,15,14267,91,261,0,0,0,0
2021-01-20T23:59:59+01:00,138,211,489,802,578,1083,751,1789,824,1237,572,572,806,1415,609,2104,3,0,0,6,4,7,10,11,4,12,3,3,6,5,2,15,13721,91,259,0,0,0,0
2021-01-19T23:59:59+01:00,123,184,416,721,519,950,673,1610,729,1104,517,508,703,1238,537,1868,3,0,0,6,4,7,10,11,4,12,3,3,6,5,2,15,12208,91,192,0,0,0,0
2021-01-18T23:59:59+01:00,107,149,358,589,437,789,558,1365,624,955,453,447,627,1067,472,1615,1,0,0,0,0,0,0,0,0,0,0,0,0,0,0,0,10530,1,82,0,0,0,0
2021-01-17T23:59:59+01:00,103,147,354,583,436,782,555,1348,617,947,450,440,598,1035,458,1570,1,0,0,0,0,0,0,0,0,0,0,0,0,0,0,0,10341,1,82,0,0,0,0
2021-01-16T23:59:59+01:00,103,144,352,574,434,774,545,1334,605,939,436,426,497,894,398,1486,0,0,0,0,0,0,0,0,0,0,0,0,0,0,0,0,9939,0,2,0,0,0,0
2021-01-15T23:59:59+01:00,101,142,348,572,428,769,539,1325,586,924,422,410,487,879,390,1465,0,0,0,0,0,0,0,0,0,0,0,0,0,0,0,0,9787,0,0,0,0,0,0
2021-01-14T23:59:59+01:00,78,110,285,464,353,619,429,1086,485,777,347,329,391,722,321,1254,0,0,0,0,0,0,0,0,0,0,0,0,0,0,0,0,8050,0,0,0,0,0,0
2021-01-13T23:59:59+01:00,60,79,205,350,276,462,331,779,359,554,236,228,284,539,241,951,0,0,0,0,0,0,0,0,0,0,0,0,0,0,0,0,5934,0,0,0,0,0,0
2021-01-12T23:59:59+01:00,41,55,130,221,174,297,213,525,235,355,151,144,184,360,167,659,0,0,0,0,0,0,0,0,0,0,0,0,0,0,0,0,3911,0,0,0,0,0,0
2021-01-11T23:59:59+01:00,14,17,47,58,43,88,65,130,72,108,62,55,81,111,48,217,0,0,0,0,0,0,0,0,0,0,0,0,0,0,0,0,1216,0,0,0,0,0,0
2021-01-10T23:59:59+01:00,14,16,35,48,35,71,53,121,65,99,55,51,76,99,45,206,0,0,0,0,0,0,0,0,0,0,0,0,0,0,0,0,1089,0,0,0,0,0,0
2021-01-09T23:59:59+01:00,14,15,32,47,35,71,50,121,63,96,55,50,75,98,43,205,0,0,0,0,0,0,0,0,0,0,0,0,0,0,0,0,1070,0,0,0,0,0,0
2021-01-08T23:59:59+01:00,11,9,32,44,33,67,47,120,62,95,52,45,69,94,40,205,0,0,0,0,0,0,0,0,0,0,0,0,0,0,0,0,1025,0,0,0,0,0,0
2021-01-07T23:59:59+01:00,6,2,10,24,17,34,25,89,31,63,32,26,48,76,27,161,0,0,0,0,0,0,0,0,0,0,0,0,0,0,0,0,671,0,0,0,0,0,0
2021-01-06T23:59:59+01:00,6,0,4,11,13,27,21,50,18,39,25,24,34,50,20,116,0,0,0,0,0,0,0,0,0,0,0,0,0,0,0,0,458,0,0,0,0,0,0
2021-01-05T23:59:59+01:00,6,0,4,11,13,27,21,50,18,39,25,24,34,49,20,116,0,0,0,0,0,0,0,0,0,0,0,0,0,0,0,0,457,0,0,0,0,0,0
2021-01-04T23:59:59+01:00,4,0,1,6,4,7,12,11,4,12,3,3,6,6,2,17,0,0,0,0,0,0,0,0,0,0,0,0,0,0,0,0,98,0,0,0,0,0,0
2021-01-03T23:59:59+01:00,3,0,1,6,4,7,11,11,4,12,3,3,6,6,2,16,0,0,0,0,0,0,0,0,0,0,0,0,0,0,0,0,95,0,0,0,0,0,0
2021-01-02T23:59:59+01:00,3,0,1,6,4,7,10,11,4,12,3,3,6,6,2,16,0,0,0,0,0,0,0,0,0,0,0,0,0,0,0,0,94,0,0,0,0,0,0
2021-01-01T23:59:59+01:00,3,0,0,6,4,7,10,11,4,12,3,3,6,5,2,16,0,0,0,0,0,0,0,0,0,0,0,0,0,0,0,0,92,0,0,0,0,0,0
2020-12-31T23:59:59+01:00,3,0,0,6,4,7,10,11,4,12,3,3,6,5,2,16,0,0,0,0,0,0,0,0,0,0,0,0,0,0,0,0,92,0,0,0,0,0,0
2020-12-30T23:59:59+01:00,3,0,0,6,4,7,10,11,4,12,3,3,6,5,2,16,0,0,0,0,0,0,0,0,0,0,0,0,0,0,0,0,92,0,0,0,0,0,0
2020-12-29T23:59:59+01:00,3,0,0,6,4,7,10,11,4,12,3,3,6,5,2,16,0,0,0,0,0,0,0,0,0,0,0,0,0,0,0,0,92,0,0,0,0,0,0
2020-12-28T23:59:59+01:00,3,0,0,6,4,7,10,11,4,12,3,3,6,5,2,16,0,0,0,0,0,0,0,0,0,0,0,0,0,0,0,0,92,0,0,0,0,0,0
2020-12-27T23:59:59+01:00,1,0,0,0,0,0,0,0,0,0,0,0,1,2,0,7,0,0,0,0,0,0,0,0,0,0,0,0,0,0,0,0,11,0,0,0,0,0,0
