Datum,<15_m,<15_w,15-24_1_m,15-24_1_w,25-34_1_m,25-34_1_w,35-44_1_m,35-44_1_w,45-54_1_m,45-54_1_w,55-64_1_m,55-64_1_w,65-74_1_m,65-74_1_w,75-84_1_m,75-84_1_w,>84_1_m,>84_1_w,<24_2_m,<24_2_w,25-34_2_m,25-34_2_w,35-44_2_m,35-44_2_w,45-54_2_m,45-54_2_w,55-64_2_m,55-64_2_w,65-74_2_m,65-74_2_w,75-84_2_m,75-84_2_w,>84_2_m,>84_2_w,bp_1,bp_2,mo_1,mo_2,az_1,az_2,ja,unb_1,unb_2
2021-07-29T23:59:59+02:00,1858,1609,20902,20084,30912,28381,31843,31838,37637,38189,41533,41883,27538,30729,19606,24600,5964,10088,11779,11471,21974,20651,25975,26313,32539,33242,37354,38052,25945,28893,18675,23264,5688,9547,307920,249536,44345,42175,77350,64673,15509,70,25
2021-07-28T23:59:59+02:00,1839,1594,20862,20035,30894,28354,31829,31817,37618,38169,41513,41863,27527,30717,19601,24591,5964,10086,11549,11222,21607,20309,25562,25897,32387,33101,37249,37969,25909,28845,18659,23244,5687,9542,307619,246888,44344,42175,77338,64614,15503,69,25
2021-07-27T23:59:59+02:00,1831,1589,20826,20001,30872,28323,31797,31805,37598,38138,41490,41850,27521,30711,19600,24587,5964,10083,11304,11017,21411,20122,25424,25779,32282,33005,37170,37889,25885,28809,18651,23235,5684,9538,307413,245456,44344,42170,77337,64542,15423,69,25
2021-07-26T23:59:59+02:00,1807,1559,20720,19902,30780,28238,31751,31754,37553,38076,41447,41822,27497,30693,19591,24574,5959,10080,11042,10721,20949,19728,25197,25590,32133,32861,37046,37809,25851,28774,18639,23213,5683,9530,306776,243383,44315,42066,77332,64338,15311,69,25
2021-07-25T23:59:59+02:00,1800,1550,20698,19891,30773,28229,31741,31740,37547,38070,41437,41813,27493,30691,19590,24572,5959,10079,10938,10615,20800,19620,24963,25398,31895,32656,36904,37677,25834,28760,18633,23206,5682,9527,306668,242131,44305,42050,77325,63930,15306,69,25
2021-07-24T23:59:59+02:00,1780,1535,20618,19818,30731,28191,31706,31704,37521,38042,41414,41801,27486,30686,19587,24570,5959,10079,10876,10562,20724,19558,24892,25337,31842,32625,36875,37657,25828,28756,18631,23204,5682,9527,306327,241767,44294,42027,77321,63864,15217,69,25
2021-07-23T23:59:59+02:00,1725,1500,20429,19677,30569,28081,31618,31635,37454,37991,41375,41759,27475,30670,19582,24564,5958,10074,10622,10360,20361,19256,24097,24699,31364,32297,36315,37201,25785,28714,18615,23187,5681,9525,305513,238931,44285,41983,77304,62477,14965,69,24
2021-07-22T23:59:59+02:00,1662,1444,20120,19410,30331,27905,31487,31524,37326,37887,41277,41677,27449,30647,19571,24541,5954,10073,10172,9986,19622,18748,23151,24033,30661,31712,35286,36443,25674,28618,18582,23155,5679,9521,304056,235348,44252,41322,77300,59979,14608,69,24
2021-07-21T23:59:59+02:00,1647,1436,20084,19363,30304,27876,31465,31501,37306,37862,41256,41655,27440,30639,19566,24535,5949,10069,9862,9657,19166,18298,22285,23274,30327,31379,35057,36249,25591,28521,18552,23103,5671,9511,303739,232626,44246,39647,77298,59807,14601,69,21
2021-07-20T23:59:59+02:00,1641,1431,20053,19336,30277,27855,31441,31483,37290,37847,41246,41644,27425,30625,19566,24528,5949,10066,9596,9379,18837,18029,22017,22989,30152,31225,34893,36104,25545,28476,18537,23069,5670,9507,303503,230245,44245,39638,77297,59708,14589,69,21
2021-07-19T23:59:59+02:00,1630,1423,19940,19248,30197,27785,31383,31433,37271,37828,41231,41626,27420,30614,19560,24521,5948,10063,9397,9184,18524,17756,21556,22573,29899,30994,34773,36003,25511,28438,18519,23053,5670,9504,302936,228618,44239,38705,77296,59594,14581,69,21
2021-07-18T23:59:59+02:00,1619,1418,19873,19184,30072,27686,31320,31370,37209,37777,41190,41575,27400,30584,19552,24506,5944,10060,9288,9070,18360,17608,21367,22383,29732,30796,34660,35903,25481,28416,18508,23036,5670,9498,302165,227374,44239,38406,77294,59554,14572,69,21
2021-07-17T23:59:59+02:00,1618,1414,19866,19182,30072,27684,31320,31366,37204,37775,41186,41573,27399,30583,19551,24506,5944,10060,9267,9055,18328,17587,21349,22370,29722,30789,34641,35899,25478,28414,18508,23035,5670,9498,302133,227222,44239,38403,77294,59543,14568,69,21
2021-07-16T23:59:59+02:00,1565,1369,19593,18934,29947,27587,31237,31295,37149,37713,41146,41541,27380,30566,19544,24496,5942,10054,9154,8942,17959,17293,21049,22104,29338,30437,34510,35796,25455,28391,18501,23022,5668,9496,301142,225984,44216,37705,77292,59212,14339,69,19
2021-07-15T23:59:59+02:00,1507,1326,19332,18689,29768,27440,31130,31196,37068,37632,41080,41474,27338,30537,19528,24482,5938,10051,8795,8640,17055,16469,19520,20889,28427,29522,33894,35221,25289,28213,18448,22973,5662,9484,299881,219937,44174,36268,77284,58293,14108,69,19
2021-07-14T23:59:59+02:00,1494,1314,19303,18653,29745,27414,31108,31165,37057,37619,41061,41468,27330,30530,19519,24475,5937,10048,8509,8344,16505,15870,19030,20376,27865,29024,33502,34846,25177,28086,18409,22908,5657,9474,299612,215791,44172,35910,77281,57867,14106,69,19
2021-07-13T23:59:59+02:00,1482,1305,19266,18628,29728,27390,31087,31150,37042,37592,41038,41440,27321,30516,19517,24470,5936,10042,8207,8085,16107,15515,18756,20099,27604,28776,33232,34590,25079,27966,18376,22867,5655,9469,299332,213102,44171,35875,77280,57377,14098,69,19
2021-07-12T23:59:59+02:00,1467,1296,19225,18611,29695,27362,31070,31129,37030,37575,41021,41425,27318,30512,19515,24464,5935,10042,7947,7869,15829,15241,18057,19554,27291,28457,32821,34229,24912,27774,18317,22792,5649,9464,299084,211827,44170,33949,77280,56401,14089,69,19
2021-07-11T23:59:59+02:00,1459,1288,19195,18582,29665,27333,31055,31101,37022,37554,41007,41413,27309,30503,19513,24464,5934,10041,7904,7822,15764,15170,17969,19500,27208,28395,32709,34167,24859,27729,18297,22770,5649,9461,298842,211255,44168,33938,77278,56159,14081,69,19
2021-07-10T23:59:59+02:00,1330,1173,18695,18165,29224,27042,30773,30872,36779,37395,40808,41263,27237,30443,19487,24432,5931,10038,7775,7753,15484,15036,17754,19354,26968,28257,32545,34050,24794,27683,18281,22757,5648,9461,296658,210841,44035,33822,77249,55920,13076,69,19
2021-07-09T23:59:59+02:00,1320,1167,18668,18135,29204,27025,30761,30859,36769,37383,40797,41255,27233,30439,19485,24428,5931,10037,7733,7706,15415,14971,17692,19261,26749,28027,32296,33837,24732,27620,18259,22731,5648,9458,296518,210566,44016,33819,77248,54759,13045,69,19
2021-07-08T23:59:59+02:00,1244,1087,18402,17925,29059,26876,30627,30743,36667,37281,40699,41178,27200,30404,19466,24410,5926,10033,7567,7574,15119,14725,17265,18903,26060,27430,32026,33572,24565,27463,18201,22669,5645,9452,295265,209443,43963,32406,77240,53742,12690,69,19
2021-07-07T23:59:59+02:00,1147,995,18092,17604,28864,26694,30501,30622,36555,37161,40593,41094,27167,30357,19452,24393,5923,10030,7372,7363,14681,14360,16801,18461,25308,26825,31619,33193,24302,27140,18107,22575,5636,9443,293708,206537,43915,31572,77229,52788,12323,69,19
2021-07-06T23:59:59+02:00,1124,979,18015,17541,28820,26645,30451,30576,36519,37126,40559,41062,27150,30332,19441,24380,5921,10027,7156,7131,14338,14004,16453,18112,24564,26179,31321,32929,24112,26926,18059,22504,5629,9436,293139,204486,43912,30170,77228,51899,12320,69,19
2021-07-05T23:59:59+02:00,1082,951,17942,17478,28777,26589,30413,30542,36495,37082,40531,41037,27145,30318,19435,24375,5921,10022,6927,6941,14035,13736,16101,17747,24019,25674,30757,32365,23834,26627,17951,22365,5621,9426,292662,202994,43910,28092,77224,50769,12270,69,19
2021-07-04T23:59:59+02:00,1060,936,17873,17429,28739,26568,30392,30513,36485,37072,40516,41025,27139,30307,19430,24372,5921,10021,6901,6924,13982,13690,16028,17689,23935,25619,30604,32274,23742,26539,17919,22324,5619,9422,292349,202606,43909,28083,77213,50263,12258,69,19
2021-07-03T23:59:59+02:00,645,566,16150,15714,27572,25648,29598,29798,35845,36464,40020,40599,26982,30141,19363,24286,5912,10004,6518,6683,13468,13387,15628,17387,23574,25342,30300,32080,23646,26446,17886,22287,5615,9418,284872,202316,43870,28007,77131,49976,9365,69,19
2021-07-02T23:59:59+02:00,606,528,16020,15569,27411,25502,29519,29738,35815,36437,40001,40586,26976,30131,19360,24283,5912,10004,6470,6612,13394,13286,15540,17257,23431,25159,30147,31915,23453,26236,17797,22209,5613,9415,283971,201634,43870,27849,77129,49091,9359,69,19
2021-07-01T23:59:59+02:00,548,483,15843,15416,27193,25348,29442,29661,35760,36386,39936,40542,26956,30114,19349,24271,5910,10000,6331,6483,13055,13015,15015,16822,22172,24176,29387,31238,23175,25949,17679,22075,5606,9400,282790,198113,43865,26191,77117,47955,9317,69,19
2021-06-30T23:59:59+02:00,518,463,15739,15313,27085,25266,29376,29592,35706,36336,39894,40506,26941,30083,19339,24254,5906,10000,6139,6306,12626,12634,14448,16276,21550,23584,28797,30710,22756,25485,17549,21891,5599,9388,281984,193881,43862,26167,77111,46394,9291,69,19
2021-06-29T23:59:59+02:00,461,413,14979,14647,26825,25046,29282,29493,35627,36255,39826,40459,26920,30060,19332,24241,5906,9998,6027,6182,12370,12371,14054,15880,20763,22965,28215,30161,22309,24962,17397,21717,5591,9378,279490,190743,43861,25660,77103,44685,9247,69,19
2021-06-28T23:59:59+02:00,425,382,14352,14011,26669,24942,29208,29427,35571,36190,39782,40426,26902,30040,19324,24230,5906,9994,5961,6087,12191,12232,13866,15704,20146,22419,27816,29791,21973,24605,17269,21554,5586,9374,277563,189063,43857,25010,77099,43300,9193,69,19
2021-06-27T23:59:59+02:00,348,315,14007,13636,26605,24884,29168,29392,35549,36168,39765,40413,26891,30033,19322,24227,5905,9993,5925,6045,12077,12118,13723,15576,19596,21948,27210,29294,21696,24270,17149,21431,5582,9373,276449,188232,43855,23496,77088,42117,9160,69,19
2021-06-26T23:59:59+02:00,348,315,13996,13625,26589,24873,29162,29386,35544,36167,39762,40412,26890,30032,19322,24227,5905,9993,5920,6042,12065,12115,13717,15572,19583,21937,27165,29259,21551,24142,17109,21375,5581,9371,276379,188206,43853,23492,77088,41639,9159,69,19
2021-06-25T23:59:59+02:00,225,202,12739,12408,25131,23733,28864,29152,35438,36085,39697,40350,26866,30005,19313,24216,5903,9991,5877,5995,11969,12036,13575,15450,19274,21699,26781,28900,21229,23750,16936,21178,5578,9362,270171,186984,43849,23209,77073,40232,9156,69,19
2021-06-24T23:59:59+02:00,161,148,11771,11581,24020,22856,28501,28805,35291,35922,39585,40247,26831,29955,19302,24192,5901,9987,5661,5766,11511,11621,12999,14860,17748,20310,25145,27312,20462,22899,16621,20772,5568,9352,264963,182023,43832,19608,77069,37843,9124,68,19
2021-06-23T23:59:59+02:00,125,123,11411,11259,23523,22487,28256,28563,35114,35796,39496,40161,26801,29929,19294,24155,5899,9976,5588,5653,11300,11406,12701,14510,17358,19902,24398,26548,19673,22151,16429,20520,5560,9336,262365,179676,43826,18996,77064,35307,9045,68,19
2021-06-22T23:59:59+02:00,104,110,11230,11047,23367,22344,28177,28491,35038,35734,39450,40117,26786,29905,19286,24147,5899,9975,5479,5533,11035,11152,12334,14140,16756,19308,23671,25783,19294,21728,16266,20342,5553,9320,261225,176653,43823,18140,77062,33860,9029,68,19
2021-06-21T23:59:59+02:00,91,98,10979,10863,22538,21673,27927,28267,34973,35673,39386,40076,26770,29887,19280,24138,5899,9974,5360,5429,10820,10932,12028,13820,16365,18963,23226,25317,19004,21417,16162,20223,5547,9318,258646,175197,43817,17128,77056,32688,8905,68,19
2021-06-20T23:59:59+02:00,85,97,10915,10774,22292,21458,27670,28070,34893,35595,39341,40032,26761,29873,19278,24134,5897,9971,5319,5375,10735,10833,11933,13720,16171,18780,22956,25079,18903,21311,16109,20165,5541,9314,257370,174894,43815,16070,77055,32438,8828,68,19
2021-06-19T23:59:59+02:00,84,93,10891,10750,22260,21434,27652,28056,34881,35591,39331,40028,26760,29872,19278,24132,5897,9971,5288,5343,10654,10743,11841,13599,16023,18628,22649,24720,18818,21224,16097,20153,5540,9314,257218,174790,43792,14577,77055,32425,8828,68,19
2021-06-18T23:59:59+02:00,81,91,10846,10700,21951,21118,27388,27845,34829,35555,39301,40006,26752,29863,19277,24129,5897,9969,5273,5334,10624,10713,11801,13551,15962,18566,22564,24624,18652,21043,16052,20087,5539,9309,255857,174396,43791,14576,77054,31880,8828,68,19
2021-06-17T23:59:59+02:00,72,83,10268,10273,20683,20163,26529,27116,34461,35231,39048,39818,26688,29784,19257,24093,5890,9965,5075,5197,10251,10461,11363,13154,15287,17958,21205,23320,18199,20558,15889,19916,5535,9294,250113,169128,43773,14004,77043,31091,8425,68,19
2021-06-16T23:59:59+02:00,64,71,9934,9962,20005,19534,25891,26515,34215,35032,38890,39670,26646,29731,19234,24070,5889,9961,4932,5051,9865,10128,10905,12705,14588,17269,20358,22395,17797,20114,15722,19705,5525,9282,246294,165373,43761,12730,77030,30063,8161,68,19
2021-06-15T23:59:59+02:00,49,66,9689,9721,19709,19287,25668,26317,34088,34927,38794,39590,26617,29695,19227,24055,5884,9957,4827,4942,9626,9911,10676,12447,14168,16843,19762,21821,17482,19730,15504,19478,5516,9271,244532,163316,43750,11645,77024,29064,7966,68,18
2021-06-14T23:59:59+02:00,45,62,9556,9596,19411,19027,25493,26174,33968,34848,38733,39551,26600,29675,19221,24044,5884,9954,4746,4880,9438,9773,10503,12311,13907,16629,19446,21528,17318,19575,15403,19346,5515,9267,243340,161866,43748,11643,77020,28396,7667,67,18
2021-06-13T23:59:59+02:00,43,58,9396,9466,19122,18842,25142,25920,33767,34681,38628,39484,26585,29663,19211,24037,5884,9951,4665,4814,9229,9608,10339,12141,13584,16293,19099,21199,17193,19427,15356,19281,5513,9265,241698,161022,43748,11643,77017,26977,7350,67,18
2021-06-12T23:59:59+02:00,43,58,9387,9452,19109,18829,25142,25915,33767,34678,38625,39483,26585,29663,19211,24037,5884,9951,4662,4800,9219,9548,10307,12039,13536,16139,19044,21063,17084,19302,15240,19179,5511,9263,241652,160995,43748,11641,77013,25947,7339,67,18
2021-06-11T23:59:59+02:00,38,54,9230,9270,18876,18618,24344,25244,33590,34525,38493,39371,26552,29630,19201,24014,5884,9946,4585,4685,9002,9293,10048,11746,13018,15592,18075,20174,16898,19106,15200,19135,5508,9260,238746,156997,43747,11640,77010,25364,7310,67,18
2021-06-10T23:59:59+02:00,36,50,8836,8936,18226,18129,23497,24566,33271,34245,38294,39208,26495,29575,19178,23986,5881,9939,4410,4508,8425,8802,9247,11028,11873,14497,16099,18272,16012,18149,14915,18770,5499,9238,235135,147376,43088,11607,76984,23672,7075,66,18
2021-06-09T23:59:59+02:00,19,32,8389,8432,17395,17403,22346,23524,32784,33779,38010,38991,26386,29471,19132,23929,5871,9926,4275,4395,8138,8538,9005,10775,11544,14132,15616,17727,15642,17720,14674,18486,5492,9228,231162,145559,41201,11565,76948,21769,6480,28,18
2021-06-08T23:59:59+02:00,11,20,8071,8117,16924,16986,21928,23159,32539,33587,37848,38861,26342,29431,19122,23906,5868,9921,4155,4313,7884,8285,8701,10430,11191,13785,14976,17029,15190,17199,14413,18209,5487,9210,228439,143867,41169,10451,76939,20059,6066,28,18
2021-06-07T23:59:59+02:00,8,16,7876,7884,16566,16662,21384,22706,32259,33318,37731,38745,26316,29383,19105,23880,5863,9920,4080,4232,7703,8144,8541,10288,11021,13613,14667,16705,14994,16946,14240,18018,5483,9205,226821,142792,40198,10359,76928,19067,5648,27,18
2021-06-06T23:59:59+02:00,6,13,7769,7775,16432,16517,21190,22500,32033,33094,37597,38638,26288,29359,19092,23864,5863,9914,4051,4197,7657,8026,8490,10160,10917,13468,14472,16490,14812,16768,14151,17898,5476,9199,225593,142315,39899,10349,76910,18039,5515,27,18
2021-06-05T23:59:59+02:00,6,13,7747,7761,16403,16490,21183,22497,32023,33088,37595,38637,26287,29359,19091,23863,5863,9914,4042,4158,7642,7961,8476,10027,10903,13297,14454,16385,14775,16713,14142,17888,5476,9198,225484,142234,39899,10349,76909,17439,5501,27,18
2021-06-04T23:59:59+02:00,6,11,7633,7659,16124,16254,20907,22251,31603,32715,37482,38516,26254,29320,19080,23850,5861,9912,4035,4149,7616,7938,8450,9997,10836,13224,14349,16255,14694,16620,14106,17844,5476,9196,223895,141902,39125,10020,76890,17348,5501,27,18
2021-06-03T23:59:59+02:00,4,11,7380,7432,15248,15473,19273,20861,30694,31787,36979,38057,26123,29187,19036,23799,5855,9894,3976,4111,7528,7867,8328,9899,10668,13043,13783,15686,14434,16310,14022,17740,5473,9183,217282,139698,37552,9913,76880,17074,5352,27,18
2021-06-02T23:59:59+02:00,4,11,7245,7289,14864,15045,18842,20461,30225,31333,36753,37793,26059,29123,19016,23771,5852,9893,3946,4081,7464,7781,8240,9809,10528,12912,13338,15256,14311,16127,13995,17703,5470,9178,214203,137914,37121,9820,76879,17042,5349,27,18
2021-06-01T23:59:59+02:00,4,9,6969,7046,14469,14733,18501,20143,29899,31022,36530,37559,26003,29044,18992,23742,5850,9882,3844,3995,7222,7605,8009,9616,10265,12638,12936,14834,13880,15679,13879,17551,5463,9170,211467,135803,37076,9566,76858,16234,4969,27,18
2021-05-31T23:59:59+02:00,4,9,6806,6856,14250,14500,17798,19541,29558,30684,36233,37296,25913,28947,18966,23688,5840,9869,3765,3884,7014,7359,7786,9331,9924,12257,12497,14317,13352,15066,13680,17322,5455,9155,210041,132632,35028,9243,76841,15454,4821,27,18
2021-05-30T23:59:59+02:00,4,9,6783,6841,14204,14462,17721,19482,29508,30646,36202,37273,25901,28935,18963,23682,5839,9867,3722,3810,6866,7153,7638,9101,9721,11947,12241,13972,13231,14897,13612,17240,5452,9148,209746,131915,35016,9142,76787,13934,4746,27,18
2021-05-29T23:59:59+02:00,4,9,6781,6840,14195,14456,17716,19476,29503,30642,36199,37272,25899,28932,18963,23681,5839,9867,3713,3797,6837,7120,7605,9050,9685,11901,12168,13874,13190,14829,13582,17216,5451,9143,209714,131776,35016,9141,76772,13485,4745,27,18
2021-05-28T23:59:59+02:00,4,9,6771,6828,14180,14439,17699,19455,29492,30629,36188,37254,25898,28928,18961,23677,5839,9867,3699,3774,6815,7080,7571,8998,9632,11797,11928,13605,13002,14638,13552,17176,5448,9140,209563,130490,35015,9140,76769,13466,4744,27,18
2021-05-27T23:59:59+02:00,4,9,6680,6747,13912,14222,17215,19108,28814,30088,36029,37123,25852,28894,18946,23663,5838,9861,3574,3614,6528,6830,7195,8692,9134,11239,11220,12710,12452,14070,13422,16984,5441,9128,208487,126982,33577,8811,76727,12238,4187,27,18
2021-05-26T23:59:59+02:00,4,9,6609,6639,13699,14020,16962,18801,28272,29577,35854,36948,25815,28849,18931,23639,5837,9856,3484,3471,6303,6541,6908,8266,8795,10762,10571,11914,11892,13455,13277,16769,5436,9106,206900,123383,32824,8629,76714,11067,3856,27,18
2021-05-25T23:59:59+02:00,4,9,6528,6544,13494,13799,16699,18591,27548,28931,35761,36851,25792,28821,18919,23623,5832,9855,3435,3380,6158,6373,6762,8076,8570,10471,10226,11549,11545,12980,13172,16607,5433,9098,206190,121545,31372,8490,76229,10001,3784,26,18
2021-05-24T23:59:59+02:00,4,9,6458,6447,13317,13599,16477,18308,27139,28506,35415,36453,25735,28753,18900,23600,5831,9853,3421,3358,6100,6291,6717,7993,8511,10376,10153,11452,11372,12748,13125,16516,5425,9078,205659,120922,29152,8445,76222,9509,3745,26,18
2021-05-23T23:59:59+02:00,4,9,6456,6446,13312,13590,16474,18298,27120,28496,35385,36419,25732,28747,18900,23594,5831,9853,3418,3354,6094,6281,6707,7986,8483,10346,10113,11396,11289,12647,13105,16485,5425,9077,205544,120917,29136,8033,76221,9502,3739,26,18
2021-05-22T23:59:59+02:00,4,9,6449,6442,13305,13579,16468,18294,27117,28495,35382,36413,25732,28747,18900,23594,5831,9853,3417,3354,6091,6278,6706,7982,8479,10344,10108,11393,11278,12633,13100,16481,5424,9077,205494,120877,29136,8033,76219,9481,3739,26,18
2021-05-21T23:59:59+02:00,4,9,6389,6382,13153,13473,16295,18143,26848,28319,34954,36146,25707,28711,18892,23588,5830,9849,3408,3344,6058,6257,6676,7948,8440,10295,10054,11343,10764,11921,12961,16322,5421,9072,204806,119124,29011,8030,75181,9447,3668,26,18
2021-05-20T23:59:59+02:00,3,8,6097,6181,12544,13056,15102,17220,24938,26825,34003,35379,25602,28566,18838,23507,5824,9834,3348,3299,5965,6140,6564,7794,8293,10136,9818,11038,10429,11473,12850,16141,5411,9059,200046,117145,27272,7954,72645,9105,3539,25,18
2021-05-19T23:59:59+02:00,3,8,5891,5940,12030,12598,14394,16517,23992,26014,33379,34783,25493,28476,18803,23451,5817,9822,3271,3226,5803,5970,6374,7554,8018,9856,9516,10659,10117,11059,12772,15996,5409,9051,194370,115240,27234,7759,72630,8485,3152,25,18
2021-05-18T23:59:59+02:00,3,7,5721,5831,11629,12276,13771,16018,22837,25065,32714,34177,25377,28341,18757,23401,5812,9813,3228,3198,5693,5864,6214,7396,7813,9646,9323,10422,9950,10811,12628,15777,5400,9042,189420,114115,26729,7691,72586,7794,2790,25,18
2021-05-17T23:59:59+02:00,3,6,5668,5786,11466,12169,13500,15796,22024,24431,32406,33863,25298,28282,18735,23371,5803,9804,3134,3128,5516,5685,6048,7190,7606,9428,9105,10185,9862,10688,12570,15714,5397,9037,187657,113406,26031,7685,72194,6683,2504,25,18
2021-05-16T23:59:59+02:00,3,6,5641,5766,11405,12114,13415,15716,21416,23884,31792,33334,25257,28239,18725,23356,5802,9804,3130,3106,5502,5616,6021,7131,7578,9326,9073,10101,9846,10669,12567,15711,5397,9037,186891,113296,24488,7679,71777,6328,2494,25,17
2021-05-15T23:59:59+02:00,3,6,5632,5757,11372,12105,13386,15706,21343,23813,31259,32960,25246,28234,18724,23353,5801,9803,3116,3091,5483,5574,6007,7056,7538,9211,8841,9847,9813,10638,12533,15660,5397,9036,186842,113291,24476,7541,71131,5966,2029,25,17
2021-05-14T23:59:59+02:00,3,6,5592,5732,11309,12067,13314,15641,20932,23502,30829,32615,25210,28189,18713,23336,5801,9801,3084,3051,5447,5485,5986,6922,7498,9009,8781,9653,9743,10529,12447,15535,5397,9032,186119,113123,24157,7213,70263,5221,2028,25,17
2021-05-13T23:59:59+02:00,3,6,5435,5575,10930,11772,12600,15054,18751,21761,29286,31154,24980,27945,18646,23264,5799,9798,3073,3018,5423,5446,5969,6865,7474,8939,8737,9594,9529,10287,12250,15238,5392,9023,182174,112772,20365,6405,68182,5053,2013,25,17
2021-05-12T23:59:59+02:00,2,6,5406,5548,10858,11714,12499,14966,18629,21637,28923,30790,24889,27850,18629,23235,5798,9793,3073,3014,5417,5440,5959,6851,7450,8924,8698,9540,9345,10058,12021,14918,5389,9016,181226,112492,19729,5547,68179,5047,2013,25,17
2021-05-11T23:59:59+02:00,2,6,5270,5444,10612,11469,12134,14593,18022,21002,27993,29823,24696,27662,18571,23161,5793,9778,3031,2973,5328,5285,5859,6668,7320,8684,8538,9318,9166,9866,11875,14731,5380,8998,177164,111464,18842,5438,68047,4151,1953,25,17
2021-05-10T23:59:59+02:00,2,5,5146,5366,10399,11274,11876,14339,17697,20670,27573,29416,24587,27555,18533,23114,5785,9774,2962,2920,5211,5168,5746,6566,7196,8543,8411,9211,9062,9742,11785,14603,5377,8990,175164,110935,18154,5427,67823,3172,1945,25,17
2021-05-09T23:59:59+02:00,2,5,5073,5318,10300,11161,11777,14222,17357,20389,27183,29043,24501,27469,18504,23078,5782,9771,2895,2889,5065,5125,5571,6523,7029,8514,8283,9176,9050,9732,11767,14583,5377,8990,174770,110859,16879,5417,67331,2349,1930,25,17
2021-05-08T23:59:59+02:00,2,5,5072,5317,10298,11157,11777,14222,17353,20387,27180,29040,24501,27469,18504,23078,5782,9771,2895,2888,5064,5125,5571,6523,7029,8514,8281,9176,9049,9731,11767,14583,5377,8990,174753,110856,16879,5417,67328,2346,1930,25,17
2021-05-07T23:59:59+02:00,2,5,5038,5291,10230,11104,11649,14098,16953,20112,26544,28482,24453,27418,18487,23044,5775,9742,2885,2880,5047,5115,5560,6504,7017,8503,8273,9165,9043,9723,11756,14561,5369,8963,173921,110841,16875,5405,65805,2303,1801,25,17
2021-05-06T23:59:59+02:00,1,5,4768,5130,9768,10760,11089,13583,15869,19092,24139,26196,23955,26894,18381,22941,5770,9728,2843,2836,4980,5040,5520,6413,6934,8384,8143,9017,8943,9613,11732,14511,5366,8960,168902,110305,14427,5349,62927,1777,1790,23,17
2021-05-05T23:59:59+02:00,1,5,4690,5053,9475,10531,10750,13257,15289,18487,23297,25236,23694,26570,18312,22835,5760,9710,2823,2800,4930,4953,5461,6292,6850,8218,8019,8802,8837,9482,11655,14427,5365,8952,165242,109368,13123,5344,62777,1352,1787,23,17
2021-05-04T23:59:59+02:00,1,5,4606,4962,9301,10327,10543,13016,14902,18088,22755,24672,23481,26297,18240,22756,5752,9697,2814,2766,4902,4878,5428,6174,6796,8078,7926,8648,8734,9372,11581,14369,5363,8949,162988,108872,12004,5334,62619,790,1767,23,17
2021-05-03T23:59:59+02:00,1,5,4534,4888,9109,10190,10366,12841,14619,17842,22346,24257,23342,26148,18213,22709,5752,9691,2738,2696,4815,4804,5352,6089,6700,7972,7745,8483,8648,9286,11542,14320,5360,8944,161484,108652,12003,5331,62527,680,816,23,17
2021-05-02T23:59:59+02:00,1,5,4521,4874,9032,10132,10241,12728,14293,17534,22044,23971,23292,26090,18194,22684,5751,9690,2732,2689,4755,4771,5262,6005,6563,7843,7628,8383,8602,9245,11518,14286,5358,8939,160596,108537,12000,5329,62423,663,35,23,17
2021-05-01T23:59:59+02:00,1,5,4521,4872,9030,10131,10240,12728,14290,17531,22042,23971,23291,26089,18194,22684,5751,9690,2732,2689,4755,4771,5262,6005,6562,7843,7628,8383,8602,9245,11518,14286,5358,8939,160580,108537,12000,5328,62423,663,35,23,17
2021-04-30T23:59:59+02:00,0,5,4449,4781,8788,9918,9978,12485,13808,17106,21201,23203,23165,25953,18178,22656,5748,9687,2729,2687,4745,4764,5253,5971,6550,7813,7594,8346,8598,9243,11517,14283,5356,8938,156991,108512,11999,5326,62094,532,2,23,17
2021-04-29T23:59:59+02:00,0,5,4300,4638,8307,9510,9281,11882,12808,16210,19363,21526,22462,25197,18040,22447,5742,9670,2706,2666,4704,4692,5210,5897,6491,7707,7518,8229,8488,9129,11452,14207,5350,8929,147836,108031,11985,5054,61543,273,2,22,17
2021-04-28T23:59:59+02:00,0,5,4267,4619,8236,9436,9205,11796,12690,16091,19146,21312,22374,25105,18012,22406,5740,9665,2703,2655,4678,4632,5183,5853,6461,7633,7469,8147,8471,9105,11436,14185,5349,8923,147457,107839,11895,4982,60730,47,1,22,16
2021-04-27T23:59:59+02:00,0,5,4227,4573,8098,9297,9092,11645,12546,15922,18698,20815,22146,24847,17947,22328,5737,9656,2700,2651,4676,4628,5173,5845,6448,7614,7437,8110,8413,9026,11355,14105,5345,8920,146732,107584,10816,4810,60009,39,1,21,14
2021-04-26T23:59:59+02:00,0,5,4185,4545,7992,9202,8945,11540,12372,15749,18286,20451,22012,24701,17912,22300,5737,9655,2700,2649,4672,4625,5169,5835,6434,7594,7405,8082,8365,8978,11300,14027,5342,8903,145964,107480,10681,4554,58923,34,0,21,14
2021-04-25T23:59:59+02:00,0,5,4171,4530,7956,9172,8881,11478,12238,15619,17941,20121,21812,24464,17872,22245,5733,9650,2700,2649,4671,4624,5167,5831,6429,7591,7403,8078,8309,8919,11277,13999,5342,8902,144585,107459,10670,4387,58612,33,0,21,14
2021-04-24T23:59:59+02:00,0,5,4165,4522,7941,9168,8866,11468,12190,15589,17883,20083,21796,24451,17870,22240,5733,9650,2699,2649,4671,4624,5167,5831,6429,7591,7403,8078,8309,8919,11277,13999,5342,8902,144489,107459,10670,4387,58440,32,0,21,14
2021-04-23T23:59:59+02:00,0,5,4145,4489,7884,9105,8783,11367,11850,15264,17450,19686,21582,24218,17808,22163,5731,9642,2696,2647,4668,4621,5160,5824,6415,7582,7380,8047,8288,8892,11269,13991,5340,8899,143229,107447,10323,4229,57599,31,0,21,14
2021-04-22T23:59:59+02:00,0,5,4096,4424,7752,8913,8598,11108,11524,14845,16537,18702,21012,23513,17674,21983,5722,9623,2687,2641,4663,4601,5137,5798,6373,7546,7311,8001,8154,8737,11127,13839,5336,8890,139498,106829,10199,3976,56314,24,0,20,14
2021-04-21T23:59:59+02:00,0,5,4054,4381,7650,8794,8442,10950,11231,14566,15804,17946,20634,23065,17602,21878,5717,9610,2679,2630,4645,4582,5121,5777,6361,7529,7285,7980,8105,8676,11090,13800,5334,8888,136591,106551,10070,3898,55652,22,0,16,13
2021-04-20T23:59:59+02:00,0,5,4029,4355,7615,8742,8365,10870,11069,14392,15369,17469,20173,22551,17502,21726,5709,9599,2671,2621,4635,4569,5096,5757,6333,7505,7245,7941,8011,8544,11016,13713,5330,8884,134446,105981,9806,3858,55272,21,0,16,13
2021-04-19T23:59:59+02:00,0,5,3998,4305,7553,8638,8273,10731,10912,14211,15116,17175,19695,21987,17337,21512,5698,9587,2666,2620,4629,4565,5083,5742,6314,7488,7220,7897,7958,8490,10990,13667,5327,8879,132386,105648,9452,3855,54879,21,0,16,13
2021-04-18T23:59:59+02:00,0,5,3980,4276,7493,8587,8167,10604,10653,13969,14625,16636,19265,21479,17215,21326,5694,9581,2665,2620,4629,4565,5083,5742,6313,7485,7218,7896,7954,8487,10988,13663,5326,8876,129974,105626,9382,3853,54183,20,0,16,13
2021-04-17T23:59:59+02:00,0,5,3976,4268,7473,8581,8157,10586,10611,13923,14515,16548,19144,21355,17193,21298,5692,9579,2665,2620,4628,4563,5078,5737,6299,7480,7193,7873,7908,8441,10969,13640,5325,8876,129535,105617,9373,3647,53980,20,0,16,13
2021-04-16T23:59:59+02:00,0,5,3965,4225,7401,8459,8054,10429,10417,13662,13846,15789,18577,20712,17068,21123,5681,9562,2662,2617,4623,4558,5074,5725,6282,7469,7155,7838,7602,8054,10879,13502,5317,8860,126694,104827,9313,3359,52952,20,0,16,13
2021-04-15T23:59:59+02:00,0,4,3921,4171,7288,8328,7884,10191,10082,13272,13117,14931,17769,19846,16826,20800,5668,9541,2661,2609,4611,4542,5061,5695,6252,7434,7086,7769,7047,7416,10763,13350,5313,8849,123043,103206,9155,3223,51425,18,0,16,13
2021-04-14T23:59:59+02:00,0,3,3894,4142,7222,8222,7778,10041,9908,13073,12699,14485,17244,19235,16675,20591,5663,9528,2628,2590,4593,4510,5032,5648,6217,7401,7029,7708,6418,6664,10501,13065,5309,8841,121656,100907,8922,3223,49809,13,0,16,13
2021-04-13T23:59:59+02:00,0,3,3891,4136,7185,8206,7721,10008,9800,13021,12326,14193,16555,18389,16439,20290,5659,9522,2604,2563,4573,4485,5007,5614,6158,7333,6940,7607,6207,6415,9936,12417,5301,8822,120966,98744,8704,3215,47658,13,0,16,12
2021-04-12T23:59:59+02:00,0,3,3877,4118,7133,8160,7665,9940,9692,12919,12079,13980,16112,17872,16252,20076,5654,9519,2575,2552,4507,4443,4900,5545,6044,7257,6822,7508,5464,5596,9488,11881,5261,8780,120632,95393,8669,3207,45734,13,0,16,12
2021-04-11T23:59:59+02:00,0,3,3864,4111,7092,8108,7606,9896,9599,12841,11841,13773,15548,17184,15977,19735,5649,9509,2499,2469,4378,4321,4745,5412,5881,7105,6670,7402,5162,5235,9357,11722,5261,8776,120046,93215,8241,3158,44033,12,0,16,12
2021-04-10T23:59:59+02:00,0,3,3846,4092,7053,8061,7562,9840,9539,12782,11749,13688,15331,16993,15928,19667,5648,9502,1942,1902,3559,3601,3871,4647,4876,6185,5815,6617,4889,4929,9229,11569,5255,8767,119582,84473,8241,3158,43445,12,0,16,12
2021-04-09T23:59:59+02:00,0,3,3826,4072,7015,8032,7498,9784,9386,12654,11422,13403,14149,15463,15487,19136,5636,9492,1083,1075,2203,2410,2364,3276,3091,4544,4197,5156,4207,4197,8982,11216,5231,8738,117688,68793,8239,3155,40515,12,0,16,12
2021-04-08T23:59:59+02:00,0,3,3800,4056,6954,7979,7395,9690,9200,12535,11018,13049,13017,14209,15078,18615,5617,9462,582,586,1286,1705,1458,2346,1991,3461,2814,3770,2965,2799,8183,10243,5091,8518,116447,54625,8158,3152,37056,11,0,16,12
2021-04-07T23:59:59+02:00,0,3,3753,4031,6876,7925,7302,9620,9073,12406,10708,12742,12290,13438,14861,18350,5611,9443,351,369,935,1360,1053,1961,1481,2998,1870,2763,1783,1514,7280,9105,4937,8259,115487,44849,8007,3152,34923,8,0,15,12
2021-04-06T23:59:59+02:00,0,3,3737,4019,6854,7887,7247,9553,8980,12326,10497,12524,11905,12943,14640,18053,5600,9429,344,355,927,1350,1038,1940,1454,2970,1811,2704,1704,1448,6872,8553,4787,8022,114208,43111,7908,3151,34068,7,0,13,12
2021-04-05T23:59:59+02:00,0,3,3732,4018,6843,7875,7235,9543,8961,12297,10432,12465,11794,12798,14542,17961,5598,9426,342,349,916,1346,1032,1932,1444,2950,1790,2670,1651,1395,6646,8253,4665,7840,113871,42054,7887,3150,33752,7,0,13,12
2021-04-04T23:59:59+02:00,0,3,3732,4018,6841,7869,7234,9542,8958,12297,10422,12460,11791,12794,14539,17960,5598,9426,342,348,916,1346,1031,1930,1443,2949,1788,2667,1648,1390,6639,8240,4660,7837,113866,42008,7886,3149,33719,7,0,13,12
2021-04-03T23:59:59+02:00,0,3,3732,4018,6841,7868,7233,9542,8958,12297,10421,12460,11791,12793,14537,17958,5598,9426,342,347,914,1342,1029,1929,1442,2944,1786,2667,1643,1378,6596,8159,4625,7802,113862,41779,7886,3149,33715,7,0,13,12
2021-04-02T23:59:59+02:00,0,3,3730,4016,6839,7865,7227,9536,8946,12290,10405,12444,11664,12679,14494,17901,5594,9418,340,345,912,1335,1023,1918,1427,2919,1746,2628,1548,1292,5834,7261,4193,7240,113739,39117,7881,2827,33418,7,0,13,12
2021-04-01T23:59:59+02:00,0,2,3691,4004,6805,7843,7185,9505,8894,12251,10334,12374,11325,12273,14121,17392,5590,9405,335,342,896,1320,1011,1899,1395,2873,1687,2564,1425,1199,4904,6159,3643,6419,113356,35232,6481,2822,33144,7,0,13,12
2021-03-31T23:59:59+02:00,0,2,3685,4000,6790,7824,7169,9487,8859,12219,10246,12303,10995,11868,13778,16899,5584,9384,332,339,888,1312,1001,1884,1375,2845,1637,2529,1360,1147,4332,5495,3297,5961,112784,32968,5485,2749,32810,7,0,13,12
2021-03-30T23:59:59+02:00,0,2,3667,3976,6754,7785,7112,9420,8770,12115,10084,12148,10737,11591,13555,16633,5578,9370,328,333,882,1302,994,1878,1352,2839,1610,2503,1333,1121,4214,5373,3237,5869,111963,32597,5235,2554,32086,7,0,13,12
2021-03-29T23:59:59+02:00,0,2,3658,3954,6728,7763,7072,9367,8674,12020,9902,11941,10305,11123,13182,16167,5561,9337,323,329,878,1292,988,1870,1344,2828,1594,2494,1308,1107,4081,5230,3140,5738,110291,31980,4927,2548,31525,6,0,13,12
2021-03-28T23:59:59+02:00,0,2,3616,3899,6613,7606,6955,9227,8547,11827,9750,11751,10094,10863,13006,15981,5556,9327,323,329,878,1292,986,1869,1343,2828,1593,2492,1299,1104,4048,5188,3114,5713,109918,31938,4663,2446,30026,5,0,13,12
2021-03-27T23:59:59+01:00,0,2,3615,3888,6601,7541,6926,9113,8498,11656,9698,11597,9980,10740,12912,15893,5555,9327,323,328,878,1292,986,1866,1343,2826,1589,2491,1297,1102,4022,5153,3101,5698,109909,31835,4663,2445,28957,5,0,13,12
2021-03-26T23:59:59+01:00,0,2,3609,3880,6573,7504,6897,9040,8450,11544,9607,11469,9931,10677,12866,15839,5548,9307,318,326,877,1289,982,1854,1340,2805,1568,2478,1272,1086,3842,4932,2995,5545,109853,31090,4443,2404,28434,5,0,13,12
2021-03-25T23:59:59+01:00,0,2,3586,3849,6482,7377,6805,8876,8259,11312,9298,11153,9553,10295,12563,15524,5543,9298,318,325,875,1281,979,1843,1327,2792,1544,2459,1246,1067,3609,4690,2745,5211,109480,29893,4236,2404,26046,4,0,13,12
2021-03-24T23:59:59+01:00,0,2,3531,3798,6394,7192,6685,8650,8092,11077,9073,10829,9138,9808,12146,15065,5532,9288,318,324,874,1278,974,1841,1319,2788,1528,2443,1238,1057,3543,4617,2564,4990,108969,29281,4099,2404,23219,1,0,13,12
2021-03-23T23:59:59+01:00,0,2,3513,3765,6345,7136,6610,8591,7974,10948,8825,10596,8718,9339,11695,14546,5523,9273,318,324,873,1268,969,1832,1314,2779,1524,2436,1214,1032,3451,4541,2372,4673,108156,28505,4006,2404,21224,1,0,13,12
2021-03-22T23:59:59+01:00,0,2,3505,3745,6302,7107,6576,8544,7908,10872,8676,10460,8438,8986,11392,14221,5487,9234,316,319,867,1258,961,1825,1307,2768,1515,2426,1202,1023,3423,4506,2353,4640,107485,28295,4003,2403,19954,1,0,13,12
2021-03-21T23:59:59+01:00,0,2,3503,3743,6298,7096,6559,8528,7889,10853,8620,10403,8319,8869,11322,14119,5485,9231,314,318,858,1255,954,1818,1298,2766,1511,2422,1198,1020,3414,4491,2339,4631,107400,28193,4002,2403,19424,1,0,13,12
2021-03-20T23:59:59+01:00,0,2,3495,3705,6290,7025,6544,8391,7864,10669,8576,10267,8241,8783,11284,14080,5485,9231,314,318,858,1255,954,1818,1297,2766,1511,2420,1198,1020,3414,4490,2339,4630,107368,28189,3790,2402,18761,1,0,13,12
2021-03-19T23:59:59+01:00,0,2,3482,3676,6264,6942,6520,8298,7819,10552,8462,10107,7704,8177,11101,13839,5475,9213,311,317,853,1248,937,1808,1274,2735,1461,2375,1114,953,2751,3702,1928,4062,105756,25416,3491,2402,18373,1,0,13,12
2021-03-18T23:59:59+01:00,0,2,3471,3658,6223,6901,6487,8237,7756,10467,8347,9978,6749,7085,10822,13539,5465,9188,310,317,850,1243,931,1799,1255,2727,1436,2356,1077,936,2544,3463,1772,3841,102745,24444,3334,2402,18283,1,0,13,12
2021-03-17T23:59:59+01:00,0,2,3434,3620,6152,6817,6434,8134,7666,10339,8217,9820,6070,6245,10536,13236,5448,9162,309,317,843,1239,927,1787,1241,2705,1418,2332,1041,914,2425,3339,1693,3732,99981,23849,3333,2402,18005,1,0,13,12
2021-03-16T23:59:59+01:00,0,2,3416,3591,6113,6764,6389,8061,7613,10275,8127,9719,5894,6069,9843,12453,5409,9099,302,307,829,1223,915,1778,1235,2686,1405,2324,1027,895,2213,3101,1560,3538,97761,22927,3323,2400,17740,1,0,13,12
2021-03-15T23:59:59+01:00,0,2,3379,3559,6017,6685,6260,7969,7471,10156,7998,9594,5142,5236,9400,11905,5366,9029,301,306,826,1219,914,1771,1233,2673,1396,2315,1014,883,2071,2928,1474,3445,94253,22359,3316,2399,17586,1,0,13,12
2021-03-14T23:59:59+01:00,0,2,3254,3412,5741,6339,5984,7608,7158,9742,7713,9279,4809,4845,9243,11708,5362,9019,301,306,826,1219,913,1771,1231,2672,1394,2312,1012,881,2068,2925,1471,3444,91861,22339,3261,2396,16083,1,0,13,12
2021-03-13T23:59:59+01:00,0,2,2600,2750,4800,5471,4966,6679,5963,8624,6698,8336,4496,4462,8860,11189,5272,8911,301,306,825,1217,913,1766,1228,2670,1393,2312,1012,880,2044,2889,1441,3409,81174,22199,3261,2396,15631,1,0,13,12
2021-03-12T23:59:59+01:00,0,2,1774,1929,3463,4321,3460,5346,4216,6985,5064,6830,3830,3759,7613,9642,4772,8232,297,303,823,1213,907,1759,1220,2651,1367,2295,966,855,1696,2428,1173,3058,62365,20604,3258,2396,15602,1,0,13,12
2021-03-11T23:59:59+01:00,0,2,1274,1452,2560,3582,2556,4407,3123,5896,3702,5446,2655,2482,5919,7533,4009,7058,292,294,807,1204,894,1736,1202,2622,1342,2249,929,835,1539,2199,1050,2870,45089,19658,3256,2396,15298,1,0,13,11
2021-03-10T23:59:59+01:00,0,2,1050,1234,2193,3222,2182,4016,2672,5455,2799,4479,1527,1285,4571,5817,3454,6290,282,284,789,1185,872,1700,1169,2549,1304,2183,904,815,1360,2009,954,2697,34083,18757,3256,2289,14896,1,0,13,11
2021-03-09T23:59:59+01:00,0,2,1034,1207,2127,3081,2117,3901,2587,5321,2716,4353,1493,1255,4496,5744,3415,6233,278,277,775,1164,855,1673,1144,2509,1286,2155,889,803,1283,1885,883,2587,33679,18191,3253,2245,14137,1,0,13,11
2021-03-08T23:59:59+01:00,0,2,1012,1176,2070,2982,2077,3819,2528,5208,2660,4281,1455,1235,4350,5586,3314,6092,278,273,770,1156,853,1664,1136,2501,1279,2139,865,782,1117,1660,760,2423,32990,17405,3253,2241,13591,1,0,13,11
2021-03-07T23:59:59+01:00,0,2,1007,1157,2030,2939,2035,3778,2488,5143,2619,4244,1450,1232,4343,5578,3312,6092,278,273,770,1156,853,1664,1136,2501,1278,2139,862,782,1108,1650,752,2412,32960,17405,3247,2200,13229,0,0,13,11
2021-03-06T23:59:59+01:00,0,2,1007,1153,2019,2925,2023,3759,2472,5116,2601,4223,1437,1222,4309,5534,3298,6080,278,273,770,1156,853,1663,1136,2501,1278,2139,862,782,1108,1650,752,2411,32816,17404,3246,2199,13105,0,0,13,11
2021-03-05T23:59:59+01:00,0,2,1003,1149,2004,2905,1993,3736,2429,5064,2548,4186,1401,1194,4043,5209,3148,5859,277,270,763,1149,847,1655,1133,2492,1275,2129,848,778,1100,1641,751,2409,32077,17309,2915,2199,12868,0,0,13,11
2021-03-04T23:59:59+01:00,0,2,909,1002,1917,2777,1925,3599,2353,4910,2458,4028,1371,1173,3803,4950,2884,5510,277,268,761,1144,845,1647,1132,2481,1271,2122,819,764,1089,1630,744,2397,30831,17206,2911,2176,11816,0,0,13,11
2021-03-03T23:59:59+01:00,0,2,863,895,1852,2681,1854,3494,2284,4794,2384,3944,1359,1160,3693,4845,2662,5238,276,266,760,1135,842,1629,1126,2439,1261,2096,802,760,1081,1612,737,2390,30159,17180,2794,2023,11038,0,0,13,11
2021-03-02T23:59:59+01:00,0,2,818,820,1755,2557,1769,3370,2192,4670,2323,3866,1324,1138,3564,4710,2459,4892,276,265,759,1129,839,1626,1122,2434,1257,2086,800,758,1067,1591,726,2371,29435,17075,2605,2022,10176,0,0,13,11
2021-03-01T23:59:59+01:00,0,2,795,781,1655,2413,1698,3226,2092,4498,2243,3745,1306,1126,3513,4647,2415,4830,276,264,755,1125,838,1614,1118,2422,1252,2076,794,756,1062,1580,719,2364,29182,16984,2521,2022,9269,0,0,13,11
2021-02-28T23:59:59+01:00,0,2,789,758,1636,2347,1671,3154,2069,4398,2229,3678,1300,1120,3503,4633,2401,4820,275,263,755,1124,838,1609,1118,2420,1252,2071,791,754,1054,1567,715,2354,29076,16962,2519,1989,8900,0,0,13,11
2021-02-27T23:59:59+01:00,0,2,774,741,1614,2287,1654,3043,2050,4272,2208,3582,1297,1117,3503,4631,2400,4819,275,263,755,1124,838,1608,1118,2420,1252,2070,791,754,1054,1567,715,2353,29072,16960,2518,1988,8391,0,0,13,11
2021-02-26T23:59:59+01:00,0,2,646,660,1509,2174,1602,2884,1987,4035,2107,3346,1207,1046,2853,3838,1974,4237,275,263,754,1122,837,1607,1118,2418,1250,2067,789,749,1036,1554,705,2337,26283,16886,2518,1986,7293,0,0,13,11
2021-02-25T23:59:59+01:00,0,2,496,580,1390,2072,1535,2756,1926,3907,2007,3235,1158,1014,2623,3568,1810,3994,258,248,729,1098,795,1538,1071,2320,1177,1975,732,728,1004,1517,693,2309,25218,16793,2491,1390,6351,0,0,13,11
2021-02-24T23:59:59+01:00,0,2,466,549,1321,1959,1462,2612,1856,3754,1930,3086,1120,984,2484,3431,1731,3875,229,235,702,1053,769,1476,1042,2260,1123,1925,705,705,958,1488,682,2279,24567,16607,2480,1015,5562,0,0,13,11
2021-02-23T23:59:59+01:00,0,2,410,509,1239,1819,1388,2466,1779,3543,1859,2964,1095,950,2281,3203,1606,3689,224,229,687,1030,758,1437,1020,2217,1098,1884,696,693,949,1474,679,2275,23646,16522,2470,819,4673,0,0,13,11
2021-02-22T23:59:59+01:00,0,2,397,476,1140,1708,1286,2369,1670,3437,1778,2893,1074,937,2140,3031,1521,3594,213,220,665,979,727,1374,995,2123,1054,1803,653,661,880,1398,643,2219,23074,16334,2466,264,3900,0,0,13,11
2021-02-21T23:59:59+01:00,0,2,378,460,1039,1676,1134,2345,1515,3414,1676,2875,1066,935,2139,3030,1521,3594,186,214,634,971,716,1366,981,2118,1049,1801,650,658,877,1394,635,2212,23045,16203,2466,250,3275,0,0,13,11
2021-02-20T23:59:59+01:00,0,2,378,458,1038,1676,1133,2345,1513,3412,1676,2873,1066,934,2138,3030,1520,3593,185,212,631,971,713,1365,975,2115,1047,1801,650,658,877,1394,635,2212,23038,16182,2465,250,3269,0,0,13,11
2021-02-19T23:59:59+01:00,0,2,373,449,1026,1672,1123,2335,1500,3394,1644,2858,1016,906,1767,2524,1223,3211,164,202,605,967,695,1357,958,2113,1041,1799,647,657,875,1394,634,2211,21300,16060,2465,250,3245,0,0,13,11
2021-02-18T23:59:59+01:00,0,2,353,429,986,1590,1085,2248,1447,3276,1603,2768,986,883,1594,2281,1094,3007,144,191,566,956,675,1345,924,2097,1017,1779,636,638,854,1366,620,2190,20320,15739,2465,250,2834,0,0,13,11
2021-02-17T23:59:59+01:00,0,2,330,376,902,1447,978,2048,1313,3022,1491,2548,949,853,1405,2069,993,2830,138,184,554,925,649,1294,891,2019,967,1703,602,606,847,1340,615,2171,19247,15246,2465,250,1831,0,0,13,11
2021-02-16T23:59:59+01:00,0,2,324,338,858,1309,926,1860,1252,2797,1425,2387,937,836,1342,1973,926,2734,132,171,540,882,634,1240,863,1956,937,1661,592,596,825,1309,602,2111,18877,14928,2464,114,872,0,0,13,11
2021-02-15T23:59:59+01:00,0,2,308,298,830,1278,909,1804,1212,2713,1387,2331,909,804,1165,1741,797,2558,123,163,519,854,616,1178,839,1883,914,1584,571,559,807,1272,593,2069,17966,14461,2463,74,604,0,0,13,11
2021-02-14T23:59:59+01:00,0,2,308,298,829,1278,908,1804,1210,2713,1387,2331,909,804,1165,1741,797,2558,123,163,518,847,612,1173,833,1877,910,1581,570,559,805,1271,592,2066,17965,14417,2463,74,601,0,0,13,11
2021-02-13T23:59:59+01:00,0,2,308,298,829,1278,908,1801,1210,2711,1387,2329,909,804,1165,1741,797,2558,123,163,518,847,612,1173,831,1874,908,1577,568,559,790,1251,580,2050,17958,14415,2463,0,601,0,0,13,11
2021-02-12T23:59:59+01:00,0,2,304,297,819,1273,904,1771,1204,2683,1359,2300,907,802,1164,1738,797,2558,123,163,516,844,611,1166,825,1862,902,1564,565,557,776,1240,574,2037,17949,14316,2463,0,457,0,0,13,11
2021-02-11T23:59:59+01:00,0,2,285,288,804,1238,898,1737,1188,2617,1337,2245,872,789,1153,1726,796,2548,121,149,498,803,589,1101,791,1762,879,1504,552,543,752,1205,560,2006,17836,13806,2462,0,212,0,0,13,11
2021-02-10T23:59:59+01:00,0,2,282,282,785,1200,885,1707,1176,2571,1322,2203,867,787,1138,1710,791,2532,117,140,433,721,547,1008,715,1642,826,1423,537,527,738,1185,550,1978,17812,13089,2357,0,58,0,0,13,0
2021-02-09T23:59:59+01:00,0,2,282,279,781,1186,874,1690,1162,2552,1308,2179,852,782,1124,1693,780,2516,100,121,378,634,495,878,636,1444,737,1235,485,449,617,1024,482,1738,17715,11455,2311,0,3,0,0,13,0
2021-02-08T23:59:59+01:00,0,2,282,278,779,1181,874,1683,1160,2548,1302,2171,846,779,1108,1671,763,2495,90,99,334,543,443,779,547,1237,632,1071,410,375,535,837,389,1432,17600,9755,2308,0,1,0,0,13,0
2021-02-07T23:59:59+01:00,0,2,281,277,777,1180,873,1683,1160,2547,1302,2168,840,777,1106,1668,762,2493,88,98,332,538,441,775,545,1228,628,1065,405,370,514,814,383,1418,17575,9644,2308,0,0,0,0,13,0
2021-02-06T23:59:59+01:00,0,2,281,276,777,1179,873,1682,1160,2547,1302,2167,839,776,1104,1662,761,2491,88,97,332,535,440,774,544,1224,626,1064,401,365,466,745,355,1373,17559,9431,2307,0,0,0,0,13,0
2021-02-05T23:59:59+01:00,0,2,281,276,777,1178,872,1681,1159,2546,1301,2164,832,770,1081,1652,754,2475,82,95,324,529,424,756,518,1191,597,1023,378,338,446,722,341,1333,17481,9098,2307,0,0,0,0,13,0
2021-02-04T23:59:59+01:00,0,2,278,269,774,1157,860,1659,1146,2518,1287,2140,810,757,1053,1622,747,2459,68,77,254,408,329,591,402,963,484,821,305,274,335,578,277,1114,17241,7280,2284,0,0,0,0,13,0
2021-02-03T23:59:59+01:00,0,2,277,264,770,1136,858,1633,1139,2468,1274,2110,791,743,1036,1599,738,2445,54,54,168,279,255,440,282,713,360,582,209,194,237,425,194,837,17145,5283,2125,0,0,0,0,13,0
2021-02-02T23:59:59+01:00,0,2,276,259,766,1128,852,1611,1130,2444,1262,2093,787,736,1027,1588,736,2437,35,34,91,138,147,251,171,446,232,365,135,124,160,256,136,539,16996,3260,2125,0,0,0,0,13,0
2021-02-01T23:59:59+01:00,0,2,274,256,761,1109,844,1590,1125,2414,1258,2060,779,723,1020,1578,732,2424,11,12,14,26,25,62,44,88,69,100,49,45,57,74,39,178,16812,893,2125,0,0,0,0,12,0
2021-01-31T23:59:59+01:00,0,2,268,254,745,1107,836,1579,1115,2403,1247,2051,773,717,1010,1561,725,2411,10,12,13,25,23,59,38,83,62,92,46,45,53,67,36,165,16777,829,2015,0,0,0,0,12,0
2021-01-30T23:59:59+01:00,0,2,268,254,745,1106,835,1579,1115,2403,1247,2051,772,717,1010,1560,725,2410,10,10,13,25,23,59,38,83,61,90,45,44,52,67,36,164,16773,820,2014,0,0,0,0,12,0
2021-01-29T23:59:59+01:00,0,2,268,254,745,1105,835,1579,1115,2403,1247,2050,771,716,1009,1558,725,2408,9,5,12,24,23,58,36,81,60,90,44,43,52,67,36,164,16766,804,2012,0,0,0,0,12,0
2021-01-28T23:59:59+01:00,0,2,264,249,733,1080,800,1524,1078,2343,1171,1992,730,702,980,1538,709,2386,4,0,3,6,9,23,18,36,20,45,21,22,23,45,15,97,16587,387,1682,0,0,0,0,12,0
2021-01-27T23:59:59+01:00,0,2,258,242,710,1048,752,1468,1021,2262,1098,1911,695,675,966,1517,706,2379,3,0,3,4,6,19,14,22,13,32,6,9,10,10,4,27,16138,182,1560,0,0,0,0,12,0
2021-01-26T23:59:59+01:00,0,2,234,233,693,1024,744,1418,1001,2188,1071,1846,683,661,943,1501,696,2360,3,0,1,4,5,9,12,12,6,11,3,5,6,7,1,16,16087,101,1199,0,0,0,0,12,0
2021-01-25T23:59:59+01:00,0,2,202,218,641,950,692,1295,959,2042,1013,1711,635,606,866,1406,653,2287,3,0,1,4,5,9,12,12,6,11,3,5,6,7,1,16,15861,101,305,0,0,0,0,12,0
2021-01-24T23:59:59+01:00,0,2,185,212,615,938,673,1281,941,2026,998,1701,628,600,856,1386,644,2274,3,0,1,4,5,9,11,12,5,11,3,5,6,7,1,16,15688,99,260,0,0,0,0,12,0
2021-01-23T23:59:59+01:00,0,2,185,212,615,938,673,1281,941,2026,998,1701,628,600,856,1386,644,2274,3,0,1,4,5,9,9,12,5,11,3,5,6,7,1,16,15688,97,260,0,0,0,0,12,0
2021-01-22T23:59:59+01:00,0,2,138,194,557,928,655,1267,907,2016,987,1690,623,599,855,1386,644,2274,3,0,0,4,5,9,9,12,5,11,3,5,6,7,1,16,15450,96,260,0,0,0,0,12,0
2021-01-21T23:59:59+01:00,0,2,133,186,542,905,634,1226,874,1962,965,1642,612,578,843,1355,637,2255,3,0,0,4,4,9,9,12,5,11,3,5,6,7,1,15,15079,94,260,0,0,0,0,12,0
2021-01-20T23:59:59+01:00,0,2,128,170,495,839,611,1150,811,1852,928,1571,591,561,825,1332,627,2227,3,0,0,4,4,9,9,12,5,11,3,5,6,7,1,15,14450,94,258,0,0,0,0,12,0
2021-01-19T23:59:59+01:00,0,2,115,150,422,752,545,1020,726,1653,823,1406,545,507,723,1172,554,1978,3,0,0,4,4,8,9,12,5,11,3,5,6,7,1,15,12890,93,191,0,0,0,0,12,0
2021-01-18T23:59:59+01:00,0,2,97,118,353,599,454,848,596,1392,697,1200,477,441,639,1015,487,1711,1,0,0,1,0,0,0,0,0,0,0,0,0,1,0,0,11033,3,81,0,0,0,0,12,0
2021-01-17T23:59:59+01:00,0,2,93,116,349,594,453,843,594,1373,689,1190,472,432,612,986,471,1670,1,0,0,1,0,0,0,0,0,0,0,0,0,1,0,0,10846,3,81,0,0,0,0,12,0
2021-01-16T23:59:59+01:00,0,2,93,113,347,586,450,838,583,1360,678,1178,457,418,517,860,410,1573,0,0,0,1,0,0,0,0,0,0,0,0,0,0,0,0,10449,1,2,0,0,0,0,12,0
2021-01-15T23:59:59+01:00,0,2,92,111,342,584,444,833,577,1353,661,1162,441,400,509,848,402,1550,0,0,0,0,0,0,0,0,0,0,0,0,0,0,0,0,10299,0,0,0,0,0,0,12,0
2021-01-14T23:59:59+01:00,0,0,75,89,285,482,366,671,460,1100,541,980,363,320,399,694,332,1320,0,0,0,0,0,0,0,0,0,0,0,0,0,0,0,0,8465,0,0,0,0,0,0,12,0
2021-01-13T23:59:59+01:00,0,0,61,66,201,364,290,499,347,818,415,699,253,224,291,519,250,1014,0,0,0,0,0,0,0,0,0,0,0,0,0,0,0,0,6300,0,0,0,0,0,0,11,0
2021-01-12T23:59:59+01:00,0,0,40,43,121,215,177,309,206,526,276,432,159,142,186,336,171,682,0,0,0,0,0,0,0,0,0,0,0,0,0,0,0,0,4021,0,0,0,0,0,0,0,0
2021-01-11T23:59:59+01:00,0,0,11,14,41,57,41,90,59,119,91,127,65,58,83,103,49,223,0,0,0,0,0,0,0,0,0,0,0,0,0,0,0,0,1231,0,0,0,0,0,0,0,0
2021-01-10T23:59:59+01:00,0,0,11,14,29,47,34,72,50,110,78,117,57,54,77,93,46,209,0,0,0,0,0,0,0,0,0,0,0,0,0,0,0,0,1098,0,0,0,0,0,0,0,0
2021-01-09T23:59:59+01:00,0,0,11,13,26,46,34,72,49,109,76,114,56,53,76,92,45,208,0,0,0,0,0,0,0,0,0,0,0,0,0,0,0,0,1080,0,0,0,0,0,0,0,0
2021-01-08T23:59:59+01:00,0,0,7,6,26,41,32,69,46,107,75,113,53,49,71,87,41,208,0,0,0,0,0,0,0,0,0,0,0,0,0,0,0,0,1031,0,0,0,0,0,0,0,0
2021-01-07T23:59:59+01:00,0,0,5,1,9,20,15,36,28,77,33,77,32,27,47,74,28,162,0,0,0,0,0,0,0,0,0,0,0,0,0,0,0,0,671,0,0,0,0,0,0,0,0
2021-01-06T23:59:59+01:00,0,0,5,0,4,8,10,28,25,43,19,47,26,24,34,51,19,120,0,0,0,0,0,0,0,0,0,0,0,0,0,0,0,0,463,0,0,0,0,0,0,0,0
2021-01-05T23:59:59+01:00,0,0,5,0,4,8,10,28,25,43,19,47,26,24,34,50,19,120,0,0,0,0,0,0,0,0,0,0,0,0,0,0,0,0,462,0,0,0,0,0,0,0,0
2021-01-04T23:59:59+01:00,0,0,4,0,1,3,4,9,13,12,5,11,3,5,6,8,1,17,0,0,0,0,0,0,0,0,0,0,0,0,0,0,0,0,102,0,0,0,0,0,0,0,0
2021-01-03T23:59:59+01:00,0,0,3,0,1,3,4,9,12,12,5,11,3,5,6,8,1,16,0,0,0,0,0,0,0,0,0,0,0,0,0,0,0,0,99,0,0,0,0,0,0,0,0
2021-01-02T23:59:59+01:00,0,0,3,0,1,3,4,9,10,12,5,11,3,5,6,8,1,16,0,0,0,0,0,0,0,0,0,0,0,0,0,0,0,0,97,0,0,0,0,0,0,0,0
2021-01-01T23:59:59+01:00,0,0,3,0,0,3,4,9,10,12,5,11,3,5,6,7,1,16,0,0,0,0,0,0,0,0,0,0,0,0,0,0,0,0,95,0,0,0,0,0,0,0,0
2020-12-31T23:59:59+01:00,0,0,3,0,0,3,4,9,9,12,5,11,3,5,6,7,1,16,0,0,0,0,0,0,0,0,0,0,0,0,0,0,0,0,94,0,0,0,0,0,0,0,0
2020-12-30T23:59:59+01:00,0,0,3,0,0,3,4,9,9,12,5,11,3,5,6,7,1,16,0,0,0,0,0,0,0,0,0,0,0,0,0,0,0,0,94,0,0,0,0,0,0,0,0
2020-12-29T23:59:59+01:00,0,0,3,0,0,3,4,8,9,12,5,11,3,5,6,7,1,16,0,0,0,0,0,0,0,0,0,0,0,0,0,0,0,0,93,0,0,0,0,0,0,0,0
2020-12-28T23:59:59+01:00,0,0,3,0,0,3,4,8,9,12,5,11,3,5,6,7,1,16,0,0,0,0,0,0,0,0,0,0,0,0,0,0,0,0,93,0,0,0,0,0,0,0,0
2020-12-27T23:59:59+01:00,0,0,1,0,0,0,0,0,0,0,0,0,0,0,1,3,0,7,0,0,0,0,0,0,0,0,0,0,0,0,0,0,0,0,12,0,0,0,0,0,0,0,0
