Datum,<15_m,<15_w,15-24_1_m,15-24_1_w,25-34_1_m,25-34_1_w,35-44_1_m,35-44_1_w,45-54_1_m,45-54_1_w,55-64_1_m,55-64_1_w,65-74_1_m,65-74_1_w,75-84_1_m,75-84_1_w,>84_1_m,>84_1_w,<24_2_m,<24_2_w,25-34_2_m,25-34_2_w,35-44_2_m,35-44_2_w,45-54_2_m,45-54_2_w,55-64_2_m,55-64_2_w,65-74_2_m,65-74_2_w,75-84_2_m,75-84_2_w,>84_2_m,>84_2_w,bp_1,bp_2,mo_1,mo_2,az_1,az_2,ja,unb_1,unb_2
2021-10-12T23:59:59+02:00,3946,3628,25611,24617,34794,32149,34639,34598,40049,40369,43479,43567,28382,31617,20220,25332,6319,10681,22985,21999,32290,29440,32658,32279,37902,37943,41374,41465,27339,30417,19487,24337,6049,10101,339773,317476,45568,43788,77560,71242,21041,60,33
2021-10-11T23:59:59+02:00,3939,3616,25587,24592,34779,32126,34610,34581,40040,40359,43468,43553,28373,31608,20214,25328,6317,10678,22956,21967,32247,29405,32632,32250,37885,37928,41353,41448,27333,30411,19482,24331,6048,10098,339569,317172,45554,43780,77560,71242,21030,60,33
2021-10-10T23:59:59+02:00,3936,3614,25583,24585,34771,32116,34604,34567,40032,40354,43461,43547,28372,31603,20210,25325,6317,10674,22944,21949,32235,29388,32627,32243,37875,37917,41347,41443,27328,30408,19481,24330,6048,10098,339474,317048,45552,43777,77560,71242,21030,60,33
2021-10-09T23:59:59+02:00,3935,3612,25582,24582,34770,32112,34602,34566,40029,40350,43459,43547,28370,31602,20209,25322,6316,10674,22944,21949,32235,29388,32625,32242,37874,37917,41346,41442,27328,30408,19480,24330,6048,10097,339442,317039,45552,43777,77560,71242,21030,60,33
2021-10-08T23:59:59+02:00,3902,3588,25514,24525,34711,32057,34569,34534,39995,40322,43425,43520,28360,31592,20194,25303,6307,10668,22846,21885,32186,29333,32589,32195,37846,37874,41321,41418,27316,30390,19475,24322,6044,10096,338929,316496,45532,43762,77560,71241,21010,60,33
2021-10-07T23:59:59+02:00,3878,3544,25439,24444,34641,31986,34521,34494,39957,40283,43396,43491,28350,31580,20178,25293,6300,10658,22723,21744,32116,29248,32537,32117,37801,37828,41279,41378,27296,30372,19458,24309,6037,10084,338341,315631,45505,43737,77560,71240,20972,60,33
2021-10-06T23:59:59+02:00,3864,3525,25402,24401,34601,31947,34495,34463,39937,40267,43378,43473,28343,31571,20165,25274,6296,10647,22690,21703,32085,29212,32515,32086,37785,37804,41261,41364,27286,30362,19448,24299,6034,10080,337967,315296,45502,43734,77560,71240,20965,60,33
2021-10-05T23:59:59+02:00,3842,3506,25345,24341,34530,31872,34456,34424,39917,40231,43340,43449,28333,31559,20145,25254,6291,10618,22614,21587,31993,29122,32460,32023,37743,37762,41231,41335,27270,30352,19438,24291,6025,10071,337453,314607,45480,43708,77558,71238,20907,60,33
2021-10-04T23:59:59+02:00,3819,3484,25298,24299,34486,31841,34422,34394,39892,40213,43320,43430,28326,31551,20137,25238,6282,10605,22569,21541,31964,29074,32430,31999,37723,37744,41205,41319,27259,30336,19429,24282,6021,10064,337066,314260,45469,43693,77558,71235,20889,60,33
2021-10-03T23:59:59+02:00,3810,3482,25283,24293,34477,31836,34416,34388,39889,40204,43315,43426,28322,31549,20135,25229,6281,10598,22555,21530,31956,29064,32416,31991,37716,37738,41198,41316,27257,30331,19426,24276,6016,10058,336966,314138,45468,43692,77558,71235,20886,60,33
2021-10-02T23:59:59+02:00,3810,3482,25283,24292,34476,31836,34416,34388,39888,40204,43315,43426,28322,31549,20135,25229,6281,10598,22555,21530,31956,29064,32416,31991,37716,37738,41198,41316,27257,30331,19426,24276,6016,10058,336963,314137,45468,43692,77558,71235,20886,60,33
2021-10-01T23:59:59+02:00,3791,3464,25235,24225,34414,31767,34354,34348,39854,40180,43285,43408,28319,31543,20133,25227,6279,10595,22455,21442,31904,28994,32366,31949,37680,37690,41173,41300,27250,30326,19422,24271,6015,10056,336526,313576,45444,43665,77557,71233,20839,60,33
2021-09-30T23:59:59+02:00,3759,3422,25134,24110,34312,31689,34284,34291,39784,40122,43234,43367,28304,31524,20118,25215,6275,10583,22336,21324,31822,28890,32306,31878,37627,37642,41133,41274,27221,30314,19419,24258,6013,10051,335758,312785,45404,43640,77552,71233,20758,60,32
2021-09-29T23:59:59+02:00,3741,3402,25107,24066,34284,31661,34258,34265,39764,40100,43214,43350,28295,31516,20113,25209,6269,10576,22308,21293,31799,28870,32285,31854,37610,37625,41117,41262,27214,30302,19415,24249,6012,10050,335440,312540,45400,43636,77552,71233,20743,60,32
2021-09-28T23:59:59+02:00,3714,3372,25020,23996,34203,31594,34210,34216,39719,40061,43179,43321,28279,31497,20105,25197,6265,10567,22214,21219,31732,28797,32238,31807,37576,37582,41092,41237,27193,30287,19413,24240,6009,10048,334891,312035,45366,43606,77552,71232,20651,60,32
2021-09-27T23:59:59+02:00,3692,3348,24982,23970,34166,31556,34189,34186,39699,40029,43160,43300,28272,31487,20097,25192,6261,10559,22178,21187,31700,28757,32212,31786,37554,37564,41073,41224,27184,30282,19410,24236,6008,10044,334567,311769,45357,43590,77551,71232,20615,60,32
2021-09-26T23:59:59+02:00,3539,3243,24924,23935,34156,31548,34182,34183,39693,40022,43154,43294,28271,31485,20095,25191,6260,10558,22162,21168,31696,28750,32208,31782,37546,37557,41068,41219,27181,30278,19407,24234,6007,10043,334160,311665,45357,43589,77551,71231,20610,60,32
2021-09-25T23:59:59+02:00,3538,3243,24923,23935,34156,31548,34182,34183,39692,40021,43153,43294,28271,31484,20095,25191,6260,10558,22160,21165,31696,28750,32206,31781,37543,37555,41068,41219,27181,30277,19407,24234,6007,10043,334154,311650,45357,43589,77551,71231,20610,60,32
2021-09-24T23:59:59+02:00,3514,3211,24842,23859,34044,31468,34114,34120,39635,39974,43119,43268,28256,31473,20092,25185,6259,10556,22074,21077,31603,28687,32159,31743,37487,37517,41048,41197,27168,30266,19404,24231,6006,10043,333629,311195,45324,43576,77550,71230,20431,60,31
2021-09-23T23:59:59+02:00,3345,3060,24704,23710,33953,31377,34038,34061,39577,39922,43061,43224,28239,31459,20084,25174,6257,10554,21960,20975,31536,28609,32109,31687,37451,37483,41013,41163,27154,30247,19397,24215,6005,10040,332592,310579,45295,43558,77550,71228,20307,60,31
2021-09-22T23:59:59+02:00,3322,3036,24668,23658,33921,31345,34015,34024,39550,39907,43039,43200,28230,31450,20080,25163,6257,10549,21932,20946,31499,28571,32091,31659,37429,37468,40990,41152,27144,30241,19394,24211,6005,10039,332252,310318,45286,43554,77548,71227,20273,60,31
2021-09-21T23:59:59+02:00,3198,2903,24471,23505,33780,31245,33951,33941,39482,39861,43017,43158,28211,31430,20071,25157,6249,10542,21795,20808,31389,28466,32014,31582,37375,37419,40957,41118,27133,30229,19386,24196,6002,10034,331207,309543,45247,43526,77548,71226,20115,60,31
2021-09-20T23:59:59+02:00,3174,2882,24426,23458,33736,31204,33921,33908,39452,39830,42993,43133,28206,31421,20067,25151,6249,10538,21758,20767,31345,28419,31993,31546,37346,37401,40943,41109,27123,30222,19377,24190,6000,10027,330847,309244,45231,43519,77548,71224,20068,60,30
2021-09-19T23:59:59+02:00,3170,2880,24416,23452,33728,31196,33914,33901,39447,39815,42984,43132,28205,31420,20067,25149,6249,10538,21751,20762,31341,28411,31990,31545,37339,37393,40935,41108,27123,30222,19376,24189,6000,10027,330770,309191,45231,43518,77547,71224,20060,60,30
2021-09-18T23:59:59+02:00,3170,2880,24416,23452,33728,31196,33914,33901,39447,39815,42984,43132,28205,31420,20067,25149,6249,10538,21751,20762,31341,28409,31988,31545,37339,37393,40935,41108,27123,30222,19376,24188,6000,10027,330770,309186,45231,43518,77547,71224,20060,60,30
2021-09-17T23:59:59+02:00,3143,2842,24311,23338,33623,31095,33838,33833,39377,39761,42949,43105,28191,31412,20065,25143,6247,10536,21671,20685,31271,28347,31923,31498,37299,37360,40915,41094,27115,30207,19374,24181,6000,10026,330121,308737,45189,43498,77546,71224,19898,59,30
2021-09-16T23:59:59+02:00,3093,2793,24199,23206,33527,30986,33771,33729,39331,39701,42897,43056,28165,31391,20049,25132,6244,10528,21566,20589,31190,28275,31859,31433,37276,37305,40883,41056,27104,30187,19367,24173,5998,10025,329301,308143,45150,43489,77546,71218,19746,59,30
2021-09-15T23:59:59+02:00,3070,2780,24158,23158,33496,30942,33756,33698,39301,39673,42879,43038,28155,31380,20043,25126,6243,10526,21529,20546,31158,28228,31832,31410,37244,37271,40860,41030,27090,30178,19360,24165,5998,10021,328970,307783,45137,43488,77545,71216,19715,59,30
2021-09-14T23:59:59+02:00,3031,2748,24052,23017,33352,30801,33672,33613,39244,39621,42828,42988,28137,31364,20034,25118,6239,10521,21444,20464,31067,28138,31769,31348,37195,37228,40816,41004,27080,30158,19351,24157,5996,10018,328161,307258,45102,43481,77544,71212,19518,59,30
2021-09-13T23:59:59+02:00,3013,2728,24002,22964,33307,30742,33640,33563,39219,39591,42797,42964,28131,31351,20029,25116,6237,10517,21393,20417,31023,28088,31740,31316,37172,37208,40802,40982,27074,30152,19347,24153,5995,10017,327779,306958,45086,43468,77544,71211,19447,59,30
2021-09-12T23:59:59+02:00,3009,2721,23998,22956,33302,30738,33631,33557,39215,39588,42794,42962,28129,31349,20028,25115,6237,10516,21377,20408,31014,28070,31721,31308,37166,37201,40796,40976,27069,30151,19345,24150,5995,10015,327714,306836,45086,43468,77543,71210,19447,59,30
2021-09-11T23:59:59+02:00,3007,2720,23996,22954,33300,30737,33629,33556,39215,39586,42793,42962,28126,31347,20028,25115,6237,10516,21373,20407,31013,28067,31721,31308,37166,37200,40795,40975,27067,30151,19345,24150,5995,10015,327694,306820,45086,43468,77543,71210,19446,59,30
2021-09-10T23:59:59+02:00,2965,2677,23862,22827,33171,30621,33527,33481,39141,39502,42745,42922,28110,31330,20023,25107,6236,10514,21257,20304,30901,27974,31632,31255,37103,37158,40749,40942,27059,30141,19339,24140,5993,10014,326952,306279,45066,43449,77543,71209,19145,59,30
2021-09-09T23:59:59+02:00,2915,2638,23688,22679,33062,30494,33431,33381,39070,39431,42705,42875,28083,31312,20014,25101,6234,10512,21137,20173,30808,27877,31556,31160,37040,37102,40700,40894,27035,30125,19330,24131,5989,10011,326077,305527,45042,43429,77541,71206,18916,53,30
2021-09-08T23:59:59+02:00,2894,2607,23649,22630,33033,30455,33415,33353,39050,39410,42690,42860,28077,31303,20011,25096,6233,10512,21104,20141,30777,27861,31541,31135,37023,37079,40689,40881,27028,30118,19324,24126,5988,10010,325765,305295,45036,43425,77541,71205,18887,53,30
2021-09-07T23:59:59+02:00,2841,2552,23500,22485,32914,30348,33340,33267,38994,39346,42646,42826,28059,31286,20007,25091,6232,10509,20968,20007,30659,27777,31466,31069,36975,37027,40651,40852,27011,30093,19318,24115,5987,10008,325016,304645,45011,43403,77540,71200,18626,53,30
2021-09-06T23:59:59+02:00,2818,2537,23469,22441,32883,30315,33319,33247,38973,39333,42630,42811,28056,31282,20005,25089,6231,10506,20927,19964,30628,27750,31446,31044,36956,37008,40637,40840,27003,30085,19316,24106,5984,10006,324751,304345,44995,43395,77539,71199,18610,53,30
2021-09-05T23:59:59+02:00,2807,2534,23462,22435,32880,30310,33317,33242,38970,39330,42626,42805,28054,31278,20003,25088,6230,10505,20915,19957,30618,27744,31443,31040,36953,37006,40632,40837,26998,30083,19314,24102,5983,10006,324685,304271,44994,43395,77539,71199,18608,53,30
2021-09-04T23:59:59+02:00,2807,2534,23459,22434,32879,30310,33317,33241,38970,39329,42625,42804,28054,31278,20003,25088,6230,10505,20913,19957,30618,27744,31442,31039,36953,37006,40631,40837,26998,30083,19314,24102,5983,10006,324679,304264,44994,43395,77539,71199,18605,53,30
2021-09-03T23:59:59+02:00,2784,2500,23382,22357,32807,30239,33277,33198,38926,39301,42595,42791,28046,31265,20002,25086,6228,10504,20864,19899,30570,27705,31408,31004,36925,36981,40602,40825,26990,30075,19312,24100,5982,10006,324181,303920,44966,43387,77537,71191,18554,53,30
2021-09-02T23:59:59+02:00,2754,2468,23276,22260,32746,30148,33218,33143,38888,39268,42556,42758,28026,31253,19998,25072,6226,10501,20790,19838,30512,27643,31370,30973,36886,36944,40569,40796,26980,30063,19309,24089,5982,10006,323576,303495,44936,43370,77536,71186,18461,53,30
2021-09-01T23:59:59+02:00,2733,2454,23253,22224,32717,30117,33197,33117,38862,39247,42543,42743,28018,31246,19993,25070,6226,10501,20750,19797,30483,27616,31347,30951,36867,36929,40552,40780,26970,30054,19308,24083,5982,10006,323328,303232,44925,43366,77535,71185,18423,53,30
2021-08-31T23:59:59+02:00,2688,2411,23130,22118,32636,30017,33143,33059,38817,39205,42517,42718,28007,31240,19987,25066,6225,10497,20662,19704,30412,27556,31298,30908,36827,36897,40523,40755,26961,30042,19302,24078,5982,10004,322749,302816,44895,43351,77534,71178,18253,53,30
2021-08-30T23:59:59+02:00,2666,2387,23077,22075,32596,29975,33119,33022,38788,39185,42497,42700,28002,31233,19980,25057,6224,10493,20536,19603,30314,27462,31238,30858,36794,36869,40502,40721,26946,30028,19301,24069,5982,10002,322408,302106,44880,43342,77534,71173,18204,53,30
2021-08-29T23:59:59+02:00,2635,2357,22990,22012,32533,29918,33076,32991,38742,39149,42467,42679,27993,31226,19977,25052,6224,10492,20433,19535,30245,27412,31203,30824,36753,36840,40477,40703,26933,30017,19300,24064,5982,10002,321954,301678,44865,43319,77532,71163,18112,53,30
2021-08-28T23:59:59+02:00,2629,2355,22990,22012,32529,29918,33075,32991,38739,39148,42466,42679,27992,31226,19977,25052,6224,10492,20432,19534,30240,27411,31203,30821,36750,36838,40477,40703,26933,30017,19300,24064,5982,10002,321941,301667,44865,43318,77532,71163,18106,53,30
2021-08-27T23:59:59+02:00,2629,2355,22985,22008,32524,29918,33074,32989,38737,39146,42462,42679,27991,31226,19977,25052,6223,10492,20426,19532,30231,27410,31202,30819,36747,36837,40475,40703,26933,30017,19300,24063,5982,10002,321926,301652,44865,43318,77532,71160,18094,53,30
2021-08-26T23:59:59+02:00,2546,2272,22795,21802,32393,29776,32956,32882,38649,39057,42397,42610,27966,31193,19964,25034,6222,10486,20154,19262,30089,27242,31060,30693,36638,36742,40390,40629,26891,29976,19281,24039,5976,10000,320708,300136,44845,43294,77531,71144,17866,53,30
2021-08-25T23:59:59+02:00,2540,2264,22775,21776,32382,29755,32942,32867,38637,39043,42386,42604,27961,31190,19957,25028,6219,10484,20106,19219,30053,27212,31039,30657,36612,36710,40372,40613,26878,29963,19278,24031,5975,9999,320520,299774,44845,43294,77531,71143,17864,53,30
2021-08-24T23:59:59+02:00,2522,2253,22736,21734,32356,29710,32923,32834,38627,39023,42367,42590,27955,31179,19952,25020,6218,10483,20068,19177,30020,27171,31018,30622,36598,36689,40352,40595,26872,29953,19274,24028,5975,9995,320232,299485,44835,43289,77531,71138,17834,53,30
2021-08-23T23:59:59+02:00,2502,2221,22665,21661,32285,29653,32887,32803,38587,38992,42336,42577,27939,31170,19949,25009,6218,10481,19942,19055,29902,27091,30953,30575,36549,36646,40311,40566,26860,29940,19268,24018,5975,9989,319787,298750,44824,43264,77528,71132,17746,53,30
2021-08-22T23:59:59+02:00,2493,2212,22629,21629,32266,29635,32871,32795,38569,38976,42331,42568,27935,31165,19944,25009,6218,10480,19903,19017,29866,27058,30922,30539,36527,36630,40292,40544,26852,29936,19265,24015,5975,9987,319617,298459,44818,43261,77526,71123,17714,53,30
2021-08-21T23:59:59+02:00,2474,2199,22574,21579,32226,29598,32847,32771,38555,38953,42314,42558,27928,31157,19942,25006,6218,10479,19801,18918,29794,27000,30888,30495,36492,36588,40268,40523,26841,29927,19260,24011,5973,9987,319371,297950,44805,43246,77524,71117,17628,53,30
2021-08-20T23:59:59+02:00,2436,2157,22484,21472,32149,29515,32784,32723,38505,38913,42272,42530,27921,31143,19938,24991,6217,10475,19627,18791,29669,26897,30813,30435,36429,36542,40222,40485,26826,29908,19251,24002,5972,9983,318783,297135,44782,43220,77521,71099,17489,53,30
2021-08-19T23:59:59+02:00,2346,2089,22322,21336,32011,29391,32695,32640,38404,38835,42202,42476,27895,31110,19931,24979,6212,10466,19368,18585,29457,26747,30693,30325,36310,36448,40120,40400,26798,29878,19240,23986,5968,9978,317848,295863,44762,43190,77521,71074,17159,53,30
2021-08-18T23:59:59+02:00,2336,2080,22296,21314,31989,29370,32673,32617,38376,38817,42189,42460,27880,31100,19925,24974,6212,10464,19313,18525,29417,26713,30667,30294,36282,36427,40096,40369,26781,29867,19236,23974,5963,9974,317587,295428,44762,43190,77521,71072,17152,53,30
2021-08-17T23:59:59+02:00,2319,2064,22271,21286,31973,29340,32647,32592,38363,38805,42165,42441,27874,31087,19919,24969,6212,10464,19270,18474,29386,26674,30622,30267,36254,36392,40068,40345,26759,29852,19229,23957,5959,9970,317340,295025,44762,43187,77521,71068,17118,53,30
2021-08-16T23:59:59+02:00,2280,2047,22205,21243,31932,29296,32624,32571,38339,38784,42133,42424,27865,31080,19917,24959,6212,10463,19063,18330,29240,26560,30545,30178,36206,36340,40031,40303,26739,29836,19222,23938,5953,9968,316992,294025,44762,43181,77519,71066,17051,53,30
2021-08-15T23:59:59+02:00,2253,2024,22151,21186,31884,29256,32600,32538,38311,38765,42112,42410,27858,31075,19911,24952,6211,10463,18944,18213,29081,26432,30465,30095,36138,36289,39976,40246,26720,29812,19212,23929,5950,9967,316657,293098,44753,43164,77518,71058,16982,53,30
2021-08-14T23:59:59+02:00,2247,2021,22125,21170,31872,29240,32596,32532,38303,38760,42106,42407,27857,31074,19910,24951,6211,10462,18831,18119,29018,26368,30425,30047,36114,36258,39955,40231,26712,29806,19209,23928,5949,9964,316568,292553,44750,43144,77518,71054,16958,53,30
2021-08-13T23:59:59+02:00,2230,2010,22079,21132,31835,29216,32559,32504,38288,38746,42096,42397,27855,31069,19907,24948,6210,10462,18575,17859,28838,26209,30309,29955,36062,36189,39910,40195,26696,29794,19204,23919,5946,9960,316332,291183,44745,43128,77516,71044,16900,53,30
2021-08-12T23:59:59+02:00,2194,1972,21992,21038,31764,29140,32502,32454,38241,38703,42059,42363,27839,31050,19900,24938,6208,10462,18268,17544,28586,25981,30165,29827,35968,36096,39834,40127,26660,29747,19184,23896,5944,9957,315760,289432,44734,43075,77513,70997,16762,53,30
2021-08-11T23:59:59+02:00,2192,1967,21972,21022,31746,29120,32487,32438,38233,38694,42048,42347,27831,31047,19897,24934,6207,10458,18213,17488,28550,25936,30117,29788,35947,36058,39798,40094,26648,29720,19177,23886,5944,9955,315582,288953,44734,43072,77513,70994,16761,53,30
2021-08-10T23:59:59+02:00,2183,1946,21944,20985,31709,29098,32471,32418,38206,38667,42030,42339,27825,31039,19896,24931,6206,10454,17692,17034,28374,25778,30023,29698,35779,35935,39748,40051,26624,29697,19170,23870,5940,9954,315333,287250,44729,43043,77511,70744,16724,53,30
2021-08-09T23:59:59+02:00,2159,1932,21893,20934,31652,29051,32437,32388,38181,38647,42016,42315,27814,31030,19895,24922,6205,10452,17219,16573,28242,25671,29968,29644,35732,35890,39714,40016,26615,29683,19165,23864,5940,9952,314957,285764,44723,43023,77511,70731,16682,53,30
2021-08-08T23:59:59+02:00,2143,1914,21839,20890,31606,29015,32402,32362,38157,38639,41994,42294,27807,31026,19889,24918,6205,10449,16874,16232,28131,25588,29911,29571,35684,35852,39692,39990,26603,29670,19156,23855,5938,9947,314639,284526,44722,43002,77510,70723,16628,53,30
2021-08-07T23:59:59+02:00,2099,1871,21703,20808,31523,28947,32328,32301,38100,38589,41961,42266,27798,30999,19884,24909,6203,10447,16362,15781,27827,25298,29683,29384,35504,35695,39552,39878,26547,29606,19137,23826,5935,9943,314009,281874,44689,42879,77504,70635,16484,53,30
2021-08-06T23:59:59+02:00,2089,1861,21652,20769,31482,28915,32295,32282,38074,38569,41949,42250,27794,30990,19880,24909,6203,10447,15336,14801,26675,24401,29393,29153,35255,35496,39237,39638,26505,29560,19127,23816,5934,9940,313779,276873,44685,42857,77504,69832,16392,53,30
2021-08-05T23:59:59+02:00,2050,1832,21543,20682,31423,28837,32234,32223,38015,38518,41904,42212,27777,30971,19871,24896,6201,10444,14445,14056,25651,23618,28679,28638,34725,35060,38920,39392,26438,29480,19094,23782,5931,9930,313216,271979,44662,42806,77503,68334,16202,53,30
2021-08-04T23:59:59+02:00,2030,1813,21471,20631,31378,28764,32200,32180,37977,38495,41870,42183,27764,30955,19866,24883,6199,10440,14075,13714,25244,23310,28466,28411,34582,34934,38822,39299,26399,29435,19072,23759,5926,9925,312759,269531,44655,42776,77503,68292,16132,53,30
2021-08-03T23:59:59+02:00,2021,1797,21444,20605,31362,28750,32187,32170,37967,38481,41854,42170,27755,30949,19861,24876,6198,10438,13991,13623,25165,23233,28398,28354,34534,34887,38770,39260,26372,29408,19060,23747,5923,9919,312555,268801,44651,42773,77501,68266,16128,53,30
2021-08-02T23:59:59+02:00,2011,1776,21399,20566,31316,28728,32160,32139,37941,38466,41841,42155,27746,30937,19861,24868,6197,10434,13788,13413,24458,22684,28115,28131,34385,34775,38692,39197,26345,29376,19052,23743,5923,9917,312265,266383,44648,42759,77501,68038,16077,53,30
2021-08-01T23:59:59+02:00,1991,1759,21346,20519,31267,28688,32133,32120,37922,38447,41820,42138,27740,30930,19858,24860,6197,10434,13617,13251,24158,22431,27877,27913,34294,34667,38624,39126,26329,29357,19046,23737,5923,9915,311961,264684,44642,42747,77500,68015,16016,53,30
2021-07-31T23:59:59+02:00,1966,1729,21267,20442,31196,28649,32077,32080,37886,38418,41797,42117,27736,30922,19853,24856,6197,10434,12672,12225,23639,21990,27531,27557,33984,34371,38190,38782,26258,29272,19020,23692,5918,9909,311541,259649,44630,42711,77498,67443,15902,53,30
2021-07-30T23:59:59+02:00,1941,1709,21245,20421,31164,28630,32062,32062,37880,38411,41789,42109,27731,30919,19852,24856,6196,10434,12585,12152,23312,21701,27251,27345,33765,34207,38028,38647,26234,29254,19019,23684,5918,9907,311358,258225,44629,42703,77498,66886,15875,53,30
2021-07-29T23:59:59+02:00,1872,1640,21013,20184,31022,28481,31959,31950,37787,38321,41694,42048,27703,30894,19839,24837,6189,10425,11956,11618,22180,20861,26209,26505,32781,33514,37644,38355,26151,29153,18990,23637,5912,9898,310143,252604,44600,42613,77490,65127,15574,53,30
2021-07-28T23:59:59+02:00,1852,1625,20973,20132,31003,28451,31943,31929,37766,38302,41671,42027,27692,30882,19834,24827,6189,10423,11676,11316,21769,20478,25776,26079,32616,33358,37532,38263,26114,29102,18971,23614,5911,9893,309824,249679,44600,42613,77478,65066,15569,52,30
2021-07-27T23:59:59+02:00,1842,1619,20933,20089,30979,28418,31909,31913,37745,38268,41647,42014,27685,30875,19833,24822,6189,10420,11430,11100,21566,20289,25633,25959,32504,33251,37443,38180,26083,29064,18961,23602,5908,9889,309586,248200,44600,42579,77477,64994,15487,52,29
2021-07-26T23:59:59+02:00,1816,1583,20807,19960,30870,28317,31850,31848,37689,38200,41606,41983,27659,30857,19822,24808,6183,10417,11137,10775,21059,19846,25383,25750,32342,33100,37312,38092,26047,29030,18948,23579,5907,9881,308820,245905,44568,42465,77472,64789,15365,52,29
2021-07-25T23:59:59+02:00,1809,1575,20784,19948,30859,28307,31838,31833,37681,38194,41596,41973,27655,30854,19821,24806,6183,10416,11032,10668,20909,19740,25149,25555,32103,32890,37168,37959,26029,29016,18942,23571,5906,9878,308702,244643,44559,42450,77463,64376,15358,52,29
2021-07-24T23:59:59+02:00,1789,1560,20702,19873,30815,28267,31803,31797,37652,38165,41574,41961,27648,30848,19818,24804,6183,10416,10969,10613,20834,19678,25077,25494,32050,32860,37138,37938,26023,29011,18940,23569,5906,9878,308350,244274,44548,42427,77459,64310,15268,52,29
2021-07-23T23:59:59+02:00,1734,1525,20509,19727,30654,28153,31715,31723,37584,38113,41535,41917,27637,30831,19813,24798,6182,10411,10710,10409,20476,19378,24269,24849,31568,32528,36570,37481,25980,28969,18924,23551,5905,9876,307517,241410,44539,42379,77441,62919,15013,52,29
2021-07-22T23:59:59+02:00,1670,1468,20198,19454,30413,27971,31584,31609,37453,38006,41438,41834,27610,30807,19802,24774,6178,10410,10249,10030,19731,18864,23313,24179,30858,31940,35535,36720,25869,28870,18890,23518,5903,9872,306038,237799,44503,41714,77435,60390,14652,52,29
2021-07-21T23:59:59+02:00,1655,1460,20160,19402,30383,27940,31559,31586,37433,37981,41417,41810,27601,30799,19797,24768,6173,10406,9939,9696,19269,18411,22438,23413,30523,31607,35300,36522,25786,28773,18859,23465,5895,9862,305709,235050,44493,40023,77433,60217,14644,52,28
2021-07-20T23:59:59+02:00,1648,1454,20127,19375,30353,27916,31534,31566,37417,37963,41405,41796,27586,30784,19797,24761,6173,10403,9671,9418,18936,18144,22165,23129,30346,31450,35135,36379,25740,28726,18843,23429,5894,9858,305451,232653,44491,40015,77432,60116,14633,52,28
2021-07-19T23:59:59+02:00,1637,1446,20013,19288,30269,27844,31475,31511,37397,37944,41390,41777,27581,30773,19791,24754,6172,10400,9474,9222,18624,17870,21703,22708,30093,31219,35016,36277,25706,28687,18825,23413,5894,9855,304872,231026,44484,39077,77430,60001,14625,52,28
2021-07-18T23:59:59+02:00,1626,1440,19944,19221,30140,27745,31410,31445,37335,37892,41346,41725,27560,30742,19782,24739,6168,10397,9365,9107,18456,17719,21512,22519,29923,31021,34901,36176,25674,28664,18814,23395,5894,9849,304078,229768,44484,38774,77428,59960,14616,52,28
2021-07-17T23:59:59+02:00,1625,1436,19937,19219,30140,27744,31410,31441,37330,37890,41342,41723,27559,30741,19781,24739,6168,10397,9345,9092,18425,17697,21493,22506,29913,31014,34883,36172,25671,28662,18814,23394,5894,9849,304047,229617,44484,38771,77428,59949,14612,52,28
2021-07-16T23:59:59+02:00,1572,1391,19662,18973,30018,27648,31328,31371,37274,37827,41301,41691,27540,30724,19774,24729,6166,10391,9227,8977,18046,17394,21190,22233,29523,30657,34748,36065,25647,28638,18807,23381,5892,9847,303056,228342,44461,38049,77427,59619,14385,52,27
2021-07-15T23:59:59+02:00,1514,1348,19402,18726,29843,27501,31218,31272,37190,37744,41231,41624,27497,30694,19758,24715,6162,10388,8864,8675,17138,16568,19642,21006,28602,29736,34125,35486,25479,28456,18751,23331,5886,9835,301778,222234,44420,36591,77419,58698,14159,52,27
2021-07-14T23:59:59+02:00,1500,1335,19372,18689,29817,27475,31193,31240,37178,37730,41211,41617,27488,30687,19749,24708,6161,10384,8575,8378,16588,15966,19149,20486,28038,29236,33734,35109,25366,28327,18711,23264,5881,9824,301494,218063,44417,36234,77416,58268,14156,52,27
2021-07-13T23:59:59+02:00,1489,1324,19334,18664,29800,27450,31169,31224,37163,37703,41187,41589,27479,30673,19747,24703,6160,10378,8268,8116,16192,15618,18872,20207,27776,28986,33463,34851,25267,28206,18678,23223,5879,9819,301207,215365,44416,36199,77415,57775,14147,52,27
2021-07-12T23:59:59+02:00,1473,1314,19286,18646,29764,27421,31152,31203,37151,37686,41171,41575,27475,30669,19745,24697,6159,10378,8008,7904,15912,15341,18172,19658,27460,28664,33050,34489,25099,28009,18619,23149,5873,9814,300946,214081,44415,34266,77415,56795,14138,52,27
2021-07-11T23:59:59+02:00,1463,1306,19254,18615,29736,27389,31135,31172,37143,37665,41157,41563,27466,30660,19743,24697,6158,10377,7964,7857,15846,15271,18082,19604,27375,28601,32936,34426,25044,27964,18599,23127,5873,9811,300693,213502,44412,34255,77413,56549,14130,52,27
2021-07-10T23:59:59+02:00,1334,1190,18748,18196,29287,27089,30850,30938,36894,37505,40953,41413,27392,30600,19717,24665,6155,10374,7834,7788,15559,15133,17865,19453,27132,28460,32769,34310,24978,27918,18583,23114,5872,9811,298479,213081,44273,34133,77385,56308,13112,52,27
2021-07-09T23:59:59+02:00,1323,1184,18720,18165,29265,27072,30837,30925,36883,37493,40942,41404,27388,30596,19715,24661,6155,10373,7792,7742,15489,15066,17799,19359,26911,28230,32520,34096,24914,27855,18561,23088,5872,9808,298331,212795,44254,34130,77384,55146,13081,52,27
2021-07-08T23:59:59+02:00,1245,1102,18451,17949,29114,26920,30698,30804,36780,37390,40843,41326,27354,30562,19696,24641,6150,10367,7622,7604,15190,14818,17367,18999,26219,27626,32245,33829,24745,27698,18502,23026,5869,9800,297057,211654,44197,32708,77376,54127,12711,52,27
2021-07-07T23:59:59+02:00,1146,1010,18140,17626,28913,26735,30565,30678,36668,37269,40736,41239,27320,30513,19682,24625,6147,10364,7425,7393,14750,14452,16903,18555,25465,27014,31836,33447,24478,27373,18408,22933,5860,9791,295480,208739,44145,31873,77365,53166,12335,52,27
2021-07-06T23:59:59+02:00,1123,993,18063,17557,28867,26685,30515,30631,36632,37234,40701,41208,27303,30487,19671,24611,6145,10361,7208,7162,14405,14091,16552,18205,24713,26367,31535,33183,24287,27158,18360,22862,5853,9784,294901,206673,44141,30467,77362,52270,12332,52,27
2021-07-05T23:59:59+02:00,1081,965,17988,17494,28824,26627,30475,30596,36607,37189,40673,41182,27297,30473,19665,24605,6145,10356,6979,6976,14101,13820,16202,17842,24156,25856,30963,32616,24007,26860,18252,22722,5845,9774,294412,205180,44139,28366,77358,51137,12282,52,27
2021-07-04T23:59:59+02:00,1059,949,17916,17443,28786,26605,30452,30567,36597,37180,40658,41170,27291,30462,19660,24602,6145,10355,6954,6957,14049,13770,16125,17782,24072,25799,30808,32524,23914,26771,18220,22681,5843,9770,294093,204786,44139,28356,77347,50624,12267,52,27
2021-07-03T23:59:59+02:00,645,579,16176,15722,27621,25688,29656,29848,35954,36568,40155,40740,27132,30295,19594,24514,6136,10338,6566,6715,13537,13472,15727,17480,23709,25521,30503,32328,23817,26675,18187,22641,5839,9766,286574,204491,44100,28280,77263,50333,9373,52,27
2021-07-02T23:59:59+02:00,606,540,16046,15576,27463,25540,29577,29788,35923,36540,40136,40727,27126,30286,19591,24511,6136,10338,6519,6641,13463,13375,15640,17348,23565,25339,30349,32163,23625,26464,18098,22563,5837,9763,285671,203808,44100,28121,77261,49450,9367,52,27
2021-07-01T23:59:59+02:00,548,492,15867,15422,27251,25385,29498,29709,35868,36489,40071,40681,27105,30267,19580,24498,6134,10334,6376,6510,13116,13101,15109,16909,22296,24349,29588,31479,23344,26176,17979,22428,5830,9747,284481,200268,44095,26445,77248,48295,9324,52,25
2021-06-30T23:59:59+02:00,518,472,15762,15314,27139,25299,29430,29637,35811,36437,40029,40646,27090,30236,19569,24481,6130,10334,6180,6328,12684,12714,14540,16361,21671,23750,28995,30948,22926,25710,17848,22245,5823,9735,283653,196005,44092,26420,77242,46729,9296,52,25
2021-06-29T23:59:59+02:00,462,422,15006,14645,26872,25075,29333,29538,35731,36356,39960,40598,27071,30211,19561,24468,6130,10332,6067,6202,12425,12453,14145,15965,20880,23125,28409,30394,22478,25186,17695,22071,5815,9725,281148,192855,44089,25909,77233,45011,9250,52,25
2021-06-28T23:59:59+02:00,426,391,14378,14001,26714,24970,29261,29472,35671,36290,39917,40564,27053,30191,19553,24457,6130,10328,6000,6105,12246,12313,13958,15789,20256,22574,28009,30019,22142,24829,17566,21908,5810,9720,279206,191172,44086,25246,77228,43619,9196,52,25
2021-06-27T23:59:59+02:00,349,324,14033,13629,26651,24912,29223,29436,35649,36268,39898,40550,27042,30184,19550,24453,6129,10327,5963,6062,12130,12196,13812,15660,19702,22096,27400,29517,21865,24490,17445,21784,5806,9719,278095,190333,44082,23720,77217,42421,9162,52,25
2021-06-26T23:59:59+02:00,348,323,14022,13617,26636,24901,29217,29429,35642,36267,39895,40549,27041,30183,19550,24453,6129,10327,5958,6059,12120,12194,13806,15657,19689,22084,27355,29482,21718,24360,17405,21728,5805,9717,278021,190309,44079,23716,77217,41940,9161,52,25
2021-06-25T23:59:59+02:00,224,210,12762,12399,25168,23750,28918,29196,35536,36182,39827,40487,27017,30156,19539,24441,6127,10325,5915,6012,12023,12112,13662,15536,19378,21845,26969,29123,21396,23966,17228,21531,5802,9708,271787,189081,44075,23432,77196,40527,9155,52,25
2021-06-24T23:59:59+02:00,159,156,11788,11568,24053,22870,28555,28843,35385,36015,39710,40381,26978,30107,19528,24417,6125,10321,5697,5780,11567,11697,13081,14944,17840,20445,25316,27527,20624,23106,16910,21124,5792,9698,266542,184090,44053,19809,77192,38116,9121,52,25
2021-06-23T23:59:59+02:00,123,130,11424,11247,23557,22497,28306,28600,35208,35887,39620,40292,26947,30080,19519,24379,6123,10309,5623,5668,11355,11482,12781,14594,17446,20035,24567,26757,19828,22356,16717,20870,5784,9682,263923,181737,44045,19189,77187,35565,9042,52,25
2021-06-22T23:59:59+02:00,102,117,11242,11037,23396,22357,28226,28527,35132,35825,39573,40246,26932,30055,19511,24370,6123,10308,5513,5547,11087,11223,12414,14224,16843,19434,23833,25988,19448,21931,16554,20691,5777,9666,262776,178697,44042,18317,77185,34119,9025,52,25
2021-06-21T23:59:59+02:00,90,105,10991,10854,22563,21693,27973,28298,35064,35761,39510,40203,26915,30036,19505,24360,6123,10307,5395,5447,10870,11009,12106,13901,16453,19088,23383,25520,19156,21616,16449,20571,5771,9664,260189,177236,44031,17302,77177,32942,8903,52,25
2021-06-20T23:59:59+02:00,84,104,10926,10762,22314,21479,27714,28097,34984,35684,39465,40159,26903,30020,19503,24355,6121,10304,5354,5395,10783,10908,12011,13798,16256,18904,23113,25279,19055,21509,16396,20513,5765,9660,258899,176926,44030,16238,77171,32692,8826,52,25
2021-06-19T23:59:59+02:00,83,100,10903,10739,22282,21456,27696,28084,34972,35680,39455,40155,26902,30019,19503,24353,6121,10304,5323,5363,10701,10818,11919,13678,16108,18753,22805,24917,18968,21422,16384,20500,5764,9660,258749,176821,44009,14740,77171,32679,8826,52,25
2021-06-18T23:59:59+02:00,80,98,10855,10690,21966,21132,27434,27866,34918,35643,39423,40132,26893,30010,19502,24350,6121,10302,5308,5354,10671,10787,11879,13629,16046,18690,22721,24821,18802,21240,16339,20434,5763,9655,257362,176424,44005,14739,77170,32133,8826,52,25
2021-06-17T23:59:59+02:00,71,90,10274,10260,20688,20175,26571,27130,34547,35318,39163,39940,26829,29928,19481,24313,6114,10297,5111,5214,10295,10534,11435,13228,15365,18078,21353,23502,18344,20751,16175,20262,5759,9641,251576,171123,43984,14164,77157,31323,8420,52,25
2021-06-16T23:59:59+02:00,63,78,9938,9951,20002,19542,25937,26529,34296,35114,39002,39788,26783,29875,19457,24288,6113,10293,4967,5070,9906,10201,10975,12776,14661,17388,20500,22567,17940,20304,16004,20049,5749,9629,247731,167337,43968,12893,77143,30284,8155,52,25
2021-06-15T23:59:59+02:00,48,72,9697,9708,19703,19296,25712,26331,34165,35007,38906,39707,26751,29839,19450,24273,6108,10289,4863,4955,9667,9985,10740,12516,14236,16961,19898,21989,17617,19912,15782,19817,5740,9617,245958,165244,43958,11804,77136,29273,7958,52,24
2021-06-14T23:59:59+02:00,44,67,9565,9582,19402,19036,25534,26188,34045,34927,38842,39667,26733,29819,19444,24262,6108,10286,4782,4892,9477,9847,10565,12380,13973,16743,19582,21694,17451,19754,15680,19683,5739,9613,244753,163780,43956,11802,77132,28599,7658,52,24
2021-06-13T23:59:59+02:00,43,63,9405,9454,19112,18853,25179,25934,33845,34759,38735,39600,26717,29807,19434,24254,6108,10282,4699,4823,9266,9675,10397,12204,13646,16396,19234,21363,17323,19606,15633,19618,5737,9611,243107,162914,43956,11801,77127,27157,7342,52,24
2021-06-12T23:59:59+02:00,43,63,9396,9436,19100,18840,25179,25929,33845,34755,38732,39599,26717,29807,19434,24254,6108,10282,4696,4809,9254,9613,10364,12102,13597,16243,19179,21227,17214,19480,15516,19516,5735,9609,243059,162884,43956,11799,77121,26123,7331,52,24
2021-06-11T23:59:59+02:00,38,59,9237,9255,18866,18630,24377,25256,33666,34599,38597,39486,26684,29773,19423,24230,6108,10277,4616,4699,9033,9354,10104,11803,13075,15691,18204,20329,17028,19282,15476,19472,5732,9606,240138,158854,43954,11798,77116,25534,7301,52,24
2021-06-10T23:59:59+02:00,36,55,8843,8925,18219,18134,23528,24584,33347,34317,38393,39321,26625,29718,19398,24202,6105,10270,4442,4522,8460,8859,9294,11081,11925,14585,16203,18407,16138,18316,15191,19105,5723,9584,236514,149153,43300,11765,77090,23834,7066,50,24
2021-06-09T23:59:59+02:00,19,37,8391,8424,17384,17409,22377,23541,32860,33848,38106,39100,26515,29613,19350,24143,6095,10257,4305,4405,8169,8596,9049,10827,11591,14216,15719,17858,15764,17884,14949,18820,5716,9574,232511,147316,41407,11724,77048,21915,6470,33,24
2021-06-08T23:59:59+02:00,11,25,8071,8105,16914,16998,21955,23175,32616,33653,37943,38970,26471,29573,19340,24120,6092,10252,4186,4323,7915,8345,8743,10483,11232,13869,15078,17154,15302,17360,14687,18541,5711,9556,229784,145607,41376,10607,77037,20200,6054,33,24
2021-06-07T23:59:59+02:00,8,21,7874,7875,16556,16675,21415,22719,32335,33384,37825,38853,26442,29525,19320,24091,6087,10251,4110,4243,7734,8202,8583,10337,11061,13697,14763,16826,15102,17104,14513,18348,5707,9551,228163,144520,40407,10514,77017,19194,5636,33,24
2021-06-06T23:59:59+02:00,6,18,7768,7766,16422,16528,21219,22511,32106,33159,37689,38747,26415,29500,19308,24074,6087,10245,4082,4207,7686,8082,8529,10206,10953,13550,14566,16606,14916,16924,14424,18227,5700,9545,226928,144030,40106,10502,76999,18152,5502,33,24
2021-06-05T23:59:59+02:00,6,18,7746,7752,16396,16504,21211,22508,32095,33152,37687,38746,26414,29500,19307,24073,6087,10245,4072,4167,7671,8017,8515,10074,10939,13378,14547,16501,14881,16869,14415,18217,5700,9544,226822,143948,40106,10502,76998,17552,5488,33,24
2021-06-04T23:59:59+02:00,6,16,7635,7650,16116,16265,20936,22258,31671,32777,37572,38624,26381,29460,19295,24060,6085,10243,4065,4158,7643,7994,8488,10043,10872,13305,14442,16368,14799,16776,14378,18173,5700,9542,225220,143610,39330,10172,76979,17459,5488,33,24
2021-06-03T23:59:59+02:00,4,16,7380,7421,15240,15474,19306,20868,30758,31851,37066,38163,26248,29322,19250,24008,6079,10224,4005,4119,7555,7923,8365,9946,10700,13122,13870,15795,14535,16460,14292,18065,5697,9530,218589,141383,37750,10053,76967,17187,5339,33,24
2021-06-02T23:59:59+02:00,4,16,7246,7277,14862,15049,18875,20463,30291,31395,36838,37898,26184,29258,19230,23979,6076,10222,3976,4090,7493,7837,8277,9851,10560,12991,13422,15362,14410,16277,14262,18027,5694,9525,215510,139589,37319,9959,76966,17154,5335,33,24
2021-06-01T23:59:59+02:00,4,13,6972,7033,14464,14739,18531,20146,29964,31083,36614,37665,26128,29178,19206,23950,6074,10211,3875,4006,7252,7661,8044,9658,10296,12715,13014,14937,13975,15823,14146,17872,5687,9517,212764,137452,37275,9705,76945,16346,4958,33,24
2021-05-31T23:59:59+02:00,4,13,6810,6847,14242,14505,17830,19545,29622,30740,36320,37401,26035,29080,19179,23896,6064,10199,3798,3896,7042,7414,7820,9375,9952,12332,12575,14416,13446,15208,13945,17642,5679,9502,211324,134266,35236,9384,76929,15565,4810,33,24
2021-05-30T23:59:59+02:00,4,13,6787,6831,14197,14464,17752,19486,29572,30701,36288,37375,26023,29068,19176,23889,6063,10197,3754,3824,6884,7199,7673,9139,9745,12011,12319,14061,13325,15038,13877,17559,5676,9495,211025,133528,35223,9282,76871,14018,4734,33,24
2021-05-29T23:59:59+02:00,4,13,6785,6830,14188,14458,17747,19480,29567,30697,36285,37374,26021,29065,19176,23888,6063,10197,3744,3812,6854,7166,7639,9088,9709,11964,12245,13962,13283,14969,13847,17535,5675,9490,210993,133386,35223,9281,76856,13565,4733,33,24
2021-05-28T23:59:59+02:00,4,13,6775,6817,14170,14446,17731,19458,29554,30684,36274,37354,26018,29060,19174,23884,6063,10197,3730,3789,6834,7126,7605,9033,9657,11859,12002,13692,13093,14778,13817,17494,5672,9487,210836,132092,35222,9280,76853,13546,4732,33,24
2021-05-27T23:59:59+02:00,4,13,6684,6736,13901,14226,17242,19111,28873,30140,36113,37220,25968,29023,19159,23868,6062,10191,3606,3627,6546,6874,7229,8726,9159,11301,11293,12795,12539,14207,13687,17300,5664,9475,209741,128568,33777,8952,76811,12318,4172,33,24
2021-05-26T23:59:59+02:00,4,13,6614,6629,13690,14024,16989,18800,28329,29627,35936,37043,25927,28974,19142,23839,6061,10184,3515,3485,6324,6585,6940,8300,8817,10823,10640,11995,11975,13591,13540,17084,5659,9453,208125,124950,33027,8768,76796,11148,3844,33,22
2021-05-25T23:59:59+02:00,4,13,6533,6534,13484,13804,16725,18587,27605,28979,35843,36946,25903,28943,19130,23823,6056,10183,3466,3392,6180,6415,6794,8109,8591,10532,10292,11629,11630,13113,13435,16921,5656,9445,207407,123102,31571,8630,76313,10080,3772,32,22
2021-05-24T23:59:59+02:00,4,13,6463,6438,13306,13604,16502,18307,27189,28548,35497,36545,25846,28875,19111,23799,6055,10181,3453,3371,6122,6334,6748,8025,8531,10437,10219,11531,11454,12880,13387,16829,5648,9424,206875,122474,29337,8582,76306,9588,3733,32,22
2021-05-23T23:59:59+02:00,4,13,6461,6437,13301,13596,16499,18297,27170,28538,35467,36511,25843,28868,19111,23793,6055,10181,3448,3367,6116,6324,6738,8018,8503,10406,10179,11472,11371,12779,13367,16797,5648,9423,206761,122460,29320,8169,76305,9581,3727,32,22
2021-05-22T23:59:59+02:00,4,13,6454,6433,13293,13584,16493,18292,27166,28536,35464,36505,25843,28868,19111,23793,6055,10181,3446,3367,6112,6321,6736,8014,8499,10404,10174,11469,11360,12765,13362,16793,5647,9423,206706,122420,29320,8169,76303,9557,3727,32,22
2021-05-21T23:59:59+02:00,4,13,6392,6374,13140,13478,16318,18143,26895,28358,35033,36239,25817,28830,19103,23787,6054,10177,3437,3357,6079,6300,6706,7980,8460,10355,10120,11420,10842,12053,13221,16633,5644,9418,206016,120662,29195,8166,75257,9523,3655,32,22
2021-05-20T23:59:59+02:00,3,12,6098,6172,12529,13063,15125,17221,24983,26857,34079,35471,25712,28686,19048,23705,6048,10162,3378,3311,5983,6184,6593,7823,8311,10193,9881,11112,10503,11597,13108,16449,5634,9404,201246,118656,27452,8084,72719,9179,3526,31,22
2021-05-19T23:59:59+02:00,3,12,5891,5930,12016,12603,14419,16513,24036,26040,33452,34868,25598,28594,19013,23645,6040,10150,3301,3237,5821,6015,6401,7581,8037,9913,9577,10731,10191,11182,13029,16304,5632,9396,195537,116740,27411,7888,72703,8560,3141,31,22
2021-05-18T23:59:59+02:00,3,11,5721,5819,11620,12285,13797,16011,22879,25091,32785,34261,25482,28458,18965,23592,6035,10141,3259,3206,5707,5903,6234,7421,7832,9697,9378,10491,10018,10931,12883,16080,5622,9387,190587,115578,26900,7820,72659,7853,2779,31,22
2021-05-17T23:59:59+02:00,3,10,5668,5775,11456,12178,13524,15790,22063,24453,32475,33945,25403,28398,18942,23562,6026,10132,3142,3132,5515,5718,6060,7205,7624,9469,9153,10246,9925,10806,12825,16016,5619,9382,188816,114815,26197,7812,72265,6697,2494,31,22
2021-05-16T23:59:59+02:00,3,10,5640,5755,11394,12120,13439,15710,21450,23902,31862,33416,25363,28354,18932,23547,6025,10132,3137,3110,5501,5649,6032,7145,7596,9370,9122,10162,9909,10787,12822,16013,5619,9382,188048,114704,24651,7806,71842,6346,2482,31,21
2021-05-15T23:59:59+02:00,3,10,5631,5746,11361,12111,13410,15701,21374,23831,31322,33043,25352,28349,18931,23544,6024,10131,3124,3095,5482,5607,6018,7070,7556,9255,8884,9909,9876,10756,12788,15962,5619,9381,187997,114699,24638,7668,71195,5984,2013,31,21
2021-05-14T23:59:59+02:00,3,10,5592,5721,11300,12071,13337,15637,20963,23520,30890,32696,25316,28303,18919,23527,6024,10129,3092,3055,5446,5518,5997,6935,7515,9053,8824,9714,9803,10646,12702,15833,5619,9378,187273,114529,24318,7333,70324,5238,2012,31,21
2021-05-13T23:59:59+02:00,3,10,5437,5563,10918,11776,12623,15049,18774,21774,29344,31228,25089,28060,18851,23455,6022,10126,3080,3021,5423,5479,5981,6877,7490,8982,8780,9654,9585,10402,12499,15527,5614,9367,183313,114170,20524,6506,68237,5070,1997,31,21
2021-05-12T23:59:59+02:00,2,10,5407,5536,10848,11718,12522,14961,18651,21650,28981,30863,24996,27965,18834,23426,6021,10121,3079,3017,5417,5473,5971,6864,7465,8967,8741,9600,9396,10170,12266,15203,5611,9360,182364,113886,19887,5636,68234,5065,1996,31,20
2021-05-11T23:59:59+02:00,2,10,5270,5431,10599,11465,12155,14593,18040,21010,28049,29891,24804,27775,18774,23350,6016,10107,3036,2976,5327,5318,5871,6679,7336,8724,8578,9378,9214,9972,12114,15014,5602,9342,178277,112833,18993,5528,68103,4166,1937,31,20
2021-05-10T23:59:59+02:00,2,9,5145,5356,10385,11274,11895,14337,17714,20676,27627,29482,24696,27667,18735,23303,6008,10103,2965,2922,5211,5202,5756,6575,7212,8583,8449,9271,9110,9848,12024,14885,5599,9333,176269,112301,18309,5516,67875,3181,1930,31,20
2021-05-09T23:59:59+02:00,2,9,5071,5310,10287,11158,11795,14218,17374,20390,27236,29105,24609,27580,18706,23267,6005,10100,2897,2890,5065,5160,5580,6532,7045,8554,8319,9235,9098,9838,12006,14865,5599,9333,175873,112225,17028,5506,67376,2354,1914,31,20
2021-05-08T23:59:59+02:00,2,9,5070,5309,10284,11154,11795,14218,17370,20388,27233,29103,24609,27580,18706,23267,6005,10100,2897,2889,5063,5160,5580,6532,7045,8554,8316,9235,9097,9837,12006,14865,5599,9333,175857,112222,17028,5506,67373,2350,1913,31,20
2021-05-07T23:59:59+02:00,2,9,5037,5283,10216,11102,11665,14094,16971,20115,26597,28546,24560,27529,18689,23234,5998,10070,2886,2882,5048,5152,5569,6516,7033,8543,8308,9224,9091,9829,11995,14844,5591,9305,175023,112207,17025,5500,65853,2307,1785,31,20
2021-05-06T23:59:59+02:00,1,9,4767,5122,9761,10759,11101,13576,15882,19092,24189,26253,24061,27001,18583,23132,5993,10056,2843,2836,4982,5076,5528,6425,6951,8425,8178,9072,8990,9715,11971,14793,5588,9302,169995,111665,14574,5443,62966,1776,1774,29,20
2021-05-05T23:59:59+02:00,1,9,4686,5041,9466,10530,10760,13250,15303,18490,23342,25286,23801,26673,18515,23027,5983,10038,2824,2799,4933,4991,5469,6305,6869,8261,8054,8856,8882,9583,11893,14706,5587,9294,166328,110720,13256,5437,62815,1358,1773,29,20
2021-05-04T23:59:59+02:00,1,9,4602,4950,9293,10330,10548,13009,14915,18094,22794,24720,23590,26401,18443,22946,5975,10024,2816,2765,4905,4915,5436,6184,6816,8121,7958,8701,8778,9470,11818,14647,5585,9291,164077,110218,12132,5426,62651,789,1755,29,20
2021-05-03T23:59:59+02:00,1,9,4531,4875,9103,10196,10372,12833,14634,17849,22383,24306,23451,26251,18416,22898,5975,10018,2742,2694,4821,4844,5360,6098,6721,8016,7776,8536,8692,9383,11779,14598,5582,9286,162570,109995,12131,5423,62558,679,813,29,20
2021-05-02T23:59:59+02:00,1,9,4518,4861,9027,10139,10247,12724,14308,17543,22082,24020,23401,26191,18397,22873,5974,10017,2736,2687,4762,4811,5270,6016,6585,7887,7659,8436,8646,9342,11755,14564,5580,9281,161683,109878,12128,5421,62454,662,38,29,20
2021-05-01T23:59:59+02:00,1,9,4518,4858,9025,10138,10246,12724,14304,17539,22080,24020,23400,26190,18397,22873,5974,10017,2736,2687,4762,4811,5270,6016,6584,7887,7659,8436,8646,9342,11755,14564,5580,9281,161664,109878,12128,5420,62454,662,38,29,20
2021-04-30T23:59:59+02:00,0,9,4444,4772,8786,9923,9985,12482,13821,17113,21239,23248,23275,26053,18381,22842,5971,10014,2732,2685,4751,4803,5261,5982,6573,7856,7626,8398,8642,9339,11754,14561,5578,9280,158071,109851,12127,5418,62127,530,4,29,20
2021-04-29T23:59:59+02:00,0,9,4297,4627,8308,9512,9283,11879,12816,16210,19390,21562,22566,25291,18243,22631,5965,9997,2710,2666,4711,4732,5218,5908,6512,7750,7545,8282,8533,9224,11688,14486,5571,9271,148866,109359,12112,5155,61576,271,4,28,20
2021-04-28T23:59:59+02:00,0,9,4265,4608,8237,9439,9207,11792,12696,16089,19173,21349,22477,25199,18215,22590,5963,9992,2707,2654,4686,4672,5190,5864,6482,7676,7497,8200,8516,9201,11672,14464,5569,9265,148481,109166,12022,5084,60766,45,3,28,19
2021-04-27T23:59:59+02:00,0,9,4227,4562,8100,9304,9093,11642,12549,15921,18724,20854,22246,24941,18150,22512,5960,9983,2704,2650,4684,4668,5180,5856,6469,7657,7462,8162,8456,9122,11590,14382,5565,9261,147755,108905,10948,4911,60043,37,3,28,14
2021-04-26T23:59:59+02:00,0,9,4186,4535,7993,9208,8946,11536,12376,15747,18312,20489,22112,24794,18114,22480,5959,9981,2704,2648,4680,4664,5175,5848,6456,7637,7429,8134,8408,9074,11534,14303,5561,9244,146978,108800,10813,4653,58956,32,2,28,14
2021-04-25T23:59:59+02:00,0,9,4172,4520,7956,9177,8883,11473,12241,15618,17969,20156,21912,24557,18074,22425,5955,9976,2704,2648,4679,4662,5172,5844,6451,7634,7427,8130,8352,9015,11511,14275,5561,9242,145596,108777,10802,4485,58645,31,2,28,14
2021-04-24T23:59:59+02:00,0,9,4165,4512,7940,9172,8868,11463,12193,15588,17911,20118,21897,24544,18072,22420,5955,9976,2703,2648,4679,4662,5172,5844,6451,7634,7427,8130,8352,9014,11511,14275,5561,9242,145499,108777,10801,4485,58473,30,2,28,13
2021-04-23T23:59:59+02:00,0,9,4145,4482,7883,9109,8783,11361,11855,15262,17477,19719,21683,24311,18007,22343,5953,9968,2700,2646,4676,4659,5166,5836,6437,7625,7404,8099,8331,8987,11502,14266,5559,9239,144232,108765,10454,4325,57634,29,2,28,13
2021-04-22T23:59:59+02:00,0,9,4096,4418,7752,8920,8599,11103,11528,14844,16561,18734,21111,23601,17871,22163,5943,9950,2692,2640,4670,4637,5144,5810,6395,7591,7336,8054,8202,8830,11361,14115,5554,9230,140504,108148,10324,4079,56346,21,2,27,13
2021-04-21T23:59:59+02:00,0,9,4054,4375,7652,8799,8443,10942,11233,14563,15825,17975,20730,23154,17796,22058,5938,9937,2683,2629,4652,4616,5128,5789,6383,7573,7307,8032,8153,8768,11321,14075,5552,9228,137579,107862,10194,3996,55683,19,2,25,12
2021-04-20T23:59:59+02:00,0,9,4029,4349,7618,8746,8367,10862,11070,14389,15391,17500,20266,22637,17692,21906,5930,9925,2675,2620,4642,4603,5104,5769,6355,7549,7267,7992,8059,8636,11245,13988,5548,9224,135429,107289,9929,3957,55301,18,2,25,12
2021-04-19T23:59:59+02:00,0,9,3999,4298,7555,8641,8275,10723,10912,14206,15138,17205,19787,22072,17525,21690,5920,9913,2670,2619,4638,4599,5091,5754,6336,7532,7241,7947,8006,8582,11218,13942,5546,9220,133361,106956,9576,3955,54906,18,2,23,12
2021-04-18T23:59:59+02:00,0,6,3979,4270,7497,8589,8170,10597,10654,13963,14646,16667,19355,21560,17402,21505,5916,9907,2669,2619,4638,4599,5091,5754,6334,7529,7238,7946,8002,8579,11216,13938,5545,9217,130942,106932,9505,3953,54211,17,2,23,12
2021-04-17T23:59:59+02:00,0,6,3976,4262,7477,8583,8159,10579,10613,13917,14534,16579,19235,21438,17380,21477,5915,9905,2669,2619,4637,4597,5085,5749,6320,7524,7213,7923,7956,8533,11197,13915,5543,9217,130505,106921,9496,3747,54009,17,2,23,12
2021-04-16T23:59:59+02:00,0,6,3965,4218,7405,8459,8056,10424,10419,13656,13865,15816,18668,20796,17255,21302,5904,9887,2666,2616,4632,4590,5080,5736,6303,7513,7175,7888,7645,8142,11104,13775,5536,9200,127662,106119,9435,3454,52980,17,1,23,12
2021-04-15T23:59:59+02:00,0,5,3921,4165,7292,8327,7880,10191,10084,13267,13140,14958,17858,19934,17014,20980,5889,9868,2665,2608,4620,4573,5067,5703,6271,7477,7103,7815,7086,7479,10977,13615,5532,9190,124029,104448,9275,3307,51445,15,1,23,12
2021-04-14T23:59:59+02:00,0,4,3894,4133,7226,8221,7773,10040,9907,13068,12722,14512,17330,19322,16862,20771,5883,9853,2631,2589,4602,4541,5039,5656,6236,7444,7045,7755,6443,6713,10713,13319,5528,9182,122636,102106,9038,3306,49823,13,1,23,12
2021-04-13T23:59:59+02:00,0,4,3891,4127,7188,8204,7716,10005,9799,13015,12349,14219,16640,18469,16626,20466,5879,9847,2607,2562,4583,4515,5013,5621,6177,7375,6957,7651,6232,6460,10128,12643,5519,9161,121932,99883,8816,3297,47672,13,1,23,12
2021-04-12T23:59:59+02:00,0,4,3878,4109,7134,8158,7658,9936,9691,12914,12102,14005,16197,17951,16438,20252,5874,9844,2578,2551,4516,4473,4907,5551,6059,7298,6839,7551,5485,5638,9677,12104,5479,9119,121598,96513,8780,3288,45744,13,1,22,12
2021-04-11T23:59:59+02:00,0,4,3863,4101,7092,8106,7598,9893,9600,12837,11866,13797,15628,17263,16162,19912,5869,9834,2502,2471,4387,4352,4756,5419,5897,7146,6689,7446,5183,5277,9545,11942,5479,9115,121007,94346,8352,3237,44043,12,1,22,12
2021-04-10T23:59:59+02:00,0,4,3845,4081,7053,8059,7554,9836,9539,12778,11775,13713,15410,17070,16113,19843,5868,9827,1941,1907,3576,3632,3886,4655,4893,6229,5834,6657,4911,4972,9416,11790,5472,9106,120542,85617,8352,3237,43451,12,1,22,12
2021-04-09T23:59:59+02:00,0,4,3824,4061,7014,8029,7491,9779,9387,12648,11448,13432,14226,15537,15668,19311,5855,9815,1083,1083,2217,2437,2378,3287,3107,4587,4209,5190,4222,4236,9167,11433,5447,9076,118637,69903,8350,3234,40520,12,0,22,12
2021-04-08T23:59:59+02:00,0,4,3798,4045,6954,7976,7389,9686,9199,12531,11044,13081,13090,14272,15251,18780,5832,9779,583,595,1296,1730,1476,2361,2005,3499,2832,3800,2976,2836,8348,10434,5292,8842,117378,55653,8268,3231,37043,11,0,22,12
2021-04-07T23:59:59+02:00,0,4,3750,4019,6876,7920,7297,9616,9071,12402,10735,12773,12362,13506,15032,18516,5826,9757,354,377,946,1384,1069,1975,1495,3037,1885,2796,1793,1546,7440,9287,5136,8583,116416,45854,8116,3231,34909,8,0,21,12
2021-04-06T23:59:59+02:00,0,4,3734,4007,6855,7882,7241,9549,8979,12323,10522,12556,11977,13010,14811,18223,5815,9743,347,363,936,1374,1054,1954,1467,3009,1826,2737,1714,1477,7022,8728,4983,8344,115143,44088,8017,3230,34052,7,0,19,12
2021-04-05T23:59:59+02:00,0,4,3728,4006,6844,7869,7228,9538,8959,12295,10458,12497,11866,12862,14713,18130,5813,9740,345,357,926,1370,1048,1946,1457,2988,1804,2703,1661,1424,6792,8423,4858,8158,114803,43014,7995,3229,33733,7,0,19,12
2021-04-04T23:59:59+02:00,0,4,3728,4006,6842,7863,7227,9537,8956,12295,10448,12492,11863,12858,14710,18129,5813,9740,345,356,924,1370,1047,1944,1456,2987,1802,2700,1658,1419,6785,8409,4853,8155,114798,42965,7994,3228,33700,7,0,19,12
2021-04-03T23:59:59+02:00,0,4,3728,4006,6842,7862,7226,9537,8956,12295,10447,12492,11863,12857,14708,18127,5813,9740,345,355,922,1366,1045,1943,1455,2982,1800,2700,1653,1407,6742,8327,4818,8119,114794,42735,7994,3228,33696,6,0,19,12
2021-04-02T23:59:59+02:00,0,4,3726,4004,6840,7859,7220,9531,8943,12288,10431,12476,11736,12742,14665,18067,5809,9731,343,353,920,1360,1039,1932,1440,2957,1759,2662,1559,1321,5977,7430,4378,7549,114666,40056,7989,2907,33398,6,0,19,12
2021-04-01T23:59:59+02:00,0,3,3687,3992,6806,7838,7178,9501,8891,12249,10359,12405,11388,12334,14283,17549,5803,9714,338,350,904,1345,1027,1911,1408,2912,1699,2597,1435,1225,5029,6308,3810,6707,114267,36087,6573,2902,33121,6,0,19,12
2021-03-31T23:59:59+02:00,0,3,3681,3987,6791,7818,7161,9481,8857,12216,10269,12333,11052,11927,13931,17050,5797,9691,335,346,896,1335,1016,1896,1388,2884,1650,2560,1369,1172,4439,5626,3450,6232,113682,33749,5563,2829,32781,6,0,19,12
2021-03-30T23:59:59+02:00,0,3,3663,3963,6755,7781,7103,9415,8768,12113,10107,12178,10793,11650,13710,16785,5789,9677,331,339,891,1324,1009,1890,1365,2877,1621,2534,1342,1146,4320,5504,3389,6137,112868,33373,5313,2630,32055,6,0,17,12
2021-03-29T23:59:59+02:00,0,3,3653,3941,6729,7759,7063,9362,8673,12017,9924,11970,10355,11181,13338,16316,5773,9644,326,335,887,1313,1003,1882,1356,2867,1607,2525,1320,1132,4184,5361,3291,6004,111193,32754,5005,2624,31486,5,0,17,12
2021-03-28T23:59:59+02:00,0,3,3612,3885,6613,7601,6946,9219,8547,11824,9771,11779,10147,10921,13163,16134,5769,9635,326,335,887,1311,1001,1881,1355,2867,1606,2523,1311,1129,4151,5319,3265,5978,110823,32709,4740,2522,29989,4,0,17,12
2021-03-27T23:59:59+01:00,0,3,3611,3874,6601,7537,6916,9106,8497,11655,9719,11625,10034,10797,13068,16046,5768,9635,326,334,887,1311,1001,1878,1355,2865,1602,2522,1309,1127,4125,5284,3252,5963,110814,32606,4740,2521,28921,4,0,17,12
2021-03-26T23:59:59+01:00,0,3,3605,3867,6573,7500,6888,9031,8449,11542,9628,11497,9985,10733,13020,15990,5760,9614,321,332,886,1308,997,1866,1352,2844,1582,2508,1284,1111,3941,5056,3143,5809,110754,31846,4516,2480,28398,4,0,17,12
2021-03-25T23:59:59+01:00,0,3,3582,3836,6481,7374,6796,8865,8260,11311,9318,11180,9604,10349,12714,15674,5755,9603,321,331,884,1300,994,1856,1339,2831,1559,2489,1259,1091,3703,4806,2890,5470,110376,30630,4305,2480,26007,3,0,17,12
2021-03-24T23:59:59+01:00,0,3,3525,3786,6391,7190,6673,8639,8095,11074,9091,10855,9190,9859,12295,15215,5744,9592,321,330,883,1296,989,1854,1332,2827,1543,2473,1250,1081,3636,4732,2705,5246,109860,30008,4167,2480,23173,0,0,17,12
2021-03-23T23:59:59+01:00,0,3,3507,3753,6343,7136,6596,8579,7977,10946,8843,10622,8769,9392,11844,14694,5734,9578,321,330,882,1286,984,1845,1327,2818,1539,2466,1226,1056,3544,4655,2510,4923,109045,29222,4076,2480,21178,0,0,17,12
2021-03-22T23:59:59+01:00,0,3,3499,3733,6301,7108,6561,8531,7911,10871,8695,10486,8488,9041,11543,14370,5699,9539,319,325,876,1276,976,1838,1320,2807,1529,2456,1214,1046,3515,4619,2491,4890,108379,29008,4074,2479,19909,0,0,17,12
2021-03-21T23:59:59+01:00,0,3,3497,3731,6297,7098,6544,8515,7894,10852,8639,10428,8368,8924,11474,14268,5696,9536,317,324,868,1273,969,1831,1311,2805,1524,2452,1210,1043,3506,4604,2476,4880,108294,28904,4073,2479,19380,0,0,17,12
2021-03-20T23:59:59+01:00,0,3,3489,3693,6289,7026,6528,8378,7869,10668,8595,10293,8291,8838,11436,14229,5696,9536,317,324,868,1273,969,1830,1310,2805,1524,2450,1210,1043,3506,4603,2476,4879,108261,28899,3862,2478,18717,0,0,17,12
2021-03-19T23:59:59+01:00,0,3,3476,3663,6261,6940,6504,8285,7823,10551,8482,10133,7748,8231,11248,13986,5687,9518,314,323,863,1266,952,1821,1288,2774,1474,2406,1128,975,2836,3809,2057,4299,106640,26097,3560,2478,18322,0,0,17,12
2021-03-18T23:59:59+01:00,0,3,3465,3645,6220,6900,6470,8223,7759,10464,8366,10004,6789,7130,10968,13685,5675,9493,313,323,859,1261,946,1811,1273,2766,1450,2387,1089,955,2630,3569,1901,4077,103613,25122,3399,2478,18230,0,0,17,12
2021-03-17T23:59:59+01:00,0,3,3428,3606,6150,6817,6415,8118,7668,10333,8235,9847,6103,6281,10682,13372,5658,9466,312,323,851,1255,941,1799,1259,2744,1431,2360,1052,930,2504,3438,1819,3959,100811,24489,3398,2478,17956,0,0,17,12
2021-03-16T23:59:59+01:00,0,3,3410,3576,6111,6764,6370,8044,7614,10267,8144,9745,5927,6105,9974,12563,5617,9402,305,312,837,1238,928,1790,1253,2724,1419,2352,1038,911,2289,3189,1682,3762,98544,23543,3387,2476,17688,0,0,17,12
2021-03-15T23:59:59+01:00,0,3,3373,3544,6012,6684,6240,7951,7470,10147,8016,9619,5173,5271,9527,12013,5573,9332,304,311,833,1234,926,1783,1251,2711,1410,2343,1025,899,2144,3015,1591,3667,95020,22962,3378,2475,17533,0,0,17,12
2021-03-14T23:59:59+01:00,0,3,3249,3401,5733,6339,5969,7591,7156,9732,7729,9301,4841,4880,9368,11815,5569,9318,304,310,833,1234,925,1783,1249,2710,1408,2340,1023,896,2141,3012,1588,3666,92627,22940,3323,2472,16027,0,0,17,12
2021-03-13T23:59:59+01:00,0,3,2593,2745,4799,5472,4957,6665,5964,8617,6716,8353,4526,4497,8982,11291,5477,9210,304,310,832,1232,925,1778,1247,2708,1407,2340,1023,895,2117,2975,1557,3630,81956,22798,3323,2472,15571,0,0,17,12
2021-03-12T23:59:59+01:00,0,2,1770,1929,3465,4319,3449,5334,4217,6980,5077,6843,3855,3790,7725,9743,4962,8520,300,307,830,1228,919,1772,1240,2688,1382,2323,978,868,1760,2509,1282,3269,63104,21173,3320,2472,15539,0,0,17,12
2021-03-11T23:59:59+01:00,0,2,1271,1453,2560,3579,2549,4399,3124,5890,3718,5457,2681,2514,6019,7638,4189,7342,295,298,814,1219,906,1749,1222,2659,1357,2276,942,848,1602,2275,1155,3079,45813,20214,3318,2472,15237,0,0,17,12
2021-03-10T23:59:59+01:00,0,2,1050,1236,2193,3219,2174,4009,2673,5449,2808,4490,1545,1309,4659,5917,3624,6577,285,288,796,1199,884,1713,1188,2586,1318,2210,915,829,1420,2085,1058,2903,34762,19304,3318,2363,14838,0,0,16,12
2021-03-09T23:59:59+01:00,0,2,1034,1207,2129,3079,2110,3894,2589,5316,2723,4365,1511,1278,4582,5844,3583,6518,281,281,782,1178,867,1687,1162,2545,1300,2182,901,817,1343,1959,986,2787,34350,18729,3315,2319,14083,0,0,16,12
2021-03-08T23:59:59+01:00,0,2,1013,1177,2072,2979,2071,3813,2529,5204,2668,4292,1473,1257,4434,5682,3480,6374,281,277,777,1170,865,1678,1154,2537,1292,2166,876,796,1173,1733,861,2617,33650,17928,3315,2315,13539,0,0,16,12
2021-03-07T23:59:59+01:00,0,2,1008,1158,2032,2933,2029,3772,2490,5139,2627,4255,1468,1254,4427,5674,3477,6374,281,277,777,1170,865,1678,1154,2537,1291,2166,873,796,1164,1723,853,2606,33616,17928,3309,2273,13178,0,0,16,12
2021-03-06T23:59:59+01:00,0,2,1008,1155,2021,2919,2017,3753,2474,5112,2610,4234,1455,1244,4393,5628,3463,6362,281,277,777,1170,865,1677,1154,2537,1291,2166,873,796,1164,1723,853,2605,33472,17927,3308,2272,13054,0,0,16,12
2021-03-05T23:59:59+01:00,0,2,1004,1151,2006,2899,1987,3730,2431,5060,2558,4196,1419,1217,4124,5302,3311,6141,280,274,770,1163,859,1669,1151,2528,1287,2156,859,792,1156,1714,852,2603,32729,17831,2975,2272,12818,0,0,16,12
2021-03-04T23:59:59+01:00,0,2,910,1003,1917,2774,1921,3593,2355,4906,2468,4036,1388,1195,3882,5040,3046,5789,280,272,768,1158,856,1660,1150,2514,1283,2147,827,777,1143,1704,845,2590,31472,17715,2971,2249,11766,0,0,16,12
2021-03-03T23:59:59+01:00,0,2,863,896,1850,2678,1850,3489,2286,4791,2394,3952,1375,1182,3772,4933,2822,5514,279,270,767,1147,853,1642,1144,2472,1273,2121,810,773,1135,1684,837,2582,30793,17686,2852,2093,10988,0,0,16,12
2021-03-02T23:59:59+01:00,0,2,819,819,1754,2555,1766,3365,2196,4667,2334,3874,1340,1160,3642,4798,2615,5163,279,269,766,1141,849,1639,1139,2467,1269,2111,808,771,1120,1663,826,2563,30059,17578,2662,2092,10132,0,0,16,12
2021-03-01T23:59:59+01:00,0,2,796,783,1654,2413,1695,3219,2096,4495,2254,3753,1322,1148,3591,4733,2571,5103,279,267,762,1137,846,1627,1135,2455,1264,2101,801,768,1115,1651,818,2556,29806,17480,2578,2092,9228,0,0,16,12
2021-02-28T23:59:59+01:00,0,2,790,760,1636,2347,1667,3147,2073,4396,2239,3686,1316,1142,3581,4718,2556,5092,278,266,762,1136,846,1622,1135,2453,1264,2096,797,766,1107,1638,814,2546,29697,17457,2576,2059,8859,0,0,16,12
2021-02-27T23:59:59+01:00,0,2,775,743,1615,2287,1650,3036,2054,4270,2218,3591,1313,1139,3581,4717,2556,5091,278,266,762,1136,846,1621,1135,2453,1264,2095,797,766,1097,1632,797,2532,29694,17455,2575,2012,8353,0,0,16,12
2021-02-26T23:59:59+01:00,0,2,645,664,1511,2174,1599,2878,1991,4034,2117,3355,1223,1069,2927,3920,2121,4498,278,265,761,1134,845,1620,1135,2451,1262,2092,796,762,1079,1619,787,2515,26876,17381,2575,2010,7261,0,0,16,12
2021-02-25T23:59:59+01:00,0,2,497,587,1394,2070,1532,2750,1931,3906,2017,3242,1173,1034,2697,3650,1955,4255,261,250,737,1112,803,1551,1087,2351,1189,2000,740,741,1046,1581,775,2487,25806,17290,2545,1411,6325,0,0,16,12
2021-02-24T23:59:59+01:00,0,2,468,557,1324,1960,1462,2607,1861,3756,1941,3092,1136,1005,2558,3515,1875,4133,232,237,712,1066,776,1489,1057,2290,1134,1949,713,718,999,1551,762,2457,25162,17101,2533,1031,5541,0,0,16,12
2021-02-23T23:59:59+01:00,0,2,413,517,1241,1820,1387,2462,1785,3545,1872,2970,1111,971,2351,3284,1747,3941,227,232,697,1042,764,1450,1035,2243,1108,1908,704,707,990,1537,759,2453,24225,17011,2523,835,4655,0,0,16,12
2021-02-22T23:59:59+01:00,0,2,400,483,1140,1711,1284,2365,1677,3438,1791,2899,1089,957,2207,3110,1656,3842,217,223,674,990,733,1387,1009,2149,1066,1826,660,674,920,1458,720,2394,23634,16821,2519,269,3882,0,0,16,12
2021-02-21T23:59:59+01:00,0,2,381,466,1039,1678,1134,2341,1522,3416,1686,2881,1081,955,2206,3109,1656,3842,190,217,643,982,722,1379,995,2144,1060,1824,657,671,917,1452,712,2386,23605,16687,2519,254,3255,0,0,16,12
2021-02-20T23:59:59+01:00,0,2,381,464,1038,1678,1133,2341,1521,3414,1686,2879,1081,954,2205,3109,1655,3841,189,215,640,982,719,1378,989,2141,1058,1824,657,671,917,1452,712,2385,23599,16665,2518,254,3249,0,0,16,12
2021-02-19T23:59:59+01:00,0,2,376,455,1026,1674,1123,2331,1509,3395,1653,2864,1031,925,1833,2606,1353,3451,167,205,614,978,701,1370,972,2139,1052,1822,654,670,916,1452,711,2382,21848,16541,2518,254,3225,0,0,16,12
2021-02-18T23:59:59+01:00,0,2,356,434,987,1591,1085,2245,1455,3279,1612,2772,1002,901,1656,2361,1219,3239,147,194,575,967,681,1357,938,2122,1027,1802,643,651,895,1424,697,2361,20847,16217,2518,254,2815,0,0,16,12
2021-02-17T23:59:59+01:00,0,2,333,382,903,1448,976,2047,1322,3025,1501,2552,964,871,1465,2149,1118,3058,141,187,563,936,656,1305,906,2043,981,1725,608,619,888,1397,691,2341,19765,15723,2518,254,1817,0,0,16,12
2021-02-16T23:59:59+01:00,0,2,327,343,860,1310,925,1864,1261,2804,1434,2392,953,854,1404,2052,1051,2957,135,174,549,894,641,1251,878,1979,951,1683,598,609,865,1363,677,2276,19393,15394,2517,119,867,0,0,16,12
2021-02-15T23:59:59+01:00,0,2,312,302,831,1279,908,1808,1221,2721,1396,2336,924,821,1226,1822,921,2780,127,166,528,868,624,1189,852,1906,928,1606,577,572,847,1326,668,2231,18480,14926,2516,79,600,0,0,14,12
2021-02-14T23:59:59+01:00,0,2,312,302,830,1279,907,1808,1220,2721,1396,2336,924,821,1226,1822,921,2779,126,166,527,860,620,1184,846,1900,924,1603,576,571,845,1325,666,2227,18478,14878,2516,78,598,0,0,14,12
2021-02-13T23:59:59+01:00,0,2,312,302,830,1279,907,1805,1220,2719,1396,2334,924,821,1226,1821,919,2779,126,166,527,860,620,1184,843,1897,922,1599,573,571,830,1304,654,2210,18471,14875,2513,1,598,0,0,14,12
2021-02-12T23:59:59+01:00,0,2,308,301,821,1274,903,1775,1214,2692,1368,2304,922,819,1225,1818,919,2779,126,166,525,858,619,1177,837,1885,916,1586,570,569,816,1293,648,2197,18463,14777,2513,1,454,0,0,14,12
2021-02-11T23:59:59+01:00,0,2,289,292,806,1239,897,1740,1198,2627,1346,2250,888,805,1214,1807,918,2769,124,152,507,819,597,1112,803,1785,894,1527,557,555,789,1259,633,2164,18351,14267,2512,0,210,0,0,14,12
2021-02-10T23:59:59+01:00,0,2,286,285,787,1202,884,1712,1186,2582,1331,2208,883,803,1199,1790,913,2751,120,142,440,733,551,1019,725,1659,836,1441,542,538,772,1236,620,2134,18326,13510,2407,0,58,0,0,13,0
2021-02-09T23:59:59+01:00,0,2,286,282,782,1187,872,1694,1171,2562,1317,2184,868,797,1185,1771,901,2731,104,123,383,644,498,886,645,1453,747,1248,489,459,653,1067,541,1867,18216,11809,2360,0,3,0,0,13,0
2021-02-08T23:59:59+01:00,0,2,285,281,780,1182,869,1687,1169,2558,1310,2176,862,794,1169,1748,883,2706,93,100,337,549,446,784,555,1242,639,1082,412,384,564,870,436,1537,18090,10032,2357,0,1,0,0,13,0
2021-02-07T23:59:59+01:00,0,2,284,280,779,1181,868,1687,1169,2557,1310,2173,856,792,1167,1745,882,2704,91,99,335,544,444,780,553,1233,635,1076,406,378,543,847,430,1522,18066,9918,2357,0,0,0,0,13,0
2021-02-06T23:59:59+01:00,0,2,284,279,778,1180,868,1686,1169,2557,1310,2172,855,792,1165,1739,880,2702,91,98,335,540,443,779,552,1229,633,1075,403,373,494,778,399,1476,18050,9700,2355,0,0,0,0,13,0
2021-02-05T23:59:59+01:00,0,2,284,278,778,1179,867,1685,1168,2556,1309,2167,848,786,1141,1728,873,2686,85,95,327,534,427,760,527,1194,604,1032,380,345,470,750,379,1429,17967,9339,2355,0,0,0,0,13,0
2021-02-04T23:59:59+01:00,0,2,281,270,775,1157,856,1662,1155,2528,1293,2144,825,772,1112,1698,865,2667,71,76,258,412,332,591,409,965,494,829,308,282,362,605,312,1206,17717,7512,2332,0,0,0,0,13,0
2021-02-03T23:59:59+01:00,0,2,280,265,772,1134,853,1634,1148,2477,1280,2112,805,758,1096,1677,853,2651,57,55,171,284,258,441,289,715,367,592,211,200,257,446,223,903,17613,5469,2171,0,0,0,0,13,0
2021-02-02T23:59:59+01:00,0,2,279,259,768,1125,847,1613,1140,2451,1268,2094,798,751,1088,1665,850,2642,37,34,93,142,149,254,176,446,237,374,137,130,175,271,157,581,17457,3393,2170,0,0,0,0,13,0
2021-02-01T23:59:59+01:00,0,2,277,256,763,1106,839,1593,1135,2421,1264,2059,788,737,1082,1654,845,2625,13,11,16,30,27,64,47,88,74,102,51,45,63,79,46,197,17263,953,2170,0,0,0,0,13,0
2021-01-31T23:59:59+01:00,0,2,271,254,747,1104,831,1582,1125,2410,1253,2051,782,731,1072,1636,838,2611,12,11,15,28,25,61,41,83,67,94,48,45,58,72,43,184,17226,887,2061,0,0,0,0,13,0
2021-01-30T23:59:59+01:00,0,2,271,254,747,1103,831,1582,1125,2410,1253,2051,781,731,1062,1629,821,2596,12,9,15,28,25,61,41,83,66,92,47,44,57,72,43,183,17222,878,2014,0,0,0,0,13,0
2021-01-29T23:59:59+01:00,0,2,270,254,747,1102,831,1582,1125,2410,1253,2050,780,730,1061,1627,821,2594,10,4,13,26,25,60,39,82,65,92,46,43,57,72,43,183,17214,860,2012,0,0,0,0,13,0
2021-01-28T23:59:59+01:00,0,2,266,249,736,1077,797,1526,1088,2349,1177,1992,739,716,1033,1607,805,2574,5,0,4,8,10,24,19,37,21,45,21,22,25,49,17,108,17034,415,1686,0,0,0,0,13,0
2021-01-27T23:59:59+01:00,0,2,260,242,713,1045,751,1472,1029,2268,1104,1911,704,689,1018,1584,802,2566,4,0,4,5,7,20,15,23,14,32,6,9,11,12,5,30,16585,197,1562,0,0,0,0,13,0
2021-01-26T23:59:59+01:00,0,2,236,233,698,1021,743,1424,1009,2194,1077,1846,692,675,994,1568,792,2547,4,0,2,5,6,10,13,12,7,11,3,5,7,8,2,17,16534,112,1204,0,0,0,0,13,0
2021-01-25T23:59:59+01:00,0,2,205,218,645,949,691,1302,966,2049,1019,1711,645,619,916,1471,745,2471,4,0,2,5,6,10,13,12,7,11,3,5,7,8,2,17,16307,112,304,0,0,0,0,13,0
2021-01-24T23:59:59+01:00,0,2,188,212,619,937,672,1288,948,2032,1004,1701,637,613,906,1451,736,2458,3,0,2,5,6,10,12,12,6,11,3,5,7,8,2,17,16132,109,259,0,0,0,0,13,0
2021-01-23T23:59:59+01:00,0,2,188,212,619,937,672,1288,948,2032,1004,1701,637,613,906,1451,736,2458,3,0,2,4,6,10,10,12,6,11,3,5,7,8,2,17,16132,106,259,0,0,0,0,13,0
2021-01-22T23:59:59+01:00,0,2,141,194,561,927,654,1273,914,2022,992,1690,632,612,905,1451,736,2458,3,0,1,4,6,10,10,12,6,11,3,5,7,8,2,17,15892,105,259,0,0,0,0,13,0
2021-01-21T23:59:59+01:00,0,2,137,186,546,906,634,1232,881,1968,971,1643,620,591,893,1420,729,2439,3,0,0,4,5,10,9,12,6,11,3,5,7,8,2,16,15526,101,259,0,0,0,0,13,0
2021-01-20T23:59:59+01:00,0,2,131,169,499,841,611,1154,818,1858,934,1572,599,573,876,1397,717,2408,3,0,0,4,5,10,9,12,6,11,3,5,7,8,2,16,14889,101,257,0,0,0,0,13,0
2021-01-19T23:59:59+01:00,0,2,121,151,427,754,548,1025,734,1670,834,1414,552,523,777,1242,636,2152,3,0,0,4,5,8,9,12,6,11,3,5,7,8,2,16,13359,99,190,0,0,0,0,13,0
2021-01-18T23:59:59+01:00,0,2,103,118,358,604,458,855,603,1409,708,1205,482,457,689,1079,558,1867,1,0,0,1,1,0,0,0,0,1,0,0,0,1,0,0,11461,5,81,0,0,0,0,13,0
2021-01-17T23:59:59+01:00,0,2,99,116,354,599,457,849,601,1390,701,1195,476,447,662,1048,538,1820,1,0,0,1,0,0,0,0,0,1,0,0,0,1,0,0,11261,4,80,0,0,0,0,13,0
2021-01-16T23:59:59+01:00,0,2,99,113,352,590,454,844,589,1377,690,1183,461,434,565,923,476,1721,0,0,0,1,0,0,0,0,0,0,0,0,0,0,0,0,10857,1,3,0,0,0,0,13,0
2021-01-15T23:59:59+01:00,0,2,97,111,347,588,448,839,583,1370,673,1167,445,416,557,911,466,1697,0,0,0,0,0,0,0,0,0,0,0,0,0,0,0,0,10703,0,1,0,0,0,0,13,0
2021-01-14T23:59:59+01:00,0,0,80,89,293,487,370,674,465,1117,555,987,364,334,438,745,382,1442,0,0,0,0,0,0,0,0,0,0,0,0,0,0,0,0,8809,0,0,0,0,0,0,13,0
2021-01-13T23:59:59+01:00,0,0,66,66,208,370,294,504,352,836,426,708,255,235,322,559,293,1106,0,0,0,0,0,0,0,0,0,0,0,0,0,0,0,0,6588,0,0,0,0,0,0,12,0
2021-01-12T23:59:59+01:00,0,0,44,44,128,219,182,313,212,531,284,442,162,151,209,367,202,743,0,0,0,0,0,0,0,0,0,0,0,0,0,0,0,0,4233,0,0,0,0,0,0,0,0
2021-01-11T23:59:59+01:00,0,0,14,13,44,61,42,93,60,119,96,129,66,58,90,111,57,252,0,0,0,0,0,0,0,0,0,0,0,0,0,0,0,0,1305,0,0,0,0,0,0,0,0
2021-01-10T23:59:59+01:00,0,0,13,13,31,49,35,75,51,110,83,119,59,54,83,101,54,237,0,0,0,0,0,0,0,0,0,0,0,0,0,0,0,0,1167,0,0,0,0,0,0,0,0
2021-01-09T23:59:59+01:00,0,0,13,12,28,48,35,75,50,109,81,116,58,53,82,100,52,236,0,0,0,0,0,0,0,0,0,0,0,0,0,0,0,0,1148,0,0,0,0,0,0,0,0
2021-01-08T23:59:59+01:00,0,0,9,4,28,42,33,72,47,107,80,115,55,49,76,95,48,236,0,0,0,0,0,0,0,0,0,0,0,0,0,0,0,0,1096,0,0,0,0,0,0,0,0
2021-01-07T23:59:59+01:00,0,0,6,1,10,21,16,38,27,77,35,77,32,27,51,81,33,180,0,0,0,0,0,0,0,0,0,0,0,0,0,0,0,0,712,0,0,0,0,0,0,0,0
2021-01-06T23:59:59+01:00,0,0,6,0,5,10,11,30,24,43,21,48,26,24,37,56,23,129,0,0,0,0,0,0,0,0,0,0,0,0,0,0,0,0,493,0,0,0,0,0,0,0,0
2021-01-05T23:59:59+01:00,0,0,5,0,5,9,11,30,24,43,21,48,26,24,37,55,23,129,0,0,0,0,0,0,0,0,0,0,0,0,0,0,0,0,490,0,0,0,0,0,0,0,0
2021-01-04T23:59:59+01:00,0,0,4,0,2,4,5,11,13,12,6,12,3,5,7,9,2,18,0,0,0,0,0,0,0,0,0,0,0,0,0,0,0,0,113,0,0,0,0,0,0,0,0
2021-01-03T23:59:59+01:00,0,0,3,0,2,4,5,10,12,12,6,12,3,5,7,9,2,17,0,0,0,0,0,0,0,0,0,0,0,0,0,0,0,0,109,0,0,0,0,0,0,0,0
2021-01-02T23:59:59+01:00,0,0,3,0,2,4,5,10,10,12,6,12,3,5,7,9,2,17,0,0,0,0,0,0,0,0,0,0,0,0,0,0,0,0,107,0,0,0,0,0,0,0,0
2021-01-01T23:59:59+01:00,0,0,3,0,1,4,5,10,10,12,6,12,3,5,7,8,2,17,0,0,0,0,0,0,0,0,0,0,0,0,0,0,0,0,105,0,0,0,0,0,0,0,0
2020-12-31T23:59:59+01:00,0,0,3,0,0,4,5,10,9,12,6,12,3,5,7,8,2,17,0,0,0,0,0,0,0,0,0,0,0,0,0,0,0,0,103,0,0,0,0,0,0,0,0
2020-12-30T23:59:59+01:00,0,0,3,0,0,4,5,10,9,12,6,12,3,5,7,8,2,17,0,0,0,0,0,0,0,0,0,0,0,0,0,0,0,0,103,0,0,0,0,0,0,0,0
2020-12-29T23:59:59+01:00,0,0,3,0,0,3,5,8,9,12,6,12,3,5,7,8,2,17,0,0,0,0,0,0,0,0,0,0,0,0,0,0,0,0,100,0,0,0,0,0,0,0,0
2020-12-28T23:59:59+01:00,0,0,3,0,0,3,5,8,9,12,5,12,3,5,7,8,2,17,0,0,0,0,0,0,0,0,0,0,0,0,0,0,0,0,99,0,0,0,0,0,0,0,0
2020-12-27T23:59:59+01:00,0,0,1,0,0,0,0,0,0,0,0,1,0,0,2,4,0,8,0,0,0,0,0,0,0,0,0,0,0,0,0,0,0,0,16,0,0,0,0,0,0,0,0
