Datum,<15_1_m,<15_1_w,15-24_1_m,15-24_1_w,25-34_1_m,25-34_1_w,35-44_1_m,35-44_1_w,45-54_1_m,45-54_1_w,55-64_1_m,55-64_1_w,65-74_1_m,65-74_1_w,75-84_1_m,75-84_1_w,>84_1_m,>84_1_w,<15_2_m,<15_2_w,15-24_2_m,15-24_2_w,25-34_2_m,25-34_2_w,35-44_2_m,35-44_2_w,45-54_2_m,45-54_2_w,55-64_2_m,55-64_2_w,65-74_2_m,65-74_2_w,75-84_2_m,75-84_2_w,>84_2_m,>84_2_w,bp_1,bp_2,mo_1,mo_2,az_1,az_2,ja,unb_1,unb_2
2021-11-29T23:59:59+01:00,3757,3562,16809,15191,19202,17510,20256,19884,22898,22724,23788,22588,15104,16365,10308,12610,3154,5494,2099,2011,14435,13353,17325,15613,18784,18393,21763,21535,22974,21785,14730,15892,10088,12333,3058,5329,199576,181468,23333,22657,35598,34660,12698,15,17
2021-11-28T23:59:59+01:00,3744,3552,16803,15183,19199,17504,20250,19879,22893,22721,23783,22583,15102,16359,10306,12608,3154,5493,2095,2008,14429,13348,17323,15609,18779,18389,21761,21532,22973,21785,14728,15890,10087,12331,3058,5329,199488,181422,23333,22657,35598,34660,12698,15,17
2021-11-27T23:59:59+01:00,3744,3551,16802,15182,19199,17503,20250,19879,22893,22721,23783,22583,15102,16359,10306,12608,3154,5493,2095,2008,14429,13348,17323,15609,18779,18389,21761,21532,22973,21785,14728,15890,10087,12331,3058,5329,199484,181422,23333,22657,35598,34660,12698,15,17
2021-11-26T23:59:59+01:00,3219,3110,16768,15154,19177,17463,20231,19855,22879,22707,23773,22568,15096,16351,10302,12599,3154,5488,2081,1998,14380,13304,17287,15592,18754,18366,21736,21517,22962,21779,14725,15886,10087,12328,3057,5329,198274,181141,23329,22656,35598,34660,12694,15,17
2021-11-25T23:59:59+01:00,2824,2790,16736,15114,19145,17410,20199,19819,22861,22688,23753,22548,15085,16341,10292,12583,3150,5486,2065,1984,14326,13269,17234,15556,18727,18335,21711,21499,22958,21768,14720,15881,10087,12323,3056,5327,197208,180808,23325,22647,35598,34660,12694,15,17
2021-11-24T23:59:59+01:00,2799,2752,16693,15077,19097,17360,20164,19777,22832,22654,23729,22518,15073,16312,10280,12570,3146,5481,2058,1974,14294,13232,17189,15520,18712,18316,21692,21483,22946,21755,14715,15878,10085,12322,3056,5326,196698,180535,23325,22647,35598,34660,12694,15,17
2021-11-23T23:59:59+01:00,2759,2719,16659,15052,19079,17322,20143,19753,22816,22632,23715,22507,15064,16300,10274,12561,3144,5480,2050,1965,14273,13210,17165,15506,18702,18305,21680,21478,22940,21752,14711,15873,10084,12321,3055,5326,196365,180378,23323,22647,35598,34660,12694,15,17
2021-11-22T23:59:59+01:00,2738,2697,16631,15029,19055,17295,20114,19730,22797,22612,23700,22493,15057,16290,10272,12553,3141,5477,2048,1960,14263,13205,17156,15494,18687,18295,21668,21470,22935,21750,14709,15873,10084,12320,3055,5326,196084,180296,23322,22647,35598,34660,12678,15,17
2021-11-21T23:59:59+01:00,2727,2680,16609,15015,19029,17270,20093,19709,22783,22597,23683,22481,15052,16280,10267,12547,3140,5474,2046,1958,14260,13199,17151,15484,18682,18288,21664,21468,22933,21744,14705,15871,10084,12316,3054,5326,195848,180240,23319,22646,35598,34658,12672,15,17
2021-11-20T23:59:59+01:00,2703,2651,16567,14990,18997,17243,20069,19683,22764,22581,23670,22466,15039,16270,10263,12541,3138,5472,2045,1955,14251,13196,17146,15479,18680,18287,21661,21463,22930,21743,14705,15871,10083,12316,3053,5326,195524,180203,23316,22642,35598,34658,12670,15,17
2021-11-19T23:59:59+01:00,2646,2588,16447,14912,18918,17156,19993,19603,22719,22527,23642,22430,15018,16245,10253,12535,3136,5467,2033,1940,14194,13162,17085,15441,18653,18270,21640,21442,22922,21732,14704,15865,10081,12314,3052,5325,194681,179872,23290,22641,35598,34658,12667,15,17
2021-11-18T23:59:59+01:00,2572,2511,16345,14796,18828,17039,19916,19517,22663,22470,23601,22384,15000,16206,10245,12524,3135,5459,2021,1923,14153,13112,17022,15410,18601,18241,21603,21414,22897,21719,14702,15858,10079,12311,3050,5322,193697,179467,23256,22635,35598,34658,12661,15,17
2021-11-17T23:59:59+01:00,2529,2469,16245,14706,18750,16947,19843,19450,22613,22418,23558,22350,14976,16180,10235,12509,3132,5451,2006,1908,14116,13093,17005,15389,18586,18226,21589,21405,22883,21711,14697,15852,10074,12307,3049,5321,192851,179247,23253,22635,35598,34658,12660,15,17
2021-11-16T23:59:59+01:00,2506,2437,16183,14647,18697,16882,19808,19408,22581,22383,23530,22330,14967,16166,10231,12500,3129,5448,2000,1902,14103,13085,16994,15375,18576,18214,21583,21400,22876,21708,14692,15851,10074,12305,3049,5319,192328,179137,23248,22634,35598,34658,12660,15,17
2021-11-15T23:59:59+01:00,2484,2394,16095,14588,18620,16804,19749,19353,22539,22344,23507,22313,14958,16152,10223,12489,3127,5446,1997,1896,14091,13075,16978,15368,18572,18206,21570,21389,22867,21705,14687,15849,10073,12302,3049,5315,191688,179025,23245,22634,35598,34658,12655,15,17
2021-11-14T23:59:59+01:00,2457,2362,15980,14500,18520,16729,19693,19303,22490,22307,23460,22274,14948,16140,10217,12484,3124,5444,1996,1892,14082,13068,16974,15364,18563,18197,21565,21388,22862,21699,14686,15848,10072,12302,3049,5315,190960,178967,23227,22632,35598,34658,12648,15,17
2021-11-13T23:59:59+01:00,2457,2361,15978,14499,18516,16726,19693,19301,22490,22307,23460,22270,14948,16140,10216,12484,3123,5444,1996,1892,14082,13067,16974,15364,18563,18195,21565,21388,22862,21699,14686,15848,10072,12302,3049,5315,190944,178966,23226,22632,35598,34658,12646,15,17
2021-11-12T23:59:59+01:00,2408,2303,15743,14339,18361,16605,19588,19190,22411,22223,23407,22229,14935,16125,10209,12476,3121,5440,1961,1865,14010,13009,16915,15317,18527,18164,21539,21368,22844,21686,14680,15842,10070,12299,3049,5314,189687,178531,23189,22612,35597,34658,12641,15,17
2021-11-11T23:59:59+01:00,2319,2217,15422,14098,18122,16404,19428,19022,22296,22095,23351,22165,14900,16096,10197,12458,3118,5435,1949,1848,13951,12971,16868,15288,18503,18143,21516,21338,22825,21670,14674,15836,10064,12295,3048,5313,187838,178195,23075,22596,35597,34658,12634,15,17
2021-11-10T23:59:59+01:00,2284,2193,15158,13891,17916,16227,19285,18889,22177,22000,23267,22103,14879,16067,10187,12443,3115,5430,1931,1829,13877,12920,16812,15243,18464,18112,21494,21321,22813,21655,14666,15826,10061,12290,3047,5310,186250,177777,23039,22594,35597,34658,12625,15,17
2021-11-09T23:59:59+01:00,2256,2166,15124,13857,17901,16198,19261,18862,22156,21985,23252,22094,14873,16063,10184,12439,3112,5426,1924,1824,13861,12904,16802,15228,18453,18101,21485,21310,22805,21651,14660,15822,10060,12287,3046,5309,185977,177664,23036,22594,35597,34658,12599,15,17
2021-11-08T23:59:59+01:00,2254,2154,15105,13837,17882,16178,19247,18849,22146,21969,23243,22086,14870,16062,10184,12436,3111,5425,1921,1818,13848,12878,16793,15218,18448,18093,21479,21303,22801,21643,14659,15822,10060,12286,3045,5307,185806,177557,23036,22591,35597,34658,12599,15,17
2021-11-07T23:59:59+01:00,2244,2148,15092,13822,17872,16173,19243,18840,22136,21964,23236,22079,14869,16059,10181,12433,3109,5424,1920,1816,13845,12873,16792,15216,18448,18085,21478,21299,22801,21641,14659,15822,10059,12286,3045,5307,185692,177527,23036,22591,35597,34658,12599,15,17
2021-11-06T23:59:59+01:00,2243,2147,15088,13822,17870,16170,19241,18840,22134,21964,23235,22078,14868,16059,10181,12433,3109,5424,1920,1816,13844,12871,16790,15215,18446,18084,21478,21297,22801,21641,14659,15822,10059,12286,3045,5307,185674,177516,23036,22591,35597,34658,12599,15,17
2021-11-05T23:59:59+01:00,2202,2097,14935,13710,17746,16052,19143,18769,22057,21904,23199,22047,14856,16040,10177,12430,3107,5422,1893,1790,13764,12816,16749,15190,18420,18056,21465,21283,22787,21632,14657,15815,10056,12284,3044,5305,184692,177156,23017,22588,35597,34658,12587,15,17
2021-11-04T23:59:59+01:00,2149,2052,14747,13581,17572,15931,19018,18669,21971,21833,23160,22019,14848,16031,10169,12423,3106,5419,1875,1763,13708,12760,16709,15149,18384,18013,21437,21264,22766,21616,14650,15805,10053,12282,3041,5302,183566,176762,22969,22574,35597,34658,12566,15,17
2021-11-03T23:59:59+01:00,2133,2029,14700,13540,17523,15896,18995,18645,21948,21806,23149,22006,14842,16030,10168,12422,3106,5419,1853,1742,13631,12712,16641,15100,18349,17978,21403,21238,22737,21596,14643,15794,10046,12275,3040,5299,183252,176285,22963,22572,35597,34658,12545,15,17
2021-11-02T23:59:59+01:00,2114,2019,14678,13519,17500,15872,18981,18630,21927,21794,23144,22002,14837,16027,10167,12422,3106,5417,1831,1730,13603,12679,16618,15081,18327,17955,21388,21225,22730,21579,14640,15791,10044,12270,3040,5299,183057,176042,22959,22570,35597,34658,12543,15,17
2021-11-01T23:59:59+01:00,2114,2015,14665,13512,17488,15863,18974,18626,21918,21785,23141,21999,14837,16027,10166,12420,3106,5417,1825,1726,13588,12664,16607,15075,18320,17949,21379,21221,22729,21575,14639,15790,10043,12268,3040,5299,182997,175974,22959,22568,35597,34658,12520,15,17
2021-10-31T23:59:59+01:00,2114,2015,14665,13512,17488,15863,18974,18626,21918,21785,23141,21999,14837,16026,10166,12420,3106,5417,1825,1726,13588,12664,16607,15075,18320,17949,21379,21221,22729,21575,14639,15790,10043,12268,3040,5299,182996,175974,22959,22568,35597,34658,12520,15,17
2021-10-30T23:59:59+02:00,2114,2015,14664,13512,17488,15863,18974,18626,21916,21785,23141,21999,14836,16025,10166,12419,3106,5417,1823,1725,13588,12664,16606,15075,18320,17948,21378,21220,22729,21575,14639,15789,10043,12268,3039,5299,182990,175965,22959,22568,35597,34658,12520,15,17
2021-10-29T23:59:59+02:00,2104,2002,14577,13455,17392,15814,18893,18592,21869,21756,23118,21982,14834,16021,10166,12418,3105,5417,1817,1723,13570,12652,16596,15064,18307,17941,21370,21212,22726,21567,14638,15788,10041,12267,3039,5299,182447,175860,22956,22567,35597,34658,12515,15,17
2021-10-28T23:59:59+02:00,2089,1975,14466,13370,17263,15738,18815,18536,21802,21702,23082,21960,14827,16015,10162,12417,3105,5411,1804,1711,13533,12622,16558,15033,18275,17911,21350,21191,22707,21556,14629,15779,10039,12261,3039,5298,181759,175632,22956,22566,35597,34658,12423,15,17
2021-10-27T23:59:59+02:00,2077,1971,14441,13354,17238,15715,18790,18520,21784,21692,23070,21955,14826,16008,10155,12409,3103,5411,1796,1706,13492,12585,16528,15016,18251,17891,21328,21178,22694,21549,14626,15770,10035,12256,3039,5296,181604,175431,22954,22566,35597,34658,12364,15,17
2021-10-26T23:59:59+02:00,2071,1966,14436,13347,17236,15707,18778,18514,21779,21690,23066,21953,14822,16008,10155,12409,3103,5410,1788,1700,13474,12562,16522,15005,18246,17884,21321,21172,22691,21547,14623,15768,10030,12253,3038,5296,181538,175316,22952,22566,35597,34658,12363,15,17
2021-10-25T23:59:59+02:00,2071,1966,14431,13344,17232,15706,18777,18511,21776,21689,23065,21953,14822,16008,10155,12408,3102,5410,1787,1700,13471,12561,16519,15004,18245,17882,21318,21171,22690,21547,14623,15768,10030,12252,3037,5296,181532,175315,22952,22566,35597,34658,12345,15,17
2021-10-24T23:59:59+02:00,2071,1964,14428,13343,17229,15706,18776,18510,21776,21689,23065,21952,14820,16008,10155,12408,3102,5409,1786,1700,13471,12561,16518,15004,18244,17882,21317,21171,22688,21545,14621,15765,10029,12249,3035,5287,181519,175288,22951,22566,35597,34658,12344,15,17
2021-10-23T23:59:59+02:00,2071,1964,14427,13343,17228,15705,18776,18510,21775,21689,23065,21952,14820,16008,10155,12408,3102,5408,1786,1700,13471,12561,16518,15004,18244,17882,21317,21171,22688,21545,14621,15765,10029,12249,3035,5287,181514,175288,22951,22566,35597,34658,12344,15,17
2021-10-22T23:59:59+02:00,2051,1937,14367,13300,17171,15655,18734,18478,21743,21663,23046,21941,14814,16001,10154,12408,3102,5407,1772,1686,13439,12534,16497,14985,18229,17863,21306,21154,22682,21537,14620,15761,10026,12248,3034,5286,181083,175081,22949,22560,35597,34658,12343,15,17
2021-10-21T23:59:59+02:00,2042,1921,14300,13261,17109,15611,18694,18446,21720,21636,23021,21925,14810,15999,10151,12403,3100,5404,1762,1672,13394,12512,16465,14955,18207,17837,21297,21143,22670,21520,14615,15755,10024,12240,3033,5285,180704,174846,22947,22560,35597,34658,12305,15,17
2021-10-20T23:59:59+02:00,2027,1910,14278,13249,17096,15592,18683,18431,21711,21628,23013,21922,14807,15994,10150,12397,3098,5402,1747,1648,13330,12460,16431,14919,18181,17796,21284,21123,22651,21504,14609,15744,10018,12235,3031,5280,180544,174456,22947,22560,35597,34658,12300,15,17
2021-10-19T23:59:59+02:00,2013,1900,14262,13235,17085,15578,18678,18425,21705,21623,23004,21916,14802,15986,10147,12395,3098,5401,1736,1646,13308,12432,16416,14896,18171,17783,21271,21111,22642,21494,14608,15735,10012,12232,3029,5279,180432,174289,22947,22560,35597,34658,12277,15,17
2021-10-18T23:59:59+02:00,1999,1887,14243,13211,17069,15568,18673,18419,21698,21614,22999,21913,14798,15983,10147,12394,3098,5400,1727,1635,13285,12399,16399,14868,18156,17774,21262,21103,22636,21493,14602,15735,10007,12226,3027,5278,180316,174140,22946,22543,35597,34658,12254,15,17
2021-10-17T23:59:59+02:00,1998,1885,14243,13209,17069,15568,18673,18417,21696,21609,22999,21910,14798,15980,10147,12393,3097,5400,1726,1632,13284,12394,16393,14864,18154,17768,21259,21098,22634,21490,14601,15734,10006,12224,3025,5275,180294,174089,22946,22543,35597,34658,12254,15,17
2021-10-16T23:59:59+02:00,1998,1885,14243,13209,17069,15568,18673,18417,21696,21609,22999,21910,14798,15980,10147,12393,3097,5400,1726,1632,13284,12394,16393,14863,18154,17768,21259,21098,22634,21490,14600,15734,10006,12224,3025,5275,180294,174087,22946,22543,35597,34658,12254,15,17
2021-10-15T23:59:59+02:00,1991,1872,14201,13175,17037,15539,18653,18399,21680,21597,22990,21903,14797,15976,10146,12389,3097,5398,1682,1604,13218,12328,16346,14811,18119,17739,21231,21066,22613,21472,14589,15721,10002,12217,3024,5270,180071,173616,22926,22515,35597,34658,12246,15,17
2021-10-14T23:59:59+02:00,1979,1859,14147,13137,16989,15496,18624,18371,21657,21584,22976,21889,14787,15966,10144,12386,3093,5393,1623,1553,13102,12199,16289,14730,18056,17666,21191,21016,22580,21432,14573,15705,9995,12205,3022,5265,179732,172838,22906,22448,35597,34658,12242,15,16
2021-10-13T23:59:59+02:00,1969,1848,14116,13101,16967,15461,18600,18351,21646,21574,22964,21883,14782,15959,10142,12383,3093,5389,1602,1535,13057,12145,16247,14672,18018,17623,21172,20995,22560,21416,14563,15694,9991,12199,3018,5259,179514,172433,22906,22448,35597,34658,12211,15,16
2021-10-12T23:59:59+02:00,1962,1839,14093,13090,16949,15449,18594,18339,21639,21567,22959,21875,14779,15957,10142,12381,3093,5388,1594,1520,13030,12117,16225,14650,18005,17608,21163,20986,22550,21410,14555,15689,9989,12198,3017,5257,179410,172259,22906,22448,35597,34658,12182,15,16
2021-10-11T23:59:59+02:00,1949,1834,14073,13065,16941,15445,18587,18328,21633,21561,22954,21870,14777,15955,10141,12378,3093,5387,1590,1509,13002,12095,16207,14628,17987,17583,21152,20970,22546,21399,14550,15685,9985,12195,3017,5256,179291,172057,22906,22448,35597,34658,12177,15,16
2021-10-10T23:59:59+02:00,1945,1833,14066,13058,16930,15442,18580,18322,21631,21558,22951,21866,14776,15954,10141,12378,3093,5387,1586,1503,12990,12080,16190,14622,17979,17576,21150,20966,22540,21391,14547,15680,9984,12192,3016,5255,179260,171978,22906,22447,35597,34658,12148,15,16
2021-10-09T23:59:59+02:00,1945,1833,14065,13057,16929,15442,18580,18322,21631,21557,22951,21866,14776,15954,10141,12378,3093,5387,1586,1503,12990,12080,16190,14622,17979,17576,21150,20966,22540,21391,14547,15680,9984,12192,3016,5255,179256,171978,22906,22447,35597,34658,12148,15,16
2021-10-08T23:59:59+02:00,1932,1820,14012,13030,16900,15428,18561,18301,21611,21540,22937,21852,14771,15952,10136,12376,3093,5386,1563,1480,12943,12040,16163,14590,17945,17546,21125,20930,22521,21380,14543,15673,9982,12186,3016,5252,178987,171610,22906,22446,35597,34658,12148,15,16
2021-10-07T23:59:59+02:00,1910,1802,13963,12982,16860,15400,18528,18270,21584,21518,22918,21841,14766,15944,10130,12369,3092,5383,1530,1435,12876,11956,16110,14523,17899,17500,21090,20889,22502,21359,14530,15657,9973,12176,3015,5246,178622,171011,22906,22446,35597,34658,12135,15,16
2021-10-06T23:59:59+02:00,1902,1794,13921,12941,16855,15394,18525,18263,21581,21513,22911,21834,14763,15940,10128,12366,3091,5383,1513,1426,12841,11925,16105,14499,17891,17483,21078,20883,22497,21356,14529,15649,9971,12173,3015,5244,178474,170827,22903,22446,35597,34658,12131,15,16
2021-10-05T23:59:59+02:00,1888,1780,13887,12909,16824,15365,18497,18249,21561,21495,22904,21822,14751,15930,10124,12361,3091,5382,1496,1408,12780,11865,16057,14451,17852,17447,21053,20856,22477,21331,14516,15636,9970,12167,3013,5242,178268,170446,22901,22443,35597,34658,12054,15,16
2021-10-04T23:59:59+02:00,1875,1767,13864,12880,16809,15354,18486,18233,21552,21488,22896,21813,14747,15927,10121,12360,3091,5381,1490,1392,12735,11834,16029,14420,17838,17427,21041,20837,22473,21318,14511,15627,9969,12163,3011,5239,178123,170214,22901,22443,35597,34658,12023,15,16
2021-10-03T23:59:59+02:00,1874,1767,13862,12879,16808,15351,18486,18232,21550,21487,22895,21813,14747,15927,10121,12360,3091,5380,1490,1392,12734,11831,16024,14417,17837,17425,21040,20834,22473,21316,14511,15627,9967,12163,3011,5238,178112,170194,22901,22443,35597,34657,12020,15,16
2021-10-02T23:59:59+02:00,1873,1767,13861,12879,16808,15351,18486,18232,21550,21485,22894,21813,14747,15926,10121,12360,3090,5380,1490,1392,12733,11831,16024,14417,17837,17425,21040,20834,22473,21316,14511,15626,9967,12162,3011,5238,178105,170191,22901,22443,35597,34657,12020,15,16
2021-10-01T23:59:59+02:00,1865,1755,13824,12848,16769,15328,18462,18206,21529,21463,22878,21809,14743,15925,10118,12358,3089,5379,1478,1384,12700,11807,15992,14390,17814,17405,21017,20819,22458,21307,14507,15625,9965,12161,3010,5238,177886,169996,22900,22443,35597,34657,11965,15,16
2021-09-30T23:59:59+02:00,1847,1737,13753,12805,16707,15281,18427,18165,21501,21441,22854,21788,14729,15917,10116,12351,3087,5377,1458,1351,12620,11745,15931,14325,17787,17355,20978,20792,22426,21292,14488,15610,9960,12154,3009,5236,177532,169547,22900,22443,35597,34657,11854,15,16
2021-09-29T23:59:59+02:00,1836,1725,13700,12767,16667,15246,18398,18135,21478,21423,22839,21768,14723,15909,10112,12345,3085,5376,1445,1336,12577,11709,15895,14284,17763,17330,20963,20775,22419,21285,14487,15604,9958,12148,3008,5233,177239,169307,22900,22443,35597,34657,11796,15,16
2021-09-28T23:59:59+02:00,1827,1721,13688,12739,16661,15234,18386,18125,21470,21414,22834,21766,14721,15903,10108,12342,3082,5372,1416,1313,12540,11672,15874,14263,17747,17310,20948,20760,22413,21276,14484,15601,9958,12144,3006,5231,177101,169047,22900,22443,35597,34657,11793,15,16
2021-09-27T23:59:59+02:00,1820,1715,13671,12708,16648,15214,18375,18111,21457,21405,22830,21758,14719,15898,10105,12339,3080,5371,1404,1303,12527,11640,15850,14249,17736,17298,20944,20754,22407,21270,14479,15593,9957,12142,3005,5228,176939,168882,22898,22443,35597,34657,11788,15,16
2021-09-26T23:59:59+02:00,1811,1712,13655,12693,16637,15205,18367,18106,21451,21391,22820,21754,14718,15894,10102,12332,3077,5366,1403,1298,12515,11630,15843,14245,17732,17297,20942,20750,22405,21268,14478,15592,9955,12140,3004,5228,176808,168824,22898,22442,35597,34657,11786,15,16
2021-09-25T23:59:59+02:00,1811,1712,13655,12693,16637,15205,18367,18106,21451,21391,22820,21754,14718,15894,10102,12332,3077,5366,1403,1298,12515,11629,15843,14245,17732,17297,20942,20750,22405,21268,14478,15592,9955,12140,3004,5228,176808,168823,22898,22442,35597,34657,11786,15,16
2021-09-24T23:59:59+02:00,1799,1706,13618,12637,16602,15168,18342,18085,21429,21368,22802,21744,14714,15889,10100,12329,3077,5365,1387,1284,12484,11586,15813,14212,17711,17270,20922,20736,22389,21256,14470,15583,9949,12134,3003,5226,176567,168589,22897,22442,35597,34657,11711,15,16
2021-09-23T23:59:59+02:00,1775,1686,13559,12576,16551,15109,18299,18045,21392,21336,22781,21714,14706,15879,10097,12322,3076,5358,1378,1277,12447,11557,15790,14185,17690,17256,20897,20723,22373,21244,14461,15574,9942,12131,3002,5222,176119,168388,22897,22442,35597,34657,11646,15,16
2021-09-22T23:59:59+02:00,1762,1671,13504,12530,16523,15076,18280,18009,21381,21315,22768,21704,14691,15870,10092,12318,3071,5354,1374,1272,12408,11533,15765,14165,17671,17228,20888,20701,22363,21233,14452,15562,9939,12126,3002,5222,175783,168148,22896,22442,35597,34657,11641,15,16
2021-09-21T23:59:59+02:00,1756,1667,13468,12508,16489,15048,18262,17979,21368,21296,22761,21695,14688,15862,10084,12315,3070,5349,1370,1265,12379,11510,15748,14140,17654,17204,20876,20690,22357,21223,14450,15557,9938,12120,3001,5221,175602,168023,22896,22440,35597,34657,11567,15,16
2021-09-20T23:59:59+02:00,1749,1661,13448,12482,16471,15024,18242,17964,21352,21286,22759,21688,14681,15855,10082,12307,3070,5347,1367,1261,12368,11498,15743,14125,17644,17194,20871,20683,22356,21218,14444,15548,9936,12118,3001,5219,175464,167963,22881,22435,35597,34657,11523,15,16
2021-09-19T23:59:59+02:00,1746,1655,13430,12466,16447,15001,18227,17960,21345,21278,22750,21678,14672,15850,10078,12302,3068,5342,1366,1261,12362,11495,15727,14108,17632,17192,20866,20677,22349,21214,14436,15546,9934,12114,3000,5218,175379,167954,22881,22434,35596,34657,11436,15,16
2021-09-18T23:59:59+02:00,1746,1652,13420,12461,16441,14995,18222,17954,21344,21276,22748,21677,14672,15850,10078,12302,3068,5341,1289,1186,12224,11323,15651,13996,17575,17121,20821,20639,22325,21186,14425,15531,9924,12102,3000,5216,175337,166997,22881,22434,35596,34657,11430,15,16
2021-09-17T23:59:59+02:00,1703,1605,13311,12362,16381,14912,18163,17890,21301,21227,22719,21651,14661,15834,10070,12290,3066,5335,1282,1181,12176,11275,15612,13964,17521,17070,20807,20615,22309,21168,14421,15519,9919,12096,2999,5215,174727,166909,22778,22191,35596,34657,11376,15,16
2021-09-16T23:59:59+02:00,1669,1561,13221,12266,16325,14830,18103,17829,21257,21172,22689,21615,14646,15815,10054,12278,3063,5331,1273,1176,12148,11251,15597,13947,17500,17046,20804,20597,22300,21157,14419,15515,9915,12094,2999,5214,174011,166753,22778,22191,35596,34657,11335,15,16
2021-09-15T23:59:59+02:00,1648,1543,13170,12228,16290,14799,18078,17794,21235,21146,22679,21602,14638,15802,10044,12271,3059,5321,1271,1168,12122,11234,15569,13924,17485,17018,20789,20582,22289,21145,14411,15510,9911,12093,2999,5210,173708,166605,22778,22191,35596,34657,11261,15,16
2021-09-14T23:59:59+02:00,1637,1531,13124,12191,16266,14775,18054,17767,21226,21124,22664,21593,14632,15791,10034,12263,3058,5320,1259,1161,12091,11197,15549,13901,17461,16991,20775,20566,22280,21130,14400,15504,9904,12093,2999,5209,173458,166391,22777,22191,35596,34657,11215,15,16
2021-09-13T23:59:59+02:00,1622,1514,13062,12142,16229,14737,18021,17732,21205,21099,22643,21576,14624,15786,10029,12255,3057,5319,1250,1155,12053,11166,15525,13876,17446,16978,20763,20552,22260,21124,14397,15496,9901,12086,2997,5207,173134,166226,22777,22191,35595,34657,11142,15,16
2021-09-12T23:59:59+02:00,1622,1512,13061,12139,16226,14737,18020,17729,21203,21098,22642,21574,14624,15785,10026,12251,3057,5315,1250,1155,12050,11162,15523,13876,17445,16977,20763,20552,22260,21123,14396,15496,9901,12085,2997,5207,173106,166215,22777,22191,35595,34657,11139,15,16
2021-09-11T23:59:59+02:00,1622,1512,13061,12139,16226,14737,18019,17729,21203,21098,22642,21573,14624,15785,10026,12251,3057,5315,1250,1155,12049,11162,15523,13876,17444,16977,20763,20552,22260,21123,14396,15496,9901,12085,2997,5207,173105,166214,22777,22191,35595,34657,11138,15,16
2021-09-10T23:59:59+02:00,1587,1479,13011,12097,16183,14689,17986,17691,21170,21062,22614,21555,14616,15771,10022,12246,3056,5312,1249,1154,12043,11152,15512,13864,17434,16972,20752,20541,22254,21118,14391,15488,9899,12081,2997,5204,172709,166180,22777,22190,35595,34657,11062,15,16
2021-09-09T23:59:59+02:00,1543,1425,12902,12009,16108,14592,17933,17626,21121,21015,22578,21525,14593,15743,10010,12236,3054,5309,1233,1132,12003,11114,15483,13833,17413,16943,20735,20523,22232,21103,14385,15477,9894,12075,2994,5204,171967,165934,22775,22189,35595,34656,10981,15,16
2021-09-08T23:59:59+02:00,1524,1412,12863,11963,16085,14561,17906,17593,21100,20996,22564,21512,14588,15733,10006,12229,3054,5306,1217,1125,11965,11070,15459,13805,17387,16916,20714,20503,22213,21082,14372,15469,9885,12068,2992,5202,171746,165708,22775,22188,35595,34656,10876,14,16
2021-09-07T23:59:59+02:00,1492,1384,12783,11893,16009,14515,17861,17542,21068,20975,22542,21485,14575,15725,10006,12223,3052,5301,1208,1115,11916,11035,15411,13782,17357,16894,20690,20483,22200,21067,14359,15463,9885,12063,2991,5202,171303,165508,22771,22182,35595,34656,10759,14,16
2021-09-06T23:59:59+02:00,1478,1362,12756,11864,15988,14488,17853,17528,21054,20963,22533,21477,14569,15715,10006,12218,3051,5298,1207,1112,11907,11021,15408,13771,17353,16890,20688,20481,22194,21064,14356,15461,9885,12059,2991,5202,171074,165437,22770,22182,35595,34656,10759,14,16
2021-09-05T23:59:59+02:00,1478,1361,12756,11861,15986,14486,17849,17526,21054,20962,22531,21476,14569,15713,10003,12217,3051,5298,1207,1112,11905,11021,15407,13769,17351,16888,20686,20481,22193,21064,14356,15461,9885,12059,2991,5201,171054,165428,22770,22182,35595,34656,10755,14,16
2021-09-04T23:59:59+02:00,1478,1361,12756,11861,15986,14486,17849,17526,21054,20961,22531,21476,14569,15712,10003,12217,3051,5298,1207,1112,11905,11021,15407,13769,17351,16888,20686,20480,22193,21064,14356,15460,9885,12059,2991,5201,171054,165428,22770,22182,35595,34656,10753,14,16
2021-09-03T23:59:59+02:00,1455,1333,12693,11797,15952,14439,17811,17491,21022,20933,22508,21451,14554,15698,9997,12208,3048,5296,1160,1047,11801,10928,15357,13708,17322,16845,20657,20456,22171,21045,14343,15452,9880,12051,2990,5200,170681,164927,22770,22182,35595,34651,10637,14,16
2021-09-02T23:59:59+02:00,1445,1324,12642,11770,15904,14399,17785,17458,20993,20910,22488,21439,14546,15675,9988,12202,3046,5294,1150,1046,11770,10906,15328,13681,17299,16820,20637,20440,22160,21036,14340,15437,9876,12047,2989,5198,170448,164819,22770,22182,35595,34651,10492,14,16
2021-09-01T23:59:59+02:00,1438,1320,12611,11749,15889,14374,17778,17445,20990,20907,22483,21436,14544,15668,9986,12198,3045,5292,1145,1043,11759,10887,15319,13669,17290,16813,20632,20434,22156,21029,14338,15437,9875,12045,2989,5198,170299,164722,22769,22182,35595,34651,10487,14,16
2021-08-31T23:59:59+02:00,1425,1305,12557,11713,15860,14326,17751,17420,20965,20892,22461,21426,14537,15664,9985,12193,3044,5292,1141,1037,11711,10853,15288,13629,17263,16777,20609,20414,22131,21014,14333,15436,9870,12042,2988,5197,170121,164558,22769,22181,35595,34651,10327,14,16
2021-08-30T23:59:59+02:00,1418,1303,12544,11686,15843,14310,17736,17408,20943,20873,22451,21415,14530,15659,9981,12188,3044,5290,1129,1026,11675,10814,15258,13601,17251,16753,20586,20399,22123,21004,14327,15433,9866,12037,2988,5196,170046,164410,22769,22181,35595,34651,10208,14,16
2021-08-29T23:59:59+02:00,1418,1303,12542,11686,15840,14310,17735,17408,20942,20873,22451,21415,14530,15659,9981,12188,3044,5290,1128,1026,11674,10812,15254,13600,17251,16753,20584,20399,22123,21004,14327,15433,9866,12037,2988,5196,170041,164401,22769,22181,35595,34651,10206,14,16
2021-08-28T23:59:59+02:00,1418,1303,12542,11686,15840,14310,17735,17408,20942,20873,22451,21415,14530,15659,9981,12188,3044,5290,1128,1026,11673,10812,15254,13600,17250,16753,20584,20399,22123,21004,14327,15433,9866,12037,2988,5196,170041,164399,22769,22181,35595,34651,10206,14,16
2021-08-27T23:59:59+02:00,1417,1297,12517,11667,15816,14288,17716,17385,20922,20864,22434,21401,14524,15653,9977,12182,3043,5288,1125,1023,11657,10801,15232,13584,17235,16737,20567,20391,22107,20991,14321,15428,9860,12030,2987,5194,169972,164372,22769,22181,35595,34650,10051,14,16
2021-08-26T23:59:59+02:00,1413,1293,12479,11641,15779,14260,17689,17371,20895,20844,22419,21388,14515,15648,9973,12176,3042,5286,1113,1010,11594,10735,15172,13531,17193,16708,20535,20364,22090,20969,14307,15415,9852,12026,2984,5192,169887,164088,22769,22180,35595,34650,9856,14,16
2021-08-25T23:59:59+02:00,1407,1290,12462,11624,15759,14245,17676,17355,20887,20834,22413,21377,14513,15641,9972,12173,3041,5286,1096,996,11532,10673,15120,13490,17172,16677,20524,20347,22075,20958,14302,15408,9849,12024,2982,5189,169758,163739,22769,22180,35595,34650,9829,14,16
2021-08-24T23:59:59+02:00,1399,1281,12434,11602,15731,14210,17659,17338,20871,20820,22396,21364,14507,15629,9967,12164,3037,5284,1089,990,11499,10650,15086,13451,17146,16661,20503,20324,22050,20948,14294,15396,9843,12016,2981,5187,169655,163598,22769,22180,35595,34650,9670,14,16
2021-08-23T23:59:59+02:00,1397,1277,12405,11585,15700,14184,17626,17320,20841,20810,22380,21350,14490,15616,9964,12160,3036,5283,1075,984,11432,10593,15025,13398,17100,16632,20467,20300,22028,20930,14274,15385,9838,12009,2980,5185,169615,163348,22768,22179,35595,34650,9442,14,16
2021-08-22T23:59:59+02:00,1396,1277,12404,11582,15697,14183,17626,17320,20840,20808,22379,21350,14488,15616,9964,12160,3036,5283,1074,984,11432,10589,15022,13396,17099,16630,20466,20300,22027,20930,14273,15385,9838,12009,2980,5185,169603,163336,22768,22178,35595,34650,9439,14,16
2021-08-21T23:59:59+02:00,1317,1202,12245,11389,15619,14058,17563,17233,20798,20766,22347,21306,14478,15600,9956,12147,3035,5279,1044,958,11335,10498,14958,13342,17062,16587,20435,20275,22004,20900,14261,15373,9831,11998,2978,5181,168535,162747,22768,22171,35595,34650,9436,14,16
2021-08-20T23:59:59+02:00,1311,1202,12222,11362,15603,14043,17540,17214,20791,20756,22338,21299,14475,15592,9956,12144,3035,5279,1036,953,11228,10423,14867,13267,16961,16479,20374,20220,21969,20867,14249,15354,9822,11993,2977,5181,168531,162663,22600,21473,35595,34636,9432,14,16
2021-08-19T23:59:59+02:00,1307,1198,12155,11311,15507,13993,17462,17159,20739,20717,22301,21256,14457,15577,9947,12131,3034,5275,1024,940,11124,10325,14757,13192,16860,16402,20314,20172,21929,20815,14226,15339,9813,11980,2975,5174,168414,162325,22600,21473,35595,34635,8912,14,16
2021-08-18T23:59:59+02:00,1300,1196,12134,11297,15496,13981,17455,17149,20729,20706,22299,21248,14455,15572,9945,12130,3034,5275,1012,934,11082,10285,14726,13167,16829,16374,20299,20160,21918,20811,14219,15332,9812,11979,2975,5174,168295,162058,22600,21473,35595,34635,8906,14,16
2021-08-17T23:59:59+02:00,1291,1190,12101,11272,15467,13955,17434,17124,20710,20695,22290,21233,14447,15567,9937,12127,3033,5274,998,922,10986,10217,14671,13109,16785,16331,20268,20136,21896,20788,14212,15324,9805,11969,2972,5174,168139,161634,22600,21471,35595,34634,8808,14,16
2021-08-16T23:59:59+02:00,1288,1186,12077,11247,15447,13933,17418,17108,20686,20671,22271,21224,14437,15556,9935,12124,3031,5273,978,904,10917,10144,14610,13045,16746,16293,20230,20101,21872,20768,14195,15311,9800,11955,2967,5171,168077,161252,22600,21470,35595,34634,8635,14,16
2021-08-15T23:59:59+02:00,1287,1186,12074,11246,15445,13931,17417,17107,20685,20670,22269,21223,14437,15556,9935,12124,3031,5272,977,904,10915,10134,14598,13039,16742,16291,20227,20100,21872,20768,14195,15311,9800,11955,2967,5171,168061,161213,22600,21469,35595,34634,8634,14,16
2021-08-14T23:59:59+02:00,1287,1186,12074,11245,15445,13931,17417,17107,20685,20670,22269,21223,14437,15556,9935,12124,3031,5272,964,900,10880,10099,14571,13016,16726,16274,20221,20091,21867,20764,14195,15311,9800,11955,2966,5171,168061,161018,22600,21469,35594,34634,8634,14,16
2021-08-13T23:59:59+02:00,1219,1112,11981,11140,15407,13887,17385,17061,20656,20644,22243,21199,14429,15545,9928,12117,3030,5270,942,890,10808,10038,14527,12957,16685,16237,20204,20069,21849,20749,14189,15298,9796,11947,2965,5170,167510,160658,22600,21468,35594,34634,8544,14,16
2021-08-12T23:59:59+02:00,1216,1107,11959,11130,15380,13867,17362,17032,20633,20628,22220,21175,14418,15533,9920,12109,3030,5267,928,877,10735,9968,14470,12892,16634,16192,20175,20046,21817,20719,14176,15283,9786,11935,2963,5166,167427,160285,22600,21467,35594,34634,8360,14,16
2021-08-11T23:59:59+02:00,1204,1100,11937,11106,15366,13857,17346,17019,20624,20618,22214,21165,14410,15528,9911,12104,3029,5265,884,852,10625,9862,14389,12803,16598,16147,20141,20018,21793,20707,14163,15268,9774,11922,2961,5162,167244,159596,22600,21464,35594,34633,8360,14,16
2021-08-10T23:59:59+02:00,1204,1088,11913,11089,15342,13841,17325,17005,20607,20604,22197,21153,14399,15523,9909,12100,3029,5263,872,841,10570,9809,14342,12767,16560,16124,20116,19995,21769,20685,14149,15256,9771,11919,2961,5158,167159,159318,22600,21464,35594,34633,8233,14,16
2021-08-09T23:59:59+02:00,1200,1081,11881,11059,15322,13822,17309,16985,20595,20594,22179,21143,14388,15519,9905,12094,3029,5261,863,827,10518,9750,14299,12732,16526,16093,20098,19979,21751,20677,14136,15248,9763,11912,2961,5153,167039,159046,22600,21464,35594,34632,8128,14,16
2021-08-08T23:59:59+02:00,1196,1080,11877,11054,15319,13821,17305,16982,20592,20590,22177,21142,14388,15517,9904,12093,3029,5261,863,827,10514,9749,14295,12726,16522,16090,20097,19978,21749,20676,14134,15248,9763,11912,2961,5153,167000,159020,22600,21461,35594,34632,8128,14,16
2021-08-07T23:59:59+02:00,1196,1080,11875,11052,15317,13816,17304,16980,20591,20588,22176,21142,14388,15516,9904,12092,3029,5261,863,827,10513,9748,14294,12725,16522,16088,20096,19977,21749,20673,14133,15248,9763,11912,2961,5153,166980,159008,22600,21461,35594,34632,8128,14,16
2021-08-06T23:59:59+02:00,1194,1078,11857,11042,15288,13803,17279,16965,20571,20570,22165,21132,14385,15512,9902,12088,3029,5261,863,827,10494,9737,14260,12712,16497,16072,20076,19962,21738,20664,14129,15244,9761,11908,2961,5153,166966,158996,22600,21460,35594,34631,7955,14,16
2021-08-05T23:59:59+02:00,1185,1069,11816,11010,15254,13780,17251,16931,20541,20550,22134,21113,14372,15493,9897,12080,3025,5260,863,827,10467,9724,14230,12692,16477,16052,20044,19947,21713,20649,14118,15233,9756,11903,2958,5152,166823,158965,22600,21457,35594,34630,7737,14,16
2021-08-04T23:59:59+02:00,1172,1060,11787,10978,15241,13763,17236,16918,20530,20538,22123,21100,14365,15488,9893,12078,3024,5259,862,827,10457,9708,14216,12682,16462,16045,20034,19939,21707,20647,14116,15232,9755,11903,2957,5151,166618,158889,22598,21428,35593,34630,7737,14,16
2021-08-03T23:59:59+02:00,1166,1055,11744,10944,15203,13738,17212,16886,20508,20518,22102,21078,14353,15470,9889,12075,3023,5258,861,822,10419,9688,14183,12665,16443,16025,20016,19927,21689,20634,14109,15214,9751,11901,2957,5151,166485,158846,22598,21426,35593,34628,7539,14,16
2021-08-02T23:59:59+02:00,1163,1053,11725,10927,15182,13716,17196,16867,20490,20508,22093,21067,14342,15459,9883,12073,3023,5256,861,821,10400,9673,14163,12642,16427,16006,19996,19918,21681,20622,14100,15202,9745,11899,2957,5149,166435,158804,22598,21425,35593,34627,7390,14,16
2021-08-01T23:59:59+02:00,1163,1053,11724,10923,15182,13716,17195,16866,20490,20507,22091,21067,14342,15458,9883,12073,3023,5255,861,821,10399,9672,14157,12641,16424,16006,19996,19917,21680,20621,14100,15202,9745,11899,2957,5149,166424,158792,22597,21423,35593,34626,7390,14,16
2021-07-31T23:59:59+02:00,1163,1053,11724,10923,15182,13716,17195,16866,20490,20507,22091,21067,14342,15458,9883,12073,3023,5255,861,821,10399,9671,14153,12638,16424,16006,19995,19915,21680,20621,14100,15202,9745,11899,2957,5149,166424,158782,22597,21422,35593,34626,7390,14,16
2021-07-30T23:59:59+02:00,1163,1053,11690,10909,15148,13693,17160,16838,20463,20488,22053,21048,14325,15450,9877,12065,3022,5254,861,819,10366,9659,14119,12614,16389,15978,19968,19896,21642,20601,14082,15194,9739,11891,2956,5148,166420,158778,22597,21422,35593,34624,7082,14,16
2021-07-29T23:59:59+02:00,1151,1045,11658,10879,15125,13671,17150,16825,20455,20477,22044,21042,14322,15449,9874,12063,3019,5253,860,817,10361,9650,14099,12606,16377,15969,19965,19894,21637,20600,14080,15191,9739,11891,2956,5148,166229,158705,22597,21420,35593,34623,7076,14,16
2021-07-28T23:59:59+02:00,1136,1039,11623,10834,15096,13641,17131,16806,20447,20464,22033,21034,14318,15447,9871,12061,3018,5252,859,816,10349,9640,14077,12590,16365,15959,19957,19890,21634,20598,14079,15189,9739,11890,2956,5148,166002,158626,22596,21419,35593,34621,7053,14,16
2021-07-27T23:59:59+02:00,1133,1038,11599,10819,15073,13623,17112,16796,20434,20445,22015,21014,14309,15434,9864,12057,3017,5250,858,816,10323,9630,14051,12566,16347,15948,19943,19871,21617,20577,14071,15177,9732,11886,2955,5147,165975,158598,22596,21419,35593,34621,6861,14,16
2021-07-26T23:59:59+02:00,1127,1026,11544,10758,15028,13585,17084,16774,20399,20414,21986,20998,14292,15425,9857,12049,3017,5249,858,814,10285,9604,14017,12536,16321,15932,19905,19836,21566,20548,14053,15167,9724,11877,2955,5146,165803,158535,22595,21418,35593,34561,6614,14,16
2021-07-25T23:59:59+02:00,1126,1025,11542,10754,15024,13584,17083,16773,20398,20414,21986,20998,14291,15425,9857,12049,3017,5249,858,814,10282,9591,14011,12529,16316,15930,19903,19836,21566,20548,14053,15167,9724,11877,2955,5145,165789,158500,22592,21414,35593,34561,6614,14,16
2021-07-24T23:59:59+02:00,1126,1025,11539,10752,15022,13582,17083,16772,20396,20412,21986,20997,14291,15425,9857,12049,3017,5249,858,814,10163,9482,13843,12387,15893,15564,19753,19713,21548,20522,14039,15152,9717,11869,2955,5144,165782,158478,22586,19749,35593,34561,6612,14,16
2021-07-23T23:59:59+02:00,1102,1012,11425,10678,14938,13522,17030,16717,20354,20359,21947,20960,14275,15405,9846,12041,3015,5248,785,744,8422,8117,12439,11281,15401,15125,19461,19388,21333,20331,13961,15068,9659,11819,2950,5140,165362,150833,22586,19748,35593,34504,6323,14,16
2021-07-22T23:59:59+02:00,1080,1005,11357,10610,14880,13474,16992,16691,20334,20328,21930,20935,14250,15390,9829,12031,3013,5245,706,670,7895,7644,11816,10781,14680,14522,19266,19216,21174,20155,13882,14982,9627,11770,2941,5128,165006,146424,22586,19746,35593,34491,6178,14,16
2021-07-21T23:59:59+02:00,1067,996,11312,10560,14841,13441,16961,16662,20316,20310,21912,20924,14239,15385,9827,12023,3011,5243,706,670,7890,7636,11803,10771,14673,14520,19259,19215,21119,20118,13879,14980,9627,11769,2940,5126,164667,146386,22586,19737,35593,34389,6173,14,16
2021-07-20T23:59:59+02:00,1054,981,11261,10520,14810,13414,16928,16645,20291,20290,21886,20906,14228,15372,9825,12017,3010,5242,706,670,7879,7630,11789,10763,14666,14513,19249,19211,21111,20114,13878,14978,9627,11769,2940,5126,164359,146354,22586,19737,35593,34381,6131,14,16
2021-07-19T23:59:59+02:00,1041,965,11211,10470,14781,13380,16906,16626,20271,20270,21873,20898,14222,15368,9821,12008,3008,5238,706,670,7874,7627,11783,10759,14662,14512,19246,19211,21097,20098,13876,14976,9626,11767,2940,5126,164039,146327,22586,19735,35593,34350,6128,14,16
2021-07-18T23:59:59+02:00,1041,965,11210,10470,14781,13378,16904,16624,20271,20268,21873,20898,14221,15368,9821,12008,3008,5238,706,670,7871,7623,11774,10752,14658,14509,19244,19210,21086,20093,13876,14976,9626,11767,2940,5126,164029,146298,22586,19734,35593,34331,6128,14,16
2021-07-17T23:59:59+02:00,1039,965,11164,10443,14722,13334,16866,16595,20235,20254,21847,20875,14210,15355,9818,12005,3008,5237,706,670,7795,7564,11630,10621,14465,14342,18816,18890,20887,19918,13848,14935,9611,11744,2937,5120,164000,146290,22579,18072,35592,34331,5790,14,16
2021-07-16T23:59:59+02:00,1018,948,10971,10304,14618,13235,16765,16517,20158,20189,21795,20827,14183,15330,9803,11998,3004,5232,691,649,7524,7364,10705,9989,13998,14031,18590,18694,20025,19259,13682,14721,9502,11612,2921,5096,163675,142856,22041,18062,35592,32544,5575,14,16
2021-07-15T23:59:59+02:00,994,932,10914,10241,14580,13203,16740,16496,20143,20172,21785,20818,14178,15326,9798,11994,3004,5228,686,642,7098,6995,8472,8250,13535,13638,18529,18635,19883,19122,13549,14579,9449,11550,2920,5086,163335,136472,22040,18057,35592,32506,5567,14,16
2021-07-14T23:59:59+02:00,968,914,10837,10155,14514,13142,16701,16451,20106,20136,21759,20796,14165,15313,9785,11979,3000,5226,643,602,6553,6541,7383,7383,12962,13189,18431,18541,19776,19033,13519,14542,9432,11533,2918,5083,162841,132090,22040,18053,35592,32443,5462,14,16
2021-07-13T23:59:59+02:00,949,893,10756,10083,14468,13098,16674,16420,20083,20115,21748,20783,14158,15302,9782,11972,2998,5224,643,602,6303,6264,6923,6995,12648,12921,18414,18519,19731,18996,13404,14433,9429,11529,2918,5080,162406,132045,22037,15794,35592,32438,5459,14,16
2021-07-12T23:59:59+02:00,929,881,10702,10033,14421,13053,16632,16390,20068,20103,21741,20777,14156,15296,9778,11968,2998,5221,634,596,6164,6170,6765,6875,12353,12675,17717,17952,19633,18916,13370,14407,9412,11507,2918,5076,162108,129501,22036,15790,35592,32434,5399,14,16
2021-07-11T23:59:59+02:00,929,881,10701,10032,14419,13052,16631,16390,20067,20103,21741,20777,14155,15296,9778,11968,2998,5221,634,596,6160,6166,6762,6872,12352,12675,17717,17952,19632,18915,13369,14407,9412,11506,2917,5074,162104,129490,22036,15790,35592,32427,5395,14,16
2021-07-10T23:59:59+02:00,926,876,10694,10019,14412,13045,16624,16390,20065,20096,21735,20772,14155,15295,9778,11968,2998,5221,634,595,6153,6158,6752,6867,12349,12671,17716,17947,19627,18912,13368,14407,9412,11506,2917,5074,162038,129440,22035,15790,35592,32427,5392,14,16
2021-07-09T23:59:59+02:00,912,860,10644,9976,14378,13017,16588,16360,20030,20074,21707,20750,14136,15280,9763,11960,2997,5218,24,17,5343,5424,6619,6767,12189,12567,17484,17842,19421,18780,13304,14334,9385,11487,2914,5071,161854,126534,22034,15790,35592,31474,5158,14,16
2021-07-08T23:59:59+02:00,910,860,10584,9932,14292,12962,16523,16310,19979,20027,21679,20726,14121,15263,9757,11947,2996,5212,16,11,5213,5315,6403,6591,11749,12225,16975,17469,19161,18593,13241,14250,9359,11451,2908,5059,161832,124608,22033,15787,35592,30967,4611,14,16
2021-07-07T23:59:59+02:00,909,860,10581,9925,14288,12957,16521,16308,19979,20024,21678,20725,14121,15263,9757,11947,2996,5212,13,10,5072,5133,5927,6181,10544,11240,16921,17404,19106,18548,13223,14227,9350,11448,2904,5049,161814,120932,22030,15785,35592,30964,4603,14,16
2021-07-06T23:59:59+02:00,909,860,10578,9924,14282,12954,16519,16308,19979,20024,21678,20724,14121,15261,9757,11947,2996,5212,13,10,5053,5126,5920,6174,10544,11240,16919,17404,19103,18548,13223,14224,9350,11448,2904,5049,161805,120907,22025,15782,35592,30948,4599,14,16
2021-07-05T23:59:59+02:00,909,860,10572,9919,14264,12951,16509,16306,19978,20024,21676,20724,14121,15261,9757,11947,2996,5212,13,10,5044,5123,5900,6171,10534,11237,16916,17404,19101,18547,13223,14224,9350,11448,2903,5049,161795,120899,22025,15779,35592,30941,4562,14,16
2021-07-04T23:59:59+02:00,909,860,10562,9909,14263,12946,16508,16305,19977,20023,21675,20723,14121,15261,9757,11946,2995,5211,13,10,5011,5083,5814,6093,10407,11123,16909,17401,19100,18542,13218,14222,9348,11443,2900,5047,161785,120420,22024,15778,35592,30932,4538,14,16
2021-07-03T23:59:59+02:00,828,791,8646,8380,12793,11789,16035,15847,19691,19723,21506,20559,14047,15185,9703,11900,2989,5207,7,8,4902,4957,5541,5837,10169,10907,16763,17262,18909,18391,13192,14188,9338,11433,2898,5045,153465,118862,22024,15778,35592,30565,4526,14,16
2021-07-02T23:59:59+02:00,828,789,8645,8374,12787,11785,16032,15846,19689,19723,21506,20559,14046,15184,9703,11899,2988,5206,6,7,4050,4105,4900,5187,9186,9910,16392,16785,18426,17851,12842,13867,9278,11357,2896,5036,153447,114335,22022,15778,35591,27435,4517,14,16
2021-07-01T23:59:59+02:00,808,770,8437,8207,12705,11707,15998,15814,19677,19709,21495,20542,14042,15180,9698,11891,2985,5200,1,1,2237,2430,4466,4812,8689,9477,15760,16243,17873,17410,12784,13801,9248,11302,2881,5006,152751,106749,22022,15775,35591,27393,4489,14,15
2021-06-30T23:59:59+02:00,753,720,8190,8024,12527,11556,15883,15718,19612,19642,21456,20495,14023,15154,9685,11878,2984,5195,0,1,2181,2394,4375,4695,8582,9378,15562,16104,17137,16908,12131,13155,9189,11233,2874,5000,151397,106684,22020,15774,35590,23950,4476,14,15
2021-06-29T23:59:59+02:00,753,720,8182,8017,12523,11548,15879,15718,19610,19642,21456,20495,14023,15154,9685,11878,2984,5195,0,1,2158,2381,4351,4654,8559,9331,15526,16045,17061,16822,11776,12817,9161,11199,2871,4992,151381,106665,22017,15771,35589,22791,4463,14,15
2021-06-28T23:59:59+02:00,753,720,8178,8013,12514,11541,15874,15717,19610,19642,21456,20495,14022,15153,9685,11878,2984,5195,0,1,2150,2355,4304,4539,8484,9169,15405,15765,16894,16551,11468,12513,9138,11172,2870,4988,151360,106653,22016,15771,35589,20874,4453,14,15
2021-06-27T23:59:59+02:00,753,720,8175,8007,12509,11537,15871,15716,19607,19642,21456,20495,14022,15153,9685,11877,2984,5195,0,1,2140,2351,4294,4536,8302,9014,15384,15749,16890,16546,11462,12512,9137,11170,2870,4988,151349,106253,22014,15768,35588,20869,4441,14,15
2021-06-26T23:59:59+02:00,745,716,7964,7797,12033,11129,14752,14722,19356,19442,21352,20376,13979,15102,9672,11848,2981,5192,0,1,2100,2309,4238,4481,8203,8904,15122,15490,16828,16499,11444,12493,9125,11165,2870,4986,148866,105186,20252,15747,35587,20869,4441,14,15
2021-06-25T23:59:59+02:00,726,698,7937,7773,12019,11118,14752,14715,19349,19437,21348,20375,13979,15102,9671,11846,2981,5192,0,0,1970,2132,3947,4175,6678,7469,12457,13290,16751,16410,11416,12464,9114,11142,2864,4972,148726,96293,20252,15666,35587,20837,4441,14,14
2021-06-24T23:59:59+02:00,714,681,7454,7358,10935,10210,14218,14279,19278,19375,21300,20332,13957,15073,9658,11833,2980,5189,0,0,1905,2064,3586,3834,5908,6795,12209,13078,16505,16202,11312,12337,9024,11015,2853,4938,144549,95055,20247,13278,35586,20788,4430,14,14
2021-06-23T23:59:59+02:00,714,681,7452,7353,10929,10206,14217,14278,19278,19374,21300,20331,13957,15073,9658,11833,2980,5189,0,0,1761,1901,3101,3434,4557,5621,11907,12812,16383,16083,11266,12297,9011,10988,2852,4931,144533,90424,20244,13274,35585,20764,4429,14,14
2021-06-22T23:59:59+02:00,714,681,7403,7324,10857,10158,14191,14252,19261,19359,21289,20324,13950,15063,9655,11830,2980,5189,0,0,1711,1870,3020,3380,4517,5587,11878,12773,16315,16032,11058,12106,8759,10687,2842,4900,144517,90404,20244,13268,35583,19625,4124,14,14
2021-06-21T23:59:59+02:00,712,681,7272,7256,10727,10058,13910,13999,18506,18740,21199,20247,13915,15031,9636,11805,2980,5186,0,0,1667,1844,2977,3343,4487,5556,11830,12739,16298,16015,11049,12094,8752,10679,2841,4899,142120,90274,20241,13265,35583,19613,3904,14,14
2021-06-20T23:59:59+02:00,712,681,7272,7250,10721,10055,13909,13999,18506,18740,21199,20247,13915,15031,9636,11805,2980,5186,0,0,1639,1815,2928,3326,4422,5517,11768,12706,16236,15955,11030,12078,8749,10670,2837,4896,142105,89792,20240,13259,35583,19603,3904,14,14
2021-06-19T23:59:59+02:00,712,680,7238,7213,10615,9965,13728,13841,18089,18403,21013,20073,13897,15004,9624,11785,2977,5180,0,0,1608,1781,2888,3279,4342,5446,11431,12416,16198,15917,11021,12067,8747,10665,2835,4894,142062,88784,18476,13231,35583,19602,3904,14,14
2021-06-18T23:59:59+02:00,15,13,6430,6479,10607,9964,13727,13839,18087,18400,21013,20073,13897,15003,9624,11784,2976,5178,0,0,1479,1670,2649,3122,3711,4813,10286,11271,15985,15760,10979,12027,8724,10644,2821,4865,139144,84120,18475,13229,35583,19548,3895,14,14
2021-06-17T23:59:59+02:00,13,12,6359,6411,10489,9858,13402,13536,17700,18077,20901,19975,13878,14965,9612,11770,2968,5172,0,0,1398,1552,2493,2972,3354,4474,8671,9908,15471,15329,10803,11847,8668,10566,2804,4837,137250,78634,18474,13222,35582,19497,3780,14,14
2021-06-16T23:59:59+02:00,13,12,6352,6405,10477,9854,13399,13534,17697,18076,20900,19974,13878,14965,9611,11769,2968,5172,0,0,1345,1507,2390,2895,3169,4295,7580,8967,14971,14942,10721,11736,8632,10519,2793,4821,137215,74804,18471,13218,35582,19471,3776,14,14
2021-06-15T23:59:59+02:00,13,12,6320,6387,10435,9824,13369,13518,17677,18056,20886,19960,13869,14957,9608,11763,2965,5169,0,0,1264,1449,2263,2791,3051,4209,6655,8229,14769,14775,10696,11707,8619,10497,2784,4814,137199,74791,18470,10791,35581,19451,3525,14,14
2021-06-14T23:59:59+02:00,13,12,6302,6368,10400,9798,13348,13498,17660,18038,20867,19949,13858,14948,9605,11761,2965,5164,0,0,1238,1433,2227,2764,3029,4188,6639,8209,14748,14765,10683,11698,8616,10496,2783,4809,137181,74781,18469,10791,35581,19430,3309,14,14
2021-06-13T23:59:59+02:00,13,12,6301,6367,10397,9796,13348,13494,17660,18038,20867,19949,13857,14948,9605,11761,2965,5164,0,0,1234,1428,2223,2755,3019,4178,6622,8192,14647,14700,10670,11675,8610,10484,2780,4809,137171,74489,18469,10791,35581,19425,3307,14,14
2021-06-12T23:59:59+02:00,10,10,5521,5608,10352,9757,13314,13469,17632,18017,20840,19918,13775,14876,9605,11758,2964,5164,0,0,1226,1410,2210,2738,2999,4152,6548,8108,14475,14562,10440,11390,8129,9946,2778,4808,135219,73983,18469,10791,35581,17824,3307,14,14
2021-06-11T23:59:59+02:00,9,10,5517,5601,10342,9750,13299,13457,17625,18012,20835,19916,13775,14875,9605,11756,2964,5164,0,0,1151,1327,2091,2579,2828,3898,5039,6768,12752,13180,10300,11244,8042,9840,2771,4792,135144,66679,18469,10790,35581,17815,3304,14,14
2021-06-10T23:59:59+02:00,3,4,4528,4661,10174,9623,13184,13372,17369,17777,20595,19733,13765,14864,9599,11746,2961,5161,0,0,1096,1266,1976,2472,2664,3721,4432,6128,11581,12189,9999,10919,7957,9756,2759,4767,131833,61842,18465,10789,35581,17810,3227,13,14
2021-06-09T23:59:59+02:00,3,4,3944,4077,9969,9475,13093,13300,17055,17510,20367,19549,13750,14851,9594,11740,2960,5156,0,0,1023,1222,1876,2402,2569,3608,4104,5824,11156,11863,9869,10761,7911,9690,2748,4758,129485,61760,18450,8940,35581,17802,2868,13,14
2021-06-08T23:59:59+02:00,3,4,3932,4071,9956,9463,13081,13293,17048,17501,20359,19547,13748,14848,9593,11737,2959,5154,0,0,977,1214,1853,2385,2540,3594,4078,5804,11144,11860,9865,10755,7910,9688,2747,4756,129468,61638,18447,8932,35580,17797,2789,13,14
2021-06-07T23:59:59+02:00,3,4,3918,4062,9923,9451,13071,13274,17025,17488,20342,19536,13744,14844,9590,11733,2957,5152,0,0,966,1206,1818,2372,2530,3575,4054,5790,11125,11846,9862,10749,7907,9685,2745,4754,129452,61626,18445,8929,35578,17786,2629,13,14
2021-06-06T23:59:59+02:00,3,4,3914,4058,9917,9446,13069,13274,17022,17487,20341,19534,13742,14843,9590,11733,2957,5152,0,0,963,1203,1806,2370,2524,3566,4040,5782,10997,11702,9851,10742,7906,9685,2745,4754,129436,61300,18444,8928,35576,17777,2617,13,14
2021-06-05T23:59:59+02:00,2,1,3622,3759,7418,7438,12828,13089,16993,17457,20297,19493,13626,14699,9515,11642,2953,5140,0,0,888,1132,1644,2270,2358,3485,3813,5640,10094,10860,9463,10286,7793,9529,2737,4734,123453,58021,18444,8928,35576,17277,2486,13,14
2021-06-04T23:59:59+02:00,2,1,3556,3703,7266,7323,12357,12692,16854,17344,20062,19256,13506,14554,9457,11563,2939,5123,0,0,863,1067,1614,2165,2319,3318,3737,5382,9453,10180,8618,9265,7517,9124,2733,4723,121048,56544,18444,8926,35575,14115,2479,12,14
2021-06-03T23:59:59+02:00,2,1,3148,3318,7238,7307,12229,12574,16822,17301,19973,19188,13494,14537,9455,11560,2938,5122,0,0,836,998,1568,2041,2238,3118,3548,4999,8876,9565,7857,8393,7043,8508,2730,4715,119817,54915,18439,8924,35571,10812,2368,12,14
2021-06-02T23:59:59+02:00,0,1,2766,3003,6078,6368,11923,12337,16761,17250,19849,19081,13431,14481,9433,11539,2936,5114,0,0,821,963,1502,2017,2124,3080,3376,4896,7509,8480,7777,8314,7027,8480,2726,4710,116073,51799,18438,8924,35571,10808,2257,12,14
2021-06-01T23:59:59+02:00,0,1,2482,2703,5594,5934,11596,12053,16737,17227,19798,19044,13307,14358,9426,11535,2935,5111,0,0,804,956,1486,2006,2103,3067,3350,4877,7209,8156,7738,8280,7017,8465,2725,4710,116049,51113,16089,8904,35571,10798,2120,12,14
2021-05-31T23:59:59+02:00,0,1,2467,2699,5574,5926,11568,12031,16701,17215,19757,19022,13304,14354,9422,11533,2935,5109,0,0,788,948,1467,1996,2072,3047,3314,4863,7168,8134,7734,8275,7013,8463,2725,4708,116036,51098,16085,8898,35570,10790,1915,12,14
2021-05-30T23:59:59+02:00,0,1,2464,2697,5571,5922,11567,12030,16698,17214,19755,19021,13304,14354,9422,11533,2935,5109,0,0,787,944,1461,1992,2069,3045,3312,4861,7167,8134,7734,8275,7013,8462,2725,4708,116020,51089,16085,8898,35567,10775,1913,12,14
2021-05-29T23:59:59+02:00,0,1,2450,2683,5406,5768,11500,11973,16690,17208,19748,19020,13303,14352,9420,11533,2935,5109,0,0,751,894,1348,1897,1790,2793,2904,4439,6882,7862,7550,8051,6836,8234,2722,4702,115522,50440,16085,8898,35567,8390,1913,12,14
2021-05-28T23:59:59+02:00,0,1,2318,2558,4986,5375,10806,11352,16624,17146,19722,18992,13292,14338,9401,11504,2933,5100,0,0,730,871,1288,1843,1701,2723,2770,4334,5294,6166,7384,7854,6794,8178,2719,4692,112876,46142,16085,8897,35567,8380,1908,12,14
2021-05-27T23:59:59+02:00,0,1,2298,2538,4935,5308,10139,10782,16584,17114,19707,18981,13282,14328,9399,11502,2933,5100,0,0,677,779,1182,1769,1490,2582,2397,4028,4411,5254,7147,7543,6702,8061,2702,4673,111485,42348,16082,8891,35565,8357,1787,12,14
2021-05-26T23:59:59+02:00,0,1,2260,2477,4762,5130,9703,10420,16532,17061,19639,18927,13268,14309,9388,11500,2929,5087,0,0,661,735,1132,1735,1401,2502,2188,3856,4281,5116,6983,7328,6622,7962,2690,4659,110074,40941,16077,8890,35565,8342,1665,12,13
2021-05-25T23:59:59+02:00,0,1,2257,2468,4732,5113,9677,10394,16507,17043,19625,18920,13263,14307,9385,11497,2929,5087,0,0,654,722,1087,1717,1347,2455,2118,3796,3739,4538,6681,6985,6588,7925,2689,4657,110067,40931,16075,6935,35564,8332,1487,12,13
2021-05-24T23:59:59+02:00,0,1,2249,2461,4720,5107,9668,10388,16480,17022,19598,18895,13252,14295,9382,11487,2928,5083,0,0,645,717,1075,1710,1337,2448,2093,3776,3713,4513,6668,6974,6585,7915,2688,4653,110056,40924,16072,6935,35564,8327,1312,12,12
2021-05-23T23:59:59+02:00,0,1,2233,2431,4631,5033,9534,10266,16476,17021,19597,18893,13250,14292,9379,11483,2926,5082,0,0,644,714,1073,1709,1336,2448,2093,3776,3713,4510,6667,6974,6585,7915,2688,4653,109570,40916,16071,6934,35563,8324,1312,12,12
2021-05-22T23:59:59+02:00,0,1,2213,2412,4622,5016,9454,10185,16453,17007,19545,18850,13222,14262,9376,11477,2926,5081,0,0,643,712,1072,1706,1334,2445,2090,3771,3697,4496,5833,6074,6513,7834,2680,4648,109144,38966,16071,6934,35563,8324,1312,12,12
2021-05-21T23:59:59+02:00,0,1,2179,2379,4512,4929,9254,10008,16425,16974,19530,18843,13212,14253,9374,11475,2921,5070,0,0,632,685,1035,1638,1284,2322,2003,3591,3351,4060,4069,3966,6469,7768,2675,4633,108398,34956,16071,6934,35559,6980,1299,12,12
2021-05-20T23:59:59+02:00,0,1,2150,2338,4428,4868,9032,9775,16375,16922,19477,18792,13183,14219,9356,11458,2920,5065,0,0,578,582,910,1325,1111,1916,1780,3054,2792,3376,3229,3010,6422,7717,2671,4628,107541,33117,16067,6933,35550,3850,1189,12,12
2021-05-19T23:59:59+02:00,0,1,1990,2170,3928,4447,7651,8581,16102,16676,19354,18668,13135,14172,9346,11432,2918,5062,0,0,563,547,874,1268,1080,1866,1754,3000,2742,3331,3221,2998,6418,7714,2671,4627,102925,33089,16063,6931,35548,3557,1085,12,12
2021-05-18T23:59:59+02:00,0,1,1944,2119,3621,4157,6986,7981,15952,16560,19270,18585,13100,14137,9289,11358,2912,5048,0,0,556,544,867,1265,1071,1856,1724,2984,2733,3312,3216,2993,6414,7710,2671,4627,102901,33082,13589,6925,35543,3549,975,12,12
2021-05-17T23:59:59+02:00,0,1,1936,2111,3602,4143,6940,7957,15924,16542,19249,18566,13090,14115,9287,11357,2912,5048,0,0,548,537,847,1249,1028,1832,1696,2966,2710,3291,3204,2974,6414,7709,2671,4627,102893,33076,13586,6924,35541,3543,748,12,12
2021-05-16T23:59:59+02:00,0,1,1931,2108,3594,4137,6753,7793,15901,16523,19243,18561,13084,14114,9286,11356,2912,5048,0,0,548,537,846,1246,1027,1831,1696,2965,2708,3291,3204,2974,6414,7709,2671,4627,102467,33073,13582,6924,35537,3538,747,12,12
2021-05-15T23:59:59+02:00,0,1,1903,2072,3554,4099,6666,7689,15631,16255,19187,18519,13064,14095,9277,11351,2912,5046,0,0,548,537,846,1245,1027,1831,1694,2964,2708,3291,3203,2974,6413,7709,2671,4627,101443,33069,13582,6924,35537,3536,747,12,12
2021-05-14T23:59:59+02:00,0,1,1795,1928,3306,3851,5077,6208,12972,14052,19122,18433,13039,14065,9270,11338,2909,5040,0,0,548,536,842,1245,1027,1831,1693,2963,2702,3289,3198,2968,6410,7706,2671,4626,92542,33050,13582,6922,35535,3536,735,12,12
2021-05-13T23:59:59+02:00,0,1,1769,1880,3267,3802,4965,6106,12765,13867,18962,18305,12963,13970,9237,11287,2909,5039,0,0,542,533,834,1236,1017,1818,1674,2944,2595,3196,2535,2160,4953,5906,2662,4608,91325,30032,13491,4902,35533,3534,733,12,12
2021-05-12T23:59:59+02:00,0,1,1769,1880,3265,3801,4965,6106,12765,13867,18961,18305,12962,13969,9237,11287,2909,5039,0,0,542,533,834,1236,1016,1818,1674,2943,2592,3194,2534,2159,4953,5904,2662,4608,91320,30026,13491,4897,35532,3534,733,12,12
2021-05-11T23:59:59+02:00,0,1,1725,1837,3174,3722,4873,6039,11829,13132,18766,18146,12947,13948,9230,11273,2903,5035,0,0,541,531,830,1231,1015,1816,1672,2942,2582,3189,2533,2157,4951,5903,2661,4608,91306,30012,11014,4885,35523,3528,725,12,12
2021-05-10T23:59:59+02:00,0,1,1708,1834,3167,3717,4866,6035,11828,13131,18765,18146,12947,13948,9230,11273,2903,5035,0,0,540,529,830,1231,1014,1816,1671,2942,2582,3189,2532,2156,4951,5903,2661,4608,91292,30011,11007,4884,35498,3523,725,12,12
2021-05-09T23:59:59+02:00,0,1,1672,1788,3113,3701,4796,6000,11761,13110,18702,18086,12926,13929,9227,11263,2901,5033,0,0,537,526,819,1229,1006,1809,1658,2939,2578,3188,2531,2153,4950,5902,2661,4607,90818,30002,11003,4882,35491,3512,685,12,12
2021-05-08T23:59:59+02:00,0,1,1639,1753,3076,3653,4719,5928,11423,12808,18669,18052,12919,13921,9226,11261,2899,5033,0,0,526,525,812,1228,995,1809,1650,2938,2562,3176,2530,2153,4950,5901,2660,4606,89790,29996,11003,4882,35491,3446,685,11,12
2021-05-07T23:59:59+02:00,0,1,1498,1630,2825,3482,4046,5264,10212,11614,18467,17901,12880,13886,9206,11244,2891,5026,0,0,437,375,689,1001,849,1492,1504,2522,2392,2818,2521,2143,4946,5897,2657,4603,85015,29988,11002,4882,35479,1398,566,11,12
2021-05-06T23:59:59+02:00,0,1,1435,1461,2691,3350,3718,4952,8496,10131,17949,17477,12712,13718,9159,11172,2888,5018,0,0,323,318,582,901,713,1402,1257,2308,2178,2622,2469,2110,4944,5890,2657,4602,79466,29963,11001,4881,35462,32,388,11,12
2021-05-05T23:59:59+02:00,0,1,1379,1385,2603,3278,3541,4777,7341,9113,17441,17079,12625,13605,9127,11127,2879,5003,0,0,323,318,579,900,712,1400,1210,2255,2166,2614,2465,2108,4943,5886,2657,4598,75583,29950,10995,4880,35453,30,262,11,12
2021-05-04T23:59:59+02:00,0,1,1366,1383,2596,3270,3538,4776,7339,9112,17440,17078,12625,13605,9127,11127,2879,5003,0,0,323,316,578,899,710,1400,1210,2255,2166,2614,2463,2106,4943,5886,2657,4597,75571,29942,10983,4880,35439,28,261,11,12
2021-05-03T23:59:59+02:00,0,1,1364,1377,2587,3263,3535,4770,7261,9052,17426,17070,12621,13603,9127,11127,2878,5002,0,0,320,310,574,894,707,1395,1132,2195,2152,2606,2459,2104,4943,5886,2656,4596,75561,29940,10983,4880,35438,26,71,11,12
2021-05-02T23:59:59+02:00,0,1,1356,1373,2584,3257,3522,4761,7241,9032,17321,17002,12608,13578,9121,11116,2875,5002,0,0,318,309,573,893,706,1394,1132,2194,2149,2606,2459,2104,4942,5884,2656,4596,75252,29931,10982,4879,35437,25,68,11,12
2021-05-01T23:59:59+02:00,0,1,1352,1367,2575,3247,3512,4743,7183,8971,17178,16884,12583,13554,9109,11110,2875,5002,0,0,318,309,573,893,706,1394,1132,2194,2149,2606,2459,2104,4940,5883,2655,4594,74749,29925,10981,4879,35437,25,68,11,12
2021-04-30T23:59:59+02:00,0,1,1282,1289,2454,3080,3344,4470,5624,7565,15420,15448,12440,13394,9013,10993,2860,4969,0,0,318,309,572,892,705,1394,1129,2192,2146,2603,2458,2094,4926,5874,2647,4576,67205,29908,10981,4878,35437,25,12,11,12
2021-04-29T23:59:59+02:00,0,1,1228,1249,2352,2969,3208,4299,5013,6914,14239,14422,12128,13065,8922,10911,2846,4941,0,0,315,307,572,891,705,1393,1128,2192,2144,2601,2456,2090,4925,5870,2646,4574,62271,29886,10980,4875,35434,25,11,11,12
2021-04-28T23:59:59+02:00,0,1,1166,1232,2290,2929,3142,4218,4702,6624,13823,14106,12009,12920,8881,10852,2838,4935,0,0,314,307,569,888,701,1392,1126,2189,2142,2594,2453,2087,4922,5865,2643,4571,62148,29880,9072,4845,35433,24,4,11,10
2021-04-27T23:59:59+02:00,0,1,1147,1229,2284,2927,3137,4216,4700,6624,13822,14105,12008,12919,8881,10852,2838,4935,0,0,314,307,569,888,700,1390,1126,2189,2141,2594,2453,2085,4922,5865,2643,4571,62115,29878,9064,4841,35431,24,4,11,10
2021-04-26T23:59:59+02:00,0,1,1147,1226,2282,2926,3133,4216,4686,6610,13780,14072,12004,12916,8881,10851,2838,4934,0,0,314,307,569,887,699,1390,1126,2189,2139,2593,2453,2085,4921,5864,2643,4571,62100,29874,9060,4839,35329,24,3,11,10
2021-04-25T23:59:59+02:00,0,1,1146,1226,2275,2926,3130,4209,4673,6602,13642,13918,11994,12910,8880,10850,2838,4934,0,0,314,307,568,887,698,1389,1124,2187,2139,2593,2453,2085,4921,5864,2643,4571,61772,29870,9057,4836,35311,24,3,11,10
2021-04-24T23:59:59+02:00,0,1,1083,1181,2139,2839,2989,4152,4462,6484,12771,13113,11717,12580,8814,10747,2831,4921,0,0,314,307,568,887,697,1388,1124,2187,2139,2593,2452,2085,4917,5863,2643,4571,58445,29863,9056,4836,35309,23,3,11,10
2021-04-23T23:59:59+02:00,0,1,985,1161,1924,2811,2829,4118,4348,6371,11426,12053,11662,12517,8791,10700,2829,4918,0,0,313,307,568,887,696,1388,1123,2187,2137,2593,2451,2085,4916,5857,2643,4569,56958,29857,9055,4833,33418,18,2,11,10
2021-04-22T23:59:59+02:00,0,1,975,1152,1898,2797,2764,4092,4172,6252,10807,11541,11573,12429,8760,10653,2826,4913,0,0,312,306,568,887,696,1387,1120,2187,2136,2593,2451,2083,4914,5855,2643,4569,55262,29849,9054,4828,33276,18,2,11,10
2021-04-21T23:59:59+02:00,0,1,960,1137,1822,2772,2645,4057,4026,6177,9309,10378,11496,12361,8748,10629,2822,4910,0,0,311,306,567,887,695,1387,1118,2187,2136,2592,2447,2078,4911,5854,2642,4567,52084,29829,9053,4826,33100,18,2,11,10
2021-04-20T23:59:59+02:00,0,1,960,1136,1820,2770,2641,4052,4022,6176,9011,10055,11469,12336,8744,10619,2821,4909,0,0,311,306,567,887,695,1386,1118,2186,2135,2591,2447,2077,4909,5852,2641,4567,51381,29822,9049,4823,33099,18,2,11,10
2021-04-19T23:59:59+02:00,0,1,958,1133,1820,2767,2640,4051,4019,6173,9009,10054,11469,12336,8744,10618,2820,4909,0,0,311,306,565,886,695,1386,1117,2186,2133,2591,2447,2077,4909,5852,2641,4567,51370,29817,9044,4823,33094,17,2,11,10
2021-04-18T23:59:59+02:00,0,1,958,1132,1817,2767,2638,4049,4018,6173,9009,10054,11469,12336,8744,10616,2820,4908,0,0,311,306,565,885,693,1386,1117,2185,2133,2591,2447,2077,4909,5851,2641,4567,51361,29813,9043,4822,33092,17,2,11,10
2021-04-17T23:59:59+02:00,0,1,958,1131,1814,2761,2562,3958,3960,6091,8992,10036,11346,12184,8741,10614,2820,4907,0,0,306,300,561,878,685,1376,1099,2172,2086,2565,2401,2024,4859,5782,2635,4560,50728,29439,9043,4822,33092,16,2,11,10
2021-04-16T23:59:59+02:00,0,1,929,1097,1704,2678,2361,3824,3710,5916,7262,8223,11146,11938,8686,10551,2817,4893,0,0,299,296,546,859,652,1340,1017,2116,1860,2404,2251,1911,4672,5513,2573,4438,46374,29424,8968,3300,32381,11,2,11,10
2021-04-15T23:59:59+02:00,0,1,860,1047,1575,2590,2080,3671,3177,5587,6250,7257,10888,11599,8585,10428,2798,4870,0,0,298,296,545,857,650,1339,1016,2113,1625,2263,2099,1779,4485,5300,2519,4334,42564,29376,8965,2123,31722,7,2,10,10
2021-04-14T23:59:59+02:00,0,1,845,1018,1529,2553,1991,3589,3006,5451,6156,7143,10725,11391,8503,10328,2786,4856,0,0,278,287,511,830,579,1279,808,1970,1407,2139,2032,1704,4355,5136,2505,4306,41181,27984,8960,2123,31718,7,2,10,10
2021-04-13T23:59:59+02:00,0,1,840,1012,1517,2550,1966,3568,2975,5416,5632,6565,10425,11051,8472,10294,2785,4855,0,0,278,285,511,829,579,1279,808,1970,1406,2138,2029,1703,4355,5135,2505,4303,41165,27980,7034,2114,31713,7,2,10,10
2021-04-12T23:59:59+02:00,0,1,840,1010,1516,2547,1966,3568,2974,5415,5631,6565,10424,11050,8471,10294,2785,4855,0,0,278,284,511,829,577,1279,806,1969,1405,2138,2029,1703,4355,5134,2505,4303,41158,27974,7031,2112,31711,7,2,10,10
2021-04-11T23:59:59+02:00,0,1,840,1010,1513,2546,1964,3565,2973,5415,5630,6565,10422,11047,8471,10294,2785,4855,0,0,278,283,510,828,575,1279,805,1969,1403,2138,2029,1703,4355,5134,2505,4303,41149,27968,7029,2111,31707,7,1,10,10
2021-04-10T23:59:59+02:00,0,1,838,1007,1510,2542,1947,3553,2904,5350,5504,6468,10191,10828,8418,10244,2781,4854,0,0,278,282,510,827,574,1279,804,1969,1403,2138,2025,1699,4350,5125,2504,4300,40575,27938,7029,2111,31325,7,1,10,10
2021-04-09T23:59:59+02:00,0,1,800,974,1413,2487,1842,3495,2775,5296,5364,6403,7807,7999,8351,10150,2771,4836,0,0,278,282,508,826,572,1277,801,1969,1401,2134,2005,1677,4328,5106,2501,4295,35091,27831,7027,2111,30635,7,1,10,10
2021-04-08T23:59:59+02:00,0,1,799,971,1408,2484,1840,3492,2763,5287,5353,6389,7013,7082,8308,10099,2768,4833,0,0,275,281,508,825,572,1276,800,1969,1399,2133,2003,1677,4327,5103,2501,4295,33225,27816,7027,2110,30627,7,1,10,10
2021-04-07T23:59:59+02:00,0,1,749,951,1334,2414,1754,3423,2572,5180,4609,5905,6345,6440,8249,10038,2761,4827,0,0,275,281,508,825,572,1273,800,1969,1399,2133,2003,1677,4326,5103,2501,4294,33219,27814,7025,2109,27297,6,1,10,9
2021-04-06T23:59:59+02:00,0,1,717,944,1315,2378,1730,3382,2542,5134,4535,5827,5982,6084,8228,10014,2756,4821,0,0,275,280,508,824,572,1273,799,1969,1399,2133,2002,1676,4326,5103,2501,4294,33212,27811,7025,2108,26142,6,1,10,8
2021-04-05T23:59:59+02:00,0,1,714,916,1274,2255,1658,3217,2421,4864,4375,5555,5673,5775,8211,9988,2754,4817,0,0,275,280,508,823,572,1273,799,1969,1399,2133,2002,1676,4326,5103,2501,4294,33207,27810,7024,2108,24226,6,1,10,8
2021-04-04T23:59:59+02:00,0,1,695,891,1181,2040,1525,2953,2206,4429,4024,5056,5427,5550,8178,9934,2753,4809,0,0,275,280,507,822,570,1272,798,1968,1325,2096,1639,1402,4166,4922,2456,4228,33203,26604,7024,2108,21414,5,1,10,8
2021-04-03T23:59:59+02:00,0,1,695,891,1180,2039,1524,2953,2205,4429,4024,5056,5427,5549,8178,9934,2753,4809,0,0,275,280,507,822,570,1272,798,1968,1325,2096,1639,1402,4166,4922,2456,4228,33199,26604,7024,2108,21413,5,1,10,8
2021-04-02T23:59:59+02:00,0,1,695,890,1180,2039,1523,2953,2205,4429,4023,5055,5426,5548,8177,9932,2752,4807,0,0,275,280,507,822,569,1272,798,1968,1324,2096,1639,1402,4166,4922,2456,4228,33197,26603,7024,2108,21404,5,0,10,8
2021-04-01T23:59:59+02:00,0,1,690,888,1176,2033,1515,2944,2191,4411,3932,4969,4932,4944,7470,9035,2750,4802,0,0,275,278,506,819,569,1271,795,1967,1286,2068,1489,1305,4066,4821,2445,4215,30283,26061,6996,2102,21394,5,0,10,7
2021-03-31T23:59:59+02:00,0,1,690,887,1174,2032,1511,2938,2187,4410,3914,4958,4756,4724,6700,8101,2737,4781,0,0,274,277,505,818,565,1267,790,1961,1182,1991,1091,1039,3654,4356,2336,4040,30162,24095,4965,2040,21364,4,0,10,7
2021-03-30T23:59:59+02:00,0,1,690,887,1171,2029,1498,2929,2178,4401,3869,4931,4556,4543,6450,7804,2728,4765,0,0,274,276,505,815,564,1267,790,1960,1182,1991,1091,1039,3654,4356,2335,4039,30156,24088,4960,2040,20304,3,0,10,7
2021-03-29T23:59:59+02:00,0,1,690,885,1170,2029,1496,2929,2178,4401,3864,4929,4552,4541,6447,7795,2726,4746,0,0,274,275,505,815,564,1267,789,1959,1182,1991,1091,1038,3654,4356,2335,4038,30145,24083,4955,2040,20269,3,0,10,7
2021-03-28T23:59:59+02:00,0,1,689,885,1170,2025,1493,2927,2177,4398,3863,4929,4551,4541,6444,7791,2726,4744,0,0,273,275,504,815,564,1267,788,1959,1182,1991,1091,1037,3654,4356,2335,4038,30142,24080,4950,2039,20252,3,0,10,7
2021-03-27T23:59:59+01:00,0,1,685,880,1166,2017,1485,2917,2158,4383,3821,4903,4501,4483,6398,7733,2719,4731,0,0,269,270,490,805,553,1255,740,1923,1021,1898,829,848,3514,4201,2174,3722,29791,23108,4950,1394,20230,3,0,10,7
2021-03-26T23:59:59+01:00,0,1,685,880,1165,2015,1480,2916,2155,4382,3816,4900,4490,4461,6391,7718,2710,4717,0,0,268,270,490,803,551,1255,738,1923,1014,1890,691,753,2531,3039,2002,3508,29746,20322,4948,1394,20180,3,0,8,7
2021-03-25T23:59:59+01:00,0,1,684,879,1164,2014,1479,2913,2150,4376,3812,4896,4481,4450,6378,7689,2686,4663,0,0,268,270,490,803,550,1251,735,1922,1012,1888,669,746,1349,1593,1719,3143,29738,17005,4943,1394,20026,3,0,8,6
2021-03-24T23:59:59+01:00,0,1,660,869,1126,1982,1408,2851,1943,4231,3589,4769,4420,4390,6243,7523,2672,4631,0,0,268,270,490,802,547,1251,733,1922,1011,1888,669,746,1349,1593,1718,3141,28361,16996,4941,1393,19998,3,0,8,6
2021-03-23T23:59:59+01:00,0,1,660,867,1124,1981,1408,2851,1943,4231,3587,4766,4420,4389,6242,7523,2672,4630,0,0,268,270,490,802,546,1250,733,1922,1011,1888,669,745,1349,1593,1718,3141,28355,16994,4938,1393,19994,3,0,8,5
2021-03-22T23:59:59+01:00,0,1,660,865,1122,1977,1405,2851,1942,4231,3586,4766,4420,4388,6242,7522,2672,4630,0,0,268,270,490,802,546,1249,732,1922,1011,1887,669,744,1349,1593,1718,3141,28351,16991,4938,1393,19983,2,0,8,5
2021-03-21T23:59:59+01:00,0,1,660,865,1120,1975,1405,2849,1941,4230,3585,4765,4420,4388,6241,7522,2672,4630,0,0,268,270,490,802,546,1249,732,1921,1011,1887,669,743,1349,1593,1718,3141,28347,16989,4937,1393,19977,2,0,8,5
2021-03-20T23:59:59+01:00,0,1,658,864,1118,1973,1400,2846,1924,4223,3554,4746,4201,4112,5724,6913,2662,4594,0,0,263,268,485,797,529,1238,711,1905,975,1859,603,665,1118,1336,1363,2595,28264,15311,4835,1392,18406,2,0,8,5
2021-03-19T23:59:59+01:00,0,1,650,858,1104,1952,1366,2810,1844,4168,3332,4584,4052,4002,5548,6670,2609,4504,0,0,263,268,485,797,529,1238,711,1903,974,1859,603,665,1118,1335,1362,2594,28261,15306,3388,1391,18398,2,0,7,5
2021-03-18T23:59:59+01:00,0,1,649,857,1103,1951,1365,2808,1844,4164,3103,4440,3898,3872,5368,6468,2556,4402,0,0,263,267,484,797,529,1236,711,1902,973,1858,601,662,879,1077,1250,2426,28252,14519,2195,1390,18395,1,0,7,5
2021-03-17T23:59:59+01:00,0,1,649,857,1102,1951,1364,2807,1844,4164,3103,4440,3898,3870,5367,6468,2556,4402,0,0,263,266,484,797,529,1236,711,1902,972,1858,599,661,879,1076,1250,2426,28250,14516,2195,1389,18391,1,0,7,3
2021-03-16T23:59:59+01:00,0,1,649,857,1102,1947,1362,2807,1840,4164,3103,4438,3897,3869,5367,6467,2556,4401,0,0,261,262,470,792,520,1224,695,1888,956,1848,597,659,877,1075,1249,2425,28241,14405,2191,1389,18388,1,0,7,3
2021-03-15T23:59:59+01:00,0,1,648,856,1100,1946,1359,2807,1836,4163,3102,4438,3897,3868,5366,6466,2556,4401,0,0,261,262,470,792,520,1223,694,1888,955,1845,597,659,877,1075,1249,2425,28234,14399,2189,1389,18380,1,0,7,3
2021-03-14T23:59:59+01:00,0,1,647,853,1096,1942,1356,2804,1834,4161,3097,4437,3897,3868,5366,6466,2556,4401,0,0,261,262,470,792,520,1223,694,1888,955,1842,597,659,876,1075,1249,2425,28229,14395,2188,1389,18358,1,0,7,3
2021-03-13T23:59:59+01:00,0,1,645,848,1088,1936,1346,2797,1828,4153,2982,4359,3421,3464,5157,6231,2510,4337,0,0,261,262,470,792,520,1223,693,1888,953,1841,573,643,572,776,816,1844,26956,12734,2188,1389,17952,1,0,7,3
2021-03-12T23:59:59+01:00,0,1,618,762,1064,1823,1325,2608,1796,3887,2938,4191,2276,2020,4795,5683,2507,4328,0,0,261,262,469,792,520,1223,692,1888,952,1841,573,642,571,776,816,1843,26944,12729,2188,1389,13483,0,0,7,3
2021-03-11T23:59:59+01:00,0,1,609,717,1057,1719,1316,2450,1784,3675,2891,4052,1711,1488,4308,5142,2497,4318,0,0,258,261,469,792,520,1223,692,1887,952,1837,573,641,570,775,732,1697,26390,12725,2175,1152,11163,0,0,7,2
2021-03-10T23:59:59+01:00,0,1,603,707,1044,1694,1306,2429,1771,3649,2783,3969,1318,1220,3897,4670,2402,4160,0,0,258,261,468,790,519,1223,692,1886,950,1837,573,640,568,774,732,1697,24398,12718,2174,1149,11044,0,0,7,1
2021-03-09T23:59:59+01:00,0,1,602,704,1036,1677,1295,2414,1768,3638,2776,3964,1313,1219,3896,4669,2401,4159,0,0,258,261,468,790,519,1223,692,1886,950,1837,573,640,568,772,732,1697,24394,12717,2173,1149,10959,0,0,6,0
2021-03-08T23:59:59+01:00,0,1,597,675,1025,1650,1279,2381,1760,3605,2755,3949,1312,1216,3896,4669,2401,4158,0,0,258,261,468,790,518,1223,691,1884,950,1837,573,639,566,772,732,1697,24388,12712,2172,1147,10763,0,0,6,0
2021-03-07T23:59:59+01:00,0,1,597,672,1020,1646,1279,2378,1759,3602,2755,3947,1312,1216,3896,4669,2401,4158,0,0,258,261,468,790,516,1222,691,1884,950,1837,573,639,566,772,731,1697,24386,12708,2172,1147,10744,0,0,6,0
2021-03-06T23:59:59+01:00,0,1,562,624,899,1545,1035,2189,1337,3221,2335,3610,1031,998,3595,4291,2381,4140,0,0,258,261,468,790,514,1222,691,1884,950,1836,573,638,564,768,642,1515,23385,12704,2169,870,8234,0,0,6,0
2021-03-05T23:59:59+01:00,0,1,560,624,894,1541,1035,2187,1334,3218,2328,3605,887,901,2594,3090,2207,3908,0,0,257,261,463,778,511,1217,683,1867,936,1821,568,634,504,708,329,997,20526,12502,2158,32,8224,0,0,6,0
2021-03-04T23:59:59+01:00,0,1,543,581,858,1409,996,2034,1283,3015,2285,3504,873,892,1411,1650,1915,3541,0,0,257,261,461,778,511,1217,683,1867,936,1821,567,633,504,707,329,997,17215,12497,2157,32,7413,0,0,6,0
2021-03-03T23:59:59+01:00,0,1,537,549,835,1344,974,1972,1267,2972,2275,3460,873,891,1411,1650,1914,3541,0,0,257,261,460,777,511,1216,682,1866,935,1821,567,633,504,707,329,997,17211,12491,2157,32,7092,0,0,6,0
2021-03-02T23:59:59+01:00,0,1,536,547,833,1342,972,1971,1266,2971,2275,3460,873,890,1411,1650,1914,3541,0,0,257,261,459,776,510,1216,681,1866,934,1820,566,633,504,707,329,997,17209,12486,2157,30,7082,0,0,5,0
2021-03-01T23:59:59+01:00,0,1,536,545,831,1341,972,1969,1266,2971,2274,3459,873,889,1411,1649,1914,3541,0,0,257,261,459,775,508,1215,679,1864,934,1820,566,633,504,707,329,997,17205,12478,2156,30,7076,0,0,5,0
2021-02-28T23:59:59+01:00,0,1,535,543,830,1340,971,1969,1266,2970,2272,3458,873,887,1411,1649,1914,3541,0,0,257,261,459,775,508,1215,678,1863,934,1819,566,633,504,707,329,997,17202,12476,2156,29,7067,0,0,5,0
2021-02-27T23:59:59+01:00,0,1,530,541,819,1331,950,1957,1227,2943,2197,3409,755,770,1142,1359,1402,2663,0,0,256,261,458,775,507,1215,676,1861,933,1817,565,630,503,705,327,993,15484,12455,1442,27,7065,0,0,5,0
2021-02-26T23:59:59+01:00,0,1,521,520,790,1264,921,1844,1188,2785,1876,2987,714,742,1142,1359,1401,2662,0,0,256,261,458,775,507,1215,676,1861,933,1817,565,630,503,705,327,992,15478,12454,1442,27,5792,0,0,5,0
2021-02-25T23:59:59+01:00,0,1,487,480,728,1147,814,1651,1033,2483,1377,2436,662,697,893,1092,1290,2489,0,0,255,260,457,775,505,1213,675,1854,932,1813,565,629,502,705,327,992,14664,12446,1442,13,3650,0,0,4,0
2021-02-24T23:59:59+01:00,0,1,486,479,728,1145,813,1651,1033,2482,1377,2435,662,697,893,1092,1290,2489,0,0,255,259,457,774,504,1210,672,1853,932,1812,564,629,502,705,327,992,14663,12446,1441,1,3645,0,0,4,0
2021-02-23T23:59:59+01:00,0,1,484,475,712,1136,804,1640,1016,2467,1361,2424,660,695,891,1091,1289,2488,0,0,255,258,457,773,504,1210,672,1852,932,1810,564,629,502,705,327,992,14552,12441,1440,1,3638,0,0,4,0
2021-02-22T23:59:59+01:00,0,1,484,475,710,1136,802,1640,1016,2467,1360,2423,660,693,891,1090,1289,2488,0,0,255,258,457,773,504,1210,672,1851,932,1809,564,629,502,705,327,992,14549,12439,1440,1,3632,0,0,4,0
2021-02-21T23:59:59+01:00,0,1,484,475,709,1136,801,1640,1015,2467,1360,2422,659,693,890,1090,1289,2488,0,0,255,258,456,773,504,1209,672,1851,932,1808,564,629,502,705,327,992,14547,12437,1440,0,3628,0,0,4,0
2021-02-20T23:59:59+01:00,0,1,469,473,697,1130,781,1635,1002,2465,1333,2401,632,674,581,787,847,1897,0,0,254,258,451,771,499,1203,667,1840,926,1805,561,626,497,704,323,987,12859,12372,1439,0,3503,0,0,4,0
2021-02-19T23:59:59+01:00,0,1,376,388,592,1004,663,1481,862,2294,1094,2163,585,650,580,787,847,1897,0,0,251,258,447,769,497,1193,664,1824,919,1785,557,620,491,697,320,977,12856,12269,1439,0,1965,0,0,4,0
2021-02-18T23:59:59+01:00,0,1,265,264,477,803,524,1236,701,1898,959,1852,582,644,579,787,847,1896,0,0,250,255,445,766,495,1189,663,1809,915,1773,550,615,484,690,314,966,12853,12179,1439,0,19,0,0,4,0
2021-02-17T23:59:59+01:00,0,1,265,264,475,803,524,1234,700,1898,958,1852,580,643,579,786,847,1896,0,0,248,255,444,763,493,1187,660,1801,911,1766,545,610,474,668,303,946,12851,12074,1439,0,13,0,0,2,0
2021-02-16T23:59:59+01:00,0,1,265,264,473,802,523,1234,700,1898,958,1852,580,643,579,785,847,1896,0,0,238,251,438,747,481,1155,653,1723,886,1686,526,581,440,622,283,875,12850,11585,1439,0,9,0,0,2,0
2021-02-15T23:59:59+01:00,0,1,265,264,472,802,523,1234,698,1898,958,1851,580,643,579,785,847,1896,0,0,234,247,434,739,475,1127,637,1670,859,1632,505,547,422,578,267,810,12849,11183,1439,0,6,0,0,2,0
2021-02-14T23:59:59+01:00,0,1,265,264,472,802,522,1234,698,1898,958,1851,580,643,579,785,847,1896,0,0,234,247,434,737,474,1127,637,1664,857,1623,494,542,418,575,258,801,12848,11122,1439,0,6,0,0,2,0
2021-02-13T23:59:59+01:00,0,1,264,264,472,801,522,1234,697,1896,958,1851,580,643,579,785,847,1896,0,0,232,245,433,733,467,1115,628,1644,837,1590,474,514,401,549,245,763,12846,10870,1439,0,3,0,0,2,0
2021-02-12T23:59:59+01:00,0,1,264,264,472,800,522,1234,697,1895,953,1848,580,641,529,739,833,1892,0,0,216,237,412,699,446,1027,593,1482,751,1350,390,391,326,434,186,575,12720,9515,1439,0,3,0,0,2,0
2021-02-11T23:59:59+01:00,0,1,261,264,469,800,522,1234,697,1893,953,1845,579,640,526,736,745,1743,0,0,195,224,400,666,425,980,559,1386,705,1240,356,342,285,366,156,484,12707,8769,1197,0,2,0,0,2,0
2021-02-10T23:59:59+01:00,0,1,260,264,469,799,522,1234,696,1893,952,1845,578,639,526,735,744,1741,0,0,192,220,398,657,421,964,555,1367,693,1204,339,319,262,325,133,418,12699,8467,1197,0,1,0,0,1,0
2021-02-09T23:59:59+01:00,0,1,260,264,469,799,522,1233,695,1893,952,1843,578,639,526,735,744,1741,0,0,184,207,385,621,402,898,513,1273,640,1074,264,225,183,212,89,254,12695,7424,1197,0,1,0,0,1,0
2021-02-08T23:59:59+01:00,0,1,260,264,467,799,522,1232,694,1893,952,1841,578,639,526,734,744,1741,0,0,184,201,380,607,389,871,488,1223,613,1004,233,183,147,160,71,194,12690,6948,1196,0,1,0,0,0,0
2021-02-07T23:59:59+01:00,0,1,259,264,467,799,522,1232,694,1893,952,1838,578,639,526,734,744,1740,0,0,183,201,378,603,385,866,482,1208,607,988,227,176,137,142,64,177,12686,6824,1196,0,0,0,0,0,0
2021-02-06T23:59:59+01:00,0,1,259,264,467,799,522,1232,694,1893,952,1838,578,639,524,729,654,1561,0,0,183,201,378,603,385,866,482,1208,607,988,227,176,137,141,64,177,12686,6823,920,0,0,0,0,0,0
2021-02-05T23:59:59+01:00,0,1,259,264,465,798,521,1230,691,1891,949,1835,573,635,516,714,337,1029,0,0,177,192,361,572,372,825,464,1168,588,955,208,160,117,129,59,174,12672,6521,36,0,0,0,0,0,0
2021-02-04T23:59:59+01:00,0,1,259,263,464,793,518,1229,690,1886,944,1834,572,635,515,713,337,1029,0,0,162,159,291,434,306,668,384,942,513,816,196,155,108,123,52,162,12646,5471,36,0,0,0,0,0,0
2021-02-03T23:59:59+01:00,0,1,258,263,464,791,518,1228,689,1884,944,1834,572,635,515,713,337,1029,0,0,158,151,246,353,258,581,324,841,461,728,188,150,103,121,51,161,12639,4875,36,0,0,0,0,0,0
2021-02-02T23:59:59+01:00,0,1,258,262,464,788,517,1228,689,1882,944,1832,572,635,515,713,337,1029,0,0,151,137,188,290,200,493,248,727,379,644,178,146,100,120,50,160,12631,4211,35,0,0,0,0,0,0
2021-02-01T23:59:59+01:00,0,1,258,262,462,787,515,1226,688,1878,941,1827,572,635,514,713,337,1029,0,0,145,131,150,253,167,435,203,649,322,569,173,135,91,109,44,153,12610,3729,35,0,0,0,0,0,0
2021-01-31T23:59:59+01:00,0,1,258,262,462,787,515,1225,688,1876,941,1827,572,635,514,713,337,1029,0,0,145,131,150,252,167,434,202,649,322,569,173,135,91,109,44,153,12607,3726,35,0,0,0,0,0,0
2021-01-30T23:59:59+01:00,0,1,258,262,462,787,515,1225,688,1876,937,1827,571,635,512,713,334,1029,0,0,133,120,135,235,156,405,191,608,303,522,150,124,79,80,35,113,12597,3389,35,0,0,0,0,0,0
2021-01-29T23:59:59+01:00,0,1,255,261,458,784,513,1215,685,1859,930,1807,567,629,506,707,329,1019,0,0,89,66,94,155,115,248,148,440,214,379,112,83,60,69,30,102,12491,2404,34,0,0,0,0,0,0
2021-01-28T23:59:59+01:00,0,0,255,261,457,784,510,1214,685,1854,929,1803,567,628,505,707,329,1019,0,0,10,7,13,24,24,48,24,94,50,108,37,33,33,50,24,94,12487,673,20,0,0,0,0,0,0
2021-01-27T23:59:59+01:00,0,0,253,260,457,781,510,1211,681,1851,927,1801,566,628,505,707,329,1019,0,0,10,7,13,24,23,48,24,92,49,108,37,33,33,50,24,94,12480,669,6,0,0,0,0,0,0
2021-01-26T23:59:59+01:00,0,0,253,260,456,779,510,1210,680,1847,927,1800,566,628,505,707,329,1019,0,0,10,7,13,24,23,48,24,92,49,108,37,33,33,50,24,94,12472,669,4,0,0,0,0,0,0
2021-01-25T23:59:59+01:00,0,0,253,260,454,779,510,1208,679,1843,926,1798,566,628,505,705,328,1019,0,0,6,1,5,14,11,23,15,39,23,48,18,16,11,16,7,22,12459,275,2,0,0,0,0,0,0
2021-01-24T23:59:59+01:00,0,0,253,259,454,779,508,1207,679,1842,926,1797,566,628,505,705,328,1019,0,0,6,1,5,14,11,23,15,39,23,48,18,16,11,16,7,22,12454,275,1,0,0,0,0,0,0
2021-01-23T23:59:59+01:00,0,0,253,259,454,779,508,1206,679,1842,926,1797,566,628,505,705,328,1019,0,0,6,1,5,14,11,23,15,39,23,48,18,16,11,16,7,22,12453,275,1,0,0,0,0,0,0
2021-01-22T23:59:59+01:00,0,0,251,257,453,778,507,1205,679,1841,926,1797,566,628,505,705,310,974,0,0,6,1,5,14,11,23,15,39,23,48,18,16,11,16,7,22,12381,275,1,0,0,0,0,0,0
2021-01-21T23:59:59+01:00,0,0,249,252,451,768,504,1197,676,1818,917,1779,557,619,486,680,295,936,0,0,6,1,5,14,11,22,15,39,23,48,18,16,11,16,7,22,12183,274,1,0,0,0,0,0,0
2021-01-20T23:59:59+01:00,0,0,248,250,446,763,500,1191,672,1810,912,1773,551,614,478,661,287,917,0,0,6,1,5,14,11,22,15,39,23,48,18,16,11,16,7,22,12072,274,1,0,0,0,0,0,0
2021-01-19T23:59:59+01:00,0,0,243,250,443,755,494,1174,669,1777,901,1731,538,597,465,642,274,877,0,0,6,1,5,14,11,22,15,39,23,48,18,16,11,16,7,22,11829,274,1,0,0,0,0,0,0
2021-01-18T23:59:59+01:00,0,0,239,246,438,742,487,1152,651,1740,874,1684,519,564,448,603,258,818,0,0,6,1,5,13,11,21,15,39,23,47,18,16,11,16,7,22,11462,271,1,0,0,0,0,0,0
2021-01-17T23:59:59+01:00,0,0,239,245,436,740,484,1150,647,1731,868,1673,504,555,434,583,244,794,0,0,6,1,4,12,11,21,15,39,23,47,18,15,11,16,7,22,11327,268,0,0,0,0,0,0,0
2021-01-16T23:59:59+01:00,0,0,231,237,431,720,471,1115,622,1644,822,1524,461,470,401,528,222,734,0,0,0,0,0,0,0,0,0,0,0,0,0,0,0,0,0,0,10633,0,0,0,0,0,0,0,0
2021-01-15T23:59:59+01:00,0,0,224,231,423,700,456,1062,602,1544,783,1409,412,412,349,457,201,621,0,0,0,0,0,0,0,0,0,0,0,0,0,0,0,0,0,0,9886,0,0,0,0,0,0,0,0
2021-01-14T23:59:59+01:00,0,0,203,218,403,656,432,1000,561,1426,715,1255,356,337,298,362,155,488,0,0,0,0,0,0,0,0,0,0,0,0,0,0,0,0,0,0,8865,0,0,0,0,0,0,0,0
2021-01-13T23:59:59+01:00,0,0,201,216,402,647,427,981,556,1405,701,1220,337,313,272,321,131,422,0,0,0,0,0,0,0,0,0,0,0,0,0,0,0,0,0,0,8552,0,0,0,0,0,0,0,0
2021-01-12T23:59:59+01:00,0,0,185,204,385,606,396,887,494,1250,622,1030,238,194,162,164,77,207,0,0,0,0,0,0,0,0,0,0,0,0,0,0,0,0,0,0,7101,0,0,0,0,0,0,0,0
2021-01-11T23:59:59+01:00,0,0,181,198,381,594,376,859,474,1203,602,975,218,164,129,117,55,150,0,0,0,0,0,0,0,0,0,0,0,0,0,0,0,0,0,0,6676,0,0,0,0,0,0,0,0
2021-01-10T23:59:59+01:00,0,0,180,194,369,579,372,846,465,1183,588,956,214,164,125,117,53,148,0,0,0,0,0,0,0,0,0,0,0,0,0,0,0,0,0,0,6553,0,0,0,0,0,0,0,0
2021-01-09T23:59:59+01:00,0,0,161,161,324,499,331,729,405,1002,497,806,151,109,77,74,37,109,0,0,0,0,0,0,0,0,0,0,0,0,0,0,0,0,0,0,5472,0,0,0,0,0,0,0,0
2021-01-08T23:59:59+01:00,0,0,95,74,229,348,244,437,292,670,340,511,82,68,53,59,28,97,0,0,0,0,0,0,0,0,0,0,0,0,0,0,0,0,0,0,3627,0,0,0,0,0,0,0,0
2021-01-07T23:59:59+01:00,0,0,12,10,54,97,72,126,93,194,122,181,44,36,36,51,25,97,0,0,0,0,0,0,0,0,0,0,0,0,0,0,0,0,0,0,1250,0,0,0,0,0,0,0,0
2021-01-06T23:59:59+01:00,0,0,8,4,9,24,17,49,24,90,53,109,38,33,35,51,25,97,0,0,0,0,0,0,0,0,0,0,0,0,0,0,0,0,0,0,666,0,0,0,0,0,0,0,0
2021-01-05T23:59:59+01:00,0,0,8,4,9,24,17,48,23,90,51,109,38,33,34,51,25,97,0,0,0,0,0,0,0,0,0,0,0,0,0,0,0,0,0,0,661,0,0,0,0,0,0,0,0
2021-01-04T23:59:59+01:00,0,0,6,1,5,14,11,25,15,41,23,50,19,16,12,16,7,23,0,0,0,0,0,0,0,0,0,0,0,0,0,0,0,0,0,0,284,0,0,0,0,0,0,0,0
2021-01-03T23:59:59+01:00,0,0,6,1,5,14,11,25,15,41,23,50,19,16,12,16,7,23,0,0,0,0,0,0,0,0,0,0,0,0,0,0,0,0,0,0,284,0,0,0,0,0,0,0,0
2021-01-02T23:59:59+01:00,0,0,6,1,5,14,11,25,15,41,23,50,19,16,12,16,7,23,0,0,0,0,0,0,0,0,0,0,0,0,0,0,0,0,0,0,284,0,0,0,0,0,0,0,0
2021-01-01T23:59:59+01:00,0,0,6,1,5,14,11,24,15,41,23,50,19,16,12,16,7,23,0,0,0,0,0,0,0,0,0,0,0,0,0,0,0,0,0,0,283,0,0,0,0,0,0,0,0
2020-12-31T23:59:59+01:00,0,0,6,1,5,14,11,24,15,41,23,50,19,16,12,16,7,23,0,0,0,0,0,0,0,0,0,0,0,0,0,0,0,0,0,0,283,0,0,0,0,0,0,0,0
2020-12-30T23:59:59+01:00,0,0,6,1,5,14,11,24,15,41,23,50,19,16,12,16,7,23,0,0,0,0,0,0,0,0,0,0,0,0,0,0,0,0,0,0,283,0,0,0,0,0,0,0,0
2020-12-29T23:59:59+01:00,0,0,6,1,5,14,11,23,15,41,23,50,19,16,12,16,7,23,0,0,0,0,0,0,0,0,0,0,0,0,0,0,0,0,0,0,282,0,0,0,0,0,0,0,0
2020-12-28T23:59:59+01:00,0,0,6,1,5,13,11,23,15,41,23,49,19,16,12,16,7,23,0,0,0,0,0,0,0,0,0,0,0,0,0,0,0,0,0,0,280,0,0,0,0,0,0,0,0
2020-12-27T23:59:59+01:00,0,0,6,1,4,12,11,23,15,41,23,49,19,15,12,16,7,23,0,0,0,0,0,0,0,0,0,0,0,0,0,0,0,0,0,0,277,0,0,0,0,0,0,0,0
