Datum,<24_1_m,<24_1_w,25-34_1_m,25-34_1_w,35-44_1_m,35-44_1_w,45-54_1_m,45-54_1_w,55-64_1_m,55-64_1_w,65-74_1_m,65-74_1_w,75-84_1_m,75-84_1_w,>84_1_m,>84_1_w,<24_2_m,<24_2_w,25-34_2_m,25-34_2_w,35-44_2_m,35-44_2_w,45-54_2_m,45-54_2_w,55-64_2_m,55-64_2_w,65-74_2_m,65-74_2_w,75-84_2_m,75-84_2_w,>84_2_m,>84_2_w,bp_1,bp_2,mo_1,mo_2,az_1,az_2,ja
2021-05-29T23:59:59+02:00,2783,3090,5461,5740,11410,12114,17322,17699,18941,18392,12819,14017,8679,10842,2359,4307,865,1076,1325,1832,1743,2802,3023,4537,7001,7715,7529,8081,6441,7919,2185,3965,112962,49232,15863,8783,35275,8149,1875
2021-05-28T23:59:59+02:00,2702,3015,5291,5583,11182,11879,17284,17673,18933,18384,12816,14011,8671,10830,2358,4304,841,1059,1274,1788,1669,2735,2908,4445,5541,6173,7431,7960,6411,7891,2184,3959,111904,45467,15862,8783,35275,8144,1875
2021-05-27T23:59:59+02:00,2675,2990,5200,5478,10575,11352,17244,17646,18920,18371,12808,14003,8669,10829,2358,4304,778,961,1165,1708,1460,2587,2505,4121,4675,5254,7222,7686,6332,7793,2169,3941,110534,41699,15861,8778,35273,8126,1754
2021-05-26T23:59:59+02:00,2624,2910,5014,5300,10155,10997,17192,17594,18863,18325,12796,13986,8658,10825,2355,4293,761,914,1113,1674,1368,2507,2299,3939,4552,5129,7048,7465,6268,7706,2160,3931,109123,40309,15858,8777,35273,8115,1633
2021-05-25T23:59:59+02:00,2620,2902,4986,5278,10129,10975,17168,17577,18850,18319,12791,13984,8656,10822,2355,4293,754,900,1060,1651,1320,2465,2221,3877,3830,4355,6933,7321,6242,7674,2159,3931,109120,40304,15856,6827,35273,8106,1456
2021-05-24T23:59:59+02:00,2610,2895,4975,5273,10119,10969,17143,17555,18826,18296,12781,13975,8654,10811,2354,4290,744,895,1048,1644,1309,2458,2196,3855,3806,4331,6922,7312,6240,7663,2158,3928,109118,40299,15855,6827,35273,8103,1280
2021-05-23T23:59:59+02:00,2590,2861,4870,5187,10006,10863,17140,17554,18825,18295,12780,13973,8651,10806,2352,4290,742,893,1047,1644,1309,2458,2196,3855,3806,4330,6922,7312,6240,7663,2158,3928,108635,40295,15855,6827,35273,8101,1280
2021-05-22T23:59:59+02:00,2570,2840,4856,5169,9930,10781,17113,17539,18778,18255,12757,13943,8647,10800,2352,4290,741,891,1046,1640,1306,2455,2193,3850,3789,4312,6079,6412,6188,7598,2152,3924,108212,38368,15855,6827,35273,8101,1280
2021-05-21T23:59:59+02:00,2526,2802,4741,5067,9738,10611,17100,17522,18760,18245,12752,13937,8645,10798,2347,4279,728,855,1008,1577,1253,2313,2099,3658,3376,3829,4408,4405,6150,7533,2148,3913,107476,34395,15855,6827,35271,6763,1268
2021-05-20T23:59:59+02:00,2493,2760,4660,5005,9497,10370,17072,17486,18711,18196,12722,13901,8629,10784,2347,4276,663,724,895,1297,1081,1936,1859,3146,2818,3195,3625,3505,6108,7485,2145,3908,106636,32581,15853,6827,35261,3823,1159
2021-05-19T23:59:59+02:00,2305,2569,4122,4538,8000,9109,16974,17360,18592,18075,12682,13858,8620,10758,2346,4275,646,675,864,1251,1056,1893,1834,3100,2774,3154,3617,3495,6104,7483,2145,3907,102017,32558,15852,6825,35260,3561,1054
2021-05-18T23:59:59+02:00,2247,2513,3817,4241,7268,8458,16920,17316,18508,17996,12652,13821,8569,10687,2340,4267,641,670,859,1250,1046,1883,1804,3084,2766,3137,3614,3491,6100,7479,2145,3907,102000,32556,13419,6820,35257,3556,944
2021-05-17T23:59:59+02:00,2239,2504,3793,4228,7227,8429,16894,17303,18486,17973,12643,13804,8568,10687,2340,4267,633,662,836,1236,1006,1854,1777,3071,2743,3113,3605,3475,6100,7478,2145,3907,101994,32551,13417,6820,35257,3553,717
2021-05-16T23:59:59+02:00,2234,2500,3784,4220,7028,8254,16888,17299,18481,17968,12639,13803,8567,10686,2340,4267,633,662,836,1235,1005,1854,1776,3071,2742,3113,3605,3475,6100,7478,2145,3907,101573,32550,13416,6820,35253,3551,716
2021-05-15T23:59:59+02:00,2201,2459,3747,4184,6925,8117,16627,17062,18435,17929,12622,13787,8559,10682,2340,4265,633,661,836,1235,1005,1854,1774,3071,2742,3113,3604,3475,6099,7478,2145,3907,100556,32546,13416,6820,35253,3550,716
2021-05-14T23:59:59+02:00,2081,2296,3393,3841,5200,6526,14242,15080,18383,17866,12602,13753,8552,10672,2336,4262,633,661,834,1235,1005,1854,1773,3070,2737,3112,3600,3467,6097,7477,2145,3907,91712,32531,13416,6820,35251,3550,706
2021-05-13T23:59:59+02:00,2050,2242,3353,3792,5068,6406,14044,14908,18235,17740,12532,13661,8522,10628,2336,4261,627,658,827,1225,994,1844,1752,3049,2627,3013,2508,2122,5094,6230,2136,3889,90505,29531,13320,4810,35249,3550,704
2021-05-12T23:59:59+02:00,2050,2242,3352,3792,5068,6406,14044,14908,18235,17740,12532,13661,8522,10628,2336,4261,627,658,827,1225,994,1844,1752,3048,2626,3011,2508,2121,5094,6229,2136,3889,90504,29530,13320,4805,35249,3550,704
2021-05-11T23:59:59+02:00,2003,2193,3254,3715,4989,6340,13111,14163,18074,17606,12518,13642,8516,10617,2330,4258,626,655,824,1221,993,1844,1750,3048,2619,3008,2507,2120,5092,6228,2135,3889,90498,29526,10892,4793,35243,3544,696
2021-05-10T23:59:59+02:00,1985,2190,3251,3713,4983,6338,13110,14162,18073,17606,12518,13642,8516,10617,2330,4258,625,654,824,1221,993,1844,1749,3048,2619,3007,2506,2120,5092,6228,2135,3889,90487,29525,10890,4793,35219,3540,696
2021-05-09T23:59:59+02:00,1945,2140,3198,3701,4911,6300,13053,14147,18009,17547,12500,13625,8513,10608,2328,4256,621,651,818,1220,983,1840,1741,3046,2615,3006,2506,2118,5091,6227,2135,3888,90024,29524,10887,4792,35212,3532,658
2021-05-08T23:59:59+02:00,1908,2102,3160,3656,4825,6210,12717,13853,17987,17521,12494,13618,8511,10606,2327,4256,608,650,810,1220,973,1840,1734,3046,2599,2994,2505,2118,5091,6226,2134,3887,88994,29521,10887,4792,35212,3464,658
2021-05-07T23:59:59+02:00,1747,1960,2901,3487,4069,5452,11566,12743,17834,17403,12464,13589,8494,10592,2319,4249,497,475,692,991,820,1509,1586,2614,2441,2691,2502,2115,5089,6223,2131,3884,84244,29516,10886,4792,35200,1413,539
2021-05-06T23:59:59+02:00,1685,1777,2761,3364,3694,5090,9879,11290,17363,17004,12315,13446,8458,10531,2317,4244,370,405,588,893,671,1414,1353,2400,2192,2483,2494,2109,5087,6217,2131,3883,78781,29501,10885,4791,35191,37,361
2021-05-05T23:59:59+02:00,1624,1697,2677,3287,3497,4902,8697,10243,16913,16647,12242,13336,8431,10497,2310,4235,369,405,587,891,668,1410,1308,2351,2187,2477,2492,2109,5087,6214,2131,3883,74918,29495,10881,4790,35188,36,248
2021-05-04T23:59:59+02:00,1611,1695,2674,3281,3495,4902,8695,10242,16912,16647,12242,13336,8431,10497,2310,4235,369,404,587,890,666,1410,1308,2351,2186,2477,2492,2109,5087,6214,2131,3883,74910,29493,10870,4790,35178,34,247
2021-05-03T23:59:59+02:00,1609,1689,2667,3275,3484,4895,8623,10182,16900,16641,12238,13334,8431,10497,2309,4234,366,397,583,886,653,1404,1236,2291,2175,2471,2488,2107,5087,6214,2130,3882,74902,29492,10870,4790,35178,30,58
2021-05-02T23:59:59+02:00,1601,1684,2664,3272,3469,4882,8552,10128,16848,16611,12227,13310,8425,10487,2306,4234,364,396,583,886,653,1403,1236,2291,2175,2471,2488,2106,5086,6213,2130,3882,74597,29489,10870,4789,35178,30,55
2021-05-01T23:59:59+02:00,1596,1677,2655,3262,3460,4861,8489,10064,16705,16497,12204,13289,8415,10482,2306,4234,364,396,583,886,653,1403,1236,2291,2175,2471,2488,2106,5084,6212,2129,3881,74093,29484,10870,4789,35178,30,55
2021-04-30T23:59:59+02:00,1515,1578,2527,3091,3294,4581,6390,8234,15527,15496,12073,13146,8328,10381,2295,4205,364,396,582,885,652,1402,1233,2289,2172,2469,2485,2098,5071,6204,2123,3866,66606,29467,10870,4788,35178,29,7
2021-04-29T23:59:59+02:00,1450,1535,2418,2973,3168,4398,5584,7454,14540,14590,11787,12857,8242,10309,2286,4180,362,395,582,884,652,1401,1231,2289,2171,2467,2482,2094,5071,6201,2122,3864,61720,29447,10870,4785,35174,29,7
2021-04-28T23:59:59+02:00,1382,1514,2352,2938,3101,4314,5247,7141,14150,14287,11685,12720,8204,10257,2282,4175,361,395,578,883,652,1401,1230,2288,2169,2461,2480,2092,5068,6196,2119,3862,61605,29447,8970,4760,35174,28,0
2021-04-27T23:59:59+02:00,1362,1511,2345,2938,3099,4313,5245,7141,14149,14286,11684,12719,8204,10257,2282,4175,361,395,578,883,651,1399,1230,2288,2168,2461,2480,2091,5068,6196,2119,3862,61573,29445,8965,4757,35172,28,0
2021-04-26T23:59:59+02:00,1362,1508,2343,2938,3097,4312,5219,7124,14119,14258,11683,12716,8204,10257,2282,4174,361,395,578,883,651,1399,1230,2288,2167,2460,2480,2091,5068,6196,2119,3862,61565,29445,8961,4756,35070,27,0
2021-04-25T23:59:59+02:00,1360,1508,2338,2938,3092,4306,5208,7117,13985,14106,11673,12711,8204,10257,2282,4174,361,395,578,883,650,1398,1229,2287,2167,2460,2480,2091,5068,6196,2119,3862,61245,29442,8960,4755,35054,27,0
2021-04-24T23:59:59+02:00,1283,1456,2192,2849,2957,4252,4987,6993,13086,13243,11449,12441,8154,10166,2276,4162,361,395,578,883,649,1397,1229,2287,2167,2459,2478,2091,5065,6195,2119,3862,57933,29435,8959,4755,35054,25,0
2021-04-23T23:59:59+02:00,1169,1431,1973,2825,2812,4219,4859,6858,11762,12214,11402,12375,8134,10129,2274,4160,360,395,578,883,648,1397,1228,2287,2165,2459,2478,2090,5064,6191,2119,3860,56465,29429,8959,4753,33172,20,0
2021-04-22T23:59:59+02:00,1156,1423,1947,2811,2748,4193,4410,6530,11404,11894,11332,12306,8108,10082,2272,4158,359,394,578,883,648,1396,1226,2287,2164,2459,2478,2089,5062,6189,2119,3860,54785,29423,8958,4748,33031,20,0
2021-04-21T23:59:59+02:00,1136,1408,1862,2786,2627,4158,4257,6446,9925,10733,11270,12253,8098,10060,2270,4155,359,394,577,883,647,1396,1225,2286,2162,2459,2474,2086,5059,6186,2119,3859,51630,29405,8958,4746,32856,20,0
2021-04-20T23:59:59+02:00,1136,1407,1861,2785,2624,4156,4252,6445,9630,10411,11244,12230,8095,10052,2269,4154,359,394,577,883,647,1396,1225,2285,2161,2458,2473,2086,5058,6185,2119,3859,50941,29402,8955,4743,32855,20,0
2021-04-19T23:59:59+02:00,1134,1405,1860,2782,2624,4154,4250,6444,9630,10410,11244,12229,8095,10052,2269,4154,359,394,577,883,647,1396,1224,2285,2160,2458,2473,2086,5058,6185,2119,3859,50933,29401,8950,4742,32853,20,0
2021-04-18T23:59:59+02:00,1133,1405,1858,2782,2623,4153,4250,6444,9630,10410,11244,12229,8095,10051,2269,4153,359,394,577,883,646,1396,1224,2284,2160,2458,2473,2086,5058,6185,2119,3859,50928,29400,8949,4741,32852,20,0
2021-04-17T23:59:59+02:00,1133,1404,1848,2770,2546,4065,4200,6367,9614,10391,11122,12079,8092,10049,2269,4152,352,385,574,878,639,1387,1199,2269,2113,2432,2428,2030,5014,6122,2114,3853,50300,29029,8949,4741,32852,19,0
2021-04-16T23:59:59+02:00,1100,1365,1728,2683,2327,3916,3957,6184,7877,8560,10963,11881,8046,9995,2267,4140,345,380,556,857,609,1352,1104,2197,1877,2276,2292,1918,4832,5859,2064,3746,45972,29015,8874,3235,32143,14,0
2021-04-15T23:59:59+02:00,1016,1309,1597,2588,2034,3758,3396,5834,6887,7582,10738,11583,7960,9889,2250,4119,345,380,554,856,608,1351,1101,2194,1622,2116,2150,1796,4641,5632,2028,3668,42177,28970,8871,2063,31492,9,0
2021-04-14T23:59:59+02:00,1000,1274,1545,2548,1943,3680,3236,5698,6792,7471,10564,11363,7894,9803,2240,4109,321,369,521,823,536,1290,857,2033,1439,2010,2077,1721,4518,5472,2017,3647,40804,27579,8867,2063,31489,9,0
2021-04-13T23:59:59+02:00,997,1268,1528,2544,1923,3661,3196,5662,6081,6692,10457,11227,7870,9775,2239,4109,321,367,521,823,536,1290,857,2033,1439,2009,2074,1720,4518,5472,2017,3644,40799,27577,6942,2055,31488,9,0
2021-04-12T23:59:59+02:00,997,1267,1527,2542,1923,3661,3195,5661,6080,6692,10456,11227,7870,9775,2239,4109,321,366,521,823,534,1290,855,2032,1438,2009,2074,1720,4518,5471,2017,3644,40795,27571,6940,2053,31486,9,0
2021-04-11T23:59:59+02:00,997,1267,1527,2542,1922,3661,3195,5661,6080,6692,10456,11226,7870,9775,2239,4109,321,366,520,823,534,1290,854,2032,1436,2009,2074,1720,4518,5471,2017,3644,40794,27567,6940,2053,31485,9,0
2021-04-10T23:59:59+02:00,995,1264,1523,2537,1906,3650,3121,5584,5957,6601,10210,11002,7834,9737,2237,4108,321,364,520,823,534,1290,854,2032,1436,2009,2069,1715,4514,5463,2017,3641,40226,27540,6940,2053,31100,9,0
2021-04-09T23:59:59+02:00,948,1223,1431,2483,1796,3598,2990,5522,5786,6480,7871,8234,7777,9645,2228,4094,320,364,515,822,531,1288,850,2031,1435,2005,2048,1690,4492,5447,2016,3638,34754,27432,6939,2053,30413,7,0
2021-04-08T23:59:59+02:00,947,1220,1428,2480,1794,3595,2982,5513,5776,6465,7080,7322,7738,9597,2224,4090,319,364,515,821,531,1287,849,2031,1433,2004,2046,1689,4491,5445,2016,3638,32906,27420,6939,2052,30406,7,0
2021-04-07T23:59:59+02:00,890,1194,1343,2407,1712,3523,2741,5393,4814,5745,6690,6940,7687,9538,2218,4084,319,364,515,820,531,1285,849,2031,1433,2004,2046,1689,4491,5445,2016,3638,32902,27419,6938,2051,27079,6,0
2021-04-06T23:59:59+02:00,853,1186,1325,2370,1692,3483,2708,5345,4688,5610,6383,6645,7667,9516,2215,4078,319,363,515,819,531,1285,849,2031,1433,2004,2046,1688,4491,5445,2016,3638,32899,27417,6938,2050,25927,6,0
2021-04-05T23:59:59+02:00,849,1151,1277,2240,1616,3306,2592,5072,4522,5354,6095,6351,7651,9496,2213,4074,319,363,515,818,531,1285,849,2031,1433,2004,2046,1688,4491,5445,2016,3638,32898,27416,6938,2050,24023,6,0
2021-04-04T23:59:59+02:00,826,1114,1175,2016,1476,3028,2375,4626,4159,4871,5881,6141,7628,9458,2212,4067,319,363,513,817,530,1284,848,2030,1319,1946,1700,1401,4348,5280,1979,3591,32893,26213,6938,2050,21222,5,0
2021-04-03T23:59:59+02:00,826,1114,1175,2016,1475,3028,2374,4626,4159,4871,5881,6141,7628,9458,2212,4067,319,363,513,817,530,1284,848,2030,1319,1946,1700,1401,4348,5280,1979,3591,32891,26213,6938,2050,21222,5,0
2021-04-02T23:59:59+02:00,826,1114,1175,2016,1475,3028,2374,4626,4158,4870,5880,6141,7627,9456,2211,4065,319,363,513,817,530,1284,848,2030,1319,1946,1700,1401,4348,5280,1979,3591,32891,26213,6938,2050,21213,5,0
2021-04-01T23:59:59+02:00,821,1112,1172,2009,1466,3021,2359,4606,4066,4784,4953,4985,7363,9119,2209,4061,318,360,513,815,529,1283,846,2027,1281,1919,1519,1276,4276,5206,1971,3579,29990,25669,6912,2044,21204,5,0
2021-03-31T23:59:59+02:00,820,1111,1171,2007,1463,3017,2353,4604,4049,4769,4779,4767,6601,8192,2199,4040,317,359,511,815,527,1280,840,2019,1148,1829,1132,1002,3860,4726,1902,3459,29874,23741,4892,1981,21176,4,0
2021-03-30T23:59:59+02:00,820,1111,1168,2004,1452,3008,2341,4592,4002,4741,4579,4591,6364,7895,2192,4027,317,358,511,813,527,1280,840,2018,1148,1829,1132,1002,3860,4726,1901,3459,29871,23737,4889,1981,20127,3,0
2021-03-29T23:59:59+02:00,819,1109,1168,2004,1451,3008,2341,4592,3998,4739,4577,4589,6361,7884,2190,4011,317,357,511,813,527,1280,840,2017,1148,1829,1132,1001,3860,4726,1901,3459,29866,23734,4884,1981,20091,3,0
2021-03-28T23:59:59+02:00,819,1109,1168,2000,1450,3007,2340,4589,3998,4739,4576,4588,6358,7881,2190,4010,316,357,510,813,527,1280,839,2017,1148,1829,1132,1000,3860,4726,1901,3459,29864,23731,4880,1980,20078,3,0
2021-03-27T23:59:59+01:00,813,1101,1165,1994,1443,2997,2315,4572,3954,4713,4527,4527,6321,7832,2185,4001,312,352,493,802,515,1267,782,1975,977,1719,882,830,3696,4519,1778,3206,29511,22765,4880,1337,20069,3,0
2021-03-26T23:59:59+01:00,813,1101,1164,1993,1441,2997,2312,4572,3948,4707,4515,4506,6312,7808,2177,3986,311,352,493,801,513,1267,780,1974,967,1712,697,705,2698,3321,1674,3063,29450,19988,4879,1337,20023,3,0
2021-03-25T23:59:59+01:00,812,1100,1164,1992,1440,2995,2308,4567,3944,4704,4506,4496,6297,7780,2158,3944,311,352,493,801,512,1266,779,1974,964,1711,672,696,1384,1713,1536,2874,29434,16698,4874,1337,19899,3,0
2021-03-24T23:59:59+01:00,784,1088,1128,1957,1368,2933,2065,4399,3757,4596,4439,4434,6173,7616,2148,3921,311,352,493,801,509,1266,778,1974,963,1711,672,696,1384,1712,1536,2872,28051,16691,4872,1336,19883,3,0
2021-03-23T23:59:59+01:00,784,1086,1126,1956,1368,2933,2065,4398,3756,4594,4438,4434,6173,7616,2148,3921,311,352,493,801,509,1266,778,1974,963,1711,672,696,1384,1712,1536,2872,28048,16691,4869,1336,19879,3,0
2021-03-22T23:59:59+01:00,783,1084,1124,1953,1366,2933,2064,4398,3755,4594,4438,4433,6173,7615,2148,3921,311,352,493,801,509,1266,777,1974,963,1710,672,696,1384,1712,1536,2872,28046,16689,4868,1336,19868,3,0
2021-03-21T23:59:59+01:00,783,1084,1123,1951,1366,2932,2063,4397,3755,4593,4438,4433,6173,7615,2148,3921,311,352,493,801,509,1266,777,1974,963,1710,672,695,1384,1712,1536,2872,28044,16688,4867,1336,19864,3,0
2021-03-20T23:59:59+01:00,781,1082,1120,1949,1361,2929,2046,4387,3717,4566,4185,4130,5703,7052,2139,3888,306,349,486,796,493,1256,751,1953,920,1675,605,624,1137,1427,1207,2354,27962,15001,4766,1335,18307,3,0
2021-03-19T23:59:59+01:00,773,1076,1100,1927,1329,2894,1952,4316,3484,4408,4053,4025,5530,6808,2098,3810,306,349,486,796,493,1256,751,1952,919,1675,605,624,1137,1427,1206,2353,27960,14997,3324,1335,18299,3,0
2021-03-18T23:59:59+01:00,773,1075,1099,1926,1328,2892,1951,4313,3233,4245,3910,3903,5345,6586,2064,3735,306,348,485,796,493,1254,751,1951,918,1674,591,617,871,1111,1134,2252,27948,14216,2133,1334,18297,2,0
2021-03-17T23:59:59+01:00,773,1075,1098,1925,1328,2892,1951,4313,3233,4245,3910,3902,5344,6586,2064,3735,306,348,485,796,493,1254,751,1951,918,1674,590,617,871,1111,1134,2252,27947,14215,2133,1334,18294,2,0
2021-03-16T23:59:59+01:00,772,1075,1098,1922,1327,2892,1949,4313,3233,4243,3909,3901,5344,6585,2063,3735,302,344,471,789,483,1244,735,1938,904,1664,589,617,869,1110,1133,2251,27940,14107,2130,1334,18291,2,0
2021-03-15T23:59:59+01:00,771,1074,1097,1921,1324,2892,1945,4312,3232,4243,3909,3900,5343,6585,2063,3735,302,344,471,789,483,1244,735,1937,903,1664,589,617,869,1110,1133,2251,27935,14105,2128,1334,18283,2,0
2021-03-14T23:59:59+01:00,770,1071,1094,1919,1321,2888,1944,4311,3227,4242,3909,3900,5343,6585,2063,3735,302,344,471,789,483,1244,735,1937,903,1664,589,617,869,1110,1133,2251,27932,14105,2128,1334,18262,2,0
2021-03-13T23:59:59+01:00,768,1067,1086,1914,1313,2880,1939,4304,3064,4131,3457,3480,5159,6384,2026,3688,302,344,471,789,483,1244,734,1937,902,1664,558,595,553,788,729,1706,26662,12463,2128,1334,17870,2,0
2021-03-12T23:59:59+01:00,733,966,1067,1799,1293,2686,1905,4036,2993,3946,2258,1967,4886,5957,2024,3681,302,344,471,789,483,1244,734,1937,902,1664,558,594,553,788,729,1706,26652,12463,2128,1334,13417,1,0
2021-03-11T23:59:59+01:00,721,912,1060,1697,1283,2519,1896,3818,2941,3826,1568,1309,4533,5549,2015,3671,300,344,471,789,483,1244,734,1935,902,1662,558,593,551,787,646,1561,26097,12461,2115,1099,11106,0,0
2021-03-10T23:59:59+01:00,714,893,1051,1679,1274,2497,1882,3794,2806,3731,1178,1030,4112,5052,1955,3565,300,344,470,788,482,1244,734,1935,901,1662,558,593,549,785,646,1561,24108,12455,2114,1097,10991,0,0
2021-03-09T23:59:59+01:00,712,888,1042,1661,1266,2484,1877,3785,2803,3727,1174,1028,4112,5052,1954,3565,300,344,470,788,482,1244,734,1935,901,1662,558,593,549,785,646,1561,24105,12455,2114,1097,10911,0,0
2021-03-08T23:59:59+01:00,707,854,1030,1640,1254,2450,1866,3753,2785,3713,1173,1026,4112,5052,1954,3565,300,344,470,788,482,1244,734,1935,901,1662,558,593,549,785,646,1561,24101,12455,2113,1097,10720,0,0
2021-03-07T23:59:59+01:00,707,851,1027,1636,1254,2447,1865,3750,2785,3711,1173,1026,4112,5052,1954,3565,300,344,470,788,482,1244,734,1935,901,1662,558,593,549,785,646,1561,24099,12455,2113,1097,10703,0,0
2021-03-06T23:59:59+01:00,662,795,888,1528,1022,2248,1418,3351,2346,3345,953,883,3820,4677,1939,3549,300,344,470,788,481,1244,734,1935,901,1661,558,592,547,780,557,1384,23100,12453,2110,823,8214,0,0
2021-03-05T23:59:59+01:00,659,795,884,1525,1022,2247,1414,3347,2338,3341,761,754,2804,3442,1834,3389,298,342,464,777,477,1238,725,1919,889,1645,553,589,483,716,263,880,20251,12255,2100,3,8205,0,0
2021-03-04T23:59:59+01:00,640,742,847,1397,980,2091,1364,3147,2301,3264,742,745,1481,1830,1697,3202,298,342,463,777,477,1238,725,1919,888,1644,552,589,483,715,263,880,16960,12250,2099,3,7411,0,0
2021-03-03T23:59:59+01:00,631,701,823,1336,961,2028,1351,3101,2291,3226,742,745,1481,1830,1697,3202,298,342,463,777,477,1238,725,1919,888,1644,552,589,483,715,263,880,16959,12250,2099,3,7088,0,0
2021-03-02T23:59:59+01:00,628,699,822,1335,961,2028,1350,3100,2291,3226,742,745,1481,1830,1697,3202,298,342,463,777,477,1238,725,1919,888,1643,552,589,483,715,263,880,16958,12249,2099,3,7080,0,0
2021-03-01T23:59:59+01:00,628,697,821,1335,961,2028,1350,3100,2291,3225,742,744,1481,1829,1697,3202,298,342,463,777,477,1238,725,1918,888,1643,552,589,483,715,263,880,16956,12248,2098,3,7077,0,0
2021-02-28T23:59:59+01:00,627,695,821,1335,960,2028,1349,3100,2290,3224,742,743,1481,1829,1697,3202,298,342,463,777,477,1238,725,1917,888,1643,552,589,483,715,263,880,16953,12247,2098,3,7072,0,0
2021-02-27T23:59:59+01:00,622,690,805,1328,940,2017,1304,3066,2210,3165,623,634,1164,1454,1246,2418,297,342,463,777,475,1238,724,1915,887,1642,551,586,482,712,263,877,15228,12231,1388,0,7070,0,0
2021-02-26T23:59:59+01:00,611,661,775,1266,908,1887,1256,2891,1863,2756,622,634,1164,1454,1245,2417,297,342,463,777,475,1238,724,1915,887,1642,551,586,482,712,263,876,15223,12230,1388,0,5799,0,0
2021-02-25T23:59:59+01:00,568,608,717,1145,796,1685,1079,2557,1349,2220,608,627,888,1129,1174,2313,296,341,463,777,475,1237,724,1915,887,1642,551,586,482,712,263,876,14419,12227,1388,0,3656,0,0
2021-02-24T23:59:59+01:00,567,607,717,1144,795,1685,1079,2556,1349,2219,608,627,888,1129,1174,2313,296,341,463,777,475,1237,724,1915,887,1642,551,586,482,712,263,876,14419,12227,1387,0,3651,0,0
2021-02-23T23:59:59+01:00,563,601,702,1135,785,1675,1062,2543,1335,2209,607,627,886,1128,1173,2312,296,340,463,776,475,1237,724,1914,887,1642,551,586,482,712,263,876,14309,12224,1387,0,3647,0,0
2021-02-22T23:59:59+01:00,563,601,702,1135,783,1675,1062,2542,1334,2208,607,627,886,1128,1173,2312,296,340,463,776,475,1237,724,1914,887,1642,551,586,482,712,263,876,14307,12224,1387,0,3644,0,0
2021-02-21T23:59:59+01:00,563,601,702,1135,782,1675,1061,2542,1334,2208,606,627,886,1128,1173,2312,296,340,463,776,475,1237,724,1914,887,1642,551,586,482,712,263,876,14307,12224,1387,0,3641,0,0
2021-02-20T23:59:59+01:00,545,598,690,1128,761,1673,1049,2537,1308,2188,569,604,564,800,761,1755,294,339,459,774,470,1231,719,1903,879,1641,550,583,478,712,260,875,12630,12167,1386,0,3514,0,0
2021-02-19T23:59:59+01:00,435,502,591,1000,636,1513,906,2361,1039,1948,569,604,564,800,761,1755,291,339,455,772,468,1221,716,1886,871,1624,546,576,474,706,257,866,12629,12068,1386,0,1969,0,0
2021-02-18T23:59:59+01:00,305,348,477,803,488,1255,752,1957,911,1677,569,604,563,800,761,1755,290,338,453,769,466,1217,716,1873,867,1611,539,571,468,700,252,855,12628,11985,1386,0,11,0,0
2021-02-17T23:59:59+01:00,305,348,476,803,488,1255,752,1957,910,1677,568,604,563,800,761,1755,289,337,452,767,464,1214,713,1865,863,1605,534,566,457,678,242,836,12627,11882,1386,0,9,0,0
2021-02-16T23:59:59+01:00,305,348,474,802,487,1255,752,1957,910,1677,568,604,563,800,761,1755,277,332,445,751,454,1177,705,1781,838,1537,514,537,422,629,226,774,12627,11399,1386,0,5,0,0
2021-02-15T23:59:59+01:00,305,348,473,802,486,1254,751,1957,910,1677,568,604,563,800,761,1755,273,328,442,742,448,1150,686,1728,813,1483,493,505,402,584,216,716,12626,11009,1386,0,2,0,0
2021-02-14T23:59:59+01:00,305,348,473,802,485,1254,751,1957,910,1677,568,604,563,800,761,1755,273,328,442,742,448,1148,686,1723,810,1475,482,500,399,581,207,707,12625,10951,1386,0,2,0,0
2021-02-13T23:59:59+01:00,303,348,473,802,485,1254,751,1956,910,1677,568,604,563,800,761,1755,271,325,439,739,443,1136,674,1702,791,1442,465,472,382,554,194,672,12623,10701,1386,0,1,0,0
2021-02-12T23:59:59+01:00,303,347,473,802,485,1254,750,1955,908,1674,568,602,506,751,755,1754,254,314,418,703,420,1042,632,1534,707,1205,376,357,312,443,144,500,12500,9361,1386,0,1,0,0
2021-02-11T23:59:59+01:00,301,347,472,802,485,1254,750,1952,908,1672,567,601,503,748,669,1606,231,296,406,671,400,997,597,1433,662,1104,338,313,275,370,120,423,12488,8636,1148,0,1,0,0
2021-02-10T23:59:59+01:00,301,347,472,801,485,1254,749,1952,908,1672,566,601,503,747,668,1604,228,291,405,666,396,983,594,1407,649,1073,322,290,249,327,103,363,12482,8346,1148,0,0,0,0
2021-02-09T23:59:59+01:00,301,347,472,801,485,1254,748,1952,908,1670,566,601,503,747,668,1604,219,276,392,630,374,916,553,1306,597,953,241,192,174,212,67,223,12479,7325,1148,0,0,0,0
2021-02-08T23:59:59+01:00,301,347,470,801,485,1254,748,1952,908,1670,566,601,503,747,668,1604,216,268,387,615,365,892,532,1250,567,877,212,159,139,163,54,169,12478,6865,1147,0,0,0,0
2021-02-07T23:59:59+01:00,301,347,470,801,485,1254,748,1952,908,1670,566,601,503,747,668,1603,215,268,386,610,365,888,527,1240,561,863,208,150,128,145,48,155,12477,6757,1147,0,0,0,0
2021-02-06T23:59:59+01:00,301,347,470,801,485,1254,748,1952,908,1670,566,601,501,741,578,1426,215,268,386,610,365,888,527,1240,561,863,208,150,128,145,48,155,12477,6757,872,0,0,0,0
2021-02-05T23:59:59+01:00,301,347,467,800,484,1252,745,1950,905,1666,560,598,494,724,267,902,208,256,369,578,351,849,506,1198,544,831,184,136,107,133,44,153,12461,6447,1,0,0,0,0
2021-02-04T23:59:59+01:00,301,346,466,794,481,1251,744,1945,900,1666,559,597,493,723,267,902,188,207,301,445,288,683,420,975,478,712,174,131,97,128,39,142,12434,5408,1,0,0,0,0
2021-02-03T23:59:59+01:00,300,346,466,792,481,1251,743,1944,899,1666,559,597,493,723,267,902,182,192,251,365,244,593,359,874,432,641,167,127,93,126,38,141,12428,4825,1,0,0,0,0
2021-02-02T23:59:59+01:00,300,344,466,790,481,1251,743,1940,899,1664,559,597,493,723,267,902,172,171,192,293,190,511,272,746,358,580,161,124,92,125,38,140,12418,4165,1,0,0,0,0
2021-02-01T23:59:59+01:00,300,344,464,789,480,1249,742,1936,896,1659,559,597,492,723,267,902,165,165,152,257,163,452,223,662,304,518,157,113,85,114,33,133,12398,3696,1,0,0,0,0
2021-01-31T23:59:59+01:00,300,344,464,789,480,1249,742,1936,896,1659,559,597,492,723,267,902,165,165,152,257,163,451,223,662,304,518,157,113,85,114,33,133,12398,3695,1,0,0,0,0
2021-01-30T23:59:59+01:00,300,344,464,789,480,1249,742,1936,891,1659,559,597,490,723,264,902,152,150,133,242,153,421,208,623,286,472,138,102,73,84,28,100,12388,3365,1,0,0,0,0
2021-01-29T23:59:59+01:00,297,344,460,786,478,1239,739,1918,883,1642,555,590,486,718,261,893,99,85,94,157,112,261,161,454,196,343,103,66,56,73,24,90,12288,2374,1,0,0,0,0
2021-01-28T23:59:59+01:00,296,344,460,786,478,1239,739,1918,883,1642,555,590,486,718,261,893,13,12,13,23,21,51,26,98,44,94,40,28,27,55,21,83,12287,649,1,0,0,0,0
2021-01-27T23:59:59+01:00,295,344,460,786,478,1239,739,1918,882,1642,555,590,486,718,261,893,13,12,13,23,21,50,26,97,43,94,40,28,27,55,21,83,12286,646,0,0,0,0,0
2021-01-26T23:59:59+01:00,295,344,460,785,478,1238,739,1918,882,1641,555,590,486,718,261,893,13,12,13,23,21,50,26,97,43,94,40,28,27,55,21,83,12283,646,0,0,0,0,0
2021-01-25T23:59:59+01:00,295,343,459,785,478,1237,739,1916,882,1640,555,590,485,716,261,893,8,4,5,12,10,25,15,39,21,41,19,14,8,18,7,16,12274,262,0,0,0,0,0
2021-01-24T23:59:59+01:00,295,343,459,785,478,1237,739,1915,882,1639,555,590,485,716,261,893,8,4,5,12,10,25,15,39,21,41,19,14,8,18,7,16,12272,262,0,0,0,0,0
2021-01-23T23:59:59+01:00,295,343,459,785,478,1237,739,1915,882,1639,555,590,485,716,261,893,8,4,5,12,10,25,15,39,21,41,19,14,8,18,7,16,12272,262,0,0,0,0,0
2021-01-22T23:59:59+01:00,293,341,459,785,477,1236,739,1914,882,1639,555,590,485,716,242,848,8,4,5,12,10,25,15,39,21,41,19,14,8,18,7,16,12201,262,0,0,0,0,0
2021-01-21T23:59:59+01:00,290,336,457,778,473,1229,737,1894,873,1621,545,582,467,689,230,814,8,4,5,12,10,25,15,39,21,41,19,14,8,18,7,16,12015,262,0,0,0,0,0
2021-01-20T23:59:59+01:00,288,333,454,774,471,1226,734,1886,869,1617,539,577,459,670,222,797,8,4,5,12,10,25,15,39,21,41,19,14,8,18,7,16,11916,262,0,0,0,0,0
2021-01-19T23:59:59+01:00,282,332,452,767,466,1208,730,1850,859,1583,526,559,445,652,213,763,8,4,5,12,10,25,15,39,21,41,19,14,8,18,7,16,11687,262,0,0,0,0,0
2021-01-18T23:59:59+01:00,278,325,449,757,461,1188,712,1811,833,1535,506,527,430,615,202,709,8,3,5,12,10,25,15,39,21,41,19,14,8,18,7,16,11338,261,0,0,0,0,0
2021-01-17T23:59:59+01:00,278,324,449,757,461,1185,709,1805,824,1524,491,514,414,592,187,686,8,3,4,12,10,25,15,39,21,41,19,14,8,18,7,16,11200,260,0,0,0,0,0
2021-01-16T23:59:59+01:00,270,313,441,738,447,1143,681,1713,780,1379,451,433,382,538,168,634,0,0,0,0,0,0,0,0,0,0,0,0,0,0,0,0,10511,0,0,0,0,0,0
2021-01-15T23:59:59+01:00,261,305,432,716,433,1090,660,1606,742,1264,391,380,339,469,153,535,0,0,0,0,0,0,0,0,0,0,0,0,0,0,0,0,9776,0,0,0,0,0,0
2021-01-14T23:59:59+01:00,237,286,414,672,409,1030,615,1477,672,1118,336,313,291,366,115,422,0,0,0,0,0,0,0,0,0,0,0,0,0,0,0,0,8773,0,0,0,0,0,0
2021-01-13T23:59:59+01:00,235,283,413,666,405,1011,609,1449,659,1087,318,289,262,323,98,363,0,0,0,0,0,0,0,0,0,0,0,0,0,0,0,0,8470,0,0,0,0,0,0
2021-01-12T23:59:59+01:00,218,271,395,623,372,912,549,1287,580,901,218,172,154,169,57,180,0,0,0,0,0,0,0,0,0,0,0,0,0,0,0,0,7058,0,0,0,0,0,0
2021-01-11T23:59:59+01:00,214,266,390,608,362,887,528,1238,560,850,198,140,121,124,42,131,0,0,0,0,0,0,0,0,0,0,0,0,0,0,0,0,6659,0,0,0,0,0,0
2021-01-10T23:59:59+01:00,213,259,379,594,358,876,517,1216,549,834,195,140,118,123,40,130,0,0,0,0,0,0,0,0,0,0,0,0,0,0,0,0,6541,0,0,0,0,0,0
2021-01-09T23:59:59+01:00,192,214,332,522,317,753,446,1023,464,701,133,87,69,78,29,96,0,0,0,0,0,0,0,0,0,0,0,0,0,0,0,0,5456,0,0,0,0,0,0
2021-01-08T23:59:59+01:00,112,112,241,354,233,461,320,677,310,442,75,51,45,63,24,85,0,0,0,0,0,0,0,0,0,0,0,0,0,0,0,0,3605,0,0,0,0,0,0
2021-01-07T23:59:59+01:00,19,23,58,96,67,133,101,197,111,151,45,31,28,56,22,85,0,0,0,0,0,0,0,0,0,0,0,0,0,0,0,0,1223,0,0,0,0,0,0
2021-01-06T23:59:59+01:00,10,10,11,22,15,49,28,97,49,98,40,30,28,56,22,85,0,0,0,0,0,0,0,0,0,0,0,0,0,0,0,0,650,0,0,0,0,0,0
2021-01-05T23:59:59+01:00,10,10,11,22,15,49,27,97,48,98,40,30,28,56,22,85,0,0,0,0,0,0,0,0,0,0,0,0,0,0,0,0,648,0,0,0,0,0,0
2021-01-04T23:59:59+01:00,8,4,5,12,10,27,16,41,23,42,19,14,9,18,7,17,0,0,0,0,0,0,0,0,0,0,0,0,0,0,0,0,272,0,0,0,0,0,0
2021-01-03T23:59:59+01:00,8,4,5,12,10,27,16,41,23,42,19,14,9,18,7,17,0,0,0,0,0,0,0,0,0,0,0,0,0,0,0,0,272,0,0,0,0,0,0
2021-01-02T23:59:59+01:00,8,4,5,12,10,27,16,41,23,42,19,14,9,18,7,17,0,0,0,0,0,0,0,0,0,0,0,0,0,0,0,0,272,0,0,0,0,0,0
2021-01-01T23:59:59+01:00,8,4,5,12,10,27,16,41,23,42,19,14,9,18,7,17,0,0,0,0,0,0,0,0,0,0,0,0,0,0,0,0,272,0,0,0,0,0,0
2020-12-31T23:59:59+01:00,8,4,5,12,10,27,16,41,23,42,19,14,9,18,7,17,0,0,0,0,0,0,0,0,0,0,0,0,0,0,0,0,272,0,0,0,0,0,0
2020-12-30T23:59:59+01:00,8,4,5,12,10,27,16,41,23,42,19,14,9,18,7,17,0,0,0,0,0,0,0,0,0,0,0,0,0,0,0,0,272,0,0,0,0,0,0
2020-12-29T23:59:59+01:00,8,4,5,12,10,27,16,41,23,42,19,14,9,18,7,17,0,0,0,0,0,0,0,0,0,0,0,0,0,0,0,0,272,0,0,0,0,0,0
2020-12-28T23:59:59+01:00,8,4,5,12,10,27,16,41,23,42,19,14,9,18,7,17,0,0,0,0,0,0,0,0,0,0,0,0,0,0,0,0,272,0,0,0,0,0,0
2020-12-27T23:59:59+01:00,8,3,4,12,10,27,16,41,23,42,19,14,9,18,7,17,0,0,0,0,0,0,0,0,0,0,0,0,0,0,0,0,270,0,0,0,0,0,0
