Datum,<15_m,<15_w,15-24_1_m,15-24_1_w,25-34_1_m,25-34_1_w,35-44_1_m,35-44_1_w,45-54_1_m,45-54_1_w,55-64_1_m,55-64_1_w,65-74_1_m,65-74_1_w,75-84_1_m,75-84_1_w,>84_1_m,>84_1_w,<24_2_m,<24_2_w,25-34_2_m,25-34_2_w,35-44_2_m,35-44_2_w,45-54_2_m,45-54_2_w,55-64_2_m,55-64_2_w,65-74_2_m,65-74_2_w,75-84_2_m,75-84_2_w,>84_2_m,>84_2_w,bp_1,bp_2,mo_1,mo_2,az_1,az_2,ja,unb_1,unb_2
2021-08-04T23:59:59+02:00,1163,1061,11897,11119,15065,13624,17063,16822,20396,20452,22013,21030,14268,15415,9824,12033,2913,5118,10566,9845,14056,12563,16308,15959,19902,19844,21600,20570,14040,15166,9692,11853,2867,5042,165705,158058,22391,21263,35529,34590,7648,3,3
2021-08-03T23:59:59+02:00,1158,1055,11854,11085,15030,13599,17038,16792,20375,20433,21993,21009,14255,15397,9820,12030,2912,5117,10530,9825,14026,12547,16288,15939,19885,19832,21583,20557,14032,15148,9688,11851,2867,5042,165577,158020,22391,21261,35529,34588,7452,3,3
2021-08-02T23:59:59+02:00,1155,1053,11837,11067,15010,13581,17023,16772,20360,20423,21986,20999,14244,15386,9814,12028,2912,5115,10510,9811,14007,12529,16274,15921,19869,19825,21577,20546,14022,15136,9682,11849,2867,5040,165530,157984,22391,21261,35529,34588,7312,3,3
2021-08-01T23:59:59+02:00,1155,1053,11835,11063,15010,13581,17022,16771,20360,20422,21984,20999,14244,15385,9814,12028,2912,5114,10508,9810,14005,12528,16272,15921,19869,19824,21577,20546,14022,15136,9682,11849,2867,5040,165519,157977,22390,21260,35529,34588,7311,3,3
2021-07-31T23:59:59+02:00,1155,1053,11835,11063,15010,13581,17022,16771,20360,20422,21984,20999,14244,15385,9814,12028,2912,5114,10508,9809,14002,12526,16271,15921,19869,19822,21576,20546,14022,15136,9682,11849,2867,5040,165519,157968,22390,21259,35529,34588,7311,3,3
2021-07-30T23:59:59+02:00,1154,1053,11801,11052,14976,13558,16987,16743,20333,20403,21947,20980,14227,15377,9808,12020,2911,5113,10475,9798,13968,12503,16237,15894,19842,19803,21539,20526,14005,15128,9676,11841,2866,5039,165514,157965,22390,21259,35529,34587,7007,3,3
2021-07-29T23:59:59+02:00,1146,1045,11770,11023,14953,13534,16977,16730,20325,20392,21938,20974,14224,15376,9805,12018,2908,5112,10470,9789,13950,12499,16226,15889,19840,19801,21535,20525,14003,15126,9676,11841,2866,5039,165326,157904,22390,21257,35529,34587,7002,3,3
2021-07-28T23:59:59+02:00,1131,1039,11735,10977,14927,13505,16960,16712,20317,20379,21929,20967,14220,15374,9803,12016,2907,5111,10459,9780,13933,12484,16218,15880,19834,19797,21532,20523,14002,15124,9676,11840,2866,5039,165108,157839,22389,21256,35529,34585,6980,3,3
2021-07-27T23:59:59+02:00,1128,1038,11715,10960,14903,13486,16941,16703,20304,20362,21912,20948,14212,15361,9796,12012,2906,5109,10438,9767,13906,12460,16201,15872,19820,19780,21516,20503,13993,15112,9669,11836,2865,5038,165083,157815,22389,21256,35529,34585,6792,3,3
2021-07-26T23:59:59+02:00,1122,1026,11659,10902,14859,13449,16916,16681,20271,20331,21883,20932,14195,15353,9789,12004,2906,5108,10402,9741,13875,12432,16176,15856,19784,19746,21467,20474,13976,15102,9661,11828,2865,5037,164914,157760,22388,21255,35529,34525,6552,3,3
2021-07-25T23:59:59+02:00,1121,1026,11657,10899,14854,13448,16915,16680,20270,20331,21883,20932,14195,15353,9789,12004,2906,5108,10401,9729,13872,12429,16174,15855,19783,19746,21467,20474,13976,15102,9661,11828,2865,5036,164901,157739,22386,21252,35529,34525,6552,3,3
2021-07-24T23:59:59+02:00,1121,1026,11653,10897,14853,13447,16915,16679,20268,20330,21883,20931,14194,15353,9789,12004,2906,5108,10279,9616,13704,12287,15753,15490,19634,19624,21449,20448,13962,15087,9654,11820,2865,5035,164895,157717,22380,19585,35529,34525,6550,3,3
2021-07-23T23:59:59+02:00,1097,1013,11540,10827,14774,13392,16862,16625,20227,20278,21845,20893,14178,15333,9779,11996,2904,5107,8524,8235,12323,11183,15266,15060,19346,19302,21236,20255,13884,15003,9597,11771,2860,5031,164487,150078,22380,19585,35529,34468,6271,3,3
2021-07-22T23:59:59+02:00,1075,1006,11472,10756,14718,13344,16826,16599,20209,20249,21831,20869,14163,15320,9768,11989,2902,5105,7998,7755,11712,10683,14560,14460,19152,19135,21080,20080,13816,14920,9572,11725,2851,5020,164134,145695,22379,19585,35529,34457,6156,3,3
2021-07-21T23:59:59+02:00,1063,997,11427,10707,14683,13313,16797,16571,20193,20232,21815,20858,14151,15315,9766,11981,2900,5103,7995,7748,11700,10675,14555,14458,19144,19134,21026,20043,13813,14918,9572,11724,2850,5018,163809,145662,22379,19578,35529,34355,6152,3,3
2021-07-20T23:59:59+02:00,1050,982,11375,10666,14653,13285,16764,16553,20170,20211,21791,20841,14141,15303,9764,11975,2899,5102,7984,7742,11686,10669,14548,14451,19135,19130,21019,20040,13812,14916,9572,11724,2850,5018,163501,145632,22379,19578,35529,34347,6113,3,3
2021-07-19T23:59:59+02:00,1037,966,11326,10617,14626,13251,16744,16534,20151,20192,21778,20833,14135,15299,9760,11966,2897,5098,7979,7739,11680,10665,14544,14450,19133,19130,21005,20025,13810,14915,9571,11722,2850,5018,163188,145607,22379,19576,35529,34316,6111,3,3
2021-07-18T23:59:59+02:00,1037,966,11324,10617,14626,13249,16743,16534,20151,20191,21778,20833,14134,15299,9760,11966,2897,5098,7976,7737,11671,10660,14540,14447,19132,19130,20994,20020,13810,14915,9571,11722,2850,5018,163182,145583,22378,19575,35529,34298,6111,3,3
2021-07-17T23:59:59+02:00,1035,966,11279,10590,14569,13205,16707,16504,20116,20177,21752,20809,14123,15286,9757,11963,2897,5097,7901,7679,11528,10532,14347,14280,18709,18811,20796,19845,13782,14874,9556,11699,2846,5012,163156,145578,22369,17920,35529,34298,5775,3,3
2021-07-16T23:59:59+02:00,1015,950,11088,10450,14471,13106,16609,16429,20042,20112,21700,20761,14096,15261,9740,11956,2893,5092,7626,7477,10602,9900,13883,13971,18483,18619,19937,19189,13616,14662,9447,11567,2830,4988,162841,142150,21840,17910,35529,32517,5558,3,3
2021-07-15T23:59:59+02:00,991,934,11031,10388,14435,13074,16585,16408,20028,20095,21690,20752,14092,15257,9736,11952,2893,5088,7195,7109,8399,8185,13424,13581,18421,18562,19797,19054,13483,14520,9395,11505,2829,4978,162507,135824,21839,17907,35529,32481,5551,3,3
2021-07-14T23:59:59+02:00,965,916,10955,10301,14366,13014,16547,16364,19993,20060,21665,20731,14080,15245,9724,11938,2889,5086,6646,6660,7317,7330,12852,13132,18323,18468,19690,18966,13453,14483,9378,11489,2827,4975,162018,131462,21839,17903,35529,32417,5450,3,3
2021-07-13T23:59:59+02:00,947,895,10874,10228,14321,12971,16520,16335,19970,20039,21654,20718,14073,15235,9721,11931,2887,5084,6394,6372,6868,6949,12547,12864,18308,18448,19645,18930,13340,14374,9375,11485,2827,4972,161589,131431,21836,15651,35529,32413,5446,3,3
2021-07-12T23:59:59+02:00,927,883,10821,10179,14276,12926,16478,16306,19954,20026,21648,20712,14070,15230,9717,11927,2887,5082,6252,6276,6706,6829,12255,12623,17620,17884,19548,18851,13306,14349,9358,11463,2827,4969,161293,128899,21836,15647,35529,32410,5388,3,3
2021-07-11T23:59:59+02:00,927,883,10820,10177,14274,12925,16477,16306,19954,20026,21648,20712,14070,15230,9717,11927,2887,5082,6246,6272,6704,6826,12254,12623,17620,17884,19547,18851,13306,14349,9358,11462,2826,4967,161291,128889,21836,15647,35529,32404,5383,3,3
2021-07-10T23:59:59+02:00,924,878,10813,10165,14267,12920,16469,16306,19952,20020,21643,20707,14070,15229,9717,11927,2887,5082,6237,6264,6695,6821,12251,12619,17619,17880,19542,18848,13305,14349,9358,11462,2826,4967,161228,128839,21836,15647,35529,32404,5380,3,3
2021-07-09T23:59:59+02:00,910,862,10763,10121,14234,12892,16435,16277,19918,19997,21615,20685,14051,15214,9702,11919,2886,5079,5428,5528,6564,6721,12093,12515,17389,17775,19337,18714,13242,14276,9332,11443,2823,4964,161044,125932,21836,15647,35529,31455,5148,3,3
2021-07-08T23:59:59+02:00,908,862,10702,10076,14148,12838,16372,16226,19866,19951,21586,20661,14037,15197,9696,11906,2885,5073,5295,5414,6346,6546,11656,12171,16879,17405,19077,18529,13178,14192,9306,11407,2817,4952,161027,124004,21835,15644,35528,30949,4597,3,3
2021-07-07T23:59:59+02:00,907,862,10700,10070,14144,12835,16371,16226,19866,19948,21586,20661,14037,15197,9696,11906,2885,5073,5151,5230,5878,6134,10457,11186,16826,17339,19023,18484,13161,14170,9297,11404,2813,4942,161017,120335,21831,15643,35528,30946,4591,3,3
2021-07-06T23:59:59+02:00,907,862,10698,10069,14141,12833,16369,16226,19866,19948,21586,20660,14037,15196,9696,11906,2885,5073,5132,5224,5871,6129,10456,11184,16824,17339,19021,18484,13161,14168,9297,11404,2813,4942,161012,120313,21829,15640,35528,30930,4586,3,3
2021-07-05T23:59:59+02:00,907,862,10692,10065,14124,12830,16359,16224,19865,19948,21584,20660,14037,15196,9696,11906,2885,5073,5123,5223,5852,6126,10445,11182,16821,17339,19019,18483,13161,14168,9297,11404,2813,4942,161005,120309,21829,15638,35528,30923,4548,3,3
2021-07-04T23:59:59+02:00,907,862,10682,10055,14122,12826,16358,16224,19864,19948,21583,20659,14037,15196,9696,11905,2884,5072,5090,5180,5766,6049,10318,11068,16814,17336,19018,18480,13157,14166,9295,11399,2810,4940,160998,119832,21829,15637,35528,30915,4522,3,3
2021-07-03T23:59:59+02:00,826,793,8748,8500,12672,11675,15889,15770,19583,19649,21415,20494,13963,15120,9642,11859,2878,5068,4981,5048,5492,5794,10081,10853,16670,17196,18827,18328,13132,14132,9285,11389,2808,4938,152676,118276,21829,15637,35528,30545,4508,3,3
2021-07-02T23:59:59+02:00,826,791,8747,8495,12668,11672,15887,15769,19581,19649,21413,20494,13962,15120,9641,11858,2877,5067,4120,4180,4848,5145,9113,9860,16300,16719,18346,17790,12782,13811,9226,11314,2806,4930,152661,113746,21829,15637,35525,27418,4499,3,3
2021-07-01T23:59:59+02:00,806,771,8538,8326,12587,11593,15854,15740,19570,19635,21403,20476,13958,15117,9636,11850,2874,5061,2283,2459,4417,4771,8623,9434,15671,16176,17795,17353,12725,13745,9196,11258,2792,4900,151967,106114,21829,15635,35525,27378,4471,3,2
2021-06-30T23:59:59+02:00,751,721,8295,8139,12417,11446,15739,15644,19503,19567,21363,20429,13939,15091,9623,11837,2873,5056,2224,2420,4327,4652,8518,9334,15473,16038,17063,16853,12073,13102,9137,11189,2785,4894,150623,106053,21826,15634,35524,23937,4457,3,2
2021-06-29T23:59:59+02:00,751,721,8291,8130,12415,11442,15736,15644,19501,19567,21363,20429,13939,15091,9623,11837,2873,5056,2202,2408,4304,4613,8495,9289,15437,15979,16987,16768,11718,12764,9109,11155,2782,4886,150614,106039,21823,15632,35523,22778,4446,3,2
2021-06-28T23:59:59+02:00,751,721,8288,8126,12407,11437,15734,15644,19500,19567,21363,20429,13938,15091,9623,11837,2873,5056,2194,2379,4256,4495,8420,9129,15316,15701,16819,16496,11411,12462,9086,11128,2781,4882,150597,106029,21823,15632,35523,20854,4439,3,2
2021-06-27T23:59:59+02:00,751,721,8285,8120,12403,11434,15732,15644,19499,19567,21363,20429,13938,15091,9623,11836,2873,5056,2184,2375,4247,4493,8238,8976,15296,15685,16817,16491,11407,12461,9085,11126,2781,4882,150588,105632,21821,15631,35523,20850,4430,3,2
2021-06-26T23:59:59+02:00,743,717,8071,7905,11931,11027,14628,14656,19248,19370,21260,20307,13895,15040,9610,11807,2870,5053,2144,2332,4193,4438,8140,8866,15034,15427,16755,16444,11390,12442,9073,11121,2781,4880,148122,104570,20061,15609,35522,20850,4430,3,2
2021-06-25T23:59:59+02:00,724,699,8044,7882,11916,11017,14628,14650,19241,19365,21256,20306,13895,15040,9609,11805,2870,5053,2014,2154,3905,4133,6615,7433,12379,13238,16680,16356,11363,12412,9062,11097,2776,4865,147984,95706,20061,15527,35522,20817,4430,3,2
2021-06-24T23:59:59+02:00,712,682,7558,7470,10841,10124,14095,14215,19170,19306,21208,20263,13873,15012,9596,11792,2869,5050,1945,2086,3545,3794,5852,6765,12137,13030,16434,16149,11259,12285,8972,10970,2765,4831,143836,94474,20057,13155,35521,20769,4419,3,2
2021-06-23T23:59:59+02:00,712,682,7556,7465,10835,10123,14094,14214,19170,19305,21208,20262,13873,15012,9596,11792,2869,5050,1801,1917,3059,3391,4497,5590,11833,12761,16313,16031,11213,12246,8959,10943,2764,4824,143822,89826,20055,13155,35520,20741,4418,3,2
2021-06-22T23:59:59+02:00,712,682,7507,7436,10762,10073,14071,14188,19154,19290,21197,20254,13866,15003,9593,11789,2869,5050,1751,1886,2977,3337,4459,5557,11805,12722,16245,15980,11004,12055,8707,10642,2754,4793,143807,89807,20055,13151,35520,19603,4111,3,2
2021-06-21T23:59:59+02:00,710,682,7376,7367,10633,9977,13791,13940,18409,18674,21107,20177,13831,14971,9574,11764,2869,5047,1706,1861,2934,3299,4430,5527,11759,12687,16228,15964,10995,12045,8700,10634,2753,4792,141433,89682,20053,13150,35520,19590,3890,3,2
2021-06-20T23:59:59+02:00,710,682,7376,7363,10629,9974,13791,13940,18409,18674,21107,20177,13831,14971,9574,11764,2869,5047,1678,1832,2888,3283,4365,5488,11697,12654,16166,15905,10976,12029,8697,10625,2749,4788,141423,89203,20052,13146,35520,19579,3890,3,2
2021-06-19T23:59:59+02:00,710,681,7339,7326,10523,9883,13609,13782,17995,18338,20922,20004,13813,14944,9562,11744,2866,5041,1647,1797,2847,3234,4285,5414,11361,12364,16128,15867,10967,12017,8695,10620,2747,4786,141378,88189,18291,13117,35520,19578,3890,3,2
2021-06-18T23:59:59+02:00,15,12,6533,6593,10517,9882,13608,13780,17993,18336,20922,20004,13813,14943,9562,11743,2865,5039,1515,1685,2611,3078,3654,4782,10219,11221,15917,15711,10925,11977,8672,10598,2733,4758,138465,83533,18290,13115,35520,19524,3882,3,2
2021-06-17T23:59:59+02:00,13,11,6462,6524,10401,9778,13283,13475,17606,18016,20809,19907,13794,14905,9550,11729,2857,5033,1434,1567,2458,2929,3301,4445,8619,9858,15403,15278,10750,11797,8616,10520,2716,4730,136573,78067,18290,13111,35519,19473,3768,3,2
2021-06-16T23:59:59+02:00,13,11,6455,6518,10390,9775,13281,13473,17605,18015,20808,19907,13794,14905,9549,11728,2857,5033,1384,1519,2356,2855,3117,4266,7534,8917,14905,14890,10667,11686,8580,10472,2705,4714,136543,74243,18288,13109,35519,19449,3764,3,2
2021-06-15T23:59:59+02:00,13,11,6424,6500,10350,9747,13251,13458,17585,17993,20794,19894,13785,14897,9546,11722,2854,5030,1304,1460,2229,2753,3001,4181,6618,8185,14703,14723,10643,11657,8568,10450,2696,4707,136531,74232,18287,10701,35519,19429,3514,3,2
2021-06-14T23:59:59+02:00,13,11,6405,6483,10316,9721,13231,13438,17570,17975,20775,19884,13775,14888,9543,11720,2854,5026,1278,1445,2192,2726,2979,4160,6602,8165,14682,14713,10632,11648,8565,10449,2696,4703,136517,74222,18287,10701,35519,19408,3302,3,2
2021-06-13T23:59:59+02:00,13,11,6404,6483,10312,9719,13230,13436,17570,17975,20775,19884,13774,14888,9543,11720,2854,5026,1274,1439,2189,2717,2969,4150,6585,8148,14581,14648,10619,11625,8559,10437,2693,4703,136508,73930,18287,10701,35519,19403,3300,3,2
2021-06-12T23:59:59+02:00,10,9,5614,5711,10265,9683,13196,13412,17543,17954,20749,19853,13692,14816,9543,11717,2853,5026,1265,1420,2178,2700,2948,4123,6511,8066,14408,14511,10391,11341,8078,9899,2691,4702,134537,73427,18287,10701,35519,17803,3300,3,1
2021-06-11T23:59:59+02:00,9,9,5610,5704,10255,9676,13182,13400,17536,17950,20745,19851,13692,14815,9543,11715,2853,5026,1190,1336,2058,2540,2776,3868,5012,6733,12699,13131,10251,11193,7991,9793,2684,4686,134464,66148,18287,10700,35519,17794,3298,3,1
2021-06-10T23:59:59+02:00,3,3,4609,4749,10088,9548,13071,13318,17280,17714,20506,19670,13683,14804,9537,11705,2850,5023,1133,1275,1944,2434,2616,3691,4406,6096,11534,12143,9951,10869,7907,9708,2672,4661,131133,61329,18286,10700,35519,17789,3221,2,1
2021-06-09T23:59:59+02:00,3,3,4016,4140,9882,9400,12984,13245,16971,17449,20278,19488,13668,14791,9532,11699,2849,5018,1059,1231,1843,2365,2524,3578,4080,5789,11109,11818,9823,10710,7861,9642,2661,4652,128764,61255,18271,8846,35519,17783,2860,2,1
2021-06-08T23:59:59+02:00,3,3,4004,4133,9870,9391,12972,13238,16964,17440,20270,19486,13666,14788,9531,11696,2848,5016,1013,1223,1821,2350,2497,3564,4055,5769,11098,11815,9820,10705,7860,9640,2660,4649,128750,61138,18268,8841,35518,17778,2781,2,1
2021-06-07T23:59:59+02:00,3,3,3990,4125,9837,9378,12962,13220,16941,17429,20254,19475,13663,14784,9528,11692,2846,5014,1002,1216,1788,2339,2488,3545,4031,5756,11080,11801,9817,10700,7857,9637,2658,4647,128738,61129,18266,8838,35517,17773,2621,2,1
2021-06-06T23:59:59+02:00,3,3,3985,4121,9832,9374,12961,13220,16940,17428,20253,19475,13662,14783,9528,11692,2846,5014,999,1213,1777,2337,2482,3536,4018,5749,10953,11656,9806,10693,7856,9637,2658,4647,128726,60804,18266,8837,35516,17765,2610,2,1
2021-06-05T23:59:59+02:00,2,0,3691,3820,7340,7370,12723,13035,16911,17399,20209,19435,13546,14638,9453,11601,2842,5002,922,1141,1612,2236,2317,3457,3792,5609,10057,10815,9423,10238,7745,9482,2650,4627,122754,57529,18266,8837,35516,17277,2479,2,1
2021-06-04T23:59:59+02:00,2,0,3624,3765,7188,7254,12253,12640,16771,17287,19976,19200,13427,14492,9396,11522,2828,4985,894,1075,1581,2131,2278,3290,3716,5351,9417,10138,8578,9219,7469,9077,2646,4616,120354,56057,18266,8835,35516,14111,2472,2,1
2021-06-03T23:59:59+02:00,2,0,3211,3371,7161,7238,12126,12522,16739,17246,19889,19134,13415,14475,9394,11519,2827,4984,865,1008,1535,2007,2199,3090,3526,4969,8840,9518,7817,8347,6997,8461,2643,4608,119112,54426,18264,8834,35512,10806,2363,2,1
2021-06-02T23:59:59+02:00,0,0,2823,3053,6022,6320,11822,12288,16680,17195,19766,19029,13354,14421,9372,11498,2825,4976,849,974,1471,1984,2086,3052,3355,4867,7479,8436,7737,8268,6981,8433,2640,4603,115414,51323,18263,8834,35512,10804,2253,2,1
2021-06-01T23:59:59+02:00,0,0,2536,2741,5547,5894,11504,12005,16656,17172,19715,18992,13231,14298,9365,11494,2824,4973,832,967,1456,1975,2068,3039,3329,4847,7182,8111,7700,8234,6971,8419,2638,4603,115395,50645,15920,8814,35512,10793,2118,2,1
2021-05-31T23:59:59+02:00,0,0,2521,2738,5528,5885,11476,11984,16622,17161,19675,18970,13228,14294,9361,11492,2824,4971,816,960,1437,1965,2035,3019,3293,4833,7141,8090,7697,8229,6967,8417,2638,4601,115388,50633,15916,8808,35512,10784,1912,2,1
2021-05-30T23:59:59+02:00,0,0,2517,2736,5526,5881,11476,11983,16619,17160,19673,18969,13228,14294,9361,11492,2824,4971,815,956,1432,1962,2035,3017,3291,4831,7140,8090,7697,8229,6967,8417,2638,4601,115372,50627,15916,8808,35509,10771,1911,2,1
2021-05-29T23:59:59+02:00,0,0,2501,2722,5360,5727,11409,11924,16611,17154,19665,18968,13227,14292,9359,11492,2824,4971,778,907,1321,1867,1758,2764,2886,4408,6855,7818,7513,8004,6791,8189,2635,4595,114868,49981,15916,8808,35509,8388,1911,2,1
2021-05-28T23:59:59+02:00,0,0,2367,2592,4935,5336,10732,11309,16544,17092,19639,18940,13218,14278,9340,11463,2822,4962,757,884,1262,1813,1668,2692,2753,4303,5274,6125,7350,7808,6749,8133,2632,4585,112235,45692,15916,8808,35509,8380,1907,2,1
2021-05-27T23:59:59+02:00,0,0,2347,2571,4885,5270,10069,10739,16504,17060,19625,18928,13208,14268,9338,11461,2822,4962,703,789,1157,1741,1457,2550,2380,3996,4394,5215,7113,7500,6658,8016,2615,4566,110851,41903,15913,8803,35507,8359,1784,2,1
2021-05-26T23:59:59+02:00,0,0,2309,2509,4712,5090,9634,10372,16452,17006,19557,18874,13194,14249,9328,11459,2818,4949,688,747,1110,1709,1368,2470,2171,3825,4265,5077,6949,7287,6578,7917,2603,4552,109430,40504,15911,8802,35507,8347,1662,2,1
2021-05-25T23:59:59+02:00,0,0,2306,2502,4682,5073,9609,10346,16427,16988,19544,18867,13189,14247,9325,11456,2818,4949,681,733,1063,1691,1316,2425,2101,3765,3726,4500,6647,6944,6544,7880,2602,4550,109426,40496,15909,6848,35506,8338,1485,2,1
2021-05-24T23:59:59+02:00,0,0,2297,2494,4670,5068,9601,10341,16401,16968,19518,18843,13179,14236,9322,11446,2817,4945,672,728,1051,1684,1306,2418,2076,3745,3700,4475,6636,6933,6541,7870,2601,4546,109420,40489,15909,6848,35506,8335,1309,2,1
2021-05-23T23:59:59+02:00,0,0,2281,2462,4582,4994,9467,10219,16398,16967,19518,18842,13177,14234,9319,11442,2815,4944,671,725,1049,1684,1305,2418,2076,3745,3700,4474,6635,6933,6541,7870,2601,4546,108936,40483,15909,6847,35505,8333,1309,2,1
2021-05-22T23:59:59+02:00,0,0,2261,2443,4573,4977,9387,10137,16375,16953,19466,18798,13149,14204,9316,11436,2815,4943,670,723,1048,1681,1302,2415,2073,3740,3684,4461,5804,6034,6469,7789,2593,4541,108508,38537,15909,6847,35505,8333,1309,2,1
2021-05-21T23:59:59+02:00,0,0,2226,2410,4465,4891,9191,9962,16347,16920,19451,18791,13139,14195,9314,11434,2810,4932,658,696,1011,1615,1252,2292,1987,3560,3340,4026,4042,3927,6426,7723,2588,4526,107769,34532,15909,6847,35502,6993,1296,2,1
2021-05-20T23:59:59+02:00,0,0,2197,2370,4382,4830,8970,9733,16297,16867,19398,18739,13108,14160,9297,11417,2809,4928,603,589,886,1302,1080,1887,1764,3024,2780,3345,3206,2974,6381,7673,2584,4521,106914,32702,15906,6846,35493,3863,1187,2,1
2021-05-19T23:59:59+02:00,0,0,2036,2194,3884,4406,7587,8540,16023,16619,19275,18614,13060,14112,9287,11391,2807,4925,588,552,848,1248,1051,1836,1738,2971,2730,3301,3198,2961,6377,7670,2584,4520,102280,32678,15904,6844,35492,3568,1082,2,1
2021-05-18T23:59:59+02:00,0,0,1988,2141,3578,4118,6929,7944,15876,16503,19191,18531,13027,14079,9231,11317,2801,4911,582,548,842,1246,1043,1828,1708,2955,2721,3283,3193,2956,6373,7666,2584,4520,102260,32674,13443,6839,35488,3562,972,2,1
2021-05-17T23:59:59+02:00,0,0,1980,2133,3558,4104,6885,7920,15848,16485,19169,18512,13017,14056,9230,11316,2801,4911,574,541,823,1231,1001,1804,1680,2937,2697,3262,3182,2935,6373,7665,2584,4520,102253,32669,13440,6839,35488,3558,742,2,1
2021-05-16T23:59:59+02:00,0,0,1975,2130,3551,4100,6699,7756,15825,16466,19165,18507,13012,14055,9229,11315,2801,4911,574,541,823,1230,1000,1803,1680,2937,2695,3262,3182,2935,6373,7665,2584,4520,101831,32667,13439,6839,35484,3556,741,2,1
2021-05-15T23:59:59+02:00,0,0,1947,2094,3513,4062,6613,7652,15556,16198,19109,18465,12993,14036,9220,11310,2801,4909,574,541,823,1229,1000,1803,1678,2936,2695,3262,3181,2935,6372,7665,2584,4520,100812,32663,13439,6839,35484,3554,741,2,1
2021-05-14T23:59:59+02:00,0,0,1838,1949,3267,3811,5020,6174,12906,14006,19045,18379,12969,14006,9214,11297,2798,4903,574,540,820,1229,1000,1803,1677,2935,2689,3260,3176,2929,6369,7663,2584,4519,91930,32645,13439,6838,35482,3554,729,2,1
2021-05-13T23:59:59+02:00,0,0,1812,1901,3226,3760,4908,6073,12701,13822,18885,18252,12893,13911,9178,11244,2798,4902,568,537,813,1220,990,1791,1658,2916,2582,3167,2515,2123,4917,5862,2575,4500,90715,29632,13342,4821,35480,3553,727,2,1
2021-05-12T23:59:59+02:00,0,0,1812,1901,3225,3760,4908,6073,12701,13822,18884,18252,12893,13911,9178,11244,2798,4902,568,537,813,1220,990,1791,1658,2915,2579,3165,2515,2123,4917,5860,2575,4500,90714,29629,13342,4816,35479,3553,727,2,1
2021-05-11T23:59:59+02:00,0,0,1768,1856,3133,3685,4820,6007,11774,13093,18690,18093,12879,13890,9171,11230,2792,4898,567,535,810,1215,989,1790,1657,2915,2570,3161,2514,2122,4915,5859,2574,4500,90703,29622,10884,4804,35471,3547,719,2,1
2021-05-10T23:59:59+02:00,0,0,1752,1853,3127,3682,4814,6003,11773,13092,18689,18093,12879,13890,9171,11230,2792,4898,566,533,810,1215,988,1790,1656,2915,2570,3161,2513,2121,4915,5859,2574,4500,90690,29621,10881,4803,35446,3542,719,2,1
2021-05-09T23:59:59+02:00,0,0,1716,1806,3075,3667,4744,5968,11706,13071,18626,18034,12859,13871,9168,11221,2790,4896,564,530,802,1214,980,1784,1643,2912,2566,3160,2513,2119,4914,5858,2574,4499,90221,29617,10878,4802,35439,3534,678,2,1
2021-05-08T23:59:59+02:00,0,0,1683,1772,3039,3617,4667,5895,11369,12769,18593,18000,12852,13863,9167,11219,2788,4896,552,529,795,1214,969,1784,1635,2912,2550,3149,2512,2119,4914,5857,2573,4498,89192,29613,10878,4802,35439,3468,678,2,1
2021-05-07T23:59:59+02:00,0,0,1539,1649,2791,3445,3993,5231,10161,11579,18393,17849,12813,13828,9147,11202,2780,4889,455,380,672,984,823,1465,1490,2497,2381,2792,2503,2110,4910,5853,2570,4495,84425,29608,10877,4802,35427,1411,558,2,1
2021-05-06T23:59:59+02:00,0,0,1476,1480,2657,3314,3666,4922,8461,10097,17878,17424,12645,13660,9100,11130,2777,4881,333,321,568,882,687,1376,1242,2283,2167,2597,2451,2078,4908,5846,2570,4494,78899,29587,10876,4801,35410,33,381,2,1
2021-05-05T23:59:59+02:00,0,0,1422,1404,2570,3242,3490,4747,7312,9080,17371,17024,12557,13547,9068,11084,2768,4866,333,321,566,881,686,1374,1196,2231,2156,2589,2447,2076,4908,5842,2570,4490,75022,29577,10872,4800,35400,32,256,2,1
2021-05-04T23:59:59+02:00,0,0,1411,1402,2563,3235,3488,4747,7310,9079,17370,17024,12557,13547,9068,11084,2768,4866,333,320,566,880,684,1374,1196,2231,2156,2589,2446,2076,4908,5842,2570,4489,75014,29574,10861,4800,35387,30,255,2,1
2021-05-03T23:59:59+02:00,0,0,1409,1396,2555,3230,3485,4741,7231,9019,17356,17016,12553,13545,9068,11084,2767,4865,330,314,562,876,679,1369,1117,2171,2142,2581,2442,2074,4908,5842,2569,4488,75005,29572,10861,4800,35387,26,65,2,1
2021-05-02T23:59:59+02:00,0,0,1401,1392,2552,3224,3472,4732,7211,8999,17250,16948,12540,13520,9062,11073,2764,4865,328,313,562,875,679,1369,1117,2170,2140,2581,2442,2074,4907,5840,2569,4488,74695,29566,10860,4799,35386,26,62,2,1
2021-05-01T23:59:59+02:00,0,0,1397,1386,2543,3214,3463,4714,7152,8938,17106,16831,12515,13497,9050,11067,2764,4865,328,313,562,875,679,1369,1117,2170,2140,2581,2442,2074,4905,5840,2568,4486,74192,29561,10860,4799,35386,26,62,2,1
2021-04-30T23:59:59+02:00,0,0,1327,1306,2422,3044,3294,4440,5602,7538,15362,15399,12372,13337,8955,10950,2749,4832,328,313,561,874,678,1369,1114,2168,2137,2579,2441,2065,4892,5831,2560,4468,66672,29544,10860,4798,35386,26,9,2,1
2021-04-29T23:59:59+02:00,0,0,1273,1268,2319,2934,3161,4270,4994,6889,14187,14376,12062,13009,8864,10868,2735,4804,326,312,561,873,678,1368,1113,2168,2135,2577,2439,2061,4891,5828,2559,4466,61759,29524,10860,4795,35383,26,9,2,1
2021-04-28T23:59:59+02:00,0,0,1210,1251,2257,2897,3096,4189,4685,6597,13772,14060,11947,12862,8823,10809,2727,4798,325,312,558,871,675,1368,1111,2167,2134,2570,2436,2059,4888,5824,2556,4463,61642,29520,8951,4769,35383,25,2,2,1
2021-04-27T23:59:59+02:00,0,0,1190,1249,2252,2896,3092,4188,4683,6597,13771,14059,11946,12861,8823,10809,2727,4798,325,312,558,871,674,1366,1111,2167,2133,2570,2436,2057,4888,5824,2556,4463,61610,29518,8946,4765,35381,25,2,2,1
2021-04-26T23:59:59+02:00,0,0,1190,1247,2250,2895,3090,4188,4669,6583,13731,14028,11943,12858,8823,10808,2727,4797,325,312,558,871,674,1366,1111,2167,2131,2569,2436,2057,4888,5824,2556,4463,61602,29516,8942,4764,35279,25,2,2,1
2021-04-25T23:59:59+02:00,0,0,1189,1247,2244,2895,3087,4181,4656,6576,13593,13874,11933,12852,8822,10807,2727,4797,325,312,557,871,673,1365,1109,2165,2131,2569,2436,2057,4888,5824,2556,4463,61276,29512,8939,4761,35261,25,2,2,1
2021-04-24T23:59:59+02:00,0,0,1123,1201,2106,2806,2948,4125,4445,6461,12731,13071,11656,12523,8756,10703,2720,4784,325,312,557,871,672,1364,1109,2165,2131,2568,2435,2057,4884,5823,2556,4463,57956,29505,8938,4761,35261,23,2,2,1
2021-04-23T23:59:59+02:00,0,0,1024,1181,1891,2779,2788,4092,4331,6350,11390,12016,11601,12461,8732,10656,2718,4781,324,312,557,871,671,1364,1108,2165,2129,2568,2434,2057,4883,5817,2556,4462,56480,29499,8938,4759,33370,18,1,2,1
2021-04-22T23:59:59+02:00,0,0,1014,1172,1864,2766,2726,4067,4154,6231,10772,11499,11513,12375,8702,10609,2715,4776,323,311,557,871,671,1363,1106,2165,2128,2568,2434,2055,4881,5815,2556,4462,54785,29492,8937,4754,33230,18,1,2,1
2021-04-21T23:59:59+02:00,0,0,999,1158,1789,2742,2606,4032,4008,6157,9280,10339,11438,12308,8690,10585,2712,4773,322,311,556,871,670,1363,1105,2165,2128,2568,2430,2051,4878,5813,2555,4460,51622,29475,8936,4751,33055,18,1,2,1
2021-04-20T23:59:59+02:00,0,0,999,1157,1788,2741,2603,4029,4004,6156,8984,10016,11411,12284,8686,10576,2712,4772,322,311,556,871,670,1363,1105,2164,2127,2567,2430,2050,4876,5812,2555,4460,50928,29471,8933,4748,33054,18,1,2,1
2021-04-19T23:59:59+02:00,0,0,997,1155,1788,2738,2602,4028,4002,6154,8984,10015,11411,12284,8686,10575,2712,4772,321,311,556,870,670,1363,1103,2164,2126,2567,2430,2050,4876,5812,2555,4460,50920,29467,8928,4747,33052,18,1,2,1
2021-04-18T23:59:59+02:00,0,0,997,1154,1786,2738,2600,4026,4002,6154,8984,10015,11411,12284,8686,10574,2712,4771,321,311,556,870,669,1363,1103,2163,2126,2567,2430,2050,4876,5812,2555,4460,50913,29466,8927,4746,33051,18,1,2,1
2021-04-17T23:59:59+02:00,0,0,997,1153,1783,2732,2523,3936,3946,6072,8967,9997,11288,12132,8683,10572,2712,4770,316,305,552,863,661,1353,1085,2150,2079,2541,2385,1998,4827,5743,2549,4454,50282,29096,8927,4746,33051,17,1,2,1
2021-04-16T23:59:59+02:00,0,0,968,1119,1672,2649,2321,3799,3697,5898,7245,8184,11091,11888,8629,10509,2709,4757,309,300,537,844,629,1316,1003,2093,1855,2381,2236,1889,4640,5474,2490,4338,45937,29082,8852,3238,32343,12,1,2,1
2021-04-15T23:59:59+02:00,0,0,898,1067,1544,2561,2041,3647,3165,5569,6235,7219,10834,11552,8529,10386,2690,4734,309,300,536,843,627,1315,1002,2090,1619,2240,2083,1758,4454,5263,2436,4235,42135,29037,8849,2063,31684,8,1,2,1
2021-04-14T23:59:59+02:00,0,0,883,1038,1499,2525,1953,3566,2995,5434,6141,7108,10670,11345,8447,10286,2678,4720,289,290,502,816,556,1256,795,1947,1399,2116,2016,1683,4323,5099,2422,4207,40759,27643,8845,2063,31681,8,1,2,1
2021-04-13T23:59:59+02:00,0,0,878,1032,1487,2522,1930,3547,2963,5400,5620,6532,10370,11006,8416,10252,2677,4719,289,288,502,815,556,1256,795,1947,1399,2115,2013,1682,4323,5099,2422,4204,40752,27641,6919,2054,31677,8,1,2,1
2021-04-12T23:59:59+02:00,0,0,878,1030,1486,2519,1930,3547,2962,5399,5619,6532,10369,11006,8416,10252,2677,4719,289,287,502,815,554,1256,793,1946,1398,2115,2013,1682,4323,5098,2422,4204,40747,27635,6916,2052,31675,8,1,2,1
2021-04-11T23:59:59+02:00,0,0,878,1030,1485,2519,1928,3546,2961,5399,5619,6532,10368,11005,8416,10252,2677,4719,289,287,501,815,552,1256,792,1946,1396,2115,2013,1682,4323,5098,2422,4204,40744,27630,6915,2052,31673,8,0,2,1
2021-04-10T23:59:59+02:00,0,0,876,1027,1482,2515,1911,3534,2892,5333,5491,6434,10138,10788,8363,10202,2673,4718,289,286,501,814,552,1256,791,1946,1396,2115,2009,1678,4318,5089,2421,4201,40174,27601,6915,2052,31286,8,0,2,1
2021-04-09T23:59:59+02:00,0,0,838,994,1385,2459,1807,3475,2763,5279,5352,6369,7760,7960,8299,10108,2663,4700,288,286,498,813,550,1254,788,1946,1394,2111,1989,1656,4296,5071,2418,4196,34699,27493,6914,2052,30596,8,0,2,1
2021-04-08T23:59:59+02:00,0,0,837,992,1381,2456,1805,3472,2752,5270,5341,6356,6972,7045,8257,10058,2660,4696,287,285,498,812,550,1253,787,1946,1392,2110,1987,1656,4295,5068,2418,4196,32846,27480,6914,2051,30588,8,0,2,1
2021-04-07T23:59:59+02:00,0,0,785,969,1306,2384,1718,3404,2559,5163,4600,5873,6305,6404,8199,9997,2654,4690,287,285,498,812,550,1250,787,1946,1392,2110,1987,1656,4294,5068,2418,4196,32842,27479,6913,2050,27253,7,0,2,0
2021-04-06T23:59:59+02:00,0,0,752,962,1287,2349,1694,3363,2529,5117,4526,5797,5943,6047,8178,9973,2649,4684,287,284,498,811,550,1250,787,1946,1391,2110,1987,1655,4294,5068,2418,4196,32838,27477,6913,2048,26097,7,0,2,0
2021-04-05T23:59:59+02:00,0,0,748,931,1246,2225,1622,3198,2410,4847,4366,5525,5635,5741,8161,9947,2647,4680,287,284,498,810,550,1250,787,1946,1391,2110,1987,1655,4294,5068,2418,4196,32837,27476,6913,2048,24177,7,0,2,0
2021-04-04T23:59:59+02:00,0,0,727,906,1155,2009,1488,2932,2196,4413,4016,5026,5390,5517,8129,9893,2646,4672,287,284,497,809,548,1249,786,1945,1317,2073,1623,1381,4136,4887,2374,4131,32833,26273,6913,2048,21367,6,0,2,0
2021-04-03T23:59:59+02:00,0,0,727,906,1154,2008,1487,2932,2195,4413,4016,5026,5390,5516,8129,9893,2646,4672,287,284,497,809,548,1249,786,1945,1317,2073,1623,1381,4136,4887,2374,4131,32829,26273,6913,2048,21366,6,0,2,0
2021-04-02T23:59:59+02:00,0,0,727,905,1154,2008,1487,2932,2195,4413,4015,5025,5390,5515,8128,9892,2645,4670,287,284,497,809,548,1249,786,1945,1316,2073,1623,1381,4136,4887,2374,4131,32827,26272,6913,2048,21359,6,0,2,0
2021-04-01T23:59:59+02:00,0,0,722,903,1151,2002,1479,2924,2181,4395,3924,4940,4897,4915,7423,8998,2643,4665,287,282,496,806,548,1248,783,1943,1278,2045,1474,1286,4037,4786,2363,4118,29923,25732,6887,2042,21350,6,0,2,0
2021-03-31T23:59:59+02:00,0,0,722,902,1149,2001,1475,2919,2177,4394,3906,4929,4724,4698,6656,8064,2633,4643,286,281,496,806,544,1245,778,1936,1173,1968,1079,1021,3628,4323,2256,3944,29805,23780,4862,1979,21323,5,0,2,0
2021-03-30T23:59:59+02:00,0,0,722,902,1148,1998,1463,2910,2168,4385,3861,4902,4525,4517,6406,7767,2624,4627,286,280,496,804,544,1245,778,1935,1173,1968,1079,1021,3628,4323,2255,3944,29800,23776,4857,1979,20266,4,0,2,0
2021-03-29T23:59:59+02:00,0,0,720,900,1148,1998,1461,2910,2168,4385,3857,4900,4522,4515,6403,7758,2622,4609,286,279,496,804,544,1245,777,1934,1173,1968,1079,1020,3628,4323,2255,3944,29791,23772,4852,1979,20231,4,0,2,0
2021-03-28T23:59:59+02:00,0,0,720,900,1148,1995,1459,2908,2167,4382,3856,4900,4521,4515,6400,7754,2622,4608,285,279,494,804,544,1245,776,1934,1173,1968,1079,1019,3628,4323,2255,3944,29789,23768,4847,1978,20217,4,0,2,0
2021-03-27T23:59:59+01:00,0,0,716,895,1144,1987,1451,2898,2148,4366,3814,4874,4472,4458,6355,7695,2615,4595,281,274,480,794,533,1233,728,1898,1012,1876,818,829,3489,4171,2094,3632,29439,22802,4847,1336,20195,4,0,2,0
2021-03-26T23:59:59+01:00,0,0,716,895,1143,1986,1448,2897,2145,4366,3809,4871,4460,4436,6345,7668,2608,4581,280,274,480,792,531,1233,726,1898,1005,1868,681,734,2511,3016,1924,3419,29379,20032,4845,1336,20148,4,0,2,0
2021-03-25T23:59:59+01:00,0,0,715,894,1143,1986,1447,2894,2141,4360,3804,4867,4451,4425,6331,7636,2587,4527,280,274,480,792,530,1230,725,1897,1003,1867,660,727,1328,1567,1643,3056,29366,16719,4840,1336,20000,4,0,2,0
2021-03-24T23:59:59+01:00,0,0,692,883,1105,1956,1376,2834,1935,4212,3580,4741,4391,4365,6196,7468,2573,4495,280,274,480,792,527,1230,724,1897,1002,1867,660,727,1328,1566,1643,3054,27989,16712,4837,1335,19974,4,0,2,0
2021-03-23T23:59:59+01:00,0,0,692,881,1103,1955,1376,2834,1935,4212,3579,4738,4391,4365,6195,7468,2573,4494,280,274,480,792,527,1230,724,1897,1002,1867,660,727,1328,1566,1643,3054,27985,16712,4834,1335,19970,4,0,2,0
2021-03-22T23:59:59+01:00,0,0,692,879,1101,1951,1373,2834,1933,4212,3578,4738,4391,4364,6195,7467,2573,4494,280,274,480,792,527,1229,723,1897,1002,1866,660,726,1328,1566,1643,3054,27981,16709,4833,1335,19959,3,0,2,0
2021-03-21T23:59:59+01:00,0,0,692,879,1099,1948,1373,2832,1932,4211,3577,4737,4391,4364,6194,7467,2573,4494,280,274,480,792,527,1229,723,1897,1002,1866,660,725,1328,1566,1643,3054,27978,16708,4832,1335,19952,3,0,1,0
2021-03-20T23:59:59+01:00,0,0,690,877,1097,1946,1367,2829,1915,4204,3546,4718,4173,4089,5677,6860,2563,4461,275,272,475,786,510,1219,701,1880,964,1837,590,647,1096,1307,1293,2507,27897,15021,4734,1335,18380,3,0,1,0
2021-03-19T23:59:59+01:00,0,0,682,871,1082,1926,1333,2792,1835,4148,3326,4557,4025,3983,5501,6618,2514,4376,275,272,475,786,510,1219,701,1879,963,1837,590,647,1096,1306,1292,2506,27895,15016,3301,1335,18373,3,0,0,0
2021-03-18T23:59:59+01:00,0,0,682,870,1081,1925,1332,2790,1835,4145,3096,4414,3872,3854,5323,6416,2462,4274,275,271,474,786,510,1217,701,1878,962,1836,588,644,857,1049,1182,2339,27884,14233,2116,1334,18371,2,0,0,0
2021-03-17T23:59:59+01:00,0,0,682,870,1080,1925,1332,2789,1835,4145,3096,4414,3872,3852,5322,6416,2462,4274,275,270,474,786,510,1217,701,1878,961,1836,587,644,857,1049,1182,2339,27882,14231,2116,1333,18368,2,0,0,0
2021-03-16T23:59:59+01:00,0,0,681,870,1080,1921,1331,2789,1833,4145,3096,4412,3871,3851,5322,6416,2461,4273,273,266,460,781,501,1205,685,1864,945,1826,585,643,855,1048,1181,2338,27875,14121,2112,1333,18365,2,0,0,0
2021-03-15T23:59:59+01:00,0,0,681,869,1078,1920,1328,2789,1829,4144,3095,4412,3871,3850,5321,6416,2461,4273,273,266,460,781,501,1205,685,1864,944,1825,585,643,855,1048,1181,2338,27870,14119,2110,1333,18357,2,0,0,0
2021-03-14T23:59:59+01:00,0,0,680,867,1075,1917,1325,2786,1827,4142,3090,4411,3871,3850,5321,6416,2461,4273,273,266,460,781,501,1205,685,1864,944,1824,585,643,854,1048,1181,2338,27866,14117,2110,1333,18336,2,0,0,0
2021-03-13T23:59:59+01:00,0,0,678,862,1067,1911,1316,2779,1822,4134,2976,4333,3402,3447,5117,6183,2416,4210,273,266,460,781,501,1205,684,1864,942,1823,561,627,551,753,762,1764,26601,12482,2110,1333,17942,2,0,0,0
2021-03-12T23:59:59+01:00,0,0,648,775,1044,1798,1295,2588,1790,3868,2932,4165,2261,2004,4756,5637,2413,4201,273,266,460,781,501,1205,683,1864,941,1823,561,626,551,753,762,1763,26589,12479,2110,1333,13476,1,0,0,0
2021-03-11T23:59:59+01:00,0,0,638,730,1036,1696,1287,2429,1778,3654,2886,4026,1697,1475,4270,5095,2403,4192,271,266,460,781,501,1205,683,1863,941,1819,561,626,549,752,682,1618,26039,12477,2098,1101,11155,0,0,0,0
2021-03-10T23:59:59+01:00,0,0,633,718,1026,1674,1278,2408,1765,3628,2777,3943,1307,1207,3862,4626,2309,4035,271,266,459,779,500,1205,683,1863,939,1819,561,626,547,751,682,1618,24060,12471,2097,1098,11039,0,0,0,0
2021-03-09T23:59:59+01:00,0,0,632,713,1018,1657,1267,2393,1762,3617,2770,3938,1303,1206,3862,4625,2308,4035,271,266,459,779,500,1205,683,1863,939,1819,561,626,547,751,682,1618,24057,12471,2096,1098,10953,0,0,0,0
2021-03-08T23:59:59+01:00,0,0,628,684,1007,1632,1252,2360,1754,3584,2749,3923,1302,1204,3862,4625,2308,4035,271,266,459,779,500,1205,683,1863,939,1819,561,626,546,751,682,1618,24053,12470,2095,1098,10761,0,0,0,0
2021-03-07T23:59:59+01:00,0,0,628,681,1003,1628,1252,2357,1753,3581,2749,3921,1302,1204,3862,4625,2308,4035,271,266,459,779,499,1205,683,1863,939,1819,561,626,546,751,682,1618,24050,12469,2095,1098,10744,0,0,0,0
2021-03-06T23:59:59+01:00,0,0,592,634,884,1527,1011,2167,1333,3199,2328,3585,1021,985,3562,4248,2288,4018,271,266,459,779,497,1205,683,1863,939,1818,561,625,544,747,593,1444,23052,12466,2092,828,8238,0,0,0,0
2021-03-05T23:59:59+01:00,0,0,589,634,879,1524,1011,2166,1330,3196,2321,3580,877,888,2568,3056,2117,3786,269,266,454,767,493,1200,675,1846,925,1803,557,621,486,686,288,933,20212,12263,2081,6,8229,0,0,0,0
2021-03-04T23:59:59+01:00,0,0,571,591,842,1394,973,2012,1280,2992,2277,3481,862,879,1387,1621,1830,3422,269,266,453,767,493,1200,675,1846,925,1803,556,620,486,685,288,933,16918,12259,2080,6,7416,0,0,0,0
2021-03-03T23:59:59+01:00,0,0,565,558,819,1329,952,1950,1265,2948,2267,3437,862,878,1387,1621,1830,3422,269,266,453,767,493,1200,675,1845,925,1803,556,620,486,685,288,933,16917,12258,2080,6,7093,0,0,0,0
2021-03-02T23:59:59+01:00,0,0,564,556,816,1328,952,1950,1264,2947,2267,3437,862,878,1387,1621,1830,3422,269,266,452,767,493,1200,675,1845,925,1802,556,620,486,685,288,933,16916,12256,2080,6,7085,0,0,0,0
2021-03-01T23:59:59+01:00,0,0,564,554,815,1328,952,1949,1264,2947,2266,3436,862,877,1387,1620,1830,3422,269,266,452,767,493,1200,674,1844,925,1802,556,620,486,685,288,933,16913,12254,2079,6,7081,0,0,0,0
2021-02-28T23:59:59+01:00,0,0,563,552,815,1328,951,1949,1264,2947,2264,3435,862,875,1387,1620,1830,3422,269,266,452,767,493,1200,674,1843,925,1802,556,620,486,685,288,933,16910,12253,2079,6,7075,0,0,0,0
2021-02-27T23:59:59+01:00,0,0,558,550,804,1318,930,1938,1224,2919,2187,3385,741,759,1118,1330,1323,2549,268,266,452,767,492,1200,672,1842,924,1800,555,617,485,683,288,929,15189,12237,1371,3,7073,0,0,0,0
2021-02-26T23:59:59+01:00,0,0,548,529,775,1254,901,1825,1185,2761,1867,2964,700,731,1118,1330,1322,2548,268,266,452,767,492,1200,672,1842,924,1800,555,617,485,683,288,928,15184,12236,1371,3,5803,0,0,0,0
2021-02-25T23:59:59+01:00,0,0,514,487,713,1136,794,1632,1031,2460,1368,2416,649,686,870,1066,1213,2378,267,265,451,767,492,1199,671,1840,924,1799,555,617,485,683,288,928,14381,12231,1371,0,3661,0,0,0,0
2021-02-24T23:59:59+01:00,0,0,513,486,713,1135,793,1632,1031,2459,1368,2415,649,686,870,1066,1213,2378,267,265,451,767,492,1199,671,1840,924,1799,555,617,485,683,288,928,14381,12231,1370,0,3656,0,0,0,0
2021-02-23T23:59:59+01:00,0,0,511,482,698,1127,784,1621,1014,2445,1352,2405,647,685,868,1065,1212,2377,267,264,451,766,492,1199,671,1839,924,1798,555,617,485,683,288,928,14271,12227,1370,0,3652,0,0,0,0
2021-02-22T23:59:59+01:00,0,0,511,482,698,1127,782,1621,1014,2445,1351,2404,647,683,868,1065,1212,2377,267,264,451,766,492,1199,671,1839,924,1797,555,617,485,683,288,928,14269,12226,1370,0,3648,0,0,0,0
2021-02-21T23:59:59+01:00,0,0,511,482,698,1127,781,1621,1013,2445,1351,2403,646,683,867,1065,1212,2377,267,264,451,766,492,1199,671,1839,924,1797,555,617,485,683,288,928,14267,12226,1370,0,3645,0,0,0,0
2021-02-20T23:59:59+01:00,0,0,495,480,686,1121,761,1616,1000,2443,1324,2383,619,664,558,764,785,1793,266,263,446,764,487,1193,666,1828,918,1794,552,614,480,683,284,923,12603,12161,1369,0,3520,0,0,0,0
2021-02-19T23:59:59+01:00,0,0,397,394,582,995,643,1462,859,2272,1085,2146,572,640,558,764,785,1793,263,263,442,762,485,1184,663,1812,911,1774,548,608,475,676,281,915,12602,12062,1369,0,1976,0,0,0,0
2021-02-18T23:59:59+01:00,0,0,274,269,468,792,504,1215,698,1876,949,1835,569,634,557,764,785,1793,262,261,440,759,483,1180,662,1798,907,1763,542,603,468,669,276,904,12600,11977,1369,0,13,0,0,0,0
2021-02-17T23:59:59+01:00,0,0,274,269,467,792,504,1215,697,1876,948,1835,568,634,557,763,785,1793,261,261,439,756,481,1178,659,1790,904,1756,537,598,459,647,265,885,12598,11876,1369,0,10,0,0,0,0
2021-02-16T23:59:59+01:00,0,0,274,269,465,791,503,1215,697,1876,948,1835,568,634,557,763,785,1793,250,257,433,740,469,1146,652,1714,879,1677,518,569,427,604,248,820,12598,11403,1369,0,6,0,0,0,0
2021-02-15T23:59:59+01:00,0,0,274,269,464,791,503,1214,695,1876,948,1835,568,634,557,763,785,1793,246,253,430,732,463,1121,636,1663,854,1623,497,535,409,560,236,757,12597,11015,1369,0,3,0,0,0,0
2021-02-14T23:59:59+01:00,0,0,274,269,464,791,502,1214,695,1876,948,1835,568,634,557,763,785,1793,246,253,430,732,463,1121,636,1657,852,1614,487,530,405,557,228,749,12596,10960,1369,0,3,0,0,0,0
2021-02-13T23:59:59+01:00,0,0,272,269,464,791,502,1214,694,1875,948,1835,568,634,557,763,785,1793,244,251,430,728,456,1109,627,1636,832,1581,468,505,391,532,215,713,12594,10718,1369,0,1,0,0,0,0
2021-02-12T23:59:59+01:00,0,0,272,269,464,790,502,1214,694,1874,944,1832,568,632,508,717,771,1789,227,243,410,694,435,1021,592,1474,745,1341,385,386,316,420,159,536,12470,9384,1369,0,1,0,0,0,0
2021-02-11T23:59:59+01:00,0,0,270,269,463,790,502,1214,694,1872,944,1829,567,631,505,714,688,1641,205,230,398,663,415,974,558,1380,699,1231,351,338,277,357,132,450,12458,8658,1134,0,1,0,0,0,0
2021-02-10T23:59:59+01:00,0,0,270,269,463,789,502,1214,693,1872,943,1829,566,631,505,713,687,1639,202,226,397,657,411,960,555,1360,687,1196,335,315,255,317,115,388,12451,8376,1134,0,0,0,0,0,0
2021-02-09T23:59:59+01:00,0,0,270,269,463,789,502,1214,692,1872,943,1827,566,631,505,713,687,1639,193,213,386,621,392,893,512,1267,634,1066,261,224,180,206,74,240,12448,7362,1134,0,0,0,0,0,0
2021-02-08T23:59:59+01:00,0,0,270,269,461,789,502,1214,692,1872,943,1827,566,631,505,713,687,1639,190,207,382,607,383,868,489,1217,607,996,230,183,145,156,60,185,12447,6905,1133,0,0,0,0,0,0
2021-02-07T23:59:59+01:00,0,0,270,269,461,789,502,1214,692,1872,943,1826,566,631,505,713,687,1638,189,207,380,603,381,863,484,1207,603,982,224,176,135,138,54,169,12445,6795,1133,0,0,0,0,0,0
2021-02-06T23:59:59+01:00,0,0,270,269,461,789,502,1214,692,1872,943,1826,566,631,503,708,597,1465,189,207,380,603,381,863,484,1207,603,982,224,176,135,138,54,169,12445,6795,863,0,0,0,0,0,0
2021-02-05T23:59:59+01:00,0,0,270,269,459,788,500,1212,689,1871,940,1823,562,627,496,693,291,946,183,198,363,572,368,823,464,1166,585,951,203,159,111,125,49,166,12430,6486,6,0,0,0,0,0,0
2021-02-04T23:59:59+01:00,0,0,270,268,458,782,497,1211,688,1866,935,1822,561,627,495,692,291,946,168,162,294,436,302,667,384,942,511,812,192,154,103,119,42,154,12403,5442,6,0,0,0,0,0,0
2021-02-03T23:59:59+01:00,0,0,269,268,458,780,497,1210,687,1865,935,1822,561,627,495,692,291,946,163,155,249,354,253,580,324,842,460,725,185,149,99,117,41,153,12397,4849,6,0,0,0,0,0,0
2021-02-02T23:59:59+01:00,0,0,269,267,458,777,497,1210,687,1862,935,1820,561,627,495,692,291,946,156,140,190,290,195,492,247,728,378,641,175,145,97,116,41,152,12388,4183,6,0,0,0,0,0,0
2021-02-01T23:59:59+01:00,0,0,269,267,456,776,496,1209,686,1858,932,1815,561,627,494,692,291,946,149,134,152,254,167,433,202,650,321,567,169,134,89,106,36,145,12369,3708,6,0,0,0,0,0,0
2021-01-31T23:59:59+01:00,0,0,269,267,456,776,496,1209,686,1858,932,1815,561,627,494,692,291,946,149,134,152,253,167,432,201,650,321,567,169,134,89,106,36,145,12369,3705,6,0,0,0,0,0,0
2021-01-30T23:59:59+01:00,0,0,269,267,456,776,496,1209,686,1858,928,1815,560,627,492,692,288,946,136,122,135,235,156,404,190,609,303,520,147,123,77,79,29,110,12359,3375,6,0,0,0,0,0,0
2021-01-29T23:59:59+01:00,0,0,266,266,452,773,494,1200,683,1841,921,1795,556,621,487,686,285,938,88,68,93,154,115,246,147,441,213,377,109,82,58,68,24,99,12259,2382,5,0,0,0,0,0,0
2021-01-28T23:59:59+01:00,0,0,266,266,451,773,493,1200,683,1840,921,1793,556,621,487,686,285,938,10,7,13,23,24,46,23,94,50,105,34,32,31,49,18,91,12256,650,3,0,0,0,0,0,0
2021-01-27T23:59:59+01:00,0,0,265,266,451,773,493,1200,683,1839,919,1793,556,621,487,686,285,938,10,7,13,23,23,46,23,92,49,105,34,32,31,49,18,91,12254,646,1,0,0,0,0,0,0
2021-01-26T23:59:59+01:00,0,0,265,266,450,772,493,1199,683,1839,919,1792,556,621,487,686,285,938,10,7,13,23,23,46,23,92,49,105,34,32,31,49,18,91,12250,646,1,0,0,0,0,0,0
2021-01-25T23:59:59+01:00,0,0,265,265,448,772,493,1198,683,1837,919,1792,556,621,486,684,285,938,6,1,5,13,11,21,14,39,23,46,17,16,10,15,6,19,12242,262,0,0,0,0,0,0,0
2021-01-24T23:59:59+01:00,0,0,265,264,448,772,492,1198,683,1836,919,1791,556,621,486,684,285,938,6,1,5,13,11,21,14,39,23,46,17,16,10,15,6,19,12238,262,0,0,0,0,0,0,0
2021-01-23T23:59:59+01:00,0,0,265,264,448,772,492,1197,683,1836,919,1791,556,621,486,684,285,938,6,1,5,13,11,21,14,39,23,46,17,16,10,15,6,19,12237,262,0,0,0,0,0,0,0
2021-01-22T23:59:59+01:00,0,0,263,262,448,772,491,1196,683,1835,919,1791,556,621,486,684,267,894,6,1,5,13,11,21,14,39,23,46,17,16,10,15,6,19,12168,262,0,0,0,0,0,0,0
2021-01-21T23:59:59+01:00,0,0,260,258,446,763,488,1188,680,1813,910,1774,548,613,467,659,256,858,6,1,5,13,11,21,14,39,23,46,17,16,10,15,6,19,11981,262,0,0,0,0,0,0,0
2021-01-20T23:59:59+01:00,0,0,259,256,442,758,486,1186,677,1805,907,1769,542,608,460,640,248,841,6,1,5,13,11,21,14,39,23,46,17,16,10,15,6,19,11884,262,0,0,0,0,0,0,0
2021-01-19T23:59:59+01:00,0,0,254,256,440,750,480,1171,674,1774,896,1727,530,591,449,624,236,806,6,1,5,13,11,21,14,39,23,46,17,16,10,15,6,19,11658,262,0,0,0,0,0,0,0
2021-01-18T23:59:59+01:00,0,0,250,252,437,739,475,1150,656,1737,870,1679,511,558,434,586,224,749,6,1,5,12,11,21,14,39,23,46,17,16,10,15,6,19,11307,261,0,0,0,0,0,0,0
2021-01-17T23:59:59+01:00,0,0,250,251,436,739,475,1149,653,1730,864,1667,495,547,419,564,209,724,6,1,4,12,11,21,14,39,23,46,17,15,10,15,6,19,11172,259,0,0,0,0,0,0,0
2021-01-16T23:59:59+01:00,0,0,242,243,432,719,462,1114,628,1642,817,1518,453,465,390,511,188,669,0,0,0,0,0,0,0,0,0,0,0,0,0,0,0,0,10493,0,0,0,0,0,0,0,0
2021-01-15T23:59:59+01:00,0,0,233,236,424,699,448,1063,608,1542,778,1404,404,408,339,443,170,563,0,0,0,0,0,0,0,0,0,0,0,0,0,0,0,0,9762,0,0,0,0,0,0,0,0
2021-01-14T23:59:59+01:00,0,0,210,223,405,657,426,1001,565,1425,711,1251,349,334,290,350,129,446,0,0,0,0,0,0,0,0,0,0,0,0,0,0,0,0,8772,0,0,0,0,0,0,0,0
2021-01-13T23:59:59+01:00,0,0,208,221,404,650,421,982,560,1403,697,1216,331,310,265,310,112,385,0,0,0,0,0,0,0,0,0,0,0,0,0,0,0,0,8475,0,0,0,0,0,0,0,0
2021-01-12T23:59:59+01:00,0,0,191,210,389,609,390,887,498,1249,618,1027,236,194,160,161,62,193,0,0,0,0,0,0,0,0,0,0,0,0,0,0,0,0,7074,0,0,0,0,0,0,0,0
2021-01-11T23:59:59+01:00,0,0,187,204,385,597,377,860,478,1202,598,973,216,165,128,117,45,145,0,0,0,0,0,0,0,0,0,0,0,0,0,0,0,0,6677,0,0,0,0,0,0,0,0
2021-01-10T23:59:59+01:00,0,0,186,200,373,583,373,847,469,1182,586,954,212,165,125,117,43,143,0,0,0,0,0,0,0,0,0,0,0,0,0,0,0,0,6558,0,0,0,0,0,0,0,0
2021-01-09T23:59:59+01:00,0,0,166,168,327,503,332,729,408,1001,498,805,148,108,73,73,29,105,0,0,0,0,0,0,0,0,0,0,0,0,0,0,0,0,5473,0,0,0,0,0,0,0,0
2021-01-08T23:59:59+01:00,0,0,98,78,231,352,245,435,294,669,340,511,80,67,49,58,22,93,0,0,0,0,0,0,0,0,0,0,0,0,0,0,0,0,3622,0,0,0,0,0,0,0,0
2021-01-07T23:59:59+01:00,0,0,12,11,54,97,72,124,94,194,122,180,41,35,33,50,19,93,0,0,0,0,0,0,0,0,0,0,0,0,0,0,0,0,1231,0,0,0,0,0,0,0,0
2021-01-06T23:59:59+01:00,0,0,8,4,9,23,17,46,23,91,53,109,35,32,32,50,19,93,0,0,0,0,0,0,0,0,0,0,0,0,0,0,0,0,644,0,0,0,0,0,0,0,0
2021-01-05T23:59:59+01:00,0,0,8,4,9,23,17,46,22,91,51,109,35,32,32,50,19,93,0,0,0,0,0,0,0,0,0,0,0,0,0,0,0,0,641,0,0,0,0,0,0,0,0
2021-01-04T23:59:59+01:00,0,0,6,1,5,13,11,23,14,41,23,48,18,16,11,15,6,20,0,0,0,0,0,0,0,0,0,0,0,0,0,0,0,0,271,0,0,0,0,0,0,0,0
2021-01-03T23:59:59+01:00,0,0,6,1,5,13,11,23,14,41,23,48,18,16,11,15,6,20,0,0,0,0,0,0,0,0,0,0,0,0,0,0,0,0,271,0,0,0,0,0,0,0,0
2021-01-02T23:59:59+01:00,0,0,6,1,5,13,11,23,14,41,23,48,18,16,11,15,6,20,0,0,0,0,0,0,0,0,0,0,0,0,0,0,0,0,271,0,0,0,0,0,0,0,0
2021-01-01T23:59:59+01:00,0,0,6,1,5,13,11,23,14,41,23,48,18,16,11,15,6,20,0,0,0,0,0,0,0,0,0,0,0,0,0,0,0,0,271,0,0,0,0,0,0,0,0
2020-12-31T23:59:59+01:00,0,0,6,1,5,13,11,23,14,41,23,48,18,16,11,15,6,20,0,0,0,0,0,0,0,0,0,0,0,0,0,0,0,0,271,0,0,0,0,0,0,0,0
2020-12-30T23:59:59+01:00,0,0,6,1,5,13,11,23,14,41,23,48,18,16,11,15,6,20,0,0,0,0,0,0,0,0,0,0,0,0,0,0,0,0,271,0,0,0,0,0,0,0,0
2020-12-29T23:59:59+01:00,0,0,6,1,5,13,11,23,14,41,23,48,18,16,11,15,6,20,0,0,0,0,0,0,0,0,0,0,0,0,0,0,0,0,271,0,0,0,0,0,0,0,0
2020-12-28T23:59:59+01:00,0,0,6,1,5,13,11,23,14,41,23,48,18,16,11,15,6,20,0,0,0,0,0,0,0,0,0,0,0,0,0,0,0,0,271,0,0,0,0,0,0,0,0
2020-12-27T23:59:59+01:00,0,0,6,1,4,12,11,23,14,41,23,48,18,15,11,15,6,20,0,0,0,0,0,0,0,0,0,0,0,0,0,0,0,0,268,0,0,0,0,0,0,0,0
