Datum,<15_m,<15_w,15-24_1_m,15-24_1_w,25-34_1_m,25-34_1_w,35-44_1_m,35-44_1_w,45-54_1_m,45-54_1_w,55-64_1_m,55-64_1_w,65-74_1_m,65-74_1_w,75-84_1_m,75-84_1_w,>84_1_m,>84_1_w,<24_2_m,<24_2_w,25-34_2_m,25-34_2_w,35-44_2_m,35-44_2_w,45-54_2_m,45-54_2_w,55-64_2_m,55-64_2_w,65-74_2_m,65-74_2_w,75-84_2_m,75-84_2_w,>84_2_m,>84_2_w,bp_1,bp_2,mo_1,mo_2,az_1,az_2,ja,unb_1,unb_2
2021-08-05T23:59:59+02:00,1177,1070,11926,11149,15079,13642,17083,16836,20408,20463,22025,21045,14276,15422,9827,12035,2914,5119,10573,9865,14072,12573,16327,15967,19911,19851,21608,20576,14044,15170,9693,11853,2868,5043,165913,158140,22395,21296,35534,34594,7651,3,3
2021-08-04T23:59:59+02:00,1164,1061,11898,11120,15067,13627,17069,16823,20398,20452,22015,21034,14269,15418,9824,12033,2913,5118,10567,9848,14061,12566,16314,15960,19904,19844,21603,20574,14042,15169,9692,11853,2867,5042,165722,158081,22394,21267,35533,34594,7651,3,3
2021-08-03T23:59:59+02:00,1158,1055,11855,11086,15032,13602,17044,16793,20377,20433,21995,21012,14256,15400,9820,12030,2912,5117,10531,9827,14030,12550,16294,15940,19887,19832,21586,20561,14034,15151,9688,11851,2867,5042,165592,158040,22394,21265,35533,34592,7455,3,3
2021-08-02T23:59:59+02:00,1155,1053,11838,11068,15012,13583,17029,16773,20362,20423,21988,21002,14245,15389,9814,12028,2912,5115,10511,9813,14011,12530,16280,15922,19871,19825,21580,20550,14024,15139,9682,11849,2867,5040,165545,158003,22394,21265,35533,34592,7314,3,3
2021-08-01T23:59:59+02:00,1155,1053,11836,11064,15012,13583,17028,16772,20362,20422,21986,21002,14245,15388,9814,12028,2912,5114,10509,9812,14007,12529,16278,15922,19871,19824,21580,20550,14024,15139,9682,11849,2867,5040,165534,157994,22393,21264,35533,34592,7313,3,3
2021-07-31T23:59:59+02:00,1155,1053,11836,11064,15012,13583,17028,16772,20362,20422,21986,21002,14245,15388,9814,12028,2912,5114,10509,9811,14004,12527,16277,15922,19871,19822,21579,20550,14024,15139,9682,11849,2867,5040,165534,157985,22393,21263,35533,34592,7313,3,3
2021-07-30T23:59:59+02:00,1154,1053,11802,11052,14978,13560,16993,16744,20335,20403,21949,20983,14228,15380,9808,12020,2911,5113,10476,9799,13970,12504,16243,15895,19844,19803,21542,20530,14007,15131,9676,11841,2866,5039,165529,157982,22393,21263,35533,34591,7008,3,3
2021-07-29T23:59:59+02:00,1146,1045,11771,11023,14955,13536,16983,16731,20327,20392,21940,20977,14225,15379,9805,12018,2908,5112,10471,9790,13952,12500,16232,15890,19842,19801,21538,20529,14005,15129,9676,11841,2866,5039,165341,157921,22393,21261,35533,34591,7003,3,3
2021-07-28T23:59:59+02:00,1131,1039,11736,10977,14929,13507,16966,16713,20319,20379,21931,20970,14221,15377,9803,12016,2907,5111,10460,9781,13935,12485,16224,15881,19836,19797,21535,20527,14004,15127,9676,11840,2866,5039,165123,157856,22392,21260,35533,34589,6981,3,3
2021-07-27T23:59:59+02:00,1128,1038,11716,10961,14905,13488,16947,16704,20306,20362,21914,20951,14213,15364,9796,12012,2906,5109,10439,9769,13908,12461,16207,15873,19822,19780,21519,20507,13995,15115,9669,11836,2865,5038,165098,157832,22392,21260,35533,34589,6794,3,3
2021-07-26T23:59:59+02:00,1122,1026,11660,10903,14861,13451,16922,16682,20272,20331,21885,20935,14196,15356,9789,12004,2906,5108,10402,9743,13877,12433,16182,15857,19786,19746,21470,20478,13978,15105,9661,11828,2865,5037,164928,157776,22391,21259,35533,34529,6554,3,3
2021-07-25T23:59:59+02:00,1121,1026,11658,10900,14856,13450,16921,16681,20271,20331,21885,20935,14196,15356,9789,12004,2906,5108,10401,9731,13874,12430,16180,15856,19785,19746,21470,20478,13978,15105,9661,11828,2865,5036,164915,157755,22389,21256,35533,34529,6554,3,3
2021-07-24T23:59:59+02:00,1121,1026,11654,10898,14855,13449,16921,16680,20269,20330,21885,20934,14195,15356,9789,12004,2906,5108,10279,9618,13706,12288,15759,15491,19636,19624,21452,20452,13964,15090,9654,11820,2865,5035,164909,157733,22383,19589,35533,34529,6552,3,3
2021-07-23T23:59:59+02:00,1097,1013,11541,10828,14776,13394,16868,16626,20228,20278,21847,20896,14179,15336,9779,11996,2904,5107,8524,8237,12325,11184,15272,15061,19348,19302,21239,20259,13886,15006,9597,11771,2860,5031,164501,150094,22383,19589,35533,34472,6273,3,3
2021-07-22T23:59:59+02:00,1075,1006,11473,10757,14720,13346,16832,16600,20210,20249,21833,20872,14164,15323,9768,11989,2902,5105,7998,7757,11713,10684,14564,14461,19154,19135,21083,20084,13817,14922,9572,11725,2851,5020,164148,145707,22382,19589,35533,34460,6158,3,3
2021-07-21T23:59:59+02:00,1063,997,11428,10708,14685,13315,16803,16572,20194,20232,21817,20861,14152,15318,9766,11981,2900,5103,7995,7750,11701,10676,14559,14459,19146,19134,21029,20047,13814,14920,9572,11724,2850,5018,163823,145674,22382,19582,35533,34358,6154,3,3
2021-07-20T23:59:59+02:00,1050,982,11376,10667,14655,13287,16770,16554,20171,20211,21793,20843,14142,15306,9764,11975,2899,5102,7984,7744,11687,10670,14552,14452,19137,19130,21022,20043,13813,14918,9572,11724,2850,5018,163515,145644,22382,19582,35533,34350,6114,3,3
2021-07-19T23:59:59+02:00,1037,966,11327,10618,14628,13253,16750,16535,20152,20192,21780,20835,14136,15302,9760,11966,2897,5098,7979,7741,11681,10666,14548,14451,19135,19130,21008,20027,13811,14917,9571,11722,2850,5018,163202,145618,22382,19580,35533,34319,6112,3,3
2021-07-18T23:59:59+02:00,1037,966,11325,10618,14628,13251,16749,16535,20152,20191,21780,20835,14135,15302,9760,11966,2897,5098,7976,7739,11672,10661,14544,14448,19134,19130,20997,20022,13811,14917,9571,11722,2850,5018,163196,145594,22381,19579,35533,34301,6112,3,3
2021-07-17T23:59:59+02:00,1035,966,11280,10590,14571,13207,16713,16505,20117,20177,21754,20811,14124,15289,9757,11963,2897,5097,7901,7680,11529,10533,14351,14281,18711,18811,20799,19847,13783,14876,9556,11699,2846,5012,163170,145589,22372,17924,35533,34301,5775,3,3
2021-07-16T23:59:59+02:00,1015,950,11089,10450,14473,13108,16615,16430,20043,20112,21702,20763,14097,15264,9740,11956,2893,5092,7626,7478,10603,9901,13887,13972,18485,18619,19940,19191,13617,14664,9447,11567,2830,4988,162855,142161,21843,17914,35533,32520,5558,3,3
2021-07-15T23:59:59+02:00,991,934,11032,10388,14437,13076,16591,16409,20029,20095,21692,20754,14093,15260,9736,11952,2893,5088,7195,7110,8400,8186,13428,13582,18423,18562,19800,19056,13484,14522,9395,11505,2829,4978,162521,135835,21842,17911,35533,32484,5551,3,3
2021-07-14T23:59:59+02:00,965,916,10956,10301,14368,13016,16553,16365,19994,20060,21667,20733,14081,15248,9724,11938,2889,5086,6646,6661,7318,7331,12856,13133,18325,18468,19693,18968,13454,14485,9378,11489,2827,4975,162032,131473,21842,17907,35533,32420,5450,3,3
2021-07-13T23:59:59+02:00,947,895,10875,10228,14323,12973,16526,16336,19971,20039,21656,20720,14074,15238,9721,11931,2887,5084,6394,6373,6869,6950,12550,12865,18310,18448,19648,18932,13341,14376,9375,11485,2827,4972,161603,131442,21839,15654,35533,32416,5446,3,3
2021-07-12T23:59:59+02:00,927,883,10822,10179,14278,12928,16484,16307,19955,20026,21650,20714,14071,15233,9717,11927,2887,5082,6252,6277,6707,6830,12258,12624,17621,17884,19551,18853,13307,14351,9358,11463,2827,4969,161307,128909,21839,15650,35533,32413,5388,3,3
2021-07-11T23:59:59+02:00,927,883,10821,10177,14276,12927,16483,16307,19955,20026,21650,20714,14071,15233,9717,11927,2887,5082,6246,6273,6705,6827,12257,12624,17621,17884,19550,18853,13307,14351,9358,11462,2826,4967,161305,128899,21839,15650,35533,32407,5383,3,3
2021-07-10T23:59:59+02:00,924,878,10814,10165,14269,12922,16475,16307,19953,20020,21645,20709,14071,15232,9717,11927,2887,5082,6237,6265,6696,6822,12254,12620,17620,17880,19545,18850,13306,14351,9358,11462,2826,4967,161242,128849,21839,15650,35533,32407,5380,3,3
2021-07-09T23:59:59+02:00,910,862,10764,10121,14236,12894,16441,16278,19919,19997,21617,20687,14052,15217,9702,11919,2886,5079,5428,5529,6565,6722,12096,12516,17390,17775,19340,18716,13243,14278,9332,11443,2823,4964,161058,125942,21839,15650,35533,31458,5148,3,3
2021-07-08T23:59:59+02:00,908,862,10703,10076,14150,12840,16378,16227,19867,19951,21588,20663,14038,15200,9696,11906,2885,5073,5295,5415,6347,6547,11659,12172,16880,17405,19080,18531,13179,14194,9306,11407,2817,4952,161041,124014,21838,15647,35532,30952,4597,3,3
2021-07-07T23:59:59+02:00,907,862,10701,10070,14146,12837,16377,16227,19867,19948,21588,20663,14038,15200,9696,11906,2885,5073,5151,5231,5879,6135,10460,11187,16827,17339,19026,18486,13162,14172,9297,11404,2813,4942,161031,120345,21834,15646,35532,30949,4591,3,3
2021-07-06T23:59:59+02:00,907,862,10699,10069,14143,12835,16375,16227,19867,19948,21588,20662,14038,15199,9696,11906,2885,5073,5132,5225,5872,6130,10459,11185,16825,17339,19024,18486,13162,14170,9297,11404,2813,4942,161026,120323,21832,15643,35532,30933,4586,3,3
2021-07-05T23:59:59+02:00,907,862,10693,10065,14126,12832,16365,16225,19866,19948,21586,20662,14038,15199,9696,11906,2885,5073,5123,5224,5853,6127,10448,11183,16822,17339,19022,18485,13162,14170,9297,11404,2813,4942,161019,120319,21832,15641,35532,30926,4548,3,3
2021-07-04T23:59:59+02:00,907,862,10683,10055,14124,12828,16364,16225,19865,19948,21585,20661,14038,15199,9696,11905,2884,5072,5090,5181,5767,6050,10321,11069,16815,17336,19021,18482,13158,14168,9295,11399,2810,4940,161012,119842,21832,15640,35532,30918,4522,3,3
2021-07-03T23:59:59+02:00,826,793,8749,8500,12674,11677,15895,15771,19584,19649,21417,20496,13964,15123,9642,11859,2878,5068,4981,5049,5493,5795,10084,10854,16671,17196,18830,18330,13133,14134,9285,11389,2808,4938,152690,118286,21832,15640,35532,30548,4508,3,3
2021-07-02T23:59:59+02:00,826,791,8748,8495,12670,11673,15893,15770,19582,19649,21416,20496,13963,15123,9641,11858,2877,5067,4120,4181,4849,5146,9115,9860,16301,16719,18348,17792,12783,13813,9226,11314,2806,4930,152674,113754,21832,15640,35530,27420,4499,3,3
2021-07-01T23:59:59+02:00,806,771,8539,8326,12589,11594,15860,15741,19571,19635,21406,20478,13959,15120,9636,11850,2874,5061,2283,2460,4418,4772,8625,9434,15672,16176,17796,17355,12726,13747,9196,11258,2792,4900,151980,106121,21832,15638,35530,27380,4471,3,2
2021-06-30T23:59:59+02:00,751,721,8296,8139,12419,11447,15745,15645,19504,19567,21366,20431,13940,15094,9623,11837,2873,5056,2224,2421,4328,4653,8520,9334,15474,16038,17064,16855,12074,13103,9137,11189,2785,4894,150636,106060,21829,15637,35529,23938,4457,3,2
2021-06-29T23:59:59+02:00,751,721,8292,8130,12417,11443,15742,15645,19502,19567,21366,20431,13940,15094,9623,11837,2873,5056,2202,2409,4305,4614,8497,9289,15438,15979,16988,16770,11719,12765,9109,11155,2782,4886,150627,106046,21826,15635,35528,22779,4446,3,2
2021-06-28T23:59:59+02:00,751,721,8289,8126,12409,11438,15740,15645,19501,19567,21366,20431,13939,15094,9623,11837,2873,5056,2194,2380,4257,4496,8422,9129,15317,15701,16820,16498,11412,12463,9086,11128,2781,4882,150610,106036,21826,15635,35528,20855,4439,3,2
2021-06-27T23:59:59+02:00,751,721,8286,8120,12405,11435,15738,15645,19500,19567,21366,20431,13939,15094,9623,11836,2873,5056,2184,2376,4248,4494,8239,8976,15297,15685,16818,16493,11408,12462,9085,11126,2781,4882,150601,105638,21824,15634,35528,20851,4430,3,2
2021-06-26T23:59:59+02:00,743,717,8072,7905,11932,11028,14632,14657,19249,19370,21263,20309,13896,15043,9610,11807,2870,5053,2144,2333,4194,4439,8141,8866,15035,15427,16756,16446,11391,12443,9073,11121,2781,4880,148132,104576,20064,15612,35527,20851,4430,3,2
2021-06-25T23:59:59+02:00,724,699,8045,7882,11917,11018,14632,14651,19242,19365,21259,20308,13896,15043,9609,11805,2870,5053,2014,2154,3906,4134,6616,7433,12380,13238,16681,16358,11364,12413,9062,11097,2776,4865,147994,95711,20064,15530,35527,20818,4430,3,2
2021-06-24T23:59:59+02:00,712,682,7559,7470,10842,10125,14099,14216,19171,19306,21211,20265,13874,15015,9596,11792,2869,5050,1945,2086,3546,3795,5853,6765,12138,13030,16435,16151,11260,12286,8972,10970,2765,4831,143846,94479,20060,13158,35526,20770,4419,3,2
2021-06-23T23:59:59+02:00,712,682,7557,7465,10836,10124,14098,14215,19171,19305,21211,20264,13874,15015,9596,11792,2869,5050,1801,1917,3060,3392,4498,5590,11834,12761,16314,16033,11214,12247,8959,10943,2764,4824,143832,89831,20058,13158,35525,20742,4418,3,2
2021-06-22T23:59:59+02:00,712,682,7508,7436,10763,10074,14075,14189,19155,19290,21200,20256,13867,15005,9593,11789,2869,5050,1751,1886,2978,3338,4460,5557,11806,12722,16246,15982,11005,12056,8707,10642,2754,4793,143817,89812,20058,13154,35524,19604,4111,3,2
2021-06-21T23:59:59+02:00,710,682,7377,7367,10634,9978,13795,13941,18409,18674,21110,20179,13832,14973,9574,11764,2869,5047,1706,1861,2935,3300,4431,5527,11760,12687,16229,15966,10996,12046,8700,10634,2753,4792,141442,89687,20056,13153,35524,19591,3890,3,2
2021-06-20T23:59:59+02:00,710,682,7377,7363,10630,9975,13795,13941,18409,18674,21110,20179,13832,14973,9574,11764,2869,5047,1678,1832,2889,3284,4366,5488,11698,12654,16167,15907,10977,12030,8697,10625,2749,4788,141432,89208,20055,13149,35524,19580,3890,3,2
2021-06-19T23:59:59+02:00,710,681,7340,7326,10524,9884,13613,13783,17995,18338,20925,20006,13814,14946,9562,11744,2866,5041,1647,1797,2848,3235,4286,5414,11362,12364,16129,15869,10968,12018,8695,10620,2747,4786,141387,88194,18294,13120,35524,19579,3890,3,2
2021-06-18T23:59:59+02:00,15,12,6534,6593,10518,9883,13612,13781,17993,18336,20925,20006,13814,14945,9562,11743,2865,5039,1515,1685,2612,3079,3655,4782,10220,11221,15918,15713,10926,11978,8672,10598,2733,4758,138474,83538,18293,13118,35524,19525,3882,3,2
2021-06-17T23:59:59+02:00,13,11,6463,6524,10402,9779,13287,13476,17606,18016,20812,19909,13795,14907,9550,11729,2857,5033,1434,1567,2459,2930,3302,4445,8620,9858,15404,15280,10751,11798,8616,10520,2716,4730,136582,78072,18293,13114,35523,19474,3768,3,2
2021-06-16T23:59:59+02:00,13,11,6456,6518,10391,9776,13285,13474,17605,18015,20811,19909,13795,14907,9549,11728,2857,5033,1384,1519,2357,2856,3118,4266,7535,8917,14906,14892,10668,11687,8580,10472,2705,4714,136552,74248,18291,13112,35523,19450,3764,3,2
2021-06-15T23:59:59+02:00,13,11,6424,6500,10351,9748,13255,13459,17585,17993,20797,19896,13786,14899,9546,11722,2854,5030,1304,1460,2230,2754,3002,4181,6619,8185,14704,14725,10644,11658,8568,10450,2696,4707,136539,74237,18290,10704,35523,19430,3514,3,2
2021-06-14T23:59:59+02:00,13,11,6405,6483,10317,9722,13235,13439,17570,17975,20778,19885,13776,14890,9543,11720,2854,5026,1278,1445,2193,2727,2980,4160,6603,8165,14683,14715,10633,11649,8565,10449,2696,4703,136524,74227,18290,10704,35523,19409,3302,3,2
2021-06-13T23:59:59+02:00,13,11,6404,6483,10313,9720,13234,13437,17570,17975,20778,19885,13775,14890,9543,11720,2854,5026,1274,1439,2190,2718,2970,4150,6586,8148,14582,14650,10620,11626,8559,10437,2693,4703,136515,73935,18290,10704,35523,19404,3300,3,2
2021-06-12T23:59:59+02:00,10,9,5614,5711,10266,9684,13200,13413,17543,17954,20752,19854,13693,14818,9543,11717,2853,5026,1265,1420,2179,2701,2949,4123,6512,8066,14409,14513,10392,11342,8078,9899,2691,4702,134544,73432,18290,10704,35523,17804,3300,3,1
2021-06-11T23:59:59+02:00,9,9,5610,5704,10256,9677,13186,13401,17536,17950,20748,19852,13693,14817,9543,11715,2853,5026,1190,1336,2059,2541,2777,3868,5013,6733,12699,13133,10252,11194,7991,9793,2684,4686,134471,66152,18290,10703,35523,17795,3298,3,1
2021-06-10T23:59:59+02:00,3,3,4609,4749,10089,9549,13075,13319,17280,17714,20508,19671,13684,14806,9537,11705,2850,5023,1133,1275,1945,2435,2617,3691,4407,6096,11534,12145,9952,10870,7907,9708,2672,4661,131139,61333,18289,10703,35523,17790,3221,2,1
2021-06-09T23:59:59+02:00,3,3,4016,4140,9883,9401,12988,13246,16971,17449,20280,19489,13669,14793,9532,11699,2849,5018,1059,1231,1844,2366,2525,3578,4081,5789,11109,11820,9824,10711,7861,9642,2661,4652,128770,61259,18274,8849,35523,17784,2860,2,1
2021-06-08T23:59:59+02:00,3,3,4004,4133,9871,9392,12976,13239,16964,17440,20272,19487,13667,14790,9531,11696,2848,5016,1013,1223,1822,2351,2498,3564,4056,5769,11098,11817,9821,10706,7860,9640,2660,4649,128756,61142,18271,8844,35522,17779,2781,2,1
2021-06-07T23:59:59+02:00,3,3,3990,4125,9838,9379,12966,13221,16941,17429,20256,19476,13664,14786,9528,11692,2846,5014,1002,1216,1789,2340,2489,3545,4032,5756,11080,11803,9818,10701,7857,9637,2658,4647,128744,61133,18269,8841,35521,17774,2621,2,1
2021-06-06T23:59:59+02:00,3,3,3985,4121,9833,9375,12965,13221,16940,17428,20255,19476,13663,14785,9528,11692,2846,5014,999,1213,1778,2338,2483,3536,4019,5749,10953,11658,9807,10694,7856,9637,2658,4647,128732,60808,18269,8840,35520,17766,2610,2,1
2021-06-05T23:59:59+02:00,2,0,3691,3820,7341,7371,12727,13036,16911,17399,20211,19436,13547,14640,9453,11601,2842,5002,922,1141,1613,2237,2318,3457,3793,5609,10057,10817,9424,10239,7745,9482,2650,4627,122760,57533,18269,8840,35520,17278,2479,2,1
2021-06-04T23:59:59+02:00,2,0,3624,3765,7189,7255,12257,12641,16771,17287,19978,19201,13428,14494,9396,11522,2828,4985,894,1075,1582,2132,2279,3290,3717,5351,9417,10140,8579,9220,7469,9077,2646,4616,120360,56061,18269,8838,35520,14112,2472,2,1
2021-06-03T23:59:59+02:00,2,0,3211,3371,7162,7239,12130,12523,16739,17246,19891,19135,13416,14477,9394,11519,2827,4984,865,1008,1536,2008,2200,3090,3527,4969,8840,9520,7818,8348,6997,8461,2643,4608,119118,54430,18267,8837,35516,10807,2363,2,1
2021-06-02T23:59:59+02:00,0,0,2823,3053,6023,6321,11826,12289,16680,17195,19768,19030,13355,14423,9372,11498,2825,4976,849,974,1472,1985,2087,3052,3356,4867,7479,8438,7738,8269,6981,8433,2640,4603,115420,51327,18266,8837,35516,10805,2253,2,1
2021-06-01T23:59:59+02:00,0,0,2536,2741,5548,5895,11507,12006,16656,17172,19717,18993,13232,14300,9365,11494,2824,4973,832,967,1457,1976,2069,3039,3330,4847,7182,8113,7701,8235,6971,8419,2638,4603,115401,50649,15922,8817,35516,10794,2118,2,1
2021-05-31T23:59:59+02:00,0,0,2521,2738,5529,5886,11479,11985,16622,17161,19677,18971,13229,14296,9361,11492,2824,4971,816,960,1438,1966,2036,3019,3294,4833,7141,8092,7698,8230,6967,8417,2638,4601,115394,50637,15918,8811,35516,10785,1912,2,1
2021-05-30T23:59:59+02:00,0,0,2517,2736,5527,5882,11479,11984,16619,17160,19675,18970,13229,14296,9361,11492,2824,4971,815,956,1433,1963,2036,3017,3292,4831,7140,8092,7698,8230,6967,8417,2638,4601,115378,50631,15918,8811,35513,10772,1911,2,1
2021-05-29T23:59:59+02:00,0,0,2501,2722,5361,5728,11412,11925,16611,17154,19667,18969,13228,14294,9359,11492,2824,4971,778,907,1322,1868,1758,2764,2887,4408,6855,7820,7514,8005,6791,8189,2635,4595,114874,49985,15918,8811,35513,8388,1911,2,1
2021-05-28T23:59:59+02:00,0,0,2367,2592,4936,5337,10735,11309,16544,17092,19641,18941,13219,14280,9340,11463,2822,4962,757,884,1263,1814,1668,2692,2754,4303,5274,6127,7351,7809,6749,8133,2632,4585,112240,45696,15918,8811,35513,8380,1907,2,1
2021-05-27T23:59:59+02:00,0,0,2347,2571,4886,5271,10072,10739,16504,17060,19627,18930,13209,14270,9338,11461,2822,4962,703,789,1157,1742,1457,2550,2381,3996,4394,5215,7114,7501,6658,8016,2615,4566,110857,41905,15915,8805,35511,8359,1784,2,1
2021-05-26T23:59:59+02:00,0,0,2309,2509,4713,5091,9637,10372,16452,17006,19559,18876,13195,14251,9328,11459,2818,4949,688,747,1110,1710,1368,2470,2172,3825,4265,5077,6950,7288,6578,7917,2603,4552,109436,40506,15913,8804,35511,8347,1662,2,1
2021-05-25T23:59:59+02:00,0,0,2306,2502,4683,5074,9612,10346,16427,16988,19546,18869,13190,14249,9325,11456,2818,4949,681,733,1063,1692,1316,2425,2102,3765,3726,4500,6648,6945,6544,7880,2602,4550,109432,40498,15911,6850,35510,8338,1485,2,1
2021-05-24T23:59:59+02:00,0,0,2297,2494,4671,5069,9603,10341,16401,16968,19520,18845,13180,14238,9322,11446,2817,4945,672,728,1051,1685,1306,2418,2077,3745,3700,4475,6637,6934,6541,7870,2601,4546,109425,40491,15911,6850,35510,8335,1309,2,1
2021-05-23T23:59:59+02:00,0,0,2281,2462,4583,4995,9469,10219,16398,16967,19520,18844,13178,14236,9319,11442,2815,4944,671,725,1049,1685,1305,2418,2077,3745,3700,4474,6636,6934,6541,7870,2601,4546,108941,40485,15911,6849,35509,8333,1309,2,1
2021-05-22T23:59:59+02:00,0,0,2261,2443,4574,4978,9389,10137,16375,16953,19468,18800,13150,14206,9316,11436,2815,4943,670,723,1048,1682,1302,2415,2074,3740,3684,4461,5805,6035,6469,7789,2593,4541,108513,38539,15911,6849,35509,8333,1309,2,1
2021-05-21T23:59:59+02:00,0,0,2226,2410,4466,4892,9193,9962,16347,16920,19453,18793,13140,14197,9314,11434,2810,4932,658,696,1011,1616,1252,2292,1988,3560,3340,4026,4043,3928,6426,7723,2588,4526,107774,34534,15911,6849,35506,6993,1296,2,1
2021-05-20T23:59:59+02:00,0,0,2197,2370,4383,4831,8972,9733,16297,16867,19400,18741,13109,14162,9297,11417,2809,4928,603,589,886,1303,1080,1887,1765,3024,2780,3345,3207,2975,6381,7673,2584,4521,106919,32704,15908,6848,35497,3863,1187,2,1
2021-05-19T23:59:59+02:00,0,0,2036,2194,3885,4407,7589,8540,16023,16619,19277,18616,13061,14114,9287,11391,2807,4925,588,552,848,1249,1051,1836,1739,2971,2730,3301,3199,2962,6377,7670,2584,4520,102285,32680,15906,6846,35496,3568,1082,2,1
2021-05-18T23:59:59+02:00,0,0,1988,2141,3579,4119,6931,7944,15876,16503,19193,18533,13028,14081,9231,11317,2801,4911,582,548,842,1247,1043,1828,1709,2955,2721,3283,3194,2957,6373,7666,2584,4520,102265,32676,13445,6841,35492,3562,972,2,1
2021-05-17T23:59:59+02:00,0,0,1980,2133,3559,4105,6887,7920,15848,16485,19171,18514,13018,14058,9230,11316,2801,4911,574,541,823,1232,1001,1804,1681,2937,2697,3262,3183,2936,6373,7665,2584,4520,102258,32671,13442,6841,35492,3558,742,2,1
2021-05-16T23:59:59+02:00,0,0,1975,2130,3552,4101,6701,7756,15825,16466,19167,18509,13013,14057,9229,11315,2801,4911,574,541,823,1230,1000,1803,1681,2937,2695,3262,3183,2936,6373,7665,2584,4520,101836,32668,13441,6841,35488,3556,741,2,1
2021-05-15T23:59:59+02:00,0,0,1947,2094,3514,4063,6615,7652,15556,16198,19111,18467,12994,14038,9220,11310,2801,4909,574,541,823,1229,1000,1803,1679,2936,2695,3262,3182,2936,6372,7665,2584,4520,100817,32664,13441,6841,35488,3554,741,2,1
2021-05-14T23:59:59+02:00,0,0,1838,1949,3268,3812,5022,6174,12906,14006,19047,18381,12970,14008,9214,11297,2798,4903,574,540,820,1229,1000,1803,1678,2935,2689,3260,3177,2930,6369,7663,2584,4519,91935,32646,13441,6840,35486,3554,729,2,1
2021-05-13T23:59:59+02:00,0,0,1812,1901,3227,3761,4910,6073,12701,13822,18887,18254,12894,13913,9178,11244,2798,4902,568,537,813,1220,990,1791,1659,2916,2582,3167,2516,2124,4917,5862,2575,4500,90720,29633,13344,4823,35484,3553,727,2,1
2021-05-12T23:59:59+02:00,0,0,1812,1901,3226,3761,4910,6073,12701,13822,18886,18254,12894,13913,9178,11244,2798,4902,568,537,813,1220,990,1791,1659,2915,2579,3165,2516,2124,4917,5860,2575,4500,90719,29630,13344,4818,35483,3553,727,2,1
2021-05-11T23:59:59+02:00,0,0,1768,1856,3134,3686,4822,6007,11774,13093,18692,18095,12880,13892,9171,11230,2792,4898,567,535,810,1215,989,1790,1658,2915,2570,3161,2515,2123,4915,5859,2574,4500,90708,29623,10886,4806,35475,3547,719,2,1
2021-05-10T23:59:59+02:00,0,0,1752,1853,3128,3683,4816,6003,11773,13092,18691,18095,12880,13892,9171,11230,2792,4898,566,533,810,1215,988,1790,1657,2915,2570,3161,2514,2122,4915,5859,2574,4500,90695,29622,10883,4805,35450,3542,719,2,1
2021-05-09T23:59:59+02:00,0,0,1716,1806,3076,3668,4746,5968,11706,13071,18628,18036,12860,13873,9168,11221,2790,4896,564,530,802,1214,980,1784,1644,2912,2566,3160,2514,2120,4914,5858,2574,4499,90226,29618,10880,4804,35443,3534,678,2,1
2021-05-08T23:59:59+02:00,0,0,1683,1772,3040,3618,4669,5895,11369,12769,18595,18002,12853,13865,9167,11219,2788,4896,552,529,795,1214,969,1784,1636,2912,2550,3149,2513,2120,4914,5857,2573,4498,89197,29614,10880,4804,35443,3468,678,2,1
2021-05-07T23:59:59+02:00,0,0,1539,1649,2792,3446,3995,5231,10161,11579,18395,17851,12814,13830,9147,11202,2780,4889,455,380,672,984,823,1465,1491,2497,2381,2792,2504,2111,4910,5853,2570,4495,84430,29609,10879,4804,35431,1411,558,2,1
2021-05-06T23:59:59+02:00,0,0,1476,1480,2658,3315,3668,4922,8461,10097,17880,17426,12646,13662,9100,11130,2777,4881,333,321,568,882,687,1376,1243,2283,2167,2597,2452,2079,4908,5846,2570,4494,78904,29588,10878,4803,35414,33,381,2,1
2021-05-05T23:59:59+02:00,0,0,1422,1404,2571,3243,3492,4747,7312,9080,17373,17026,12558,13549,9068,11084,2768,4866,333,321,566,881,686,1374,1197,2231,2156,2589,2448,2077,4908,5842,2570,4490,75027,29578,10874,4802,35404,32,256,2,1
2021-05-04T23:59:59+02:00,0,0,1411,1402,2564,3236,3490,4747,7310,9079,17372,17026,12558,13549,9068,11084,2768,4866,333,320,566,880,684,1374,1197,2231,2156,2589,2447,2077,4908,5842,2570,4489,75019,29575,10863,4802,35391,30,255,2,1
2021-05-03T23:59:59+02:00,0,0,1409,1396,2556,3231,3487,4741,7231,9019,17358,17018,12554,13547,9068,11084,2767,4865,330,314,562,876,679,1369,1118,2171,2142,2581,2443,2075,4908,5842,2569,4488,75010,29573,10863,4802,35391,26,65,2,1
2021-05-02T23:59:59+02:00,0,0,1401,1392,2553,3225,3474,4732,7211,8999,17252,16950,12541,13522,9062,11073,2764,4865,328,313,562,875,679,1369,1118,2170,2140,2581,2443,2075,4907,5840,2569,4488,74700,29567,10862,4801,35390,26,62,2,1
2021-05-01T23:59:59+02:00,0,0,1397,1386,2544,3215,3465,4714,7152,8938,17108,16833,12516,13499,9050,11067,2764,4865,328,313,562,875,679,1369,1118,2170,2140,2581,2443,2075,4905,5840,2568,4486,74197,29562,10862,4801,35390,26,62,2,1
2021-04-30T23:59:59+02:00,0,0,1327,1306,2423,3045,3296,4440,5602,7538,15363,15401,12373,13339,8955,10950,2749,4832,328,313,561,874,678,1369,1115,2168,2137,2579,2442,2066,4892,5831,2560,4468,66676,29545,10862,4800,35390,26,9,2,1
2021-04-29T23:59:59+02:00,0,0,1273,1268,2320,2935,3163,4270,4994,6889,14188,14378,12063,13011,8864,10868,2735,4804,326,312,561,873,678,1368,1114,2168,2135,2577,2440,2062,4891,5828,2559,4466,61763,29525,10862,4797,35387,26,9,2,1
2021-04-28T23:59:59+02:00,0,0,1210,1251,2258,2898,3098,4189,4685,6597,13773,14062,11948,12864,8823,10809,2727,4798,325,312,558,871,675,1368,1112,2167,2134,2570,2437,2059,4888,5824,2556,4463,61646,29521,8953,4770,35387,25,2,2,1
2021-04-27T23:59:59+02:00,0,0,1190,1249,2253,2897,3094,4188,4683,6597,13772,14061,11947,12863,8823,10809,2727,4798,325,312,558,871,674,1366,1112,2167,2133,2570,2437,2057,4888,5824,2556,4463,61614,29519,8948,4766,35385,25,2,2,1
2021-04-26T23:59:59+02:00,0,0,1190,1247,2251,2896,3092,4188,4669,6583,13732,14030,11944,12860,8823,10808,2727,4797,325,312,558,871,674,1366,1112,2167,2131,2569,2437,2057,4888,5824,2556,4463,61606,29517,8944,4765,35283,25,2,2,1
2021-04-25T23:59:59+02:00,0,0,1189,1247,2245,2896,3089,4181,4656,6576,13594,13876,11934,12854,8822,10807,2727,4797,325,312,557,871,673,1365,1110,2165,2131,2569,2437,2057,4888,5824,2556,4463,61280,29513,8941,4762,35265,25,2,2,1
2021-04-24T23:59:59+02:00,0,0,1123,1201,2107,2807,2950,4125,4445,6461,12732,13073,11657,12525,8756,10703,2720,4784,325,312,557,871,672,1364,1110,2165,2131,2568,2436,2057,4884,5823,2556,4463,57960,29506,8940,4762,35265,23,2,2,1
2021-04-23T23:59:59+02:00,0,0,1024,1181,1892,2780,2790,4092,4331,6350,11391,12018,11602,12463,8732,10656,2718,4781,324,312,557,871,671,1364,1109,2165,2129,2568,2435,2057,4883,5817,2556,4462,56484,29500,8940,4760,33374,18,1,2,1
2021-04-22T23:59:59+02:00,0,0,1014,1172,1865,2767,2728,4067,4154,6231,10773,11501,11514,12377,8702,10609,2715,4776,323,311,557,871,671,1363,1107,2165,2128,2568,2435,2055,4881,5815,2556,4462,54789,29493,8939,4755,33234,18,1,2,1
2021-04-21T23:59:59+02:00,0,0,999,1158,1790,2743,2608,4032,4008,6157,9281,10341,11439,12310,8690,10585,2712,4773,322,311,556,871,670,1363,1106,2165,2128,2568,2431,2051,4878,5813,2555,4460,51626,29476,8938,4752,33059,18,1,2,1
2021-04-20T23:59:59+02:00,0,0,999,1157,1789,2742,2605,4029,4004,6156,8985,10018,11412,12286,8686,10576,2712,4772,322,311,556,871,670,1363,1106,2164,2127,2567,2431,2050,4876,5812,2555,4460,50932,29472,8935,4749,33058,18,1,2,1
2021-04-19T23:59:59+02:00,0,0,997,1155,1789,2739,2604,4028,4002,6154,8985,10017,11412,12286,8686,10575,2712,4772,321,311,556,870,670,1363,1104,2164,2126,2567,2431,2050,4876,5812,2555,4460,50924,29468,8930,4748,33056,18,1,2,1
2021-04-18T23:59:59+02:00,0,0,997,1154,1787,2739,2602,4026,4002,6154,8985,10017,11412,12286,8686,10574,2712,4771,321,311,556,870,669,1363,1104,2163,2126,2567,2431,2050,4876,5812,2555,4460,50917,29467,8929,4747,33055,18,1,2,1
2021-04-17T23:59:59+02:00,0,0,997,1153,1784,2733,2525,3936,3946,6072,8968,9999,11289,12134,8683,10572,2712,4770,316,305,552,863,661,1353,1086,2150,2079,2541,2386,1998,4827,5743,2549,4454,50286,29097,8929,4747,33055,17,1,2,1
2021-04-16T23:59:59+02:00,0,0,968,1119,1673,2650,2323,3799,3697,5898,7246,8186,11092,11890,8629,10509,2709,4757,309,300,537,844,629,1316,1004,2093,1855,2381,2236,1889,4640,5474,2490,4338,45941,29083,8854,3238,32347,12,1,2,1
2021-04-15T23:59:59+02:00,0,0,898,1067,1544,2562,2042,3647,3165,5569,6236,7220,10835,11554,8529,10386,2690,4734,309,300,536,843,627,1315,1003,2090,1619,2240,2083,1758,4454,5263,2436,4235,42136,29038,8851,2063,31688,8,1,2,1
2021-04-14T23:59:59+02:00,0,0,883,1038,1499,2526,1954,3566,2995,5434,6142,7109,10671,11347,8447,10286,2678,4720,289,290,502,816,556,1256,796,1947,1399,2116,2016,1683,4323,5099,2422,4207,40760,27644,8847,2063,31685,8,1,2,1
2021-04-13T23:59:59+02:00,0,0,878,1032,1487,2523,1931,3547,2963,5400,5621,6533,10371,11008,8416,10252,2677,4719,289,288,502,815,556,1256,796,1947,1399,2115,2013,1682,4323,5099,2422,4204,40753,27642,6921,2054,31681,8,1,2,1
2021-04-12T23:59:59+02:00,0,0,878,1030,1486,2520,1931,3547,2962,5399,5620,6533,10370,11008,8416,10252,2677,4719,289,287,502,815,554,1256,794,1946,1398,2115,2013,1682,4323,5098,2422,4204,40748,27636,6918,2052,31679,8,1,2,1
2021-04-11T23:59:59+02:00,0,0,878,1030,1485,2520,1929,3546,2961,5399,5620,6533,10369,11007,8416,10252,2677,4719,289,287,501,815,552,1256,793,1946,1396,2115,2013,1682,4323,5098,2422,4204,40745,27631,6917,2052,31677,8,0,2,1
2021-04-10T23:59:59+02:00,0,0,876,1027,1482,2516,1912,3534,2892,5333,5492,6435,10139,10790,8363,10202,2673,4718,289,286,501,814,552,1256,792,1946,1396,2115,2009,1678,4318,5089,2421,4201,40175,27602,6917,2052,31290,8,0,2,1
2021-04-09T23:59:59+02:00,0,0,838,994,1385,2460,1808,3475,2763,5279,5352,6370,7761,7962,8299,10108,2663,4700,288,286,498,813,550,1254,789,1946,1394,2111,1989,1656,4296,5071,2418,4196,34700,27494,6916,2052,30599,8,0,2,1
2021-04-08T23:59:59+02:00,0,0,837,992,1381,2457,1806,3472,2752,5270,5341,6357,6973,7047,8257,10058,2660,4696,287,285,498,812,550,1253,788,1946,1392,2110,1987,1656,4295,5068,2418,4196,32847,27481,6916,2051,30591,8,0,2,1
2021-04-07T23:59:59+02:00,0,0,785,969,1306,2385,1719,3404,2559,5163,4600,5874,6306,6405,8199,9997,2654,4690,287,285,498,812,550,1250,788,1946,1392,2110,1987,1656,4294,5068,2418,4196,32843,27480,6915,2050,27255,7,0,2,0
2021-04-06T23:59:59+02:00,0,0,752,962,1287,2350,1695,3363,2529,5117,4526,5798,5944,6048,8178,9973,2649,4684,287,284,498,811,550,1250,788,1946,1391,2110,1987,1655,4294,5068,2418,4196,32839,27478,6915,2048,26099,7,0,2,0
2021-04-05T23:59:59+02:00,0,0,748,931,1246,2225,1623,3198,2410,4847,4366,5526,5636,5742,8161,9947,2647,4680,287,284,498,810,550,1250,788,1946,1391,2110,1987,1655,4294,5068,2418,4196,32837,27477,6915,2048,24179,7,0,2,0
2021-04-04T23:59:59+02:00,0,0,727,906,1155,2009,1489,2932,2196,4413,4016,5027,5391,5518,8129,9893,2646,4672,287,284,497,809,548,1249,787,1945,1317,2073,1623,1381,4136,4887,2374,4131,32833,26274,6915,2048,21369,6,0,2,0
2021-04-03T23:59:59+02:00,0,0,727,906,1154,2008,1488,2932,2195,4413,4016,5027,5391,5517,8129,9893,2646,4672,287,284,497,809,548,1249,787,1945,1317,2073,1623,1381,4136,4887,2374,4131,32829,26274,6915,2048,21368,6,0,2,0
2021-04-02T23:59:59+02:00,0,0,727,905,1154,2008,1488,2932,2195,4413,4015,5026,5391,5516,8128,9892,2645,4670,287,284,497,809,548,1249,787,1945,1316,2073,1623,1381,4136,4887,2374,4131,32827,26273,6915,2048,21361,6,0,2,0
2021-04-01T23:59:59+02:00,0,0,722,903,1151,2002,1480,2924,2181,4395,3924,4941,4898,4916,7423,8998,2643,4665,287,282,496,806,548,1248,784,1943,1278,2045,1474,1286,4037,4786,2363,4118,29923,25733,6889,2042,21352,6,0,2,0
2021-03-31T23:59:59+02:00,0,0,722,902,1149,2001,1476,2919,2177,4394,3906,4930,4725,4698,6656,8064,2633,4643,286,281,496,806,544,1245,779,1936,1173,1968,1079,1021,3628,4323,2256,3944,29805,23781,4863,1979,21325,5,0,2,0
2021-03-30T23:59:59+02:00,0,0,722,902,1148,1998,1464,2910,2168,4385,3861,4903,4526,4517,6406,7767,2624,4627,286,280,496,804,544,1245,779,1935,1173,1968,1079,1021,3628,4323,2255,3944,29800,23777,4858,1979,20268,4,0,2,0
2021-03-29T23:59:59+02:00,0,0,720,900,1148,1998,1462,2910,2168,4385,3857,4901,4523,4515,6403,7758,2622,4609,286,279,496,804,544,1245,778,1934,1173,1968,1079,1020,3628,4323,2255,3944,29791,23773,4853,1979,20233,4,0,2,0
2021-03-28T23:59:59+02:00,0,0,720,900,1148,1995,1460,2908,2167,4382,3856,4901,4522,4515,6400,7754,2622,4608,285,279,494,804,544,1245,777,1934,1173,1968,1079,1019,3628,4323,2255,3944,29789,23769,4848,1978,20219,4,0,2,0
2021-03-27T23:59:59+01:00,0,0,716,895,1144,1987,1452,2898,2148,4366,3814,4875,4473,4458,6355,7695,2615,4595,281,274,480,794,533,1233,729,1898,1012,1876,818,829,3489,4171,2094,3632,29439,22803,4848,1336,20197,4,0,2,0
2021-03-26T23:59:59+01:00,0,0,716,895,1143,1986,1449,2897,2145,4366,3809,4872,4461,4436,6345,7668,2608,4581,280,274,480,792,531,1233,727,1898,1005,1868,681,734,2511,3016,1924,3419,29379,20033,4846,1336,20150,4,0,2,0
2021-03-25T23:59:59+01:00,0,0,715,894,1143,1986,1448,2894,2141,4360,3804,4868,4452,4425,6331,7636,2587,4527,280,274,480,792,530,1230,726,1897,1003,1867,660,727,1328,1567,1643,3056,29366,16720,4841,1336,20002,4,0,2,0
2021-03-24T23:59:59+01:00,0,0,692,883,1105,1956,1377,2834,1935,4212,3580,4742,4392,4365,6196,7468,2573,4495,280,274,480,792,527,1230,725,1897,1002,1867,660,727,1328,1566,1643,3054,27989,16713,4838,1335,19976,4,0,2,0
2021-03-23T23:59:59+01:00,0,0,692,881,1103,1955,1377,2834,1935,4212,3579,4739,4392,4365,6195,7468,2573,4494,280,274,480,792,527,1230,725,1897,1002,1867,660,727,1328,1566,1643,3054,27985,16713,4835,1335,19972,4,0,2,0
2021-03-22T23:59:59+01:00,0,0,692,879,1101,1951,1374,2834,1933,4212,3578,4739,4392,4364,6195,7467,2573,4494,280,274,480,792,527,1229,724,1897,1002,1866,660,726,1328,1566,1643,3054,27981,16710,4834,1335,19961,3,0,2,0
2021-03-21T23:59:59+01:00,0,0,692,879,1099,1948,1374,2832,1932,4211,3577,4738,4392,4364,6194,7467,2573,4494,280,274,480,792,527,1229,724,1897,1002,1866,660,725,1328,1566,1643,3054,27978,16709,4833,1335,19954,3,0,1,0
2021-03-20T23:59:59+01:00,0,0,690,877,1097,1946,1368,2829,1915,4204,3546,4719,4174,4089,5677,6860,2563,4461,275,272,475,786,510,1219,702,1880,964,1837,590,647,1096,1307,1293,2507,27897,15022,4735,1335,18382,3,0,1,0
2021-03-19T23:59:59+01:00,0,0,682,871,1082,1926,1334,2792,1835,4148,3326,4558,4025,3983,5501,6618,2514,4376,275,272,475,786,510,1219,702,1879,963,1837,590,647,1096,1306,1292,2506,27895,15017,3301,1335,18375,3,0,0,0
2021-03-18T23:59:59+01:00,0,0,682,870,1081,1925,1333,2790,1835,4145,3096,4415,3872,3854,5323,6416,2462,4274,275,271,474,786,510,1217,702,1878,962,1836,588,644,857,1049,1182,2339,27884,14234,2116,1334,18373,2,0,0,0
2021-03-17T23:59:59+01:00,0,0,682,870,1080,1925,1333,2789,1835,4145,3096,4415,3872,3852,5322,6416,2462,4274,275,270,474,786,510,1217,702,1878,961,1836,587,644,857,1049,1182,2339,27882,14232,2116,1333,18370,2,0,0,0
2021-03-16T23:59:59+01:00,0,0,681,870,1080,1921,1332,2789,1833,4145,3096,4413,3871,3851,5322,6416,2461,4273,273,266,460,781,501,1205,686,1864,945,1826,585,643,855,1048,1181,2338,27875,14122,2112,1333,18367,2,0,0,0
2021-03-15T23:59:59+01:00,0,0,681,869,1078,1920,1329,2789,1829,4144,3095,4413,3871,3850,5321,6416,2461,4273,273,266,460,781,501,1205,686,1864,944,1825,585,643,855,1048,1181,2338,27870,14120,2110,1333,18359,2,0,0,0
2021-03-14T23:59:59+01:00,0,0,680,867,1075,1917,1326,2786,1827,4142,3090,4412,3871,3850,5321,6416,2461,4273,273,266,460,781,501,1205,686,1864,944,1824,585,643,854,1048,1181,2338,27866,14118,2110,1333,18338,2,0,0,0
2021-03-13T23:59:59+01:00,0,0,678,862,1067,1911,1317,2779,1822,4134,2976,4334,3402,3447,5117,6183,2416,4210,273,266,460,781,501,1205,685,1864,942,1823,561,627,551,753,762,1764,26601,12483,2110,1333,17944,2,0,0,0
2021-03-12T23:59:59+01:00,0,0,648,775,1044,1798,1296,2588,1790,3868,2932,4166,2261,2004,4756,5637,2413,4201,273,266,460,781,501,1205,684,1864,941,1823,561,626,551,753,762,1763,26589,12480,2110,1333,13478,1,0,0,0
2021-03-11T23:59:59+01:00,0,0,638,730,1036,1696,1288,2429,1778,3654,2886,4027,1697,1475,4270,5095,2403,4192,271,266,460,781,501,1205,684,1863,941,1819,561,626,549,752,682,1618,26039,12478,2098,1101,11157,0,0,0,0
2021-03-10T23:59:59+01:00,0,0,633,718,1026,1674,1279,2408,1765,3628,2777,3944,1307,1207,3862,4626,2309,4035,271,266,459,779,500,1205,684,1863,939,1819,561,626,547,751,682,1618,24060,12472,2097,1098,11041,0,0,0,0
2021-03-09T23:59:59+01:00,0,0,632,713,1018,1657,1268,2393,1762,3617,2770,3939,1303,1206,3862,4625,2308,4035,271,266,459,779,500,1205,684,1863,939,1819,561,626,547,751,682,1618,24057,12472,2096,1098,10955,0,0,0,0
2021-03-08T23:59:59+01:00,0,0,628,684,1007,1632,1253,2360,1754,3584,2749,3924,1302,1204,3862,4625,2308,4035,271,266,459,779,500,1205,684,1863,939,1819,561,626,546,751,682,1618,24053,12471,2095,1098,10763,0,0,0,0
2021-03-07T23:59:59+01:00,0,0,628,681,1003,1628,1253,2357,1753,3581,2749,3922,1302,1204,3862,4625,2308,4035,271,266,459,779,499,1205,684,1863,939,1819,561,626,546,751,682,1618,24050,12470,2095,1098,10746,0,0,0,0
2021-03-06T23:59:59+01:00,0,0,592,634,884,1527,1011,2167,1333,3199,2328,3586,1021,985,3562,4248,2288,4018,271,266,459,779,497,1205,684,1863,939,1818,561,625,544,747,593,1444,23052,12467,2092,828,8239,0,0,0,0
2021-03-05T23:59:59+01:00,0,0,589,634,879,1524,1011,2166,1330,3196,2321,3581,877,888,2568,3056,2117,3786,269,266,454,767,493,1200,676,1846,925,1803,557,621,486,686,288,933,20212,12264,2081,6,8230,0,0,0,0
2021-03-04T23:59:59+01:00,0,0,571,591,842,1394,973,2012,1280,2992,2277,3481,862,879,1387,1621,1830,3422,269,266,453,767,493,1200,676,1846,925,1803,556,620,486,685,288,933,16918,12260,2080,6,7416,0,0,0,0
2021-03-03T23:59:59+01:00,0,0,565,558,819,1329,952,1950,1265,2948,2267,3437,862,878,1387,1621,1830,3422,269,266,453,767,493,1200,676,1845,925,1803,556,620,486,685,288,933,16917,12259,2080,6,7093,0,0,0,0
2021-03-02T23:59:59+01:00,0,0,564,556,816,1328,952,1950,1264,2947,2267,3437,862,878,1387,1621,1830,3422,269,266,452,767,493,1200,676,1845,925,1802,556,620,486,685,288,933,16916,12257,2080,6,7085,0,0,0,0
2021-03-01T23:59:59+01:00,0,0,564,554,815,1328,952,1949,1264,2947,2266,3436,862,877,1387,1620,1830,3422,269,266,452,767,493,1200,675,1844,925,1802,556,620,486,685,288,933,16913,12255,2079,6,7081,0,0,0,0
2021-02-28T23:59:59+01:00,0,0,563,552,815,1328,951,1949,1264,2947,2264,3435,862,875,1387,1620,1830,3422,269,266,452,767,493,1200,675,1843,925,1802,556,620,486,685,288,933,16910,12254,2079,6,7075,0,0,0,0
2021-02-27T23:59:59+01:00,0,0,558,550,804,1318,930,1938,1224,2919,2187,3385,741,759,1118,1330,1323,2549,268,266,452,767,492,1200,673,1842,924,1800,555,617,485,683,288,929,15189,12238,1371,3,7073,0,0,0,0
2021-02-26T23:59:59+01:00,0,0,548,529,775,1254,901,1825,1185,2761,1867,2964,700,731,1118,1330,1322,2548,268,266,452,767,492,1200,673,1842,924,1800,555,617,485,683,288,928,15184,12237,1371,3,5803,0,0,0,0
2021-02-25T23:59:59+01:00,0,0,514,487,713,1136,794,1632,1031,2460,1368,2416,649,686,870,1066,1213,2378,267,265,451,767,492,1199,672,1840,924,1799,555,617,485,683,288,928,14381,12232,1371,0,3661,0,0,0,0
2021-02-24T23:59:59+01:00,0,0,513,486,713,1135,793,1632,1031,2459,1368,2415,649,686,870,1066,1213,2378,267,265,451,767,492,1199,672,1840,924,1799,555,617,485,683,288,928,14381,12232,1370,0,3656,0,0,0,0
2021-02-23T23:59:59+01:00,0,0,511,482,698,1127,784,1621,1014,2445,1352,2405,647,685,868,1065,1212,2377,267,264,451,766,492,1199,672,1839,924,1798,555,617,485,683,288,928,14271,12228,1370,0,3652,0,0,0,0
2021-02-22T23:59:59+01:00,0,0,511,482,698,1127,782,1621,1014,2445,1351,2404,647,683,868,1065,1212,2377,267,264,451,766,492,1199,672,1839,924,1797,555,617,485,683,288,928,14269,12227,1370,0,3648,0,0,0,0
2021-02-21T23:59:59+01:00,0,0,511,482,698,1127,781,1621,1013,2445,1351,2403,646,683,867,1065,1212,2377,267,264,451,766,492,1199,672,1839,924,1797,555,617,485,683,288,928,14267,12227,1370,0,3645,0,0,0,0
2021-02-20T23:59:59+01:00,0,0,495,480,686,1121,761,1616,1000,2443,1324,2383,619,664,558,764,785,1793,266,263,446,764,487,1193,667,1828,918,1794,552,614,480,683,284,923,12603,12162,1369,0,3520,0,0,0,0
2021-02-19T23:59:59+01:00,0,0,397,394,582,995,643,1462,859,2272,1085,2146,572,640,558,764,785,1793,263,263,442,762,485,1184,664,1812,911,1774,548,608,475,676,281,915,12602,12063,1369,0,1976,0,0,0,0
2021-02-18T23:59:59+01:00,0,0,274,269,468,792,504,1215,698,1876,949,1835,569,634,557,764,785,1793,262,261,440,759,483,1180,663,1798,907,1763,542,603,468,669,276,904,12600,11978,1369,0,13,0,0,0,0
2021-02-17T23:59:59+01:00,0,0,274,269,467,792,504,1215,697,1876,948,1835,568,634,557,763,785,1793,261,261,439,756,481,1178,660,1790,904,1756,537,598,459,647,265,885,12598,11877,1369,0,10,0,0,0,0
2021-02-16T23:59:59+01:00,0,0,274,269,465,791,503,1215,697,1876,948,1835,568,634,557,763,785,1793,250,257,433,740,469,1146,653,1714,879,1677,518,569,427,604,248,820,12598,11404,1369,0,6,0,0,0,0
2021-02-15T23:59:59+01:00,0,0,274,269,464,791,503,1214,695,1876,948,1835,568,634,557,763,785,1793,246,253,430,732,463,1121,637,1663,854,1623,497,535,409,560,236,757,12597,11016,1369,0,3,0,0,0,0
2021-02-14T23:59:59+01:00,0,0,274,269,464,791,502,1214,695,1876,948,1835,568,634,557,763,785,1793,246,253,430,732,463,1121,637,1657,852,1614,487,530,405,557,228,749,12596,10961,1369,0,3,0,0,0,0
2021-02-13T23:59:59+01:00,0,0,272,269,464,791,502,1214,694,1875,948,1835,568,634,557,763,785,1793,244,251,430,728,456,1109,628,1636,832,1581,468,505,391,532,215,713,12594,10719,1369,0,1,0,0,0,0
2021-02-12T23:59:59+01:00,0,0,272,269,464,790,502,1214,694,1874,944,1832,568,632,508,717,771,1789,227,243,410,694,435,1021,593,1474,745,1341,385,386,316,420,159,536,12470,9385,1369,0,1,0,0,0,0
2021-02-11T23:59:59+01:00,0,0,270,269,463,790,502,1214,694,1872,944,1829,567,631,505,714,688,1641,205,230,398,663,415,974,559,1380,699,1231,351,338,277,357,132,450,12458,8659,1134,0,1,0,0,0,0
2021-02-10T23:59:59+01:00,0,0,270,269,463,789,502,1214,693,1872,943,1829,566,631,505,713,687,1639,202,226,397,657,411,960,556,1360,687,1196,335,315,255,317,115,388,12451,8377,1134,0,0,0,0,0,0
2021-02-09T23:59:59+01:00,0,0,270,269,463,789,502,1214,692,1872,943,1827,566,631,505,713,687,1639,193,213,386,621,392,893,513,1267,634,1066,261,224,180,206,74,240,12448,7363,1134,0,0,0,0,0,0
2021-02-08T23:59:59+01:00,0,0,270,269,461,789,502,1214,692,1872,943,1827,566,631,505,713,687,1639,190,207,382,607,383,868,489,1217,607,996,230,183,145,156,60,185,12447,6905,1133,0,0,0,0,0,0
2021-02-07T23:59:59+01:00,0,0,270,269,461,789,502,1214,692,1872,943,1826,566,631,505,713,687,1638,189,207,380,603,381,863,484,1207,603,982,224,176,135,138,54,169,12445,6795,1133,0,0,0,0,0,0
2021-02-06T23:59:59+01:00,0,0,270,269,461,789,502,1214,692,1872,943,1826,566,631,503,708,597,1465,189,207,380,603,381,863,484,1207,603,982,224,176,135,138,54,169,12445,6795,863,0,0,0,0,0,0
2021-02-05T23:59:59+01:00,0,0,270,269,459,788,500,1212,689,1871,940,1823,562,627,496,693,291,946,183,198,363,572,368,823,464,1166,585,951,203,159,111,125,49,166,12430,6486,6,0,0,0,0,0,0
2021-02-04T23:59:59+01:00,0,0,270,268,458,782,497,1211,688,1866,935,1822,561,627,495,692,291,946,168,162,294,436,302,667,384,942,511,812,192,154,103,119,42,154,12403,5442,6,0,0,0,0,0,0
2021-02-03T23:59:59+01:00,0,0,269,268,458,780,497,1210,687,1865,935,1822,561,627,495,692,291,946,163,155,249,354,253,580,324,842,460,725,185,149,99,117,41,153,12397,4849,6,0,0,0,0,0,0
2021-02-02T23:59:59+01:00,0,0,269,267,458,777,497,1210,687,1862,935,1820,561,627,495,692,291,946,156,140,190,290,195,492,247,728,378,641,175,145,97,116,41,152,12388,4183,6,0,0,0,0,0,0
2021-02-01T23:59:59+01:00,0,0,269,267,456,776,496,1209,686,1858,932,1815,561,627,494,692,291,946,149,134,152,254,167,433,202,650,321,567,169,134,89,106,36,145,12369,3708,6,0,0,0,0,0,0
2021-01-31T23:59:59+01:00,0,0,269,267,456,776,496,1209,686,1858,932,1815,561,627,494,692,291,946,149,134,152,253,167,432,201,650,321,567,169,134,89,106,36,145,12369,3705,6,0,0,0,0,0,0
2021-01-30T23:59:59+01:00,0,0,269,267,456,776,496,1209,686,1858,928,1815,560,627,492,692,288,946,136,122,135,235,156,404,190,609,303,520,147,123,77,79,29,110,12359,3375,6,0,0,0,0,0,0
2021-01-29T23:59:59+01:00,0,0,266,266,452,773,494,1200,683,1841,921,1795,556,621,487,686,285,938,88,68,93,154,115,246,147,441,213,377,109,82,58,68,24,99,12259,2382,5,0,0,0,0,0,0
2021-01-28T23:59:59+01:00,0,0,266,266,451,773,493,1200,683,1840,921,1793,556,621,487,686,285,938,10,7,13,23,24,46,23,94,50,105,34,32,31,49,18,91,12256,650,3,0,0,0,0,0,0
2021-01-27T23:59:59+01:00,0,0,265,266,451,773,493,1200,683,1839,919,1793,556,621,487,686,285,938,10,7,13,23,23,46,23,92,49,105,34,32,31,49,18,91,12254,646,1,0,0,0,0,0,0
2021-01-26T23:59:59+01:00,0,0,265,266,450,772,493,1199,683,1839,919,1792,556,621,487,686,285,938,10,7,13,23,23,46,23,92,49,105,34,32,31,49,18,91,12250,646,1,0,0,0,0,0,0
2021-01-25T23:59:59+01:00,0,0,265,265,448,772,493,1198,683,1837,919,1792,556,621,486,684,285,938,6,1,5,13,11,21,14,39,23,46,17,16,10,15,6,19,12242,262,0,0,0,0,0,0,0
2021-01-24T23:59:59+01:00,0,0,265,264,448,772,492,1198,683,1836,919,1791,556,621,486,684,285,938,6,1,5,13,11,21,14,39,23,46,17,16,10,15,6,19,12238,262,0,0,0,0,0,0,0
2021-01-23T23:59:59+01:00,0,0,265,264,448,772,492,1197,683,1836,919,1791,556,621,486,684,285,938,6,1,5,13,11,21,14,39,23,46,17,16,10,15,6,19,12237,262,0,0,0,0,0,0,0
2021-01-22T23:59:59+01:00,0,0,263,262,448,772,491,1196,683,1835,919,1791,556,621,486,684,267,894,6,1,5,13,11,21,14,39,23,46,17,16,10,15,6,19,12168,262,0,0,0,0,0,0,0
2021-01-21T23:59:59+01:00,0,0,260,258,446,763,488,1188,680,1813,910,1774,548,613,467,659,256,858,6,1,5,13,11,21,14,39,23,46,17,16,10,15,6,19,11981,262,0,0,0,0,0,0,0
2021-01-20T23:59:59+01:00,0,0,259,256,442,758,486,1186,677,1805,907,1769,542,608,460,640,248,841,6,1,5,13,11,21,14,39,23,46,17,16,10,15,6,19,11884,262,0,0,0,0,0,0,0
2021-01-19T23:59:59+01:00,0,0,254,256,440,750,480,1171,674,1774,896,1727,530,591,449,624,236,806,6,1,5,13,11,21,14,39,23,46,17,16,10,15,6,19,11658,262,0,0,0,0,0,0,0
2021-01-18T23:59:59+01:00,0,0,250,252,437,739,475,1150,656,1737,870,1679,511,558,434,586,224,749,6,1,5,12,11,21,14,39,23,46,17,16,10,15,6,19,11307,261,0,0,0,0,0,0,0
2021-01-17T23:59:59+01:00,0,0,250,251,436,739,475,1149,653,1730,864,1667,495,547,419,564,209,724,6,1,4,12,11,21,14,39,23,46,17,15,10,15,6,19,11172,259,0,0,0,0,0,0,0
2021-01-16T23:59:59+01:00,0,0,242,243,432,719,462,1114,628,1642,817,1518,453,465,390,511,188,669,0,0,0,0,0,0,0,0,0,0,0,0,0,0,0,0,10493,0,0,0,0,0,0,0,0
2021-01-15T23:59:59+01:00,0,0,233,236,424,699,448,1063,608,1542,778,1404,404,408,339,443,170,563,0,0,0,0,0,0,0,0,0,0,0,0,0,0,0,0,9762,0,0,0,0,0,0,0,0
2021-01-14T23:59:59+01:00,0,0,210,223,405,657,426,1001,565,1425,711,1251,349,334,290,350,129,446,0,0,0,0,0,0,0,0,0,0,0,0,0,0,0,0,8772,0,0,0,0,0,0,0,0
2021-01-13T23:59:59+01:00,0,0,208,221,404,650,421,982,560,1403,697,1216,331,310,265,310,112,385,0,0,0,0,0,0,0,0,0,0,0,0,0,0,0,0,8475,0,0,0,0,0,0,0,0
2021-01-12T23:59:59+01:00,0,0,191,210,389,609,390,887,498,1249,618,1027,236,194,160,161,62,193,0,0,0,0,0,0,0,0,0,0,0,0,0,0,0,0,7074,0,0,0,0,0,0,0,0
2021-01-11T23:59:59+01:00,0,0,187,204,385,597,377,860,478,1202,598,973,216,165,128,117,45,145,0,0,0,0,0,0,0,0,0,0,0,0,0,0,0,0,6677,0,0,0,0,0,0,0,0
2021-01-10T23:59:59+01:00,0,0,186,200,373,583,373,847,469,1182,586,954,212,165,125,117,43,143,0,0,0,0,0,0,0,0,0,0,0,0,0,0,0,0,6558,0,0,0,0,0,0,0,0
2021-01-09T23:59:59+01:00,0,0,166,168,327,503,332,729,408,1001,498,805,148,108,73,73,29,105,0,0,0,0,0,0,0,0,0,0,0,0,0,0,0,0,5473,0,0,0,0,0,0,0,0
2021-01-08T23:59:59+01:00,0,0,98,78,231,352,245,435,294,669,340,511,80,67,49,58,22,93,0,0,0,0,0,0,0,0,0,0,0,0,0,0,0,0,3622,0,0,0,0,0,0,0,0
2021-01-07T23:59:59+01:00,0,0,12,11,54,97,72,124,94,194,122,180,41,35,33,50,19,93,0,0,0,0,0,0,0,0,0,0,0,0,0,0,0,0,1231,0,0,0,0,0,0,0,0
2021-01-06T23:59:59+01:00,0,0,8,4,9,23,17,46,23,91,53,109,35,32,32,50,19,93,0,0,0,0,0,0,0,0,0,0,0,0,0,0,0,0,644,0,0,0,0,0,0,0,0
2021-01-05T23:59:59+01:00,0,0,8,4,9,23,17,46,22,91,51,109,35,32,32,50,19,93,0,0,0,0,0,0,0,0,0,0,0,0,0,0,0,0,641,0,0,0,0,0,0,0,0
2021-01-04T23:59:59+01:00,0,0,6,1,5,13,11,23,14,41,23,48,18,16,11,15,6,20,0,0,0,0,0,0,0,0,0,0,0,0,0,0,0,0,271,0,0,0,0,0,0,0,0
2021-01-03T23:59:59+01:00,0,0,6,1,5,13,11,23,14,41,23,48,18,16,11,15,6,20,0,0,0,0,0,0,0,0,0,0,0,0,0,0,0,0,271,0,0,0,0,0,0,0,0
2021-01-02T23:59:59+01:00,0,0,6,1,5,13,11,23,14,41,23,48,18,16,11,15,6,20,0,0,0,0,0,0,0,0,0,0,0,0,0,0,0,0,271,0,0,0,0,0,0,0,0
2021-01-01T23:59:59+01:00,0,0,6,1,5,13,11,23,14,41,23,48,18,16,11,15,6,20,0,0,0,0,0,0,0,0,0,0,0,0,0,0,0,0,271,0,0,0,0,0,0,0,0
2020-12-31T23:59:59+01:00,0,0,6,1,5,13,11,23,14,41,23,48,18,16,11,15,6,20,0,0,0,0,0,0,0,0,0,0,0,0,0,0,0,0,271,0,0,0,0,0,0,0,0
2020-12-30T23:59:59+01:00,0,0,6,1,5,13,11,23,14,41,23,48,18,16,11,15,6,20,0,0,0,0,0,0,0,0,0,0,0,0,0,0,0,0,271,0,0,0,0,0,0,0,0
2020-12-29T23:59:59+01:00,0,0,6,1,5,13,11,23,14,41,23,48,18,16,11,15,6,20,0,0,0,0,0,0,0,0,0,0,0,0,0,0,0,0,271,0,0,0,0,0,0,0,0
2020-12-28T23:59:59+01:00,0,0,6,1,5,13,11,23,14,41,23,48,18,16,11,15,6,20,0,0,0,0,0,0,0,0,0,0,0,0,0,0,0,0,271,0,0,0,0,0,0,0,0
2020-12-27T23:59:59+01:00,0,0,6,1,4,12,11,23,14,41,23,48,18,15,11,15,6,20,0,0,0,0,0,0,0,0,0,0,0,0,0,0,0,0,268,0,0,0,0,0,0,0,0
