Datum,<15_1_m,<15_1_w,15-24_1_m,15-24_1_w,25-34_1_m,25-34_1_w,35-44_1_m,35-44_1_w,45-54_1_m,45-54_1_w,55-64_1_m,55-64_1_w,65-74_1_m,65-74_1_w,75-84_1_m,75-84_1_w,>84_1_m,>84_1_w,<15_2_m,<15_2_w,15-24_2_m,15-24_2_w,25-34_2_m,25-34_2_w,35-44_2_m,35-44_2_w,45-54_2_m,45-54_2_w,55-64_2_m,55-64_2_w,65-74_2_m,65-74_2_w,75-84_2_m,75-84_2_w,>84_2_m,>84_2_w,bp_1,bp_2,mo_1,mo_2,az_1,az_2,ja,unb_1,unb_2
2021-12-10T23:59:59+01:00,4480,4241,17144,15433,19489,17871,20509,20196,23089,22928,23983,22776,15252,16516,10390,12708,3182,5548,2375,2339,15485,14157,18155,16369,19403,18961,22215,21948,23284,22045,14866,16045,10161,12410,3076,5357,204006,188508,23382,22719,35612,34665,12729,24,30
2021-12-09T23:59:59+01:00,4456,4215,17124,15425,19476,17852,20496,20182,23076,22917,23977,22759,15236,16506,10380,12693,3180,5541,2338,2295,15405,14095,18096,16292,19343,18896,22168,21901,23247,22018,14840,16022,10145,12395,3073,5350,203769,187786,23375,22709,35612,34665,12729,24,30
2021-12-08T23:59:59+01:00,4428,4183,17087,15390,19447,17809,20476,20142,23061,22894,23962,22743,15217,16488,10368,12682,3177,5536,2317,2264,15311,14011,18024,16208,19276,18847,22128,21870,23220,21992,14830,16007,10141,12392,3073,5343,203371,187132,23373,22700,35612,34665,12727,24,30
2021-12-07T23:59:59+01:00,4410,4161,17084,15389,19446,17804,20476,20142,23061,22893,23961,22740,15213,16488,10367,12680,3177,5536,2311,2261,15308,14010,18020,16205,19272,18847,22125,21869,23219,21987,14830,16006,10140,12390,3073,5343,203312,187097,23373,22700,35612,34665,12724,24,30
2021-12-06T23:59:59+01:00,4376,4129,17062,15368,19423,17777,20457,20121,23046,22877,23946,22722,15204,16477,10362,12671,3173,5533,2275,2209,15164,13917,17924,16115,19206,18786,22072,21819,23188,21965,14816,15993,10134,12376,3071,5341,203011,186257,23370,22695,35612,34665,12724,24,30
2021-12-05T23:59:59+01:00,4363,4111,17042,15358,19406,17760,20444,20096,23033,22866,23930,22711,15194,16468,10353,12668,3172,5527,2251,2170,14981,13780,17786,16012,19127,18710,22023,21770,23157,21935,14812,15980,10132,12373,3069,5340,202794,185303,23367,22689,35612,34665,12722,24,29
2021-12-04T23:59:59+01:00,4363,4111,17042,15357,19406,17759,20444,20095,23032,22866,23930,22711,15194,16468,10353,12668,3172,5527,2250,2167,14980,13779,17785,16012,19127,18710,22022,21768,23156,21934,14812,15980,10132,12373,3069,5340,202790,185291,23367,22689,35612,34665,12722,24,29
2021-12-03T23:59:59+01:00,4201,3959,17012,15336,19376,17732,20420,20063,23015,22849,23909,22701,15187,16460,10349,12662,3167,5525,2230,2141,14896,13720,17723,15977,19080,18678,21987,21735,23132,21917,14808,15977,10126,12368,3068,5339,202220,184803,23362,22683,35612,34665,12722,24,29
2021-12-02T23:59:59+01:00,4082,3841,16978,15291,19348,17679,20394,20015,22989,22822,23887,22678,15174,16443,10335,12645,3162,5518,2200,2107,14834,13662,17671,15916,19041,18631,21960,21701,23112,21903,14802,15973,10122,12361,3063,5337,201592,184303,23351,22680,35612,34665,12719,24,29
2021-12-01T23:59:59+01:00,4051,3811,16945,15272,19328,17644,20375,19992,22973,22811,23863,22657,15160,16425,10327,12637,3159,5511,2157,2076,14666,13550,17543,15814,18953,18538,21886,21648,23065,21872,14777,15950,10108,12349,3061,5335,201255,183259,23350,22678,35612,34665,12717,24,29
2021-11-30T23:59:59+01:00,3793,3607,16921,15246,19307,17611,20347,19965,22955,22794,23847,22645,15150,16410,10323,12626,3158,5500,2125,2041,14558,13444,17449,15738,18896,18483,21847,21604,23034,21845,14762,15938,10101,12345,3060,5332,200519,182514,23350,22677,35612,34665,12717,24,29
2021-11-29T23:59:59+01:00,3777,3593,16896,15224,19277,17582,20325,19948,22943,22774,23837,22634,15137,16402,10316,12620,3158,5498,2109,2022,14464,13374,17366,15666,18841,18438,21797,21564,23000,21819,14752,15925,10095,12339,3060,5329,200258,181873,23348,22677,35612,34665,12716,24,29
2021-11-28T23:59:59+01:00,3755,3573,16866,15199,19257,17555,20306,19931,22931,22758,23815,22623,15126,16394,10312,12615,3158,5495,2100,2011,14433,13350,17343,15645,18823,18422,21786,21559,22993,21813,14749,15920,10094,12337,3060,5329,199987,181680,23347,22677,35612,34665,12716,24,29
2021-11-27T23:59:59+01:00,3755,3572,16866,15199,19257,17554,20306,19931,22931,22758,23815,22623,15126,16394,10312,12615,3158,5495,2100,2011,14433,13350,17343,15645,18823,18422,21786,21559,22993,21813,14749,15920,10094,12337,3060,5329,199985,181680,23347,22677,35612,34665,12716,24,29
2021-11-26T23:59:59+01:00,3228,3129,16831,15169,19234,17514,20287,19906,22915,22742,23804,22605,15120,16386,10308,12606,3158,5490,2086,2001,14384,13306,17306,15626,18795,18398,21759,21543,22982,21807,14746,15916,10094,12334,3059,5329,198758,181389,23343,22676,35612,34665,12712,24,29
2021-11-25T23:59:59+01:00,2830,2803,16794,15124,19202,17458,20253,19866,22896,22721,23784,22582,15109,16375,10298,12590,3153,5487,2070,1987,14328,13271,17252,15588,18767,18365,21735,21525,22978,21796,14741,15911,10094,12329,3058,5326,197655,181048,23339,22667,35612,34665,12712,24,29
2021-11-24T23:59:59+01:00,2805,2764,16747,15087,19154,17408,20218,19824,22867,22686,23760,22552,15097,16346,10286,12577,3149,5482,2063,1977,14296,13234,17207,15553,18751,18347,21716,21509,22966,21782,14736,15908,10092,12328,3058,5325,197139,180775,23339,22667,35612,34665,12712,24,29
2021-11-23T23:59:59+01:00,2764,2731,16712,15062,19136,17369,20197,19800,22850,22664,23746,22541,15088,16334,10280,12568,3147,5481,2054,1968,14275,13212,17182,15537,18741,18336,21704,21504,22960,21778,14732,15903,10091,12327,3057,5325,196802,180613,23337,22667,35612,34665,12712,24,29
2021-11-22T23:59:59+01:00,2743,2709,16685,15039,19110,17342,20168,19776,22830,22643,23731,22527,15081,16324,10278,12559,3144,5478,2052,1963,14266,13207,17173,15524,18725,18324,21692,21496,22955,21776,14730,15903,10091,12326,3057,5325,196516,180528,23336,22667,35612,34665,12696,24,29
2021-11-21T23:59:59+01:00,2732,2691,16664,15025,19084,17317,20147,19754,22816,22628,23714,22514,15076,16314,10273,12553,3143,5475,2050,1961,14263,13201,17168,15514,18720,18317,21688,21494,22952,21770,14726,15901,10091,12322,3056,5325,196278,180471,23333,22666,35612,34663,12690,24,29
2021-11-20T23:59:59+01:00,2708,2661,16622,15000,19052,17290,20123,19728,22797,22612,23701,22499,15063,16304,10269,12547,3141,5473,2049,1958,14254,13198,17164,15510,18718,18316,21684,21489,22949,21769,14726,15901,10090,12322,3055,5325,195952,180435,23331,22662,35612,34663,12688,24,29
2021-11-19T23:59:59+01:00,2651,2598,16499,14921,18973,17200,20048,19647,22752,22558,23672,22463,15042,16279,10259,12541,3139,5468,2037,1943,14197,13164,17103,15471,18691,18299,21662,21468,22941,21758,14725,15895,10088,12320,3054,5324,195101,180102,23305,22661,35612,34663,12685,24,29
2021-11-18T23:59:59+01:00,2577,2521,16396,14805,18880,17084,19972,19562,22696,22502,23631,22418,15024,16239,10251,12530,3138,5460,2025,1926,14156,13114,17038,15438,18639,18269,21624,21438,22916,21745,14723,15887,10086,12317,3052,5321,194116,179687,23271,22655,35612,34663,12680,24,29
2021-11-17T23:59:59+01:00,2534,2479,16292,14716,18797,16989,19901,19494,22646,22450,23588,22383,15000,16212,10242,12516,3135,5452,2010,1911,14119,13095,17021,15417,18623,18253,21610,21429,22902,21737,14718,15880,10081,12313,3051,5320,193260,179465,23268,22655,35612,34662,12679,24,29
2021-11-16T23:59:59+01:00,2511,2447,16225,14656,18741,16924,19863,19451,22615,22413,23560,22363,14989,16198,10238,12507,3132,5449,2004,1905,14105,13087,17010,15403,18613,18241,21604,21424,22894,21734,14713,15878,10081,12311,3051,5318,192721,179352,23263,22654,35612,34662,12679,24,29
2021-11-15T23:59:59+01:00,2489,2402,16135,14598,18661,16844,19803,19394,22572,22374,23536,22346,14981,16183,10230,12496,3130,5447,2001,1898,14093,13077,16994,15395,18608,18233,21590,21412,22885,21731,14708,15876,10080,12308,3051,5314,192068,179235,23260,22654,35612,34662,12674,24,29
2021-11-14T23:59:59+01:00,2462,2371,16020,14511,18560,16767,19746,19344,22523,22337,23489,22307,14969,16171,10224,12491,3127,5445,2000,1894,14084,13070,16990,15391,18599,18223,21585,21411,22880,21724,14707,15875,10079,12308,3051,5314,191337,179175,23241,22652,35612,34662,12667,24,29
2021-11-13T23:59:59+01:00,2462,2370,16018,14511,18556,16764,19746,19342,22523,22337,23489,22302,14969,16171,10223,12491,3126,5445,2000,1894,14084,13070,16990,15391,18599,18221,21585,21411,22880,21724,14707,15875,10079,12308,3051,5314,191320,179174,23240,22652,35612,34662,12666,24,29
2021-11-12T23:59:59+01:00,2413,2311,15781,14349,18399,16641,19642,19230,22442,22251,23436,22260,14956,16156,10216,12483,3124,5441,1965,1867,14010,13014,16931,15343,18563,18190,21559,21391,22862,21711,14701,15868,10077,12305,3051,5313,190049,178737,23203,22632,35611,34662,12661,24,29
2021-11-11T23:59:59+01:00,2324,2223,15442,14105,18145,16436,19474,19059,22326,22121,23380,22196,14921,16124,10202,12464,3121,5436,1953,1850,13950,12976,16882,15313,18538,18169,21536,21361,22843,21695,14695,15862,10071,12301,3050,5312,188138,178396,23089,22616,35611,34662,12654,24,29
2021-11-10T23:59:59+01:00,2288,2197,15167,13896,17931,16258,19327,18920,22204,22025,23295,22134,14899,16093,10192,12448,3118,5431,1935,1831,13877,12922,16825,15267,18498,18137,21514,21344,22831,21680,14687,15852,10068,12296,3049,5309,186509,177973,23051,22614,35611,34662,12644,24,29
2021-11-09T23:59:59+01:00,2260,2169,15133,13861,17917,16229,19302,18894,22183,22009,23280,22125,14893,16089,10189,12444,3115,5427,1927,1826,13861,12906,16815,15252,18487,18126,21505,21332,22823,21676,14681,15848,10067,12293,3048,5308,186235,177859,23048,22614,35611,34662,12617,24,29
2021-11-08T23:59:59+01:00,2258,2157,15114,13840,17897,16209,19288,18880,22173,21992,23270,22116,14890,16088,10189,12441,3114,5426,1924,1820,13847,12880,16806,15242,18481,18118,21499,21325,22818,21669,14680,15848,10067,12292,3047,5306,186058,177751,23048,22610,35611,34662,12617,24,29
2021-11-07T23:59:59+01:00,2248,2151,15100,13825,17885,16203,19284,18870,22162,21987,23263,22109,14889,16085,10186,12438,3112,5425,1923,1818,13844,12875,16803,15239,18481,18110,21498,21321,22818,21667,14679,15848,10066,12292,3047,5306,185938,177719,23048,22610,35611,34660,12617,24,29
2021-11-06T23:59:59+01:00,2247,2150,15096,13825,17883,16200,19282,18870,22160,21987,23262,22108,14888,16085,10186,12438,3112,5425,1923,1818,13843,12873,16801,15239,18479,18109,21498,21319,22818,21667,14679,15848,10066,12292,3047,5306,185920,177709,23048,22610,35611,34660,12617,24,29
2021-11-05T23:59:59+01:00,2206,2100,14939,13714,17756,16083,19181,18799,22081,21926,23226,22075,14876,16066,10182,12435,3110,5422,1896,1792,13763,12819,16759,15214,18454,18081,21485,21305,22804,21658,14677,15841,10063,12290,3046,5304,184924,177350,23029,22607,35611,34660,12605,24,29
2021-11-04T23:59:59+01:00,2153,2054,14749,13583,17581,15960,19056,18697,21994,21855,23186,22047,14868,16057,10174,12428,3109,5419,1878,1765,13707,12762,16718,15173,18418,18038,21458,21286,22783,21642,14670,15831,10060,12288,3043,5301,183785,176954,22981,22593,35611,34660,12585,24,29
2021-11-03T23:59:59+01:00,2137,2031,14702,13542,17533,15924,19032,18673,21971,21828,23175,22034,14862,16056,10173,12427,3109,5419,1855,1744,13630,12713,16650,15124,18381,18002,21424,21260,22754,21622,14663,15820,10053,12281,3042,5299,183469,176473,22975,22590,35611,34660,12565,24,29
2021-11-02T23:59:59+01:00,2118,2021,14679,13520,17511,15900,19018,18658,21951,21816,23170,22030,14857,16053,10171,12426,3109,5417,1833,1732,13602,12680,16627,15105,18359,17979,21410,21247,22747,21605,14659,15816,10051,12276,3042,5299,183273,176229,22970,22588,35611,34660,12563,24,29
2021-11-01T23:59:59+01:00,2118,2017,14667,13513,17499,15889,19011,18654,21942,21807,23167,22027,14857,16053,10170,12424,3109,5417,1827,1728,13587,12665,16615,15099,18352,17973,21401,21243,22746,21601,14658,15815,10050,12274,3042,5299,183212,176160,22970,22586,35611,34660,12540,24,29
2021-10-31T23:59:59+01:00,2118,2017,14667,13513,17499,15889,19011,18654,21942,21807,23167,22027,14857,16052,10170,12424,3109,5417,1827,1728,13587,12665,16615,15099,18351,17973,21401,21243,22746,21601,14658,15815,10050,12274,3042,5299,183211,176159,22970,22586,35611,34660,12540,24,29
2021-10-30T23:59:59+02:00,2118,2017,14666,13513,17499,15889,19011,18654,21940,21807,23167,22027,14856,16051,10170,12423,3109,5417,1825,1727,13587,12665,16614,15099,18351,17972,21400,21242,22746,21601,14658,15814,10050,12274,3041,5299,183205,176150,22970,22586,35611,34660,12540,24,29
2021-10-29T23:59:59+02:00,2108,2004,14578,13456,17403,15838,18930,18620,21894,21778,23144,22010,14854,16047,10170,12422,3108,5417,1819,1725,13569,12653,16605,15088,18338,17965,21391,21234,22743,21593,14657,15813,10048,12273,3041,5299,182659,176045,22968,22585,35611,34660,12535,24,29
2021-10-28T23:59:59+02:00,2093,1977,14467,13371,17275,15759,18850,18563,21826,21724,23107,21988,14847,16041,10166,12421,3108,5411,1806,1713,13532,12623,16567,15056,18305,17936,21371,21213,22724,21581,14648,15804,10046,12267,3041,5298,181965,175816,22968,22584,35611,34660,12442,24,29
2021-10-27T23:59:59+02:00,2081,1973,14442,13355,17250,15736,18825,18547,21808,21714,23095,21983,14846,16034,10159,12413,3105,5411,1798,1708,13491,12586,16536,15037,18281,17916,21349,21200,22711,21574,14645,15795,10042,12262,3041,5296,181809,175612,22966,22584,35611,34660,12383,24,29
2021-10-26T23:59:59+02:00,2075,1968,14437,13348,17248,15728,18813,18541,21803,21712,23091,21982,14842,16034,10159,12413,3105,5410,1790,1702,13473,12562,16530,15025,18276,17908,21342,21194,22708,21572,14642,15793,10037,12259,3040,5296,181744,175494,22964,22584,35611,34660,12382,24,29
2021-10-25T23:59:59+02:00,2075,1968,14433,13345,17244,15727,18812,18538,21800,21711,23090,21982,14842,16034,10159,12412,3104,5410,1789,1702,13470,12561,16527,15023,18275,17906,21339,21193,22707,21572,14642,15793,10037,12258,3039,5296,181739,175493,22964,22584,35611,34659,12364,24,29
2021-10-24T23:59:59+02:00,2075,1966,14430,13344,17241,15727,18811,18537,21799,21710,23090,21981,14840,16033,10159,12412,3104,5409,1788,1702,13470,12561,16526,15023,18274,17906,21338,21193,22705,21570,14640,15790,10036,12255,3037,5287,181723,175466,22963,22584,35611,34659,12363,24,29
2021-10-23T23:59:59+02:00,2075,1966,14429,13344,17239,15726,18811,18537,21798,21710,23090,21981,14840,16033,10159,12412,3104,5408,1788,1702,13470,12561,16526,15023,18274,17906,21338,21193,22705,21570,14640,15790,10036,12255,3037,5287,181717,175466,22963,22584,35611,34659,12363,24,29
2021-10-22T23:59:59+02:00,2055,1939,14368,13303,17182,15676,18768,18504,21766,21684,23071,21970,14834,16026,10158,12412,3104,5407,1774,1688,13438,12534,16505,15002,18259,17887,21326,21176,22699,21562,14639,15786,10033,12254,3036,5286,181285,175256,22961,22578,35611,34659,12362,24,29
2021-10-21T23:59:59+02:00,2046,1923,14301,13264,17119,15632,18728,18472,21743,21657,23046,21955,14830,16024,10156,12407,3103,5405,1764,1674,13395,12512,16473,14972,18236,17861,21317,21165,22686,21546,14634,15780,10031,12246,3035,5285,180909,175022,22959,22578,35611,34659,12324,24,29
2021-10-20T23:59:59+02:00,2031,1912,14279,13252,17106,15613,18716,18458,21734,21649,23038,21952,14827,16019,10155,12401,3101,5403,1749,1650,13332,12461,16438,14936,18209,17819,21304,21145,22667,21530,14628,15769,10025,12241,3033,5280,180749,174631,22959,22578,35611,34659,12319,24,29
2021-10-19T23:59:59+02:00,2017,1902,14263,13238,17095,15599,18711,18452,21727,21644,23029,21946,14822,16011,10152,12399,3101,5402,1738,1648,13310,12432,16423,14913,18198,17806,21291,21133,22658,21520,14627,15760,10019,12238,3031,5279,180636,174462,22959,22578,35611,34659,12296,24,29
2021-10-18T23:59:59+02:00,2003,1889,14244,13214,17079,15589,18706,18446,21720,21635,23024,21943,14818,16008,10152,12398,3101,5401,1729,1637,13287,12399,16406,14886,18183,17797,21282,21125,22652,21519,14621,15760,10014,12232,3029,5278,180520,174314,22958,22561,35611,34659,12273,24,29
2021-10-17T23:59:59+02:00,2002,1887,14244,13212,17077,15589,18705,18444,21718,21630,23024,21940,14818,16005,10152,12398,3101,5401,1728,1634,13286,12394,16400,14882,18181,17791,21279,21120,22650,21516,14620,15759,10013,12230,3027,5275,180500,174263,22958,22561,35608,34659,12273,24,29
2021-10-16T23:59:59+02:00,2002,1887,14244,13212,17077,15589,18705,18444,21718,21630,23024,21940,14818,16005,10152,12398,3101,5401,1728,1634,13286,12394,16400,14881,18181,17791,21279,21120,22650,21516,14619,15759,10013,12230,3027,5275,180500,174261,22958,22561,35608,34659,12273,24,29
2021-10-15T23:59:59+02:00,1995,1874,14201,13179,17044,15560,18686,18426,21702,21618,23015,21933,14817,16001,10151,12394,3101,5399,1684,1606,13220,12328,16352,14828,18146,17763,21251,21088,22629,21498,14609,15746,10009,12223,3026,5270,180277,173790,22938,22533,35608,34659,12265,24,29
2021-10-14T23:59:59+02:00,1983,1861,14147,13141,16996,15516,18657,18398,21680,21605,23001,21919,14807,15991,10150,12391,3099,5395,1625,1555,13102,12199,16295,14746,18083,17690,21211,21038,22596,21458,14593,15730,10002,12211,3024,5265,179942,173009,22918,22466,35608,34659,12261,24,28
2021-10-13T23:59:59+02:00,1973,1850,14115,13105,16973,15480,18633,18378,21668,21595,22989,21913,14802,15984,10148,12388,3099,5391,1604,1537,13057,12144,16252,14688,18045,17645,21191,21017,22576,21442,14583,15718,9997,12205,3020,5259,179720,172597,22918,22466,35608,34659,12230,24,28
2021-10-12T23:59:59+02:00,1966,1841,14092,13094,16955,15468,18626,18366,21661,21588,22985,21905,14799,15982,10148,12386,3099,5390,1596,1522,13031,12116,16231,14666,18032,17630,21182,21008,22567,21436,14574,15713,9995,12204,3019,5257,179615,172424,22918,22466,35608,34659,12202,24,28
2021-10-11T23:59:59+02:00,1953,1836,14072,13069,16947,15464,18620,18355,21655,21582,22979,21900,14797,15980,10147,12383,3099,5389,1592,1511,13001,12095,16213,14645,18015,17605,21170,20993,22563,21425,14569,15709,9991,12201,3019,5256,179495,172222,22918,22466,35608,34659,12198,24,28
2021-10-10T23:59:59+02:00,1949,1835,14065,13061,16936,15461,18612,18349,21653,21579,22976,21896,14796,15979,10147,12383,3099,5389,1588,1505,12989,12080,16194,14639,18007,17598,21168,20989,22557,21417,14566,15704,9990,12198,3018,5255,179462,172141,22918,22465,35608,34659,12169,24,28
2021-10-09T23:59:59+02:00,1949,1835,14064,13060,16935,15461,18612,18349,21653,21578,22976,21896,14796,15979,10147,12383,3099,5389,1588,1505,12989,12080,16194,14639,18007,17598,21168,20989,22557,21417,14566,15704,9990,12198,3018,5255,179458,172141,22918,22465,35608,34659,12169,24,28
2021-10-08T23:59:59+02:00,1935,1822,14011,13033,16906,15447,18593,18328,21633,21561,22963,21882,14791,15977,10142,12381,3099,5388,1565,1482,12942,12040,16167,14607,17973,17568,21143,20953,22538,21406,14562,15697,9988,12192,3018,5252,179189,171773,22918,22464,35608,34659,12169,24,28
2021-10-07T23:59:59+02:00,1913,1804,13962,12984,16866,15419,18560,18297,21605,21539,22943,21871,14786,15969,10138,12375,3098,5385,1532,1437,12873,11955,16114,14540,17926,17521,21107,20912,22519,21385,14549,15681,9979,12182,3017,5246,178825,171169,22918,22464,35608,34659,12155,24,28
2021-10-06T23:59:59+02:00,1905,1796,13920,12944,16860,15413,18556,18290,21602,21534,22936,21864,14783,15965,10136,12372,3097,5385,1515,1428,12838,11924,16109,14516,17918,17504,21095,20906,22514,21382,14548,15673,9977,12179,3017,5244,178676,170985,22915,22464,35608,34659,12151,24,28
2021-10-05T23:59:59+02:00,1891,1782,13886,12912,16829,15384,18528,18276,21584,21516,22929,21852,14771,15955,10132,12366,3097,5384,1498,1410,12778,11865,16062,14469,17879,17468,21071,20879,22495,21358,14535,15660,9976,12173,3015,5242,178470,170610,22913,22461,35608,34659,12075,24,28
2021-10-04T23:59:59+02:00,1878,1769,13863,12881,16814,15372,18517,18260,21575,21509,22921,21843,14767,15952,10129,12365,3097,5383,1492,1394,12732,11833,16034,14438,17864,17447,21059,20860,22491,21344,14530,15651,9975,12169,3013,5239,178322,170373,22913,22461,35608,34659,12044,24,28
2021-10-03T23:59:59+02:00,1877,1769,13861,12880,16813,15369,18517,18259,21573,21508,22920,21843,14767,15952,10129,12365,3097,5382,1492,1394,12731,11830,16028,14435,17863,17444,21058,20857,22491,21342,14530,15651,9973,12169,3013,5238,178311,170352,22913,22461,35608,34658,12041,24,27
2021-10-02T23:59:59+02:00,1876,1769,13860,12880,16813,15369,18517,18259,21573,21506,22919,21843,14767,15951,10129,12365,3096,5382,1492,1394,12730,11830,16028,14435,17863,17444,21058,20857,22491,21342,14530,15650,9973,12168,3013,5238,178304,170349,22913,22461,35608,34658,12041,24,27
2021-10-01T23:59:59+02:00,1868,1757,13823,12849,16774,15344,18492,18233,21552,21484,22903,21839,14763,15950,10127,12363,3095,5381,1480,1386,12697,11806,15996,14407,17840,17424,21035,20842,22476,21333,14526,15649,9970,12167,3012,5238,178083,170152,22912,22461,35608,34658,11986,24,27
2021-09-30T23:59:59+02:00,1850,1739,13755,12806,16712,15295,18457,18192,21524,21462,22879,21819,14750,15943,10125,12357,3095,5380,1460,1353,12617,11744,15935,14341,17813,17373,20996,20815,22444,21318,14506,15634,9965,12160,3011,5236,177739,169702,22912,22461,35608,34658,11873,24,27
2021-09-29T23:59:59+02:00,1839,1727,13703,12767,16673,15260,18428,18162,21501,21443,22863,21799,14744,15935,10121,12351,3093,5379,1447,1338,12574,11705,15898,14300,17789,17348,20981,20798,22436,21311,14505,15627,9963,12154,3010,5233,177447,169457,22911,22461,35608,34658,11814,24,27
2021-09-28T23:59:59+02:00,1830,1723,13691,12739,16666,15247,18415,18152,21493,21434,22858,21797,14742,15929,10117,12348,3090,5375,1418,1315,12537,11668,15877,14279,17772,17328,20965,20783,22430,21302,14502,15624,9963,12150,3008,5231,177306,169195,22911,22461,35608,34658,11811,24,27
2021-09-27T23:59:59+02:00,1823,1717,13674,12708,16653,15228,18404,18138,21480,21425,22855,21789,14740,15924,10114,12345,3088,5374,1406,1305,12523,11636,15853,14264,17761,17316,20961,20777,22424,21296,14497,15616,9962,12148,3007,5228,177146,169028,22909,22461,35608,34658,11806,24,27
2021-09-26T23:59:59+02:00,1814,1714,13658,12693,16642,15219,18395,18134,21474,21411,22846,21785,14738,15921,10112,12339,3086,5370,1405,1300,12511,11626,15846,14260,17756,17315,20959,20773,22422,21294,14496,15615,9960,12146,3006,5228,177021,168970,22909,22460,35608,34658,11803,24,27
2021-09-25T23:59:59+02:00,1814,1714,13658,12693,16642,15219,18395,18134,21474,21411,22846,21785,14738,15921,10112,12339,3086,5370,1405,1300,12511,11625,15846,14260,17756,17315,20959,20773,22422,21294,14496,15615,9960,12146,3006,5228,177021,168969,22909,22460,35608,34658,11803,24,27
2021-09-24T23:59:59+02:00,1802,1708,13621,12637,16607,15181,18369,18113,21453,21388,22828,21775,14734,15916,10110,12336,3086,5369,1389,1286,12480,11582,15816,14227,17733,17288,20939,20759,22406,21282,14488,15606,9954,12140,3005,5226,176779,168733,22908,22460,35608,34658,11728,24,27
2021-09-23T23:59:59+02:00,1778,1688,13561,12576,16557,15123,18326,18072,21417,21356,22807,21746,14726,15906,10107,12329,3085,5361,1380,1279,12443,11552,15793,14199,17711,17273,20915,20746,22390,21270,14479,15597,9947,12137,3004,5222,176331,168528,22908,22460,35608,34658,11664,24,27
2021-09-22T23:59:59+02:00,1765,1673,13506,12531,16528,15090,18306,18033,21406,21335,22794,21736,14711,15897,10102,12325,3080,5357,1376,1274,12404,11528,15769,14178,17692,17245,20906,20726,22380,21259,14470,15585,9944,12132,3004,5222,175990,168289,22907,22460,35608,34658,11660,24,27
2021-09-21T23:59:59+02:00,1759,1669,13470,12509,16493,15062,18288,18003,21393,21316,22786,21727,14708,15888,10093,12322,3079,5352,1372,1267,12375,11505,15750,14153,17675,17220,20894,20715,22373,21248,14468,15579,9943,12126,3003,5221,175807,168160,22907,22458,35608,34658,11584,24,27
2021-09-20T23:59:59+02:00,1752,1663,13448,12484,16476,15038,18268,17988,21377,21306,22784,21720,14701,15881,10091,12314,3079,5350,1369,1263,12362,11493,15745,14138,17665,17210,20889,20708,22372,21244,14462,15570,9941,12124,3003,5219,175671,168101,22892,22453,35608,34658,11538,24,27
2021-09-19T23:59:59+02:00,1749,1657,13430,12467,16451,15014,18253,17983,21370,21298,22775,21710,14692,15876,10087,12309,3077,5345,1368,1263,12356,11490,15729,14121,17653,17208,20884,20702,22365,21240,14454,15568,9939,12120,3002,5218,175582,168092,22892,22452,35607,34658,11451,24,27
2021-09-18T23:59:59+02:00,1749,1654,13420,12462,16445,15008,18248,17977,21369,21296,22773,21709,14692,15876,10087,12309,3077,5344,1290,1188,12217,11317,15653,14009,17596,17137,20839,20664,22341,21212,14443,15553,9929,12108,3002,5216,175540,167132,22892,22452,35607,34658,11445,24,27
2021-09-17T23:59:59+02:00,1706,1607,13309,12363,16384,14926,18189,17913,21326,21247,22744,21683,14681,15860,10079,12297,3075,5338,1283,1183,12169,11269,15612,13977,17542,17086,20824,20640,22325,21194,14439,15541,9924,12102,3001,5215,174929,167042,22789,22209,35607,34658,11390,24,27
2021-09-16T23:59:59+02:00,1672,1563,13219,12266,16328,14845,18129,17852,21282,21192,22714,21647,14666,15841,10063,12285,3072,5334,1274,1178,12141,11245,15596,13960,17521,17061,20821,20622,22316,21183,14436,15536,9920,12100,3001,5214,174213,166882,22789,22209,35607,34658,11349,24,27
2021-09-15T23:59:59+02:00,1650,1545,13165,12228,16293,14814,18105,17817,21260,21166,22704,21634,14658,15828,10053,12278,3068,5324,1272,1170,12114,11228,15568,13937,17506,17033,20806,20607,22305,21171,14428,15531,9916,12099,3001,5210,173908,166734,22789,22209,35607,34658,11274,24,27
2021-09-14T23:59:59+02:00,1639,1533,13120,12191,16268,14790,18081,17790,21251,21144,22689,21624,14652,15817,10043,12270,3067,5323,1260,1163,12083,11191,15548,13914,17482,17006,20792,20591,22296,21155,14417,15525,9909,12099,3001,5209,173658,166520,22788,22209,35607,34658,11227,24,27
2021-09-13T23:59:59+02:00,1624,1516,13057,12142,16231,14752,18048,17755,21230,21120,22668,21607,14644,15812,10038,12262,3066,5322,1251,1157,12045,11160,15524,13889,17467,16993,20780,20577,22276,21149,14414,15517,9906,12093,2999,5207,173334,166356,22788,22209,35606,34658,11154,24,27
2021-09-12T23:59:59+02:00,1624,1514,13056,12139,16228,14752,18047,17751,21228,21119,22667,21605,14644,15811,10035,12258,3066,5318,1251,1157,12042,11156,15522,13889,17466,16992,20780,20577,22276,21148,14413,15516,9906,12092,2999,5207,173306,166344,22788,22209,35606,34658,11151,23,27
2021-09-11T23:59:59+02:00,1624,1514,13056,12139,16228,14752,18046,17751,21228,21119,22667,21604,14644,15811,10035,12258,3066,5318,1251,1157,12041,11156,15522,13889,17465,16992,20780,20577,22276,21148,14413,15516,9906,12092,2999,5207,173305,166343,22788,22209,35606,34658,11150,23,27
2021-09-10T23:59:59+02:00,1589,1481,13006,12096,16185,14704,18013,17713,21194,21083,22639,21585,14636,15797,10031,12253,3065,5315,1250,1156,12035,11146,15511,13877,17454,16987,20769,20566,22270,21143,14408,15508,9904,12088,2999,5204,172907,166309,22788,22208,35606,34658,11073,23,27
2021-09-09T23:59:59+02:00,1545,1427,12896,12008,16109,14607,17959,17648,21145,21036,22602,21555,14613,15769,10018,12243,3063,5312,1234,1134,11994,11108,15481,13846,17433,16958,20752,20548,22248,21128,14402,15497,9899,12082,2996,5204,172162,166063,22786,22207,35606,34657,10990,23,27
2021-09-08T23:59:59+02:00,1526,1414,12857,11962,16086,14576,17931,17615,21124,21017,22588,21541,14608,15759,10014,12236,3063,5309,1218,1127,11956,11065,15457,13819,17406,16931,20731,20527,22230,21107,14389,15489,9890,12075,2994,5202,171939,165838,22786,22206,35606,34657,10885,22,27
2021-09-07T23:59:59+02:00,1494,1386,12777,11893,16014,14531,17885,17564,21091,20996,22566,21515,14595,15751,10014,12230,3061,5304,1209,1117,11907,11030,15411,13796,17376,16908,20707,20507,22216,21092,14376,15483,9890,12070,2993,5202,171499,165636,22782,22200,35606,34657,10770,22,27
2021-09-06T23:59:59+02:00,1480,1364,12750,11864,15993,14504,17877,17549,21077,20984,22557,21507,14588,15741,10014,12225,3060,5301,1208,1114,11898,11016,15408,13785,17372,16903,20705,20505,22210,21089,14373,15481,9890,12066,2993,5202,171268,165564,22781,22200,35606,34657,10770,22,27
2021-09-05T23:59:59+02:00,1480,1363,12750,11861,15991,14501,17873,17547,21077,20983,22555,21506,14588,15739,10011,12224,3060,5301,1208,1114,11896,11016,15407,13783,17370,16901,20703,20505,22209,21088,14373,15481,9890,12066,2993,5201,171247,165554,22781,22200,35606,34657,10766,22,27
2021-09-04T23:59:59+02:00,1480,1363,12750,11861,15991,14501,17873,17547,21077,20982,22555,21506,14588,15738,10011,12224,3060,5301,1208,1114,11896,11016,15407,13783,17370,16901,20703,20504,22209,21088,14373,15480,9890,12066,2993,5201,171247,165554,22781,22200,35606,34657,10764,22,27
2021-09-03T23:59:59+02:00,1457,1335,12686,11797,15957,14454,17835,17512,21045,20954,22532,21481,14573,15724,10005,12215,3057,5299,1161,1049,11791,10923,15357,13722,17341,16858,20673,20480,22187,21069,14360,15472,9885,12058,2992,5200,170873,165051,22781,22200,35606,34652,10648,22,27
2021-09-02T23:59:59+02:00,1447,1325,12634,11768,15908,14413,17807,17477,21014,20931,22512,21469,14566,15700,9996,12209,3055,5297,1151,1047,11760,10900,15328,13695,17317,16832,20652,20464,22176,21060,14358,15457,9881,12054,2991,5198,170631,164942,22781,22200,35606,34652,10500,22,27
2021-09-01T23:59:59+02:00,1440,1321,12602,11745,15892,14388,17800,17464,21011,20928,22506,21466,14564,15693,9994,12205,3054,5295,1145,1044,11747,10881,15319,13683,17308,16825,20647,20457,22171,21053,14356,15457,9880,12052,2991,5198,170477,164840,22780,22200,35606,34652,10495,22,27
2021-08-31T23:59:59+02:00,1427,1306,12548,11708,15861,14340,17772,17439,20986,20913,22484,21456,14557,15688,9993,12200,3053,5295,1141,1038,11699,10847,15288,13641,17280,16789,20624,20436,22146,21038,14351,15456,9875,12049,2990,5197,170296,164674,22780,22199,35606,34652,10333,22,27
2021-08-30T23:59:59+02:00,1420,1304,12535,11681,15844,14324,17757,17428,20964,20894,22474,21445,14550,15683,9989,12195,3053,5293,1129,1027,11663,10808,15258,13612,17268,16766,20601,20421,22138,21028,14345,15453,9871,12044,2990,5196,170221,164526,22780,22199,35606,34651,10215,22,27
2021-08-29T23:59:59+02:00,1420,1304,12533,11681,15841,14324,17756,17428,20963,20894,22474,21445,14550,15683,9989,12195,3053,5293,1128,1027,11662,10806,15254,13611,17268,16766,20599,20421,22137,21028,14345,15453,9871,12044,2990,5196,170216,164516,22780,22199,35606,34651,10213,22,27
2021-08-28T23:59:59+02:00,1420,1304,12533,11681,15841,14324,17756,17428,20963,20894,22474,21445,14550,15683,9989,12195,3053,5293,1128,1027,11661,10806,15254,13611,17267,16766,20599,20421,22137,21028,14345,15453,9871,12044,2990,5196,170216,164514,22780,22199,35606,34651,10213,22,27
2021-08-27T23:59:59+02:00,1419,1298,12508,11662,15817,14302,17736,17405,20943,20885,22457,21431,14544,15677,9985,12189,3052,5291,1125,1024,11645,10795,15232,13595,17252,16749,20582,20413,22121,21015,14339,15448,9865,12037,2989,5194,170146,164486,22780,22199,35606,34650,10058,22,27
2021-08-26T23:59:59+02:00,1415,1294,12470,11636,15779,14274,17709,17391,20916,20865,22442,21418,14535,15672,9981,12183,3051,5289,1113,1011,11582,10729,15172,13542,17210,16721,20550,20386,22104,20993,14325,15435,9857,12033,2986,5192,170059,164202,22780,22198,35606,34650,9864,22,27
2021-08-25T23:59:59+02:00,1409,1291,12453,11619,15759,14259,17696,17374,20908,20856,22436,21407,14532,15664,9980,12180,3050,5289,1096,997,11520,10666,15120,13501,17188,16691,20539,20369,22089,20982,14320,15428,9854,12031,2984,5189,169928,163852,22780,22198,35606,34650,9837,22,27
2021-08-24T23:59:59+02:00,1401,1282,12426,11597,15731,14225,17679,17357,20892,20842,22419,21394,14526,15652,9975,12171,3046,5287,1089,991,11488,10643,15086,13463,17162,16675,20518,20346,22064,20972,14312,15416,9848,12023,2983,5187,169825,163711,22780,22198,35606,34650,9680,22,27
2021-08-23T23:59:59+02:00,1399,1278,12397,11580,15700,14199,17646,17339,20862,20832,22403,21380,14509,15639,9972,12167,3045,5286,1075,985,11421,10586,15025,13410,17116,16646,20483,20322,22042,20954,14292,15405,9843,12016,2982,5185,169785,163462,22779,22197,35606,34650,9452,22,27
2021-08-22T23:59:59+02:00,1398,1278,12396,11577,15697,14198,17646,17339,20861,20830,22402,21380,14507,15639,9972,12167,3045,5286,1074,985,11421,10582,15022,13408,17115,16644,20482,20322,22041,20954,14291,15405,9843,12016,2982,5185,169773,163450,22779,22196,35606,34650,9449,22,27
2021-08-21T23:59:59+02:00,1319,1203,12237,11382,15621,14072,17583,17252,20819,20788,22370,21336,14497,15623,9964,12154,3044,5282,1044,959,11325,10491,14958,13354,17078,16601,20451,20297,22018,20924,14279,15393,9836,12005,2980,5181,168704,162862,22779,22189,35606,34650,9446,22,27
2021-08-20T23:59:59+02:00,1313,1203,12214,11355,15606,14057,17560,17233,20812,20778,22361,21329,14494,15615,9964,12151,3044,5282,1036,954,11219,10416,14867,13279,16977,16493,20390,20242,21983,20891,14267,15374,9827,12000,2979,5181,168700,162778,22612,21492,35606,34636,9442,22,27
2021-08-19T23:59:59+02:00,1309,1199,12147,11304,15512,14007,17481,17178,20761,20738,22323,21286,14476,15600,9955,12138,3043,5278,1024,941,11115,10317,14758,13203,16875,16416,20331,20194,21942,20839,14244,15359,9818,11987,2977,5174,168582,162437,22612,21492,35606,34635,8923,22,27
2021-08-18T23:59:59+02:00,1302,1197,12126,11290,15500,13996,17475,17167,20751,20728,22321,21278,14474,15595,9953,12137,3043,5278,1012,935,11074,10277,14727,13178,16845,16387,20316,20181,21930,20835,14237,15352,9817,11986,2977,5174,168463,162168,22612,21492,35606,34635,8918,22,27
2021-08-17T23:59:59+02:00,1293,1191,12093,11265,15471,13970,17454,17142,20732,20717,22311,21263,14466,15590,9945,12134,3042,5277,998,923,10978,10209,14672,13120,16801,16344,20285,20157,21908,20812,14230,15344,9810,11976,2974,5174,168306,161744,22612,21490,35606,34634,8820,22,27
2021-08-16T23:59:59+02:00,1290,1187,12069,11240,15451,13946,17437,17125,20709,20693,22292,21254,14455,15579,9943,12131,3040,5276,978,905,10909,10136,14611,13056,16763,16306,20248,20122,21884,20792,14213,15331,9805,11962,2969,5171,168239,161363,22612,21489,35606,34634,8648,22,27
2021-08-15T23:59:59+02:00,1289,1187,12066,11239,15450,13944,17436,17124,20708,20692,22290,21253,14455,15578,9943,12131,3040,5275,977,905,10907,10126,14600,13051,16759,16304,20245,20121,21884,20792,14213,15331,9805,11962,2969,5171,168222,161325,22612,21488,35606,34634,8648,22,27
2021-08-14T23:59:59+02:00,1289,1187,12066,11238,15449,13944,17436,17124,20708,20692,22290,21253,14455,15578,9943,12131,3040,5275,964,901,10872,10091,14572,13028,16743,16287,20239,20112,21879,20788,14213,15331,9805,11962,2968,5171,168222,161130,22612,21488,35605,34634,8647,22,27
2021-08-13T23:59:59+02:00,1220,1113,11971,11134,15411,13900,17404,17078,20679,20666,22263,21229,14446,15566,9936,12124,3039,5273,942,891,10802,10030,14529,12969,16702,16250,20222,20090,21861,20772,14207,15318,9801,11954,2967,5170,167667,160773,22612,21487,35605,34634,8557,21,26
2021-08-12T23:59:59+02:00,1217,1108,11949,11124,15384,13880,17380,17049,20655,20649,22240,21205,14435,15554,9928,12116,3039,5270,928,878,10729,9960,14472,12904,16650,16204,20192,20066,21829,20742,14194,15303,9791,11942,2965,5166,167584,160399,22612,21486,35605,34634,8370,21,26
2021-08-11T23:59:59+02:00,1204,1101,11925,11100,15368,13869,17364,17035,20646,20638,22233,21194,14427,15549,9919,12111,3038,5268,884,853,10619,9854,14391,12816,16613,16160,20158,20038,21805,20730,14180,15288,9779,11929,2963,5162,167391,159710,22612,21483,35605,34633,8370,21,26
2021-08-10T23:59:59+02:00,1204,1089,11902,11083,15345,13853,17343,17021,20629,20624,22216,21182,14416,15544,9917,12107,3038,5266,872,842,10565,9802,14344,12780,16574,16137,20133,20014,21782,20708,14166,15276,9776,11926,2963,5158,167306,159432,22612,21482,35605,34633,8245,21,26
2021-08-09T23:59:59+02:00,1200,1082,11870,11052,15325,13834,17327,17001,20617,20614,22197,21172,14405,15540,9913,12101,3038,5264,863,828,10513,9742,14300,12745,16540,16106,20115,19998,21764,20700,14153,15268,9768,11919,2963,5153,167185,159159,22612,21482,35605,34632,8139,21,26
2021-08-08T23:59:59+02:00,1196,1081,11866,11047,15322,13832,17323,16998,20614,20609,22195,21171,14405,15538,9912,12100,3038,5264,863,828,10509,9741,14296,12739,16536,16102,20114,19997,21762,20699,14151,15267,9768,11919,2963,5153,167144,159132,22612,21479,35605,34631,8139,21,26
2021-08-07T23:59:59+02:00,1196,1081,11864,11045,15320,13827,17322,16996,20613,20607,22194,21171,14405,15537,9912,12099,3038,5264,863,828,10508,9740,14295,12738,16536,16100,20113,19996,21762,20696,14150,15267,9768,11919,2963,5153,167124,159120,22612,21479,35605,34631,8139,21,26
2021-08-06T23:59:59+02:00,1194,1079,11846,11035,15291,13814,17297,16980,20593,20589,22183,21161,14401,15533,9910,12095,3038,5264,863,828,10489,9729,14261,12725,16511,16084,20093,19981,21751,20687,14146,15263,9766,11915,2963,5153,167108,159108,22612,21478,35605,34630,7966,21,26
2021-08-05T23:59:59+02:00,1185,1070,11805,11003,15257,13791,17269,16946,20563,20569,22152,21142,14388,15514,9905,12087,3034,5263,863,828,10462,9716,14232,12704,16491,16064,20062,19965,21726,20672,14135,15252,9761,11910,2960,5152,166965,159077,22612,21475,35605,34629,7748,21,26
2021-08-04T23:59:59+02:00,1172,1061,11776,10971,15244,13774,17254,16933,20552,20557,22142,21129,14381,15509,9901,12085,3033,5262,862,828,10452,9700,14219,12694,16476,16057,20052,19957,21719,20670,14132,15251,9760,11910,2959,5151,166761,159000,22610,21446,35604,34629,7748,21,26
2021-08-03T23:59:59+02:00,1166,1056,11733,10937,15205,13747,17229,16901,20530,20537,22121,21107,14369,15491,9897,12082,3032,5261,861,823,10414,9680,14186,12676,16456,16037,20033,19945,21701,20657,14125,15233,9756,11908,2959,5151,166626,158955,22610,21444,35603,34627,7549,21,26
2021-08-02T23:59:59+02:00,1163,1054,11714,10920,15183,13725,17214,16882,20512,20527,22112,21096,14358,15480,9891,12080,3032,5259,861,822,10394,9665,14166,12653,16440,16018,20013,19936,21693,20645,14116,15221,9750,11906,2959,5149,166576,158912,22610,21443,35603,34626,7400,21,26
2021-08-01T23:59:59+02:00,1163,1054,11713,10916,15183,13725,17213,16881,20512,20526,22110,21096,14358,15478,9890,12080,3032,5258,861,822,10392,9664,14160,12652,16437,16018,20012,19935,21692,20644,14116,15221,9750,11906,2959,5149,166563,158898,22609,21441,35603,34625,7400,21,26
2021-07-31T23:59:59+02:00,1163,1054,11713,10916,15183,13725,17213,16881,20511,20526,22110,21096,14358,15478,9890,12080,3032,5258,861,822,10392,9663,14156,12648,16437,16018,20011,19933,21692,20644,14116,15221,9750,11906,2959,5149,166562,158887,22609,21440,35603,34625,7400,21,26
2021-07-30T23:59:59+02:00,1163,1054,11679,10902,15149,13702,17178,16853,20484,20507,22072,21077,14341,15470,9884,12072,3031,5257,861,820,10359,9651,14122,12624,16402,15990,19984,19914,21654,20624,14098,15213,9744,11898,2958,5148,166558,158883,22609,21440,35603,34623,7092,21,26
2021-07-29T23:59:59+02:00,1151,1046,11647,10873,15126,13680,17168,16840,20476,20496,22063,21071,14338,15469,9881,12070,3028,5256,860,818,10354,9643,14103,12615,16389,15981,19981,19912,21649,20623,14096,15210,9744,11898,2958,5148,166367,158810,22609,21438,35603,34621,7087,21,26
2021-07-28T23:59:59+02:00,1136,1040,11612,10828,15097,13650,17149,16821,20468,20483,22051,21063,14334,15467,9878,12068,3027,5255,859,817,10342,9633,14082,12599,16376,15971,19973,19908,21646,20621,14094,15206,9744,11897,2958,5148,166139,158729,22608,21437,35603,34618,7064,21,26
2021-07-27T23:59:59+02:00,1133,1039,11588,10813,15074,13632,17130,16811,20454,20464,22033,21043,14325,15454,9871,12064,3026,5253,858,817,10316,9622,14056,12574,16358,15960,19959,19889,21629,20600,14085,15194,9737,11893,2957,5147,166111,158699,22608,21437,35603,34618,6872,21,25
2021-07-26T23:59:59+02:00,1127,1027,11533,10752,15029,13594,17103,16789,20419,20433,22004,21027,14308,15445,9864,12056,3026,5252,858,815,10278,9596,14022,12544,16332,15944,19921,19854,21578,20571,14067,15184,9729,11884,2957,5146,165940,158636,22607,21436,35603,34558,6625,21,25
2021-07-25T23:59:59+02:00,1126,1026,11531,10748,15025,13593,17102,16788,20418,20433,22004,21027,14307,15445,9864,12056,3026,5252,858,815,10275,9583,14016,12537,16328,15942,19919,19854,21577,20571,14067,15184,9729,11884,2957,5145,165926,158600,22604,21433,35603,34558,6625,21,25
2021-07-24T23:59:59+02:00,1126,1026,11528,10746,15023,13591,17102,16787,20416,20431,22004,21026,14307,15445,9864,12056,3026,5252,858,815,10156,9473,13848,12393,15903,15577,19770,19731,21559,20545,14053,15168,9722,11876,2957,5144,165919,158574,22598,19768,35603,34558,6623,21,25
2021-07-23T23:59:59+02:00,1102,1013,11415,10672,14939,13531,17049,16733,20374,20378,21965,20989,14291,15425,9853,12048,3024,5251,785,745,8417,8108,12441,11286,15410,15136,19480,19406,21344,20352,13976,15085,9664,11826,2952,5140,165502,150927,22598,19767,35603,34501,6333,21,25
2021-07-22T23:59:59+02:00,1080,1006,11347,10603,14881,13483,17011,16707,20354,20347,21948,20964,14266,15410,9836,12038,3022,5248,706,671,7890,7633,11817,10787,14685,14530,19284,19234,21185,20176,13897,14999,9632,11777,2944,5128,165145,146509,22598,19765,35603,34488,6188,21,25
2021-07-21T23:59:59+02:00,1067,997,11303,10553,14843,13450,16978,16678,20336,20328,21930,20953,14255,15404,9834,12030,3020,5246,706,670,7885,7625,11804,10777,14678,14528,19277,19233,21130,20139,13894,14997,9632,11776,2943,5126,164804,146470,22598,19756,35603,34386,6183,21,25
2021-07-20T23:59:59+02:00,1054,982,11252,10513,14812,13423,16945,16661,20311,20307,21903,20935,14244,15391,9832,12024,3019,5245,706,670,7874,7619,11789,10767,14671,14521,19267,19229,21121,20135,13893,14995,9632,11776,2943,5126,164495,146435,22598,19756,35603,34378,6140,21,25
2021-07-19T23:59:59+02:00,1041,966,11202,10463,14783,13390,16923,16641,20292,20287,21890,20927,14238,15387,9828,12015,3017,5241,706,670,7869,7616,11782,10764,14667,14520,19264,19229,21107,20119,13891,14993,9631,11774,2943,5126,164175,146407,22598,19754,35603,34347,6138,21,25
2021-07-18T23:59:59+02:00,1041,966,11201,10463,14782,13388,16921,16639,20292,20284,21890,20927,14237,15387,9828,12015,3017,5241,706,670,7866,7612,11773,10757,14663,14517,19262,19228,21096,20114,13891,14993,9631,11774,2943,5126,164163,146378,22598,19753,35603,34328,6138,21,25
2021-07-17T23:59:59+02:00,1039,966,11155,10436,14723,13344,16883,16610,20256,20270,21864,20904,14226,15374,9825,12012,3017,5240,706,670,7790,7553,11629,10626,14470,14349,18834,18909,20895,19939,13863,14952,9616,11751,2940,5120,164134,146369,22591,18090,35602,34328,5800,21,25
2021-07-16T23:59:59+02:00,1018,949,10963,10297,14619,13247,16782,16532,20179,20205,21811,20856,14199,15349,9809,12005,3013,5235,691,649,7519,7354,10705,9996,14003,14039,18608,18713,20032,19280,13697,14738,9506,11619,2924,5096,163810,142940,22054,18080,35602,32540,5584,21,25
2021-07-15T23:59:59+02:00,994,933,10906,10234,14582,13215,16756,16511,20164,20188,21801,20847,14194,15345,9804,12001,3013,5231,686,642,7093,6987,8480,8258,13541,13645,18547,18654,19890,19143,13565,14598,9453,11557,2923,5086,163471,136571,22053,18075,35602,32502,5575,21,25
2021-07-14T23:59:59+02:00,968,915,10829,10148,14516,13154,16716,16466,20127,20153,21775,20825,14180,15332,9791,11986,3009,5229,643,602,6549,6533,7391,7390,12970,13195,18449,18561,19783,19054,13535,14561,9436,11540,2921,5083,162975,132190,22053,18071,35602,32439,5471,21,25
2021-07-13T23:59:59+02:00,949,894,10748,10075,14470,13110,16688,16434,20103,20132,21764,20812,14173,15321,9788,11979,3007,5227,643,602,6299,6257,6929,7002,12654,12928,18432,18539,19738,19017,13420,14452,9433,11536,2921,5080,162536,132143,22050,15812,35602,32434,5468,21,25
2021-07-12T23:59:59+02:00,929,882,10693,10025,14423,13065,16645,16404,20087,20120,21757,20806,14171,15315,9784,11975,3007,5224,634,596,6160,6163,6772,6881,12359,12681,17734,17972,19640,18937,13386,14425,9415,11514,2921,5076,162236,129596,22049,15808,35602,32430,5407,21,25
2021-07-11T23:59:59+02:00,929,882,10692,10024,14421,13064,16644,16404,20085,20120,21757,20806,14169,15315,9784,11975,3007,5224,634,596,6156,6159,6768,6878,12358,12681,17734,17972,19639,18936,13385,14425,9415,11513,2920,5074,162230,129584,22049,15808,35602,32423,5403,21,25
2021-07-10T23:59:59+02:00,926,877,10685,10012,14414,13057,16637,16404,20083,20113,21752,20801,14169,15314,9784,11975,3007,5224,634,595,6149,6151,6758,6873,12355,12677,17733,17967,19634,18933,13384,14424,9415,11513,2920,5074,162166,129533,22048,15808,35602,32423,5400,21,25
2021-07-09T23:59:59+02:00,912,861,10634,9969,14380,13029,16601,16375,20048,20091,21724,20779,14150,15299,9769,11967,3006,5221,24,17,5339,5417,6626,6773,12195,12574,17500,17862,19427,18801,13320,14351,9388,11494,2917,5071,161981,126628,22047,15808,35602,31469,5166,21,25
2021-07-08T23:59:59+02:00,910,861,10574,9925,14294,12973,16536,16325,19996,20044,21696,20755,14135,15282,9763,11954,3005,5215,16,11,5210,5309,6410,6595,11753,12232,16989,17489,19167,18613,13257,14267,9362,11458,2911,5059,161959,124700,22046,15805,35602,30962,4617,21,24
2021-07-07T23:59:59+02:00,909,861,10571,9918,14290,12968,16535,16323,19995,20041,21695,20754,14135,15282,9763,11954,3005,5215,13,10,5069,5127,5936,6188,10549,11250,16934,17424,19112,18568,13238,14244,9353,11455,2907,5049,161941,121031,22043,15803,35602,30959,4609,21,24
2021-07-06T23:59:59+02:00,909,861,10568,9917,14284,12963,16533,16323,19995,20041,21695,20752,14135,15280,9763,11954,3005,5215,13,10,5050,5120,5929,6182,10549,11249,16932,17424,19109,18568,13238,14241,9353,11455,2907,5049,161930,121006,22037,15800,35602,30943,4605,21,24
2021-07-05T23:59:59+02:00,909,861,10562,9912,14266,12959,16524,16322,19994,20040,21694,20752,14135,15280,9763,11954,3005,5215,13,10,5041,5117,5909,6179,10540,11246,16929,17424,19108,18567,13238,14241,9353,11455,2906,5049,161919,120998,22037,15797,35602,30936,4570,21,24
2021-07-04T23:59:59+02:00,909,861,10552,9901,14265,12952,16523,16321,19993,20039,21693,20751,14135,15280,9763,11953,3004,5214,13,10,5008,5079,5823,6101,10414,11132,16922,17421,19107,18562,13233,14239,9351,11450,2903,5047,161906,120522,22036,15796,35602,30927,4546,21,24
2021-07-03T23:59:59+02:00,828,792,8639,8372,12794,11793,16047,15861,19709,19739,21525,20585,14062,15205,9709,11907,2998,5210,7,8,4898,4953,5551,5845,10176,10917,16776,17282,18916,18410,13207,14205,9341,11440,2901,5045,153586,118968,22036,15796,35602,30558,4532,21,24
2021-07-02T23:59:59+02:00,828,790,8638,8366,12788,11789,16044,15860,19707,19739,21525,20585,14061,15204,9709,11906,2997,5209,6,7,4044,4103,4910,5195,9192,9922,16404,16805,18434,17870,12856,13882,9281,11364,2899,5036,153569,114440,22034,15796,35601,27428,4522,21,24
2021-07-01T23:59:59+02:00,808,771,8430,8200,12706,11711,16010,15828,19695,19725,21513,20568,14057,15199,9704,11898,2995,5203,1,1,2229,2432,4477,4820,8695,9488,15773,16262,17880,17427,12798,13815,9251,11308,2884,5006,152873,106853,22034,15793,35601,27384,4494,21,23
2021-06-30T23:59:59+02:00,753,721,8183,8016,12528,11562,15896,15731,19629,19657,21473,20521,14038,15173,9692,11885,2994,5198,0,1,2174,2396,4386,4704,8589,9389,15575,16123,17145,16926,12145,13168,9192,11239,2877,5000,151519,106788,22032,15792,35600,23946,4480,21,23
2021-06-29T23:59:59+02:00,753,721,8175,8009,12524,11553,15892,15731,19627,19657,21473,20521,14038,15173,9692,11885,2994,5198,0,1,2151,2381,4362,4663,8565,9342,15539,16064,17069,16840,11790,12830,9164,11205,2874,4992,151502,106766,22029,15789,35599,22787,4467,21,23
2021-06-28T23:59:59+02:00,753,721,8171,8005,12516,11546,15887,15730,19627,19657,21472,20521,14037,15172,9692,11885,2994,5198,0,1,2143,2355,4314,4548,8490,9180,15418,15784,16902,16569,11482,12526,9141,11178,2873,4988,151481,106753,22028,15789,35599,20870,4457,21,23
2021-06-27T23:59:59+02:00,753,721,8168,7999,12511,11542,15884,15729,19624,19657,21472,20521,14037,15172,9692,11884,2994,5198,0,1,2133,2351,4304,4545,8308,9025,15397,15768,16898,16564,11476,12525,9140,11176,2873,4988,151470,106353,22026,15786,35598,20865,4445,21,23
2021-06-26T23:59:59+02:00,745,717,7957,7789,12033,11133,14760,14736,19374,19458,21367,20402,13994,15121,9679,11855,2991,5195,0,1,2093,2310,4248,4490,8209,8916,15135,15509,16836,16517,11458,12504,9128,11171,2873,4986,148979,105286,20266,15765,35597,20865,4445,21,23
2021-06-25T23:59:59+02:00,726,699,7930,7765,12019,11121,14760,14729,19367,19453,21363,20401,13994,15121,9678,11853,2991,5195,0,0,1964,2133,3956,4185,6684,7484,12472,13309,16760,16428,11430,12475,9117,11148,2867,4972,148838,96400,20266,15684,35597,20833,4445,21,22
2021-06-24T23:59:59+02:00,714,682,7448,7350,10935,10212,14229,14289,19296,19391,21315,20358,13972,15092,9665,11840,2990,5192,0,0,1899,2065,3594,3844,5913,6811,12224,13098,16514,16217,11326,12348,9027,11021,2856,4938,144659,95159,20262,13296,35596,20784,4434,21,22
2021-06-23T23:59:59+02:00,714,682,7446,7344,10929,10208,14228,14288,19295,19390,21315,20357,13972,15092,9665,11840,2990,5192,0,0,1755,1903,3105,3445,4564,5638,11921,12831,16392,16098,11280,12308,9014,10994,2855,4931,144641,90527,20259,13292,35595,20760,4433,21,22
2021-06-22T23:59:59+02:00,714,682,7398,7314,10857,10160,14202,14262,19278,19375,21304,20350,13965,15082,9662,11837,2990,5192,0,0,1706,1872,3024,3390,4523,5604,11892,12792,16324,16047,11072,12118,8762,10693,2846,4900,144624,90506,20259,13286,35593,19622,4129,21,22
2021-06-21T23:59:59+02:00,712,682,7267,7246,10727,10061,13922,14007,18523,18757,21214,20273,13930,15050,9643,11812,2990,5189,0,0,1662,1846,2981,3354,4492,5573,11844,12758,16306,16030,11063,12106,8755,10685,2845,4899,142228,90374,20256,13283,35593,19611,3909,21,22
2021-06-20T23:59:59+02:00,712,682,7267,7240,10721,10058,13921,14007,18523,18757,21214,20273,13930,15050,9643,11812,2990,5189,0,0,1634,1817,2931,3337,4427,5534,11781,12725,16243,15970,11045,12090,8752,10676,2841,4896,142213,89890,20255,13277,35593,19601,3909,21,22
2021-06-19T23:59:59+02:00,712,681,7233,7203,10614,9968,13740,13849,18107,18421,21026,20099,13912,15023,9631,11792,2987,5183,0,0,1603,1783,2891,3292,4349,5464,11444,12435,16205,15931,11036,12080,8750,10671,2839,4894,142169,88887,18491,13249,35593,19600,3909,21,22
2021-06-18T23:59:59+02:00,15,14,6425,6469,10606,9965,13738,13847,18105,18418,21026,20099,13912,15022,9631,11791,2986,5181,0,0,1474,1672,2652,3135,3718,4832,10299,11290,15991,15773,10994,12040,8727,10650,2825,4865,139250,84222,18489,13247,35592,19546,3900,21,22
2021-06-17T23:59:59+02:00,13,13,6355,6402,10488,9859,13413,13544,17717,18095,20914,20000,13893,14985,9619,11777,2978,5175,0,0,1393,1554,2497,2984,3361,4494,8684,9928,15476,15343,10817,11860,8671,10572,2808,4837,137357,78737,18488,13240,35591,19495,3785,21,22
2021-06-16T23:59:59+02:00,13,12,6348,6396,10476,9855,13409,13542,17714,18094,20913,19999,13893,14985,9618,11776,2978,5175,0,0,1340,1509,2394,2906,3176,4315,7595,8987,14977,14957,10735,11749,8635,10525,2797,4821,137321,74910,18485,13236,35591,19469,3781,20,22
2021-06-15T23:59:59+02:00,13,12,6316,6378,10433,9825,13380,13526,17694,18074,20899,19985,13884,14977,9615,11770,2975,5172,0,0,1259,1451,2266,2801,3058,4229,6671,8249,14776,14790,10710,11720,8622,10503,2788,4814,137305,74896,18484,10812,35590,19447,3530,20,22
2021-06-14T23:59:59+02:00,13,12,6298,6359,10396,9799,13358,13506,17677,18056,20880,19974,13873,14968,9612,11768,2975,5167,0,0,1233,1435,2230,2774,3036,4208,6655,8229,14755,14780,10697,11711,8619,10502,2787,4809,137284,74886,18483,10812,35590,19426,3314,20,22
2021-06-13T23:59:59+02:00,13,12,6297,6358,10393,9796,13357,13502,17677,18056,20880,19973,13872,14968,9612,11768,2975,5167,0,0,1229,1430,2226,2764,3026,4198,6637,8212,14654,14715,10684,11688,8613,10490,2784,4809,137271,74592,18483,10812,35590,19421,3312,20,22
2021-06-12T23:59:59+02:00,10,10,5516,5602,10348,9757,13323,13477,17649,18035,20853,19942,13790,14896,9612,11765,2974,5167,0,0,1221,1412,2213,2749,3006,4172,6563,8128,14482,14577,10454,11402,8132,9952,2782,4808,135321,74087,18483,10812,35590,17820,3312,20,22
2021-06-11T23:59:59+02:00,9,10,5512,5595,10338,9750,13307,13465,17642,18030,20848,19940,13790,14895,9612,11763,2974,5167,0,0,1148,1330,2094,2590,2834,3917,5053,6788,12759,13193,10314,11256,8045,9846,2775,4792,135245,66781,18483,10811,35590,17811,3309,20,22
2021-06-10T23:59:59+02:00,3,4,4521,4657,10170,9623,13192,13379,17386,17793,20608,19757,13780,14884,9606,11753,2971,5164,0,0,1093,1268,1980,2481,2671,3740,4445,6146,11587,12203,10013,10931,7960,9761,2763,4767,131931,61943,18479,10809,35590,17803,3232,19,22
2021-06-09T23:59:59+02:00,3,4,3939,4073,9967,9474,13101,13307,17072,17526,20379,19572,13763,14870,9601,11747,2970,5159,0,0,1023,1224,1880,2410,2576,3627,4117,5842,11162,11877,9881,10772,7913,9695,2752,4758,129582,61859,18464,8961,35590,17795,2872,19,22
2021-06-08T23:59:59+02:00,3,4,3927,4067,9951,9462,13089,13300,17065,17517,20371,19570,13761,14867,9600,11744,2969,5157,0,0,976,1216,1857,2391,2547,3612,4090,5822,11149,11874,9877,10766,7912,9693,2751,4756,129562,61731,18461,8953,35589,17790,2793,19,22
2021-06-07T23:59:59+02:00,3,4,3913,4058,9918,9450,13079,13281,17042,17504,20354,19559,13757,14863,9597,11740,2967,5155,0,0,965,1208,1821,2378,2537,3591,4066,5808,11130,11860,9874,10760,7909,9690,2749,4754,129546,61717,18459,8949,35587,17779,2633,19,22
2021-06-06T23:59:59+02:00,3,4,3909,4054,9911,9445,13077,13281,17039,17503,20353,19557,13755,14862,9597,11740,2967,5155,0,0,961,1205,1809,2376,2531,3582,4052,5800,11002,11716,9863,10753,7908,9690,2749,4754,129529,61390,18458,8948,35585,17770,2621,19,22
2021-06-05T23:59:59+02:00,2,1,3617,3756,7422,7442,12836,13096,17010,17473,20309,19516,13640,14719,9522,11649,2963,5143,0,0,887,1134,1647,2278,2366,3501,3825,5658,10101,10876,9474,10298,7795,9534,2741,4734,123564,58117,18458,8948,35585,17272,2490,19,22
2021-06-04T23:59:59+02:00,2,1,3551,3701,7270,7326,12366,12700,16872,17360,20074,19278,13520,14574,9464,11570,2949,5126,0,0,862,1069,1617,2172,2327,3335,3749,5399,9460,10196,8629,9277,7519,9129,2737,4723,121161,56638,18458,8946,35584,14111,2483,18,22
2021-06-03T23:59:59+02:00,2,1,3142,3318,7241,7309,12237,12582,16840,17317,19985,19209,13508,14557,9462,11567,2948,5125,0,0,835,1001,1568,2049,2246,3134,3560,5016,8883,9582,7869,8405,7044,8513,2734,4715,119929,55007,18453,8944,35579,10810,2371,18,22
2021-06-02T23:59:59+02:00,0,1,2760,3005,6084,6369,11931,12345,16779,17266,19861,19102,13445,14501,9440,11546,2946,5117,0,0,820,966,1502,2024,2132,3096,3388,4913,7515,8496,7789,8325,7028,8486,2730,4710,116189,51890,18452,8943,35579,10806,2260,18,21
2021-06-01T23:59:59+02:00,0,1,2476,2704,5600,5935,11602,12063,16753,17243,19810,19065,13321,14379,9433,11542,2945,5114,0,0,803,959,1486,2012,2111,3083,3360,4893,7215,8172,7749,8291,7018,8471,2729,4710,116165,51202,16102,8922,35579,10795,2122,18,21
2021-05-31T23:59:59+02:00,0,1,2461,2699,5582,5926,11573,12041,16717,17231,19768,19043,13318,14375,9430,11540,2945,5112,0,0,787,951,1468,2000,2079,3063,3324,4879,7174,8150,7745,8286,7015,8469,2729,4708,116150,51186,16098,8916,35578,10786,1918,18,21
2021-05-30T23:59:59+02:00,0,1,2457,2697,5579,5922,11573,12040,16714,17230,19766,19042,13318,14375,9430,11540,2945,5112,0,0,786,947,1462,1995,2077,3060,3322,4877,7173,8150,7744,8286,7015,8468,2729,4708,116134,51177,16098,8915,35575,10770,1916,18,21
2021-05-29T23:59:59+02:00,0,1,2443,2683,5415,5767,11506,11985,16706,17224,19759,19041,13317,14372,9428,11540,2945,5112,0,0,750,897,1350,1900,1797,2808,2913,4455,6888,7878,7559,8062,6838,8240,2726,4702,115637,50526,16098,8915,35575,8385,1916,18,21
2021-05-28T23:59:59+02:00,0,1,2311,2558,4994,5374,10811,11366,16640,17162,19733,19013,13306,14356,9408,11511,2943,5103,0,0,729,874,1290,1847,1708,2738,2779,4350,5302,6182,7393,7865,6796,8184,2723,4692,112988,46230,16098,8914,35575,8376,1911,18,21
2021-05-27T23:59:59+02:00,0,1,2291,2538,4943,5307,10145,10798,16599,17130,19718,19002,13296,14346,9406,11509,2943,5103,0,0,676,781,1184,1772,1496,2597,2407,4043,4422,5270,7156,7554,6704,8067,2706,4673,111600,42438,16095,8907,35573,8352,1790,17,21
2021-05-26T23:59:59+02:00,0,1,2253,2477,4769,5131,9709,10438,16547,17077,19650,18948,13282,14326,9395,11507,2939,5090,0,0,660,737,1134,1738,1408,2517,2197,3870,4293,5132,6992,7339,6624,7968,2694,4659,110193,41031,16090,8906,35572,8338,1667,17,20
2021-05-25T23:59:59+02:00,0,1,2250,2468,4739,5114,9683,10411,16522,17059,19636,18940,13277,14324,9392,11504,2939,5090,0,0,653,724,1089,1720,1353,2470,2127,3811,3750,4554,6691,6995,6590,7931,2693,4657,110184,41019,16088,6952,35571,8328,1489,17,20
2021-05-24T23:59:59+02:00,0,1,2242,2461,4727,5108,9674,10405,16495,17038,19609,18915,13266,14312,9389,11494,2938,5087,0,0,644,719,1077,1713,1343,2463,2102,3791,3724,4528,6678,6984,6587,7921,2692,4654,110173,41011,16085,6952,35571,8323,1315,17,19
2021-05-23T23:59:59+02:00,0,1,2226,2433,4638,5034,9541,10283,16491,17037,19608,18913,13264,14308,9386,11490,2936,5086,0,0,643,716,1075,1712,1342,2463,2102,3790,3724,4524,6677,6984,6587,7921,2692,4654,109689,41002,16084,6950,35570,8320,1315,17,19
2021-05-22T23:59:59+02:00,0,1,2206,2414,4629,5017,9461,10202,16468,17023,19556,18870,13236,14278,9383,11484,2936,5085,0,0,642,714,1074,1709,1340,2460,2099,3785,3708,4510,5843,6083,6515,7840,2684,4649,109263,39051,16084,6950,35570,8320,1315,17,19
2021-05-21T23:59:59+02:00,0,1,2172,2381,4519,4930,9262,10025,16439,16990,19541,18863,13226,14269,9381,11482,2931,5074,0,0,631,687,1037,1641,1290,2337,2012,3605,3362,4076,4077,3974,6471,7774,2679,4634,108518,35038,16084,6950,35565,6978,1302,17,19
2021-05-20T23:59:59+02:00,0,1,2143,2339,4436,4870,9040,9792,16389,16938,19488,18812,13197,14235,9363,11465,2930,5069,0,0,577,583,912,1330,1117,1931,1789,3067,2802,3392,3237,3017,6424,7723,2675,4629,107662,33198,16080,6948,35556,3848,1192,17,19
2021-05-19T23:59:59+02:00,0,1,1983,2171,3934,4450,7661,8600,16115,16691,19365,18688,13149,14188,9353,11439,2928,5066,0,0,562,548,876,1273,1086,1881,1763,3012,2752,3346,3229,3005,6420,7720,2675,4628,103046,33168,16076,6945,35555,3556,1088,17,19
2021-05-18T23:59:59+02:00,0,1,1937,2121,3627,4159,6995,8000,15965,16575,19281,18605,13113,14152,9296,11365,2922,5052,0,0,555,544,869,1270,1077,1871,1733,2996,2742,3327,3224,3000,6416,7716,2675,4628,103019,33161,13603,6939,35549,3546,978,17,19
2021-05-17T23:59:59+02:00,0,1,1929,2113,3608,4145,6949,7976,15937,16557,19260,18586,13103,14130,9294,11364,2922,5052,0,0,547,537,849,1254,1034,1847,1705,2978,2719,3306,3212,2981,6416,7715,2675,4628,103011,33155,13600,6938,35547,3540,751,17,19
2021-05-16T23:59:59+02:00,0,1,1924,2110,3600,4139,6762,7812,15914,16538,19254,18581,13097,14129,9293,11363,2922,5052,0,0,547,537,848,1250,1033,1846,1705,2977,2717,3306,3212,2981,6416,7715,2675,4628,102585,33152,13596,6937,35543,3535,750,17,19
2021-05-15T23:59:59+02:00,0,1,1896,2074,3560,4102,6675,7709,15644,16270,19198,18539,13077,14111,9284,11358,2922,5050,0,0,547,537,848,1249,1033,1846,1703,2976,2717,3306,3211,2981,6415,7715,2675,4628,101564,33148,13596,6937,35543,3533,750,17,19
2021-05-14T23:59:59+02:00,0,1,1789,1931,3311,3855,5086,6230,12987,14068,19134,18453,13052,14081,9277,11345,2919,5044,0,0,547,536,844,1249,1033,1846,1702,2975,2711,3304,3206,2975,6412,7712,2675,4627,92671,33129,13596,6935,35541,3533,738,17,19
2021-05-13T23:59:59+02:00,0,1,1763,1883,3272,3806,4974,6128,12780,13883,18973,18323,12976,13986,9244,11294,2919,5043,0,0,541,533,836,1240,1023,1833,1683,2956,2604,3211,2542,2167,4956,5913,2666,4608,91451,30112,13505,4915,35539,3531,736,17,18
2021-05-12T23:59:59+02:00,0,1,1763,1883,3270,3805,4974,6128,12780,13883,18972,18323,12975,13984,9244,11294,2919,5043,0,0,541,533,836,1240,1022,1833,1683,2954,2601,3209,2541,2166,4956,5911,2666,4608,91446,30105,13505,4910,35538,3531,736,16,18
2021-05-11T23:59:59+02:00,0,1,1719,1840,3180,3726,4880,6062,11845,13150,18778,18164,12960,13963,9237,11280,2913,5039,0,0,540,531,832,1235,1021,1828,1681,2953,2591,3204,2539,2164,4954,5910,2665,4608,91433,30088,11032,4897,35528,3525,728,16,18
2021-05-10T23:59:59+02:00,0,1,1702,1837,3173,3721,4872,6057,11843,13149,18777,18164,12960,13963,9237,11280,2913,5039,0,0,539,529,832,1235,1020,1828,1679,2953,2590,3202,2538,2163,4954,5910,2665,4608,91417,30083,11024,4896,35503,3520,728,16,18
2021-05-09T23:59:59+02:00,0,1,1666,1791,3118,3704,4802,6022,11775,13128,18713,18104,12940,13944,9234,11270,2911,5037,0,0,536,525,820,1233,1012,1821,1666,2950,2586,3201,2537,2160,4953,5909,2665,4607,90940,30072,11020,4894,35496,3509,688,16,18
2021-05-08T23:59:59+02:00,0,1,1633,1757,3081,3658,4727,5950,11437,12826,18679,18069,12933,13936,9233,11268,2909,5037,0,0,525,524,813,1232,1001,1821,1658,2949,2570,3189,2536,2160,4953,5908,2664,4606,89915,30066,11020,4894,35496,3443,688,15,18
2021-05-07T23:59:59+02:00,0,1,1492,1634,2830,3487,4054,5287,10226,11632,18477,17918,12894,13901,9213,11251,2901,5030,0,0,437,374,689,1005,856,1504,1512,2533,2400,2831,2527,2150,4949,5904,2661,4603,85141,30057,11019,4894,35484,1397,569,15,18
2021-05-06T23:59:59+02:00,0,1,1429,1465,2696,3354,3726,4974,8510,10148,17957,17494,12725,13733,9166,11179,2898,5022,0,0,323,318,581,906,720,1414,1265,2319,2186,2634,2475,2117,4947,5897,2661,4602,79588,30032,11018,4892,35467,33,390,14,18
2021-05-05T23:59:59+02:00,0,1,1373,1389,2607,3281,3549,4799,7357,9130,17450,17097,12638,13620,9134,11134,2889,5007,0,0,323,318,579,905,719,1412,1218,2266,2174,2626,2471,2115,4946,5893,2661,4598,75707,30020,11012,4891,35458,31,264,14,18
2021-05-04T23:59:59+02:00,0,1,1360,1387,2599,3273,3546,4798,7355,9129,17449,17096,12638,13620,9134,11134,2889,5007,0,0,322,316,578,904,717,1412,1218,2266,2174,2626,2469,2113,4946,5893,2661,4597,75695,30012,10999,4890,35444,29,263,14,18
2021-05-03T23:59:59+02:00,0,1,1358,1381,2590,3266,3543,4792,7277,9069,17435,17088,12634,13618,9134,11134,2888,5006,0,0,319,310,574,899,714,1407,1140,2206,2159,2618,2465,2110,4946,5893,2660,4596,75685,30008,10999,4890,35443,27,73,14,18
2021-05-02T23:59:59+02:00,0,1,1350,1377,2587,3259,3529,4782,7256,9049,17328,17019,12621,13593,9128,11123,2885,5006,0,0,317,309,573,897,712,1406,1140,2205,2156,2618,2464,2110,4945,5891,2660,4596,75372,29998,10997,4889,35442,26,68,14,18
2021-05-01T23:59:59+02:00,0,1,1346,1371,2578,3249,3519,4764,7197,8988,17185,16901,12596,13568,9116,11117,2885,5006,0,0,317,309,573,897,712,1406,1140,2205,2156,2618,2464,2110,4943,5890,2659,4594,74867,29992,10996,4889,35442,26,68,14,18
2021-04-30T23:59:59+02:00,0,1,1278,1293,2457,3082,3350,4490,5638,7583,15429,15464,12453,13408,9020,11000,2870,4973,0,0,317,309,572,896,711,1406,1137,2203,2153,2615,2463,2100,4929,5881,2651,4576,67325,29975,10996,4888,35442,26,12,14,18
2021-04-29T23:59:59+02:00,0,1,1224,1253,2356,2969,3216,4317,5029,6932,14248,14439,12141,13079,8929,10918,2856,4945,0,0,314,307,572,895,711,1404,1136,2203,2151,2613,2461,2096,4928,5877,2650,4574,62394,29953,10995,4885,35438,25,11,14,18
2021-04-28T23:59:59+02:00,0,1,1163,1236,2294,2929,3150,4236,4717,6642,13832,14122,12021,12933,8887,10859,2848,4939,0,0,313,307,569,892,707,1403,1133,2199,2149,2606,2457,2091,4926,5872,2647,4571,62266,29943,9088,4855,35437,24,4,14,16
2021-04-27T23:59:59+02:00,0,1,1143,1233,2288,2926,3145,4233,4713,6640,13831,14121,12020,12932,8887,10859,2848,4939,0,0,313,307,569,892,706,1401,1133,2199,2148,2606,2457,2089,4926,5872,2647,4571,62226,29941,9080,4851,35435,24,4,14,16
2021-04-26T23:59:59+02:00,0,1,1143,1230,2286,2925,3141,4232,4699,6626,13789,14088,12016,12929,8887,10858,2848,4938,0,0,313,307,569,891,705,1401,1133,2199,2146,2605,2457,2089,4925,5871,2647,4571,62210,29937,9076,4849,35333,24,3,14,16
2021-04-25T23:59:59+02:00,0,1,1142,1230,2279,2925,3138,4225,4686,6618,13651,13933,12006,12923,8886,10857,2848,4938,0,0,313,307,568,891,704,1399,1131,2197,2146,2605,2457,2089,4925,5871,2647,4571,61881,29932,9073,4846,35315,24,3,14,16
2021-04-24T23:59:59+02:00,0,1,1080,1185,2143,2840,2998,4168,4475,6500,12780,13129,11728,12593,8820,10753,2841,4925,0,0,313,307,568,891,703,1398,1131,2197,2146,2605,2456,2089,4921,5870,2647,4571,58557,29925,9072,4846,35313,23,3,14,16
2021-04-23T23:59:59+02:00,0,1,982,1164,1927,2811,2838,4134,4360,6386,11434,12069,11673,12529,8798,10707,2839,4922,0,0,312,307,568,891,702,1398,1130,2197,2143,2605,2455,2089,4920,5864,2647,4569,57069,29919,9071,4842,33418,18,2,14,16
2021-04-22T23:59:59+02:00,0,1,972,1156,1901,2797,2771,4107,4184,6267,10815,11557,11584,12441,8767,10660,2836,4917,0,0,311,306,568,891,702,1397,1127,2197,2142,2605,2455,2087,4917,5862,2647,4569,55372,29910,9069,4837,33276,18,2,14,16
2021-04-21T23:59:59+02:00,0,1,957,1141,1824,2772,2651,4072,4038,6190,9315,10395,11507,12373,8755,10637,2832,4914,0,0,310,305,567,891,701,1396,1125,2197,2142,2604,2451,2082,4914,5860,2646,4567,52191,29888,9067,4834,33100,18,2,14,16
2021-04-20T23:59:59+02:00,0,1,957,1140,1822,2770,2647,4067,4034,6189,9017,10072,11480,12348,8751,10627,2831,4913,0,0,310,305,567,891,701,1395,1125,2196,2141,2603,2451,2081,4912,5858,2645,4567,51488,29881,9063,4831,33099,18,2,14,16
2021-04-19T23:59:59+02:00,0,1,955,1137,1822,2766,2646,4066,4031,6186,9015,10071,11480,12348,8751,10626,2830,4913,0,0,310,305,565,890,701,1395,1124,2196,2139,2603,2451,2081,4912,5858,2645,4567,51476,29876,9058,4831,33094,17,2,14,16
2021-04-18T23:59:59+02:00,0,1,955,1135,1818,2765,2644,4064,4030,6186,9015,10071,11480,12348,8751,10624,2830,4912,0,0,310,305,565,889,699,1395,1124,2195,2139,2603,2451,2081,4912,5857,2645,4567,51465,29872,9056,4830,33092,17,2,14,16
2021-04-17T23:59:59+02:00,0,1,955,1134,1815,2759,2567,3973,3971,6104,8998,10053,11357,12196,8748,10622,2830,4911,0,0,305,299,561,882,691,1385,1106,2182,2092,2577,2405,2028,4861,5788,2639,4560,50830,29497,9056,4830,33092,16,2,14,16
2021-04-16T23:59:59+02:00,0,1,926,1100,1705,2676,2366,3839,3720,5928,7270,8241,11157,11950,8693,10559,2827,4897,0,0,298,295,546,863,658,1349,1024,2126,1866,2416,2255,1915,4674,5519,2577,4438,46478,29482,8981,3308,32380,11,2,14,16
2021-04-15T23:59:59+02:00,0,1,857,1050,1576,2588,2084,3686,3188,5599,6260,7276,10898,11611,8592,10436,2808,4874,0,0,297,295,545,861,656,1348,1023,2123,1631,2275,2102,1783,4487,5307,2523,4335,42673,29434,8977,2132,31720,7,2,12,16
2021-04-14T23:59:59+02:00,0,1,842,1021,1530,2552,1996,3602,3016,5462,6166,7162,10735,11403,8510,10336,2796,4860,0,0,277,286,511,834,584,1288,815,1980,1413,2151,2035,1708,4357,5143,2509,4307,41288,28041,8972,2132,31716,7,2,12,16
2021-04-13T23:59:59+02:00,0,1,837,1015,1517,2549,1971,3581,2985,5427,5641,6584,10435,11063,8479,10302,2795,4859,0,0,277,284,511,833,584,1288,815,1980,1411,2150,2031,1706,4357,5142,2509,4304,41271,28034,7046,2123,31710,7,2,12,16
2021-04-12T23:59:59+02:00,0,1,837,1013,1516,2546,1971,3581,2984,5426,5639,6582,10434,11062,8478,10302,2795,4859,0,0,277,283,511,833,582,1288,812,1979,1410,2150,2031,1706,4357,5141,2509,4304,41261,28027,7043,2121,31708,7,2,12,16
2021-04-11T23:59:59+02:00,0,1,837,1013,1513,2545,1969,3578,2982,5426,5638,6582,10432,11059,8478,10302,2795,4859,0,0,277,282,510,832,580,1288,811,1979,1408,2150,2031,1706,4357,5140,2509,4304,41251,28020,7041,2120,31704,7,1,12,16
2021-04-10T23:59:59+02:00,0,1,835,1010,1510,2541,1952,3566,2913,5361,5512,6484,10201,10840,8425,10252,2791,4858,0,0,277,281,510,831,579,1288,810,1979,1408,2150,2027,1702,4352,5131,2508,4301,40678,27990,7041,2120,31320,7,1,12,16
2021-04-09T23:59:59+02:00,0,1,797,977,1412,2486,1847,3508,2783,5308,5372,6419,7816,8010,8358,10158,2781,4840,0,0,277,281,508,830,577,1286,807,1979,1406,2146,2007,1680,4330,5112,2505,4296,35192,27883,7039,2120,30629,7,1,12,16
2021-04-08T23:59:59+02:00,0,1,796,974,1406,2483,1845,3505,2771,5299,5361,6404,7022,7090,8315,10107,2778,4837,0,0,274,280,508,829,577,1285,806,1979,1404,2145,2005,1680,4329,5109,2505,4296,33323,27868,7038,2119,30620,7,1,12,16
2021-04-07T23:59:59+02:00,0,1,747,954,1331,2415,1761,3435,2578,5191,4618,5920,6351,6446,8256,10046,2771,4831,0,0,274,280,508,829,577,1282,806,1979,1404,2145,2005,1680,4328,5109,2505,4295,33310,27866,7035,2118,27294,6,1,12,15
2021-04-06T23:59:59+02:00,0,1,715,947,1312,2379,1737,3394,2548,5145,4543,5842,5988,6090,8235,10022,2766,4825,0,0,274,278,508,828,577,1282,805,1978,1404,2145,2004,1679,4328,5109,2505,4295,33302,27862,7034,2116,26140,6,1,12,14
2021-04-05T23:59:59+02:00,0,1,712,919,1271,2256,1665,3229,2427,4875,4383,5570,5679,5781,8218,9996,2764,4821,0,0,274,278,508,827,577,1282,805,1978,1404,2145,2004,1679,4328,5109,2505,4295,33297,27861,7033,2116,24224,6,1,12,14
2021-04-04T23:59:59+02:00,0,1,693,894,1178,2041,1532,2965,2213,4440,4033,5071,5433,5557,8185,9942,2763,4813,0,0,274,278,507,826,575,1281,804,1977,1330,2108,1641,1405,4169,4928,2460,4229,33293,26656,7033,2116,21415,5,1,12,14
2021-04-03T23:59:59+02:00,0,1,693,894,1177,2040,1531,2965,2212,4440,4033,5071,5433,5556,8185,9942,2763,4813,0,0,274,278,507,826,575,1281,804,1977,1330,2108,1641,1405,4169,4928,2460,4229,33289,26656,7033,2116,21414,5,1,12,14
2021-04-02T23:59:59+02:00,0,1,693,893,1177,2040,1530,2965,2212,4440,4032,5070,5432,5554,8184,9940,2762,4811,0,0,274,278,507,826,574,1281,804,1977,1329,2108,1641,1405,4169,4928,2460,4229,33286,26655,7033,2116,21405,5,0,12,14
2021-04-01T23:59:59+02:00,0,1,688,891,1173,2034,1522,2956,2198,4422,3941,4984,4938,4950,7478,9043,2760,4806,0,0,274,276,506,824,574,1280,801,1976,1291,2080,1491,1308,4069,4826,2449,4216,30373,26113,7005,2111,21395,5,0,12,12
2021-03-31T23:59:59+02:00,0,1,688,890,1171,2033,1518,2950,2194,4421,3923,4973,4762,4730,6708,8110,2747,4785,0,0,273,275,505,823,569,1276,796,1970,1187,2003,1093,1042,3655,4362,2340,4041,30253,24145,4974,2049,21365,4,0,12,12
2021-03-30T23:59:59+02:00,0,1,688,890,1168,2030,1505,2941,2185,4412,3878,4946,4562,4550,6458,7813,2739,4769,0,0,273,274,505,820,568,1276,796,1969,1187,2003,1093,1042,3655,4362,2339,4040,30247,24138,4969,2049,20307,3,0,12,12
2021-03-29T23:59:59+02:00,0,1,688,888,1167,2030,1503,2941,2185,4412,3873,4944,4558,4547,6455,7804,2737,4750,0,0,273,273,505,819,568,1276,795,1968,1187,2003,1093,1041,3655,4362,2339,4039,30235,24133,4964,2048,20272,3,0,12,12
2021-03-28T23:59:59+02:00,0,1,687,888,1167,2026,1500,2938,2184,4409,3872,4944,4557,4547,6452,7800,2737,4748,0,0,272,273,503,819,568,1276,794,1968,1187,2003,1093,1040,3655,4362,2339,4039,30231,24129,4959,2047,20255,3,0,12,12
2021-03-27T23:59:59+01:00,0,1,683,883,1163,2018,1492,2928,2165,4394,3830,4918,4507,4489,6405,7742,2730,4735,0,0,268,268,489,809,557,1264,747,1931,1026,1910,831,851,3515,4207,2177,3723,29879,23157,4959,1401,20233,3,0,12,12
2021-03-26T23:59:59+01:00,0,1,683,883,1162,2016,1487,2927,2162,4393,3824,4915,4496,4467,6398,7727,2721,4721,0,0,267,268,489,807,555,1264,745,1931,1019,1902,693,756,2532,3044,2005,3509,29834,20370,4956,1401,20183,3,0,10,12
2021-03-25T23:59:59+01:00,0,1,682,882,1161,2014,1486,2924,2157,4387,3820,4911,4487,4456,6384,7697,2697,4667,0,0,267,268,489,807,554,1260,741,1930,1017,1899,671,749,1350,1597,1722,3144,29824,17050,4951,1401,20028,3,0,10,11
2021-03-24T23:59:59+01:00,0,1,658,872,1124,1982,1415,2861,1950,4242,3597,4784,4426,4396,6249,7531,2683,4635,0,0,267,268,489,806,551,1259,739,1930,1016,1899,671,749,1350,1597,1721,3142,28447,17040,4949,1400,20000,3,0,10,11
2021-03-23T23:59:59+01:00,0,1,658,870,1122,1980,1415,2861,1950,4242,3595,4781,4425,4394,6248,7531,2683,4634,0,0,267,268,489,806,550,1258,739,1930,1016,1899,671,748,1350,1597,1721,3142,28439,17038,4946,1400,19995,3,0,10,10
2021-03-22T23:59:59+01:00,0,1,658,868,1120,1976,1412,2861,1948,4242,3594,4781,4425,4393,6248,7530,2683,4634,0,0,267,268,489,805,550,1257,738,1930,1016,1898,671,747,1350,1597,1721,3142,28434,17034,4946,1400,19984,2,0,10,10
2021-03-21T23:59:59+01:00,0,1,658,867,1118,1974,1412,2859,1947,4241,3593,4780,4425,4393,6247,7530,2683,4634,0,0,267,268,489,805,550,1257,738,1929,1016,1897,671,746,1350,1597,1721,3142,28430,17032,4944,1400,19978,2,0,10,9
2021-03-20T23:59:59+01:00,0,1,656,865,1116,1972,1407,2856,1930,4234,3562,4761,4206,4116,5730,6922,2673,4598,0,0,262,266,484,800,533,1247,717,1913,980,1869,605,668,1119,1340,1366,2596,28346,15355,4843,1399,18406,2,0,10,9
2021-03-19T23:59:59+01:00,0,1,648,859,1102,1952,1373,2820,1850,4179,3340,4599,4057,4006,5554,6679,2620,4508,0,0,262,266,484,800,533,1247,717,1911,979,1869,605,668,1119,1339,1365,2595,28343,15350,3396,1398,18399,2,0,9,9
2021-03-18T23:59:59+01:00,0,1,647,857,1101,1951,1372,2818,1850,4174,3111,4455,3903,3876,5375,6477,2567,4407,0,0,262,265,484,800,533,1245,717,1910,978,1868,602,665,880,1081,1253,2427,28334,14564,2205,1397,18394,1,0,9,8
2021-03-17T23:59:59+01:00,0,1,647,857,1100,1951,1371,2817,1850,4174,3111,4455,3903,3874,5374,6477,2567,4407,0,0,262,264,484,800,533,1245,717,1910,977,1868,600,664,880,1080,1253,2427,28332,14561,2205,1396,18390,1,0,9,6
2021-03-16T23:59:59+01:00,0,1,647,856,1100,1947,1369,2817,1846,4174,3110,4453,3902,3873,5374,6476,2567,4406,0,0,260,260,470,795,524,1233,701,1896,961,1858,598,662,878,1079,1252,2426,28321,14450,2201,1396,18387,1,0,9,6
2021-03-15T23:59:59+01:00,0,1,646,855,1098,1946,1366,2817,1842,4173,3109,4453,3902,3872,5373,6475,2567,4406,0,0,260,260,470,795,524,1231,699,1896,960,1855,598,662,878,1079,1252,2426,28314,14442,2199,1396,18379,1,0,9,6
2021-03-14T23:59:59+01:00,0,1,645,852,1094,1942,1363,2814,1840,4171,3104,4451,3902,3872,5373,6474,2567,4406,0,0,260,260,470,795,524,1231,699,1896,960,1852,598,662,877,1079,1252,2426,28307,14438,2198,1396,18357,1,0,9,6
2021-03-13T23:59:59+01:00,0,1,643,847,1086,1936,1353,2807,1834,4163,2989,4373,3426,3469,5165,6238,2521,4342,0,0,260,260,470,795,524,1231,698,1896,958,1851,573,645,573,778,819,1844,27034,12774,2198,1396,17952,1,0,9,4
2021-03-12T23:59:59+01:00,0,1,616,761,1062,1823,1332,2618,1802,3897,2946,4205,2282,2024,4803,5690,2518,4333,0,0,260,260,469,795,524,1231,697,1896,958,1851,573,644,572,778,819,1843,27022,12770,2198,1396,13484,0,0,9,4
2021-03-11T23:59:59+01:00,0,1,607,716,1055,1720,1323,2461,1790,3686,2899,4066,1718,1492,4314,5149,2508,4323,0,0,257,259,469,795,524,1230,696,1895,958,1847,572,643,571,777,735,1697,26467,12765,2185,1158,11167,0,0,9,2
2021-03-10T23:59:59+01:00,0,1,601,706,1044,1694,1313,2440,1777,3660,2791,3983,1325,1224,3902,4678,2412,4165,0,0,257,259,468,793,523,1230,696,1894,956,1847,572,642,569,776,735,1697,24474,12758,2184,1155,11049,0,0,9,1
2021-03-09T23:59:59+01:00,0,1,600,703,1036,1677,1302,2425,1774,3648,2784,3978,1318,1223,3901,4677,2411,4164,0,0,257,259,468,793,523,1230,696,1894,956,1847,572,642,569,774,735,1697,24470,12757,2182,1155,10962,0,0,8,0
2021-03-08T23:59:59+01:00,0,1,595,674,1025,1650,1285,2392,1766,3615,2763,3963,1317,1220,3901,4677,2411,4163,0,0,257,259,468,793,522,1227,695,1892,956,1846,572,641,567,774,735,1697,24464,12748,2181,1153,10765,0,0,8,0
2021-03-07T23:59:59+01:00,0,1,595,671,1020,1646,1285,2389,1765,3612,2763,3961,1317,1220,3901,4677,2411,4163,0,0,257,259,468,793,520,1226,695,1892,956,1846,572,641,567,774,734,1697,24462,12744,2181,1153,10746,0,0,8,0
2021-03-06T23:59:59+01:00,0,1,560,623,900,1545,1041,2200,1343,3231,2343,3624,1034,1002,3600,4299,2391,4145,0,0,257,259,468,793,518,1226,695,1892,956,1845,572,640,565,770,645,1515,23460,12740,2178,876,8236,0,0,8,0
2021-03-05T23:59:59+01:00,0,1,558,623,895,1542,1041,2198,1340,3228,2336,3619,890,905,2598,3097,2217,3913,0,0,256,259,463,781,515,1221,686,1875,942,1830,567,636,505,710,332,997,20599,12537,2167,38,8227,0,0,8,0
2021-03-04T23:59:59+01:00,0,1,541,579,859,1412,1002,2045,1289,3025,2293,3518,876,896,1415,1657,1924,3545,0,0,256,259,461,781,515,1221,685,1875,942,1830,566,635,505,709,332,997,17286,12531,2167,38,7416,0,0,8,0
2021-03-03T23:59:59+01:00,0,1,535,547,836,1347,980,1982,1273,2982,2283,3474,876,895,1415,1657,1923,3545,0,0,256,259,460,780,515,1219,684,1874,941,1829,566,635,505,709,332,997,17281,12523,2167,38,7095,0,0,8,0
2021-03-02T23:59:59+01:00,0,1,534,545,834,1345,977,1981,1272,2981,2283,3474,876,894,1415,1657,1923,3545,0,0,256,259,459,779,514,1218,682,1872,940,1828,565,635,505,709,332,997,17278,12514,2167,36,7085,0,0,7,0
2021-03-01T23:59:59+01:00,0,1,534,543,832,1343,977,1979,1272,2981,2282,3473,876,893,1415,1656,1923,3545,0,0,256,259,459,778,512,1217,680,1870,940,1828,565,635,505,709,332,997,17274,12506,2165,36,7079,0,0,7,0
2021-02-28T23:59:59+01:00,0,1,533,541,830,1342,976,1979,1272,2980,2280,3472,876,891,1415,1656,1923,3545,0,0,256,259,459,778,512,1217,679,1869,940,1827,565,635,505,709,332,997,17270,12504,2165,35,7070,0,0,7,0
2021-02-27T23:59:59+01:00,0,1,528,539,819,1333,955,1968,1234,2952,2205,3423,758,774,1145,1365,1409,2666,0,0,255,259,458,778,511,1217,677,1867,939,1825,564,632,504,707,330,993,15550,12483,1449,33,7068,0,0,7,0
2021-02-26T23:59:59+01:00,0,1,519,518,791,1266,926,1855,1195,2793,1885,3002,717,746,1145,1365,1408,2665,0,0,255,259,458,778,511,1217,677,1867,939,1825,564,632,504,707,330,992,15545,12482,1449,33,5796,0,0,7,0
2021-02-25T23:59:59+01:00,0,1,485,477,729,1149,818,1661,1039,2490,1386,2450,665,701,896,1098,1297,2492,0,0,254,258,457,778,509,1215,676,1859,936,1821,564,631,503,707,330,992,14729,12473,1449,17,3650,0,0,6,0
2021-02-24T23:59:59+01:00,0,1,484,476,729,1147,817,1661,1039,2489,1386,2448,665,701,896,1098,1297,2492,0,0,254,257,456,776,507,1211,673,1858,935,1819,563,631,503,707,330,992,14728,12471,1448,1,3644,0,0,6,0
2021-02-23T23:59:59+01:00,0,1,482,472,713,1138,808,1650,1022,2474,1369,2436,663,699,894,1097,1296,2491,0,0,254,256,456,775,507,1211,673,1857,935,1817,563,631,503,707,330,992,14616,12466,1447,1,3636,0,0,6,0
2021-02-22T23:59:59+01:00,0,1,482,472,711,1138,806,1650,1022,2474,1368,2435,663,697,894,1096,1296,2491,0,0,254,256,456,775,507,1211,673,1855,935,1816,563,631,503,707,330,992,14613,12463,1447,1,3630,0,0,6,0
2021-02-21T23:59:59+01:00,0,1,482,472,710,1138,805,1650,1021,2474,1368,2434,662,697,893,1096,1296,2491,0,0,254,256,455,775,507,1210,673,1855,935,1815,563,631,503,707,330,992,14611,12461,1447,0,3626,0,0,6,0
2021-02-20T23:59:59+01:00,0,1,467,470,698,1132,785,1645,1008,2472,1341,2413,635,678,583,791,853,1899,0,0,253,256,450,773,502,1204,668,1844,929,1812,560,628,498,706,326,987,12918,12396,1446,0,3501,0,0,6,0
2021-02-19T23:59:59+01:00,0,1,375,385,593,1007,668,1491,868,2301,1102,2174,588,654,582,791,853,1899,0,0,250,256,446,771,500,1194,665,1827,922,1792,556,622,492,699,323,977,12915,12292,1446,0,1965,0,0,6,0
2021-02-18T23:59:59+01:00,0,1,264,262,478,807,529,1246,707,1905,967,1863,585,648,581,791,853,1898,0,0,249,253,443,768,498,1190,664,1812,918,1780,549,617,485,692,317,966,12912,12201,1446,0,21,0,0,6,0
2021-02-17T23:59:59+01:00,0,1,264,262,476,807,529,1243,706,1905,966,1863,583,647,581,790,853,1898,0,0,247,253,442,764,496,1188,661,1804,914,1773,544,612,475,670,306,946,12910,12095,1446,0,14,0,0,4,0
2021-02-16T23:59:59+01:00,0,1,264,262,474,806,528,1243,706,1905,966,1863,582,647,581,789,853,1898,0,0,237,249,436,747,484,1156,654,1726,889,1693,525,583,441,624,286,875,12909,11605,1446,0,10,0,0,3,0
2021-02-15T23:59:59+01:00,0,1,264,262,473,805,528,1243,704,1905,966,1861,582,647,581,789,853,1898,0,0,233,245,432,739,477,1128,637,1673,861,1639,504,549,423,580,270,810,12907,11200,1446,0,6,0,0,3,0
2021-02-14T23:59:59+01:00,0,1,264,262,473,805,527,1243,704,1905,966,1861,582,647,581,789,853,1898,0,0,233,245,432,737,476,1128,637,1667,859,1630,493,544,419,577,260,801,12906,11138,1446,0,6,0,0,3,0
2021-02-13T23:59:59+01:00,0,1,263,262,473,804,527,1243,703,1903,966,1861,582,647,581,789,853,1898,0,0,231,243,431,733,469,1116,628,1647,839,1597,474,516,402,551,246,763,12904,10886,1446,0,3,0,0,3,0
2021-02-12T23:59:59+01:00,0,1,263,262,473,803,527,1243,703,1902,962,1858,582,645,531,743,839,1894,0,0,216,235,410,699,448,1028,593,1485,752,1357,390,392,327,436,186,575,12779,9529,1446,0,3,0,0,3,0
2021-02-11T23:59:59+01:00,0,1,260,262,470,803,527,1243,701,1900,962,1855,580,644,528,740,751,1745,0,0,195,223,397,668,427,981,559,1389,706,1245,356,343,286,368,156,484,12765,8783,1203,0,2,0,0,2,0
2021-02-10T23:59:59+01:00,0,1,259,262,470,802,527,1243,700,1900,961,1855,579,643,528,739,750,1743,0,0,193,219,396,659,422,965,555,1370,694,1208,339,320,263,327,133,418,12757,8481,1203,0,1,0,0,1,0
2021-02-09T23:59:59+01:00,0,1,259,262,470,802,527,1242,699,1900,961,1853,579,643,528,739,750,1743,0,0,185,206,383,622,403,899,513,1275,641,1078,264,226,184,213,89,254,12753,7435,1203,0,1,0,0,1,0
2021-02-08T23:59:59+01:00,0,1,259,262,468,802,527,1240,697,1900,961,1852,579,643,528,738,750,1743,0,0,185,200,378,608,390,872,488,1225,614,1007,233,184,148,160,71,194,12747,6957,1202,0,1,0,0,0,0
2021-02-07T23:59:59+01:00,0,1,258,262,468,802,527,1240,697,1900,961,1849,579,643,528,738,750,1742,0,0,184,200,376,603,386,867,482,1210,607,991,227,177,138,142,64,177,12743,6831,1202,0,0,0,0,0,0
2021-02-06T23:59:59+01:00,0,1,258,262,468,802,527,1240,697,1900,961,1849,579,643,526,733,660,1563,0,0,184,200,376,603,386,867,482,1210,607,991,227,177,138,141,64,177,12743,6830,926,0,0,0,0,0,0
2021-02-05T23:59:59+01:00,0,1,258,262,466,801,526,1238,693,1898,958,1846,574,639,518,718,343,1031,0,0,178,191,359,572,373,826,464,1170,588,958,208,161,118,129,59,174,12728,6528,42,0,0,0,0,0,0
2021-02-04T23:59:59+01:00,0,1,258,261,465,796,523,1237,692,1892,953,1845,573,639,517,717,343,1031,0,0,163,158,289,434,307,668,384,944,513,818,196,155,109,123,52,162,12701,5475,42,0,0,0,0,0,0
2021-02-03T23:59:59+01:00,0,1,257,261,465,794,523,1236,691,1890,953,1845,573,639,517,717,343,1031,0,0,159,150,244,353,259,581,324,842,461,730,188,150,104,121,51,161,12694,4878,42,0,0,0,0,0,0
2021-02-02T23:59:59+01:00,0,1,257,260,465,791,522,1236,691,1888,953,1843,573,639,517,717,343,1031,0,0,152,136,187,291,201,493,248,728,379,646,178,146,101,120,50,160,12686,4216,41,0,0,0,0,0,0
2021-02-01T23:59:59+01:00,0,1,257,260,463,790,520,1234,690,1884,950,1838,573,639,516,717,343,1031,0,0,146,130,150,254,168,435,203,649,322,570,173,135,92,109,44,153,12665,3733,41,0,0,0,0,0,0
2021-01-31T23:59:59+01:00,0,1,257,260,463,790,520,1233,690,1882,950,1838,573,639,516,717,343,1031,0,0,146,130,150,253,168,434,202,649,322,570,173,135,92,109,44,153,12662,3730,41,0,0,0,0,0,0
2021-01-30T23:59:59+01:00,0,1,257,260,463,790,520,1233,690,1882,946,1838,572,639,514,717,340,1031,0,0,134,119,135,236,157,405,191,608,303,523,150,124,80,80,35,113,12652,3393,41,0,0,0,0,0,0
2021-01-29T23:59:59+01:00,0,1,254,259,459,787,518,1223,687,1864,939,1818,568,633,508,711,335,1021,0,0,90,65,94,155,115,248,148,440,214,380,112,83,61,69,30,102,12545,2406,40,0,0,0,0,0,0
2021-01-28T23:59:59+01:00,0,0,254,259,457,787,515,1221,687,1859,936,1814,568,632,507,711,335,1021,0,0,10,7,13,24,24,48,24,94,50,108,37,33,34,50,24,94,12540,674,23,0,0,0,0,0,0
2021-01-27T23:59:59+01:00,0,0,252,258,456,784,515,1217,683,1856,933,1811,567,632,507,711,335,1021,0,0,10,7,13,24,23,48,24,92,49,108,37,33,34,50,24,94,12532,670,6,0,0,0,0,0,0
2021-01-26T23:59:59+01:00,0,0,252,258,455,781,515,1214,681,1850,933,1810,567,632,507,711,335,1021,0,0,10,7,13,24,23,48,24,92,49,108,37,33,34,50,24,94,12518,670,4,0,0,0,0,0,0
2021-01-25T23:59:59+01:00,0,0,252,258,453,781,513,1210,679,1846,932,1807,567,632,507,709,334,1021,0,0,6,1,5,14,11,23,15,39,23,48,18,16,11,16,7,22,12499,275,2,0,0,0,0,0,0
2021-01-24T23:59:59+01:00,0,0,252,257,453,781,511,1209,679,1845,932,1806,567,632,507,709,334,1021,0,0,6,1,5,14,11,23,15,39,23,48,18,16,11,16,7,22,12494,275,1,0,0,0,0,0,0
2021-01-23T23:59:59+01:00,0,0,252,257,453,781,511,1208,679,1845,932,1806,567,632,507,709,334,1021,0,0,6,1,5,14,11,23,15,39,23,48,18,16,11,16,7,22,12493,275,1,0,0,0,0,0,0
2021-01-22T23:59:59+01:00,0,0,251,255,452,780,510,1207,679,1844,932,1805,567,632,507,709,315,976,0,0,6,1,5,14,11,23,15,39,23,48,18,16,11,16,7,22,12420,275,1,0,0,0,0,0,0
2021-01-21T23:59:59+01:00,0,0,249,251,449,771,507,1199,676,1821,923,1785,558,623,488,684,300,938,0,0,6,1,5,14,11,22,15,39,23,48,18,16,11,16,7,22,12221,274,1,0,0,0,0,0,0
2021-01-20T23:59:59+01:00,0,0,248,249,444,766,503,1193,672,1813,918,1778,552,618,480,665,292,919,0,0,6,1,5,14,11,22,15,39,23,48,18,16,11,16,7,22,12109,274,1,0,0,0,0,0,0
2021-01-19T23:59:59+01:00,0,0,243,249,441,757,497,1175,669,1779,907,1736,539,601,467,646,279,879,0,0,6,1,5,14,11,22,15,39,23,48,18,16,11,16,7,22,11863,274,1,0,0,0,0,0,0
2021-01-18T23:59:59+01:00,0,0,239,245,436,744,490,1153,651,1742,878,1688,520,568,450,607,262,820,0,0,6,1,5,13,11,21,15,39,23,47,18,16,11,16,7,22,11492,271,1,0,0,0,0,0,0
2021-01-17T23:59:59+01:00,0,0,239,244,435,740,486,1151,647,1733,871,1675,504,558,435,585,245,794,0,0,6,1,4,12,11,21,15,39,23,47,18,15,11,16,7,22,11342,268,0,0,0,0,0,0,0
2021-01-16T23:59:59+01:00,0,0,231,236,430,720,473,1116,622,1646,825,1526,461,472,402,530,222,734,0,0,0,0,0,0,0,0,0,0,0,0,0,0,0,0,0,0,10646,0,0,0,0,0,0,0,0
2021-01-15T23:59:59+01:00,0,0,224,230,422,700,458,1063,602,1546,786,1411,412,414,350,459,201,621,0,0,0,0,0,0,0,0,0,0,0,0,0,0,0,0,0,0,9899,0,0,0,0,0,0,0,0
2021-01-14T23:59:59+01:00,0,0,203,217,402,657,434,1000,561,1428,718,1256,356,338,299,363,155,488,0,0,0,0,0,0,0,0,0,0,0,0,0,0,0,0,0,0,8875,0,0,0,0,0,0,0,0
2021-01-13T23:59:59+01:00,0,0,202,215,401,648,428,981,556,1406,703,1221,337,314,273,322,131,422,0,0,0,0,0,0,0,0,0,0,0,0,0,0,0,0,0,0,8560,0,0,0,0,0,0,0,0
2021-01-12T23:59:59+01:00,0,0,186,203,384,607,397,887,494,1250,623,1031,238,195,163,165,77,207,0,0,0,0,0,0,0,0,0,0,0,0,0,0,0,0,0,0,7107,0,0,0,0,0,0,0,0
2021-01-11T23:59:59+01:00,0,0,182,197,380,595,377,859,474,1202,603,975,218,165,130,118,55,150,0,0,0,0,0,0,0,0,0,0,0,0,0,0,0,0,0,0,6680,0,0,0,0,0,0,0,0
2021-01-10T23:59:59+01:00,0,0,181,193,368,579,373,846,465,1182,589,956,214,165,126,118,53,148,0,0,0,0,0,0,0,0,0,0,0,0,0,0,0,0,0,0,6556,0,0,0,0,0,0,0,0
2021-01-09T23:59:59+01:00,0,0,162,160,323,499,332,729,405,1001,497,806,151,109,78,74,37,109,0,0,0,0,0,0,0,0,0,0,0,0,0,0,0,0,0,0,5472,0,0,0,0,0,0,0,0
2021-01-08T23:59:59+01:00,0,0,95,74,229,348,244,437,292,669,340,511,82,68,54,59,28,97,0,0,0,0,0,0,0,0,0,0,0,0,0,0,0,0,0,0,3627,0,0,0,0,0,0,0,0
2021-01-07T23:59:59+01:00,0,0,12,10,55,97,72,126,93,194,122,181,44,36,37,51,25,97,0,0,0,0,0,0,0,0,0,0,0,0,0,0,0,0,0,0,1252,0,0,0,0,0,0,0,0
2021-01-06T23:59:59+01:00,0,0,8,4,10,24,17,49,24,90,53,109,38,33,36,51,25,97,0,0,0,0,0,0,0,0,0,0,0,0,0,0,0,0,0,0,668,0,0,0,0,0,0,0,0
2021-01-05T23:59:59+01:00,0,0,8,4,10,24,17,48,23,90,51,109,38,33,35,51,25,97,0,0,0,0,0,0,0,0,0,0,0,0,0,0,0,0,0,0,663,0,0,0,0,0,0,0,0
2021-01-04T23:59:59+01:00,0,0,6,1,6,14,11,25,15,41,23,50,19,16,12,16,7,23,0,0,0,0,0,0,0,0,0,0,0,0,0,0,0,0,0,0,285,0,0,0,0,0,0,0,0
2021-01-03T23:59:59+01:00,0,0,6,1,6,14,11,25,15,41,23,50,19,16,12,16,7,23,0,0,0,0,0,0,0,0,0,0,0,0,0,0,0,0,0,0,285,0,0,0,0,0,0,0,0
2021-01-02T23:59:59+01:00,0,0,6,1,6,14,11,25,15,41,23,50,19,16,12,16,7,23,0,0,0,0,0,0,0,0,0,0,0,0,0,0,0,0,0,0,285,0,0,0,0,0,0,0,0
2021-01-01T23:59:59+01:00,0,0,6,1,6,14,11,24,15,41,23,50,19,16,12,16,7,23,0,0,0,0,0,0,0,0,0,0,0,0,0,0,0,0,0,0,284,0,0,0,0,0,0,0,0
2020-12-31T23:59:59+01:00,0,0,6,1,5,14,11,24,15,41,23,50,19,16,12,16,7,23,0,0,0,0,0,0,0,0,0,0,0,0,0,0,0,0,0,0,283,0,0,0,0,0,0,0,0
2020-12-30T23:59:59+01:00,0,0,6,1,5,14,11,24,15,41,23,50,19,16,12,16,7,23,0,0,0,0,0,0,0,0,0,0,0,0,0,0,0,0,0,0,283,0,0,0,0,0,0,0,0
2020-12-29T23:59:59+01:00,0,0,6,1,5,14,11,23,15,41,23,50,19,16,12,16,7,23,0,0,0,0,0,0,0,0,0,0,0,0,0,0,0,0,0,0,282,0,0,0,0,0,0,0,0
2020-12-28T23:59:59+01:00,0,0,6,1,5,13,11,23,15,41,23,49,19,16,12,16,7,23,0,0,0,0,0,0,0,0,0,0,0,0,0,0,0,0,0,0,280,0,0,0,0,0,0,0,0
2020-12-27T23:59:59+01:00,0,0,6,1,4,12,11,23,15,41,23,49,19,15,12,16,7,23,0,0,0,0,0,0,0,0,0,0,0,0,0,0,0,0,0,0,277,0,0,0,0,0,0,0,0
