Datum,<15_m,<15_w,15-24_1_m,15-24_1_w,25-34_1_m,25-34_1_w,35-44_1_m,35-44_1_w,45-54_1_m,45-54_1_w,55-64_1_m,55-64_1_w,65-74_1_m,65-74_1_w,75-84_1_m,75-84_1_w,>84_1_m,>84_1_w,<24_2_m,<24_2_w,25-34_2_m,25-34_2_w,35-44_2_m,35-44_2_w,45-54_2_m,45-54_2_w,55-64_2_m,55-64_2_w,65-74_2_m,65-74_2_w,75-84_2_m,75-84_2_w,>84_2_m,>84_2_w,bp_1,bp_2,mo_1,mo_2,az_1,az_2,ja,unb_1,unb_2
2021-10-03T23:59:59+02:00,1845,1736,13873,12874,16725,15272,18367,18142,21485,21416,22822,21764,14706,15895,10124,12372,3091,5370,12754,11846,15938,14342,17733,17350,20961,20761,22397,21262,14471,15595,9963,12161,3010,5236,177457,169604,22833,22379,35614,34668,11985,2,2
2021-10-02T23:59:59+02:00,1845,1736,13872,12874,16725,15272,18367,18142,21485,21414,22821,21764,14706,15895,10124,12372,3090,5370,12754,11846,15938,14342,17733,17350,20961,20761,22397,21262,14471,15594,9963,12160,3010,5236,177452,169602,22833,22379,35614,34668,11985,2,2
2021-10-01T23:59:59+02:00,1839,1726,13839,12845,16690,15251,18347,18120,21462,21398,22807,21761,14701,15895,10120,12371,3090,5369,12724,11825,15910,14324,17715,17331,20944,20749,22385,21255,14468,15593,9961,12160,3010,5236,177264,169452,22832,22379,35614,34668,11931,2,2
2021-09-30T23:59:59+02:00,1821,1710,13772,12807,16629,15205,18316,18082,21434,21379,22781,21740,14686,15886,10117,12361,3088,5367,12659,11778,15857,14271,17690,17291,20915,20729,22364,21244,14455,15583,9958,12157,3009,5235,176923,169125,22832,22379,35614,34668,11822,2,2
2021-09-29T23:59:59+02:00,1811,1698,13718,12769,16590,15171,18288,18052,21411,21361,22767,21721,14680,15879,10113,12355,3086,5366,12617,11743,15823,14232,17666,17267,20899,20712,22358,21238,14454,15577,9956,12151,3008,5233,176637,168895,22832,22379,35614,34668,11763,2,2
2021-09-28T23:59:59+02:00,1802,1694,13706,12742,16585,15159,18275,18043,21402,21352,22762,21719,14679,15873,10110,12352,3084,5365,12582,11706,15803,14212,17652,17249,20886,20698,22352,21230,14452,15574,9956,12147,3008,5231,176505,168649,22832,22379,35614,34668,11763,2,2
2021-09-27T23:59:59+02:00,1794,1688,13689,12712,16571,15139,18264,18029,21388,21343,22758,21713,14677,15868,10107,12349,3082,5364,12570,11669,15779,14198,17641,17237,20882,20692,22346,21224,14447,15566,9955,12145,3007,5228,176341,168481,22832,22379,35614,34668,11758,2,2
2021-09-26T23:59:59+02:00,1785,1685,13673,12697,16561,15130,18256,18024,21382,21329,22748,21709,14676,15864,10104,12343,3079,5359,12558,11659,15772,14193,17637,17236,20880,20687,22344,21222,14446,15565,9953,12143,3006,5228,176212,168421,22832,22378,35614,34668,11756,2,2
2021-09-25T23:59:59+02:00,1785,1685,13673,12697,16561,15130,18256,18024,21382,21329,22748,21709,14676,15864,10104,12343,3079,5359,12558,11658,15772,14193,17637,17236,20880,20687,22344,21222,14446,15565,9953,12143,3006,5228,176212,168420,22832,22378,35614,34668,11756,2,2
2021-09-24T23:59:59+02:00,1775,1680,13638,12642,16526,15093,18231,18003,21360,21306,22730,21699,14672,15859,10102,12340,3079,5359,12528,11616,15743,14160,17617,17209,20860,20673,22328,21210,14438,15557,9947,12137,3005,5226,175979,168192,22831,22378,35614,34668,11680,2,2
2021-09-23T23:59:59+02:00,1751,1661,13580,12581,16476,15038,18193,17964,21322,21275,22710,21670,14664,15849,10099,12335,3078,5355,12492,11589,15721,14135,17597,17195,20837,20662,22313,21198,14429,15548,9941,12135,3004,5222,175550,168005,22831,22378,35614,34668,11616,2,2
2021-09-22T23:59:59+02:00,1738,1647,13526,12535,16448,15005,18174,17929,21312,21254,22698,21661,14652,15841,10095,12331,3074,5352,12455,11564,15696,14116,17579,17168,20828,20640,22303,21188,14420,15536,9938,12130,3004,5222,175228,167772,22830,22378,35614,34668,11610,2,2
2021-09-21T23:59:59+02:00,1732,1643,13489,12512,16415,14977,18156,17900,21298,21235,22690,21652,14649,15834,10088,12329,3073,5349,12428,11542,15679,14091,17563,17145,20817,20629,22298,21178,14418,15531,9937,12125,3003,5221,175050,167655,22830,22376,35614,34668,11536,2,2
2021-09-20T23:59:59+02:00,1725,1637,13469,12485,16398,14954,18135,17885,21283,21227,22688,21645,14643,15827,10084,12321,3073,5347,12417,11532,15674,14077,17555,17135,20812,20623,22298,21172,14413,15522,9935,12123,3003,5219,174913,167600,22815,22371,35613,34668,11494,2,2
2021-09-19T23:59:59+02:00,1722,1631,13451,12469,16375,14931,18120,17881,21276,21220,22679,21635,14634,15822,10081,12316,3071,5342,12411,11528,15658,14060,17543,17133,20808,20618,22291,21168,14405,15520,9933,12119,3002,5218,174830,167591,22815,22370,35612,34668,11408,2,2
2021-09-18T23:59:59+02:00,1722,1628,13441,12464,16370,14925,18115,17876,21275,21218,22677,21634,14634,15822,10081,12316,3071,5341,12271,11355,15582,13948,17486,17063,20763,20580,22267,21140,14394,15505,9923,12107,3002,5216,174790,166632,22815,22370,35612,34668,11402,2,2
2021-09-17T23:59:59+02:00,1679,1581,13330,12365,16311,14842,18057,17813,21232,21170,22648,21608,14623,15806,10073,12304,3069,5335,12223,11307,15543,13916,17432,17012,20750,20557,22251,21122,14390,15494,9918,12101,3001,5215,174181,166545,22712,22128,35612,34668,11349,2,2
2021-09-16T23:59:59+02:00,1645,1539,13241,12271,16257,14761,17998,17751,21191,21114,22618,21572,14608,15787,10058,12292,3066,5331,12195,11283,15528,13900,17411,16989,20745,20539,22243,21112,14388,15491,9915,12099,3001,5214,173477,166393,22711,22128,35612,34668,11308,2,2
2021-09-15T23:59:59+02:00,1624,1521,13191,12233,16222,14731,17976,17718,21169,21088,22608,21559,14600,15774,10048,12285,3062,5321,12168,11266,15500,13877,17397,16961,20730,20524,22232,21101,14380,15486,9911,12098,3001,5210,173182,166247,22711,22128,35612,34668,11233,2,2
2021-09-14T23:59:59+02:00,1612,1509,13145,12199,16198,14708,17952,17692,21161,21066,22594,21549,14595,15764,10038,12276,3061,5320,12139,11229,15480,13854,17374,16934,20716,20507,22223,21085,14369,15480,9905,12097,3001,5209,172940,166036,22709,22128,35612,34668,11186,2,2
2021-09-13T23:59:59+02:00,1598,1492,13083,12151,16160,14671,17919,17656,21142,21041,22574,21532,14587,15759,10033,12268,3059,5319,12102,11198,15457,13830,17359,16921,20704,20493,22203,21079,14366,15472,9902,12090,2999,5207,172619,165875,22709,22128,35611,34668,11113,2,2
2021-09-12T23:59:59+02:00,1598,1490,13082,12150,16157,14671,17919,17653,21140,21040,22573,21530,14587,15757,10029,12264,3059,5315,12099,11194,15455,13830,17359,16920,20704,20493,22203,21078,14365,15472,9902,12089,2999,5207,172591,165864,22709,22128,35611,34668,11111,2,2
2021-09-11T23:59:59+02:00,1598,1490,13082,12150,16157,14671,17918,17653,21140,21040,22573,21530,14587,15757,10029,12264,3059,5315,12099,11194,15455,13830,17358,16920,20704,20493,22203,21078,14365,15472,9902,12089,2999,5207,172591,165864,22709,22128,35611,34668,11110,2,2
2021-09-10T23:59:59+02:00,1571,1469,13040,12116,16121,14626,17889,17621,21113,21008,22547,21513,14580,15744,10025,12259,3058,5313,12093,11184,15444,13818,17349,16915,20693,20482,22197,21073,14360,15464,9900,12085,2999,5204,172267,165832,22709,22127,35611,34668,11034,2,2
2021-09-09T23:59:59+02:00,1539,1426,12945,12039,16051,14540,17842,17564,21068,20967,22517,21484,14558,15719,10015,12251,3056,5310,12053,11147,15415,13788,17328,16886,20676,20464,22175,21058,14354,15455,9895,12079,2997,5204,171628,165593,22708,22125,35611,34667,10952,2,2
2021-09-08T23:59:59+02:00,1520,1413,12905,11994,16028,14510,17815,17531,21047,20948,22503,21473,14553,15709,10011,12244,3056,5307,12015,11103,15391,13762,17303,16859,20655,20444,22157,21038,14342,15447,9886,12072,2995,5202,171408,165372,22708,22124,35611,34667,10848,2,2
2021-09-07T23:59:59+02:00,1488,1385,12826,11923,15952,14464,17770,17483,21017,20927,22481,21447,14542,15701,10011,12238,3054,5303,11966,11068,15344,13738,17274,16837,20632,20424,22144,21023,14329,15442,9886,12067,2994,5202,170974,165175,22704,22118,35611,34667,10731,2,2
2021-09-06T23:59:59+02:00,1474,1363,12799,11895,15931,14437,17762,17469,21003,20915,22472,21439,14535,15691,10011,12233,3053,5301,11958,11053,15341,13727,17270,16833,20630,20422,22138,21020,14326,15440,9886,12063,2994,5202,170746,165104,22703,22118,35611,34667,10731,2,2
2021-09-05T23:59:59+02:00,1474,1362,12799,11892,15930,14436,17759,17468,21003,20914,22471,21438,14535,15689,10008,12232,3053,5301,11956,11053,15340,13726,17269,16832,20628,20422,22137,21020,14326,15440,9886,12063,2994,5201,170728,165095,22703,22118,35611,34667,10730,2,2
2021-09-04T23:59:59+02:00,1474,1362,12799,11892,15930,14436,17759,17468,21003,20913,22471,21438,14535,15688,10008,12232,3053,5301,11956,11053,15340,13726,17269,16832,20628,20421,22137,21020,14326,15439,9886,12063,2994,5201,170728,165095,22703,22118,35611,34667,10728,2,2
2021-09-03T23:59:59+02:00,1451,1334,12738,11827,15896,14388,17723,17434,20971,20885,22448,21413,14520,15674,10002,12223,3050,5299,11854,10960,15291,13663,17240,16789,20599,20397,22115,21001,14313,15430,9881,12055,2993,5200,170359,164595,22703,22118,35611,34662,10611,2,2
2021-09-02T23:59:59+02:00,1441,1325,12688,11801,15849,14348,17697,17403,20943,20862,22428,21401,14512,15651,9993,12217,3048,5297,11823,10937,15263,13636,17217,16766,20579,20381,22104,20992,14310,15415,9877,12051,2992,5198,170129,164486,22703,22118,35611,34662,10469,2,2
2021-09-01T23:59:59+02:00,1434,1321,12658,11780,15834,14323,17689,17390,20940,20859,22423,21398,14510,15644,9991,12213,3047,5295,11812,10919,15256,13624,17208,16759,20575,20375,22100,20985,14308,15415,9876,12049,2992,5198,169979,164393,22703,22118,35611,34662,10464,2,2
2021-08-31T23:59:59+02:00,1421,1306,12604,11744,15804,14276,17666,17365,20915,20844,22401,21388,14503,15640,9990,12208,3046,5295,11764,10885,15226,13585,17181,16722,20552,20356,22075,20971,14303,15414,9871,12046,2991,5197,169806,164232,22703,22117,35611,34662,10304,2,2
2021-08-30T23:59:59+02:00,1414,1304,12591,11719,15786,14260,17652,17354,20893,20826,22392,21377,14496,15635,9987,12204,3046,5293,11728,10846,15195,13557,17169,16699,20529,20341,22067,20962,14297,15411,9867,12041,2991,5196,169739,164086,22703,22117,35611,34662,10184,2,2
2021-08-29T23:59:59+02:00,1414,1304,12589,11719,15783,14260,17651,17354,20893,20826,22392,21377,14496,15635,9987,12204,3046,5293,11727,10844,15191,13556,17169,16699,20527,20341,22067,20962,14297,15411,9867,12041,2991,5196,169735,164077,22703,22117,35611,34662,10182,2,2
2021-08-28T23:59:59+02:00,1414,1304,12589,11719,15783,14260,17651,17354,20893,20826,22392,21377,14496,15635,9987,12204,3046,5293,11726,10844,15191,13556,17168,16699,20527,20341,22067,20962,14297,15411,9867,12041,2991,5196,169735,164075,22703,22117,35611,34662,10182,2,2
2021-08-27T23:59:59+02:00,1413,1298,12564,11700,15758,14238,17631,17331,20873,20817,22376,21363,14490,15629,9983,12198,3045,5291,11710,10833,15170,13540,17153,16683,20510,20333,22052,20949,14291,15406,9861,12034,2990,5194,169664,164049,22703,22117,35611,34661,10028,2,2
2021-08-26T23:59:59+02:00,1409,1294,12528,11673,15724,14208,17605,17317,20846,20798,22362,21350,14481,15624,9979,12192,3044,5289,11649,10767,15112,13486,17113,16654,20478,20308,22035,20927,14277,15393,9853,12030,2987,5192,169580,163769,22703,22116,35611,34660,9837,2,2
2021-08-25T23:59:59+02:00,1404,1291,12512,11656,15706,14194,17592,17301,20838,20788,22357,21340,14479,15617,9978,12189,3043,5289,11587,10705,15061,13444,17092,16623,20467,20291,22020,20916,14272,15386,9850,12028,2985,5189,169456,163418,22703,22116,35611,34660,9812,2,2
2021-08-24T23:59:59+02:00,1395,1282,12485,11634,15679,14159,17575,17284,20822,20774,22341,21327,14473,15605,9973,12180,3039,5287,11554,10682,15027,13404,17066,16607,20446,20268,21995,20906,14264,15374,9844,12020,2984,5187,169355,163277,22703,22116,35611,34660,9652,2,2
2021-08-23T23:59:59+02:00,1393,1278,12457,11617,15648,14133,17542,17266,20792,20764,22325,21314,14457,15592,9970,12176,3038,5286,11487,10625,14966,13351,17020,16578,20410,20244,21973,20888,14244,15363,9839,12013,2983,5185,169318,163027,22702,22115,35611,34660,9424,2,2
2021-08-22T23:59:59+02:00,1392,1278,12456,11615,15646,14132,17542,17266,20791,20762,22324,21314,14456,15592,9970,12176,3038,5286,11487,10621,14964,13349,17019,16576,20409,20244,21973,20888,14243,15363,9839,12013,2983,5185,169308,163016,22702,22114,35611,34660,9422,2,2
2021-08-21T23:59:59+02:00,1313,1203,12296,11422,15567,14007,17479,17181,20749,20720,22291,21270,14446,15576,9962,12163,3037,5282,11389,10531,14900,13296,16982,16534,20378,20219,21951,20858,14231,15351,9832,12002,2981,5181,168239,162430,22702,22107,35611,34660,9419,2,2
2021-08-20T23:59:59+02:00,1307,1203,12273,11395,15551,13992,17457,17162,20742,20710,22282,21263,14443,15568,9962,12160,3037,5282,11281,10454,14809,13222,16881,16428,20317,20164,21916,20825,14219,15332,9824,11997,2980,5181,168236,162346,22534,21410,35611,34646,9415,2,2
2021-08-19T23:59:59+02:00,1303,1199,12208,11344,15454,13942,17381,17108,20690,20671,22245,21220,14425,15553,9953,12147,3036,5278,11178,10357,14699,13148,16782,16352,20257,20116,21876,20773,14196,15317,9815,11984,2978,5174,168120,162011,22534,21410,35611,34645,8898,2,2
2021-08-18T23:59:59+02:00,1296,1197,12188,11329,15443,13932,17375,17098,20680,20660,22243,21212,14423,15548,9951,12146,3036,5278,11137,10319,14670,13124,16751,16325,20242,20104,21866,20769,14189,15310,9814,11983,2978,5174,168004,161752,22534,21410,35611,34645,8892,2,2
2021-08-17T23:59:59+02:00,1288,1191,12155,11304,15413,13906,17354,17073,20662,20648,22235,21197,14416,15544,9943,12143,3035,5277,11041,10251,14617,13066,16707,16282,20210,20080,21844,20745,14182,15302,9807,11972,2975,5174,167851,161327,22534,21408,35611,34644,8794,2,2
2021-08-16T23:59:59+02:00,1285,1187,12130,11280,15394,13884,17337,17057,20637,20624,22216,21188,14406,15533,9941,12140,3033,5276,10971,10179,14556,13002,16667,16244,20173,20046,21820,20725,14165,15289,9802,11958,2970,5171,167790,160948,22534,21407,35611,34644,8619,2,2
2021-08-15T23:59:59+02:00,1284,1187,12127,11279,15392,13882,17336,17056,20636,20623,22214,21187,14406,15533,9941,12140,3033,5275,10969,10170,14545,12997,16664,16242,20170,20046,21820,20725,14165,15289,9802,11958,2970,5171,167774,160914,22534,21406,35611,34644,8618,2,2
2021-08-14T23:59:59+02:00,1284,1187,12127,11279,15392,13882,17336,17056,20636,20623,22214,21187,14406,15533,9941,12140,3033,5275,10934,10135,14519,12974,16648,16225,20164,20037,21815,20721,14165,15289,9802,11958,2969,5171,167774,160720,22534,21406,35611,34644,8618,2,2
2021-08-13T23:59:59+02:00,1216,1113,12033,11174,15353,13838,17304,17010,20607,20597,22188,21163,14398,15522,9934,12133,3032,5273,10862,10074,14475,12915,16607,16188,20147,20015,21797,20706,14159,15276,9798,11950,2968,5170,167222,160361,22534,21405,35611,34644,8527,2,2
2021-08-12T23:59:59+02:00,1213,1108,12011,11164,15325,13818,17280,16981,20584,20582,22165,21139,14387,15510,9926,12125,3032,5270,10787,10004,14418,12853,16556,16143,20118,19993,21765,20676,14147,15261,9788,11938,2966,5166,167140,159992,22533,21404,35611,34644,8342,2,2
2021-08-11T23:59:59+02:00,1201,1101,11988,11140,15311,13808,17264,16968,20575,20572,22159,21129,14379,15505,9917,12120,3031,5268,10678,9899,14338,12764,16520,16099,20084,19964,21741,20664,14134,15246,9776,11926,2964,5162,166956,159307,22533,21401,35611,34643,8342,2,2
2021-08-10T23:59:59+02:00,1201,1089,11964,11123,15287,13794,17244,16954,20558,20558,22142,21117,14368,15500,9915,12116,3031,5266,10624,9847,14291,12729,16483,16076,20058,19941,21718,20642,14121,15234,9773,11923,2964,5158,166872,159032,22533,21401,35611,34643,8217,2,2
2021-08-09T23:59:59+02:00,1197,1082,11933,11092,15267,13775,17228,16934,20546,20548,22124,21107,14357,15496,9911,12110,3031,5264,10572,9788,14248,12694,16449,16045,20041,19925,21700,20634,14108,15226,9765,11916,2964,5153,166752,158760,22533,21401,35611,34643,8112,2,2
2021-08-08T23:59:59+02:00,1195,1081,11929,11086,15264,13774,17224,16932,20543,20544,22122,21106,14357,15494,9910,12109,3031,5264,10568,9787,14245,12689,16445,16042,20040,19924,21698,20634,14106,15226,9764,11915,2964,5153,166715,158734,22533,21399,35611,34643,8112,2,2
2021-08-07T23:59:59+02:00,1195,1081,11927,11084,15262,13770,17223,16930,20542,20542,22121,21106,14357,15493,9910,12108,3031,5264,10567,9786,14244,12688,16445,16040,20039,19923,21698,20631,14105,15226,9764,11915,2964,5153,166696,158722,22533,21399,35611,34643,8112,2,2
2021-08-06T23:59:59+02:00,1193,1079,11909,11074,15233,13757,17198,16915,20522,20524,22110,21097,14354,15489,9908,12104,3031,5264,10549,9775,14210,12676,16420,16024,20019,19908,21687,20622,14102,15222,9762,11911,2964,5153,166683,158712,22533,21398,35611,34642,7940,2,2
2021-08-05T23:59:59+02:00,1184,1070,11867,11042,15199,13733,17172,16881,20492,20504,22079,21078,14341,15472,9903,12096,3027,5263,10522,9762,14180,12656,16402,16004,19989,19893,21662,20607,14091,15211,9757,11906,2961,5152,166541,158683,22533,21396,35611,34641,7723,2,2
2021-08-04T23:59:59+02:00,1171,1061,11838,11010,15186,13716,17158,16868,20481,20492,22068,21065,14334,15467,9899,12094,3026,5262,10512,9745,14166,12647,16387,15997,19978,19885,21656,20605,14089,15210,9756,11906,2960,5151,166337,158607,22531,21366,35610,34641,7723,2,2
2021-08-03T23:59:59+02:00,1165,1056,11795,10976,15149,13691,17133,16836,20460,20472,22048,21043,14321,15449,9895,12091,3025,5261,10474,9725,14134,12630,16367,15977,19961,19873,21639,20592,14081,15192,9752,11904,2960,5151,166204,158564,22531,21364,35610,34639,7526,2,2
2021-08-02T23:59:59+02:00,1162,1054,11776,10959,15129,13670,17117,16817,20444,20462,22040,21033,14310,15438,9889,12089,3025,5259,10454,9710,14115,12608,16351,15958,19944,19866,21632,20581,14072,15180,9746,11902,2960,5149,166154,158524,22531,21363,35610,34638,7383,2,2
2021-08-01T23:59:59+02:00,1162,1054,11775,10955,15129,13670,17116,16816,20444,20461,22038,21033,14310,15437,9889,12089,3025,5258,10452,9709,14109,12607,16349,15958,19944,19865,21631,20581,14072,15180,9746,11902,2960,5149,166143,158512,22530,21362,35610,34637,7383,2,2
2021-07-31T23:59:59+02:00,1162,1054,11775,10955,15129,13670,17116,16816,20444,20461,22038,21033,14310,15437,9889,12089,3025,5258,10452,9708,14105,12604,16349,15958,19944,19863,21631,20581,14072,15180,9746,11902,2960,5149,166143,158503,22530,21361,35610,34637,7383,2,2
2021-07-30T23:59:59+02:00,1162,1054,11742,10941,15095,13647,17081,16788,20417,20442,22001,21014,14293,15429,9883,12081,3024,5257,10419,9696,14071,12580,16314,15930,19917,19844,21594,20561,14054,15172,9740,11894,2959,5148,166140,158499,22530,21361,35610,34635,7076,2,2
2021-07-29T23:59:59+02:00,1150,1046,11711,10912,15071,13624,17071,16775,20409,20431,21992,21008,14290,15428,9880,12079,3021,5256,10414,9687,14051,12573,16303,15922,19914,19842,21589,20560,14052,15169,9740,11894,2959,5148,165949,158428,22530,21359,35610,34635,7070,2,2
2021-07-28T23:59:59+02:00,1135,1040,11676,10867,15043,13594,17052,16756,20401,20418,21983,21001,14286,15426,9877,12077,3020,5255,10403,9677,14032,12557,16292,15912,19906,19838,21586,20558,14051,15167,9740,11893,2959,5148,165726,158354,22529,21358,35610,34633,7047,2,2
2021-07-27T23:59:59+02:00,1132,1039,11653,10852,15019,13575,17033,16747,20388,20399,21965,20982,14278,15412,9870,12073,3019,5253,10378,9667,14005,12532,16274,15903,19892,19819,21569,20537,14043,15155,9733,11889,2958,5147,165700,158327,22529,21358,35610,34633,6855,2,2
2021-07-26T23:59:59+02:00,1126,1027,11598,10791,14975,13538,17007,16725,20353,20368,21936,20966,14261,15403,9863,12065,3019,5252,10339,9641,13971,12502,16249,15886,19854,19784,21519,20508,14026,15145,9725,11880,2958,5146,165531,158264,22528,21357,35610,34573,6609,2,2
2021-07-25T23:59:59+02:00,1125,1026,11596,10787,14971,13537,17006,16724,20352,20368,21936,20966,14260,15403,9863,12065,3019,5252,10337,9629,13965,12495,16245,15884,19852,19784,21519,20508,14026,15145,9725,11880,2958,5145,165517,158231,22525,21354,35610,34573,6609,2,2
2021-07-24T23:59:59+02:00,1125,1026,11593,10785,14969,13536,17006,16723,20350,20366,21936,20965,14260,15403,9863,12065,3019,5252,10217,9519,13796,12353,15823,15520,19704,19661,21501,20482,14012,15130,9718,11872,2958,5144,165510,158209,22520,19691,35610,34573,6607,2,2
2021-07-23T23:59:59+02:00,1101,1013,11479,10714,14886,13478,16953,16668,20308,20313,21898,20927,14244,15383,9853,12057,3017,5251,8469,8145,12401,11243,15332,15082,19411,19337,21287,20290,13934,15046,9661,11822,2953,5140,165094,150551,22520,19691,35610,34517,6321,2,2
2021-07-22T23:59:59+02:00,1079,1006,11412,10647,14831,13430,16915,16642,20288,20282,21881,20902,14219,15368,9836,12047,3015,5248,7944,7671,11784,10744,14616,14479,19216,19164,21129,20114,13855,14960,9629,11773,2944,5128,164741,146154,22520,19689,35610,34504,6177,2,2
2021-07-21T23:59:59+02:00,1066,997,11367,10597,14793,13397,16885,16613,20270,20265,21863,20891,14208,15363,9834,12039,3013,5246,7940,7663,11772,10734,14610,14477,19209,19163,21074,20077,13852,14958,9629,11772,2943,5126,164405,146117,22520,19682,35610,34402,6172,2,2
2021-07-20T23:59:59+02:00,1053,982,11316,10558,14763,13369,16853,16595,20245,20244,21839,20873,14197,15350,9832,12033,3012,5245,7929,7657,11758,10726,14604,14470,19199,19159,21067,20073,13851,14956,9629,11772,2943,5126,164097,146085,22520,19682,35610,34394,6132,2,2
2021-07-19T23:59:59+02:00,1040,966,11266,10508,14734,13335,16832,16576,20226,20224,21826,20865,14191,15346,9828,12024,3010,5241,7924,7654,11752,10722,14599,14469,19196,19159,21053,20057,13849,14955,9628,11770,2943,5126,163779,146058,22520,19680,35610,34363,6129,2,2
2021-07-18T23:59:59+02:00,1040,966,11265,10508,14734,13333,16830,16574,20226,20224,21826,20865,14190,15346,9828,12024,3010,5241,7921,7650,11743,10715,14595,14466,19195,19158,21042,20052,13849,14955,9628,11770,2943,5126,163771,146030,22520,19679,35610,34344,6129,2,2
2021-07-17T23:59:59+02:00,1038,966,11219,10480,14674,13289,16792,16544,20191,20209,21800,20842,14179,15333,9825,12021,3010,5240,7846,7591,11599,10585,14401,14299,18770,18837,20843,19878,13821,14914,9613,11747,2939,5120,163742,146022,22511,18021,35609,34344,5790,2,2
2021-07-16T23:59:59+02:00,1017,949,11023,10341,14571,13192,16691,16467,20114,20144,21748,20794,14152,15308,9809,12014,3006,5235,7572,7391,10671,9955,13937,13988,18543,18642,19981,19219,13655,14702,9504,11615,2923,5096,163417,142590,21974,18011,35609,32556,5575,2,2
2021-07-15T23:59:59+02:00,993,933,10966,10278,14533,13161,16665,16446,20099,20127,21738,20785,14148,15304,9804,12010,3006,5231,7142,7021,8448,8221,13477,13595,18482,18586,19840,19083,13522,14560,9451,11552,2922,5086,163078,136222,21973,18007,35609,32518,5567,2,2
2021-07-14T23:59:59+02:00,967,915,10890,10192,14467,13099,16626,16402,20062,20091,21712,20764,14136,15292,9791,11995,3002,5229,6596,6572,7362,7361,12906,13145,18384,18492,19732,18995,13492,14523,9434,11535,2920,5083,162585,131853,21973,18003,35609,32454,5465,2,2
2021-07-13T23:59:59+02:00,948,894,10809,10119,14421,13055,16599,16372,20038,20069,21701,20751,14129,15281,9788,11988,3000,5227,6345,6294,6901,6974,12594,12878,18367,18470,19687,18958,13379,14414,9431,11531,2920,5080,162149,131808,21970,15747,35609,32450,5461,2,2
2021-07-12T23:59:59+02:00,928,882,10756,10069,14374,13010,16557,16342,20022,20057,21695,20745,14127,15276,9784,11984,3000,5225,6206,6199,6742,6853,12298,12634,17674,17904,19590,18878,13345,14389,9414,11509,2920,5077,161851,129268,21970,15743,35609,32446,5403,2,2
2021-07-11T23:59:59+02:00,928,882,10755,10067,14372,13009,16556,16342,20021,20057,21695,20745,14127,15276,9784,11984,3000,5225,6202,6195,6739,6850,12297,12634,17674,17904,19589,18877,13345,14389,9414,11508,2919,5075,161848,129259,21970,15743,35609,32439,5398,2,2
2021-07-10T23:59:59+02:00,925,877,10748,10054,14365,13002,16549,16342,20019,20050,21690,20740,14127,15275,9784,11984,3000,5225,6195,6187,6729,6845,12294,12630,17673,17899,19584,18874,13344,14389,9414,11508,2919,5075,161782,129209,21970,15743,35609,32439,5395,2,2
2021-07-09T23:59:59+02:00,911,861,10698,10011,14331,12974,16514,16312,19984,20027,21662,20718,14108,15260,9769,11976,2999,5222,5386,5454,6597,6745,12134,12526,17441,17793,19378,18741,13281,14316,9387,11489,2916,5072,161599,126305,21969,15743,35609,31487,5160,2,2
2021-07-08T23:59:59+02:00,909,861,10639,9968,14244,12920,16450,16262,19933,19980,21634,20693,14095,15243,9763,11963,2998,5216,5255,5344,6382,6569,11695,12184,16931,17421,19118,18554,13218,14232,9361,11453,2910,5060,161582,124379,21968,15740,35608,30980,4613,2,2
2021-07-07T23:59:59+02:00,908,861,10636,9962,14240,12917,16447,16261,19933,19977,21634,20693,14095,15243,9763,11963,2998,5216,5114,5161,5908,6157,10491,11201,16877,17355,19064,18509,13201,14210,9352,11450,2906,5050,161569,120707,21965,15738,35608,30977,4605,2,2
2021-07-06T23:59:59+02:00,908,861,10634,9961,14236,12914,16445,16261,19933,19977,21634,20692,14095,15242,9763,11963,2998,5216,5095,5155,5901,6149,10491,11201,16875,17355,19062,18509,13201,14208,9352,11450,2906,5050,161564,120685,21961,15735,35608,30961,4600,2,2
2021-07-05T23:59:59+02:00,908,861,10628,9956,14219,12912,16435,16259,19932,19977,21632,20692,14095,15242,9763,11963,2998,5216,5086,5152,5882,6147,10481,11198,16872,17355,19060,18508,13201,14208,9352,11450,2905,5050,161555,120678,21961,15732,35608,30954,4564,2,2
2021-07-04T23:59:59+02:00,908,861,10618,9947,14218,12908,16434,16259,19931,19976,21631,20691,14095,15242,9763,11962,2997,5215,5053,5111,5796,6069,10354,11084,16865,17352,19059,18504,13197,14206,9350,11445,2902,5048,161548,120200,21960,15731,35608,30945,4540,2,2
2021-07-03T23:59:59+02:00,827,792,8693,8407,12756,11747,15963,15801,19645,19676,21462,20526,14021,15166,9709,11916,2991,5211,4944,4982,5523,5813,10116,10869,16721,17210,18869,18353,13172,14172,9340,11435,2900,5046,153214,118643,21960,15731,35608,30577,4527,2,2
2021-07-02T23:59:59+02:00,827,790,8691,8401,12749,11743,15960,15800,19643,19676,21462,20526,14020,15165,9709,11915,2990,5210,4087,4130,4883,5163,9137,9876,16350,16734,18386,17814,12823,13850,9280,11359,2898,5038,153194,114123,21958,15731,35607,27447,4518,2,2
2021-07-01T23:59:59+02:00,807,771,8484,8235,12667,11666,15926,15768,19631,19662,21451,20509,14016,15161,9704,11907,2987,5204,2266,2440,4450,4788,8644,9443,15722,16192,17834,17376,12765,13784,9250,11303,2883,5008,152501,106525,21958,15729,35607,27405,4490,2,1
2021-06-30T23:59:59+02:00,752,721,8238,8050,12493,11514,15811,15673,19565,19595,21412,20462,13997,15135,9691,11894,2986,5199,2208,2404,4359,4671,8538,9344,15524,16053,17098,16874,12112,13138,9191,11234,2876,5002,151150,106462,21956,15728,35606,23960,4476,2,1
2021-06-29T23:59:59+02:00,752,721,8230,8043,12489,11506,15807,15673,19563,19595,21412,20462,13997,15135,9691,11894,2986,5199,2185,2392,4336,4630,8514,9298,15488,15994,17022,16789,11758,12800,9163,11200,2873,4994,151134,106446,21953,15725,35605,22802,4463,2,1
2021-06-28T23:59:59+02:00,752,721,8226,8039,12480,11499,15802,15672,19563,19595,21412,20462,13996,15135,9691,11894,2986,5199,2177,2366,4288,4515,8439,9137,15367,15716,16855,16518,11450,12496,9140,11173,2872,4990,151114,106436,21952,15725,35605,20885,4453,2,1
2021-06-27T23:59:59+02:00,752,721,8223,8033,12476,11495,15799,15671,19561,19595,21412,20462,13996,15135,9691,11893,2986,5199,2167,2362,4279,4513,8257,8981,15346,15700,16853,16513,11445,12495,9139,11171,2872,4990,151103,106036,21950,15724,35605,20881,4442,2,1
2021-06-26T23:59:59+02:00,744,717,8011,7823,11999,11089,14684,14680,19312,19395,21309,20342,13953,15084,9678,11864,2983,5196,2127,2320,4223,4458,8159,8872,15085,15441,16791,16466,11428,12476,9127,11166,2872,4988,148623,104973,20194,15703,35604,20881,4442,2,1
2021-06-25T23:59:59+02:00,725,699,7984,7799,11984,11078,14684,14673,19305,19390,21305,20341,13953,15084,9677,11862,2983,5196,1996,2142,3933,4152,6634,7437,12425,13245,16715,16378,11400,12447,9116,11142,2866,4973,148482,96089,20194,15622,35604,20847,4442,2,1
2021-06-24T23:59:59+02:00,713,682,7499,7387,10903,10176,14152,14237,19235,19330,21257,20298,13931,15055,9664,11849,2982,5193,1928,2074,3572,3812,5869,6764,12177,13034,16469,16170,11296,12320,9026,11015,2855,4939,144319,94851,20190,13239,35603,20798,4431,2,1
2021-06-23T23:59:59+02:00,713,682,7497,7382,10897,10172,14151,14236,19235,19329,21257,20297,13931,15055,9664,11849,2982,5193,1784,1909,3087,3413,4518,5593,11875,12767,16348,16053,11250,12280,9013,10988,2854,4932,144303,90221,20187,13238,35602,20774,4430,2,1
2021-06-22T23:59:59+02:00,713,682,7448,7353,10824,10123,14126,14210,19218,19314,21246,20290,13925,15045,9661,11846,2982,5193,1734,1878,3005,3359,4479,5560,11846,12728,16280,16002,11042,12089,8761,10687,2844,4901,144289,90202,20187,13232,35600,19637,4123,2,1
2021-06-21T23:59:59+02:00,711,682,7317,7285,10694,10024,13844,13959,18468,18697,21156,20213,13890,15013,9642,11821,2982,5190,1689,1853,2962,3322,4449,5530,11799,12694,16263,15985,11033,12078,8754,10679,2843,4900,141901,90076,20184,13229,35600,19624,3903,2,1
2021-06-20T23:59:59+02:00,711,682,7317,7280,10689,10021,13843,13959,18468,18697,21156,20213,13890,15013,9642,11821,2982,5190,1661,1824,2914,3306,4384,5491,11737,12661,16201,15925,11014,12062,8751,10670,2839,4897,141888,89595,20183,13224,35600,19614,3903,2,1
2021-06-19T23:59:59+02:00,711,681,7283,7243,10583,9932,13661,13801,18053,18360,20970,20040,13872,14986,9630,11801,2979,5184,1630,1789,2875,3258,4304,5420,11401,12371,16163,15887,11005,12051,8749,10665,2837,4895,141845,88588,18422,13195,35600,19613,3903,2,1
2021-06-18T23:59:59+02:00,15,13,6476,6510,10575,9931,13660,13799,18051,18357,20970,20040,13872,14985,9630,11800,2978,5182,1499,1678,2636,3102,3673,4789,10257,11225,15951,15731,10963,12011,8726,10644,2823,4866,138929,83927,18421,13193,35600,19559,3894,2,1
2021-06-17T23:59:59+02:00,13,12,6405,6442,10457,9826,13335,13496,17663,18034,20858,19942,13853,14947,9618,11786,2970,5176,1418,1560,2481,2953,3317,4451,8647,9863,15436,15298,10787,11831,8670,10566,2806,4838,137035,78446,18420,13188,35599,19508,3779,2,1
2021-06-16T23:59:59+02:00,13,12,6398,6435,10446,9822,13333,13494,17660,18033,20857,19942,13853,14947,9617,11785,2970,5176,1365,1514,2378,2875,3133,4272,7556,8922,14936,14911,10705,11720,8634,10519,2795,4822,137002,74615,18417,13184,35599,19482,3775,2,1
2021-06-15T23:59:59+02:00,13,12,6366,6416,10405,9791,13303,13478,17640,18012,20844,19928,13844,14939,9614,11779,2967,5173,1283,1456,2249,2773,3016,4186,6633,8187,14736,14744,10681,11691,8621,10497,2786,4815,136987,74604,18415,10763,35597,19462,3524,2,1
2021-06-14T23:59:59+02:00,13,12,6347,6397,10370,9765,13282,13458,17623,17994,20825,19917,13833,14930,9611,11777,2967,5169,1257,1440,2213,2746,2994,4165,6617,8167,14715,14734,10669,11682,8618,10496,2785,4811,136968,74595,18414,10763,35597,19441,3309,2,1
2021-06-13T23:59:59+02:00,13,12,6346,6397,10367,9763,13282,13454,17623,17994,20825,19917,13832,14930,9611,11777,2967,5169,1253,1434,2209,2737,2984,4155,6600,8150,14615,14669,10656,11659,8612,10484,2782,4811,136959,74303,18414,10763,35597,19436,3307,2,1
2021-06-12T23:59:59+02:00,10,10,5563,5638,10322,9724,13248,13430,17595,17972,20799,19886,13750,14857,9611,11774,2966,5169,1245,1416,2196,2720,2964,4129,6526,8066,14443,14532,10427,11374,8130,9946,2780,4810,135004,73798,18414,10763,35597,17835,3307,2,1
2021-06-11T23:59:59+02:00,9,10,5559,5631,10312,9717,13233,13418,17587,17967,20795,19884,13750,14856,9611,11772,2966,5169,1170,1332,2077,2561,2793,3874,5019,6732,12723,13152,10287,11227,8044,9841,2773,4794,134929,66506,18414,10762,35597,17826,3304,2,1
2021-06-10T23:59:59+02:00,3,4,4565,4689,10144,9590,13120,13333,17332,17732,20554,19702,13740,14845,9605,11762,2963,5166,1114,1271,1962,2455,2631,3697,4412,6094,11557,12163,9986,10902,7959,9756,2761,4769,131614,61678,18410,10762,35597,17821,3227,1,1
2021-06-09T23:59:59+02:00,3,4,3980,4096,9941,9442,13031,13261,17021,17465,20328,19520,13725,14832,9600,11756,2962,5161,1041,1227,1862,2385,2537,3584,4085,5790,11134,11838,9858,10744,7913,9690,2750,4760,129265,61599,18397,8916,35597,17814,2868,1,1
2021-06-08T23:59:59+02:00,3,4,3968,4089,9928,9431,13019,13254,17014,17456,20320,19518,13723,14829,9599,11753,2961,5159,995,1218,1839,2370,2510,3570,4060,5770,11123,11835,9855,10739,7912,9688,2749,4758,129248,61483,18394,8909,35596,17809,2789,1,1
2021-06-07T23:59:59+02:00,3,4,3954,4080,9895,9419,13009,13236,16991,17444,20304,19507,13719,14825,9596,11749,2959,5157,984,1210,1804,2357,2500,3551,4036,5756,11105,11821,9852,10733,7909,9685,2747,4756,129235,61472,18392,8906,35594,17798,2629,1,1
2021-06-06T23:59:59+02:00,3,4,3950,4076,9889,9414,13007,13236,16988,17443,20303,19506,13718,14824,9596,11749,2959,5157,981,1207,1792,2355,2494,3542,4022,5749,10977,11677,9841,10726,7908,9685,2747,4756,129221,61147,18391,8905,35592,17789,2617,1,1
2021-06-05T23:59:59+02:00,2,1,3655,3777,7390,7411,12768,13051,16959,17414,20259,19465,13602,14680,9521,11657,2955,5145,904,1135,1630,2254,2328,3461,3795,5608,10076,10837,9455,10270,7795,9529,2739,4736,123242,57869,18391,8905,35592,17291,2486,1,1
2021-06-04T23:59:59+02:00,2,1,3589,3721,7238,7296,12298,12654,16820,17302,20024,19229,13483,14535,9463,11578,2941,5128,878,1070,1600,2149,2289,3294,3719,5350,9435,10157,8608,9248,7519,9125,2735,4725,120839,56392,18391,8903,35592,14126,2479,1,1
2021-06-03T23:59:59+02:00,2,1,3180,3333,7211,7281,12171,12536,16788,17260,19936,19163,13471,14518,9461,11575,2940,5127,850,1001,1554,2025,2208,3094,3530,4969,8858,9539,7846,8376,7046,8509,2732,4717,119608,54761,18388,8901,35588,10822,2369,1,1
2021-06-02T23:59:59+02:00,0,1,2794,3017,6059,6344,11864,12300,16728,17209,19814,19058,13409,14463,9439,11554,2938,5119,835,966,1488,2001,2094,3056,3359,4867,7492,8456,7766,8297,7030,8481,2729,4712,115875,51650,18387,8901,35588,10818,2259,1,1
2021-06-01T23:59:59+02:00,0,1,2509,2716,5574,5912,11541,12017,16704,17186,19763,19021,13286,14340,9432,11550,2937,5116,818,960,1472,1991,2073,3043,3333,4848,7194,8132,7727,8263,7020,8467,2728,4712,115853,50967,16039,8881,35588,10808,2124,1,1
2021-05-31T23:59:59+02:00,0,1,2494,2712,5554,5904,11513,11995,16668,17174,19722,18999,13283,14336,9428,11548,2937,5114,802,953,1454,1981,2042,3023,3297,4834,7153,8110,7723,8258,7016,8465,2728,4710,115840,50954,16035,8875,35587,10800,1919,1,1
2021-05-30T23:59:59+02:00,0,1,2491,2710,5551,5900,11512,11994,16665,17173,19720,18998,13283,14336,9428,11548,2937,5114,801,949,1448,1978,2039,3021,3295,4832,7152,8110,7723,8258,7016,8464,2728,4710,115824,50946,16035,8875,35584,10785,1917,1,1
2021-05-29T23:59:59+02:00,0,1,2477,2696,5386,5746,11445,11936,16657,17167,19712,18997,13282,14334,9426,11548,2937,5114,764,899,1335,1883,1760,2767,2889,4408,6868,7838,7539,8033,6840,8236,2725,4704,115324,50299,16035,8875,35584,8396,1917,1,1
2021-05-28T23:59:59+02:00,0,1,2344,2569,4967,5353,10756,11317,16591,17105,19686,18968,13273,14320,9407,11519,2935,5105,743,876,1275,1828,1671,2696,2756,4303,5284,6142,7374,7837,6798,8180,2722,4694,112684,46005,16035,8875,35584,8386,1912,1,1
2021-05-27T23:59:59+02:00,0,1,2324,2548,4917,5286,10089,10747,16550,17073,19671,18957,13263,14310,9405,11517,2935,5105,690,784,1169,1754,1460,2555,2382,3997,4402,5230,7137,7528,6706,8063,2705,4675,111294,42214,16032,8869,35582,8364,1789,1,1
2021-05-26T23:59:59+02:00,0,1,2286,2486,4745,5107,9654,10385,16498,17019,19603,18903,13249,14291,9395,11515,2931,5092,674,740,1119,1721,1371,2475,2173,3826,4273,5093,6974,7315,6626,7964,2693,4661,109881,40813,16029,8868,35582,8349,1667,1,1
2021-05-25T23:59:59+02:00,0,1,2283,2478,4715,5090,9629,10359,16473,17001,19589,18896,13244,14289,9392,11512,2931,5092,667,727,1074,1703,1319,2430,2103,3766,3732,4514,6672,6972,6592,7927,2692,4659,109875,40805,16027,6913,35581,8340,1490,1,1
2021-05-24T23:59:59+02:00,0,1,2275,2471,4703,5084,9620,10353,16446,16981,19563,18871,13234,14278,9389,11502,2930,5088,658,722,1062,1696,1309,2423,2078,3746,3706,4489,6660,6961,6589,7917,2691,4655,109868,40797,16024,6913,35581,8336,1315,1,1
2021-05-23T23:59:59+02:00,0,1,2259,2440,4614,5010,9486,10231,16443,16980,19563,18870,13232,14276,9386,11498,2928,5087,657,719,1060,1695,1308,2423,2078,3746,3706,4487,6659,6961,6589,7917,2691,4655,109384,40790,16024,6912,35580,8333,1315,1,1
2021-05-22T23:59:59+02:00,0,1,2239,2421,4605,4993,9406,10150,16420,16966,19511,18827,13204,14246,9383,11492,2928,5086,656,717,1059,1692,1306,2420,2075,3741,3690,4473,5826,6062,6517,7836,2683,4650,108958,38842,16024,6912,35580,8333,1315,1,1
2021-05-21T23:59:59+02:00,0,1,2205,2388,4496,4906,9208,9973,16392,16933,19496,18820,13194,14237,9381,11490,2923,5075,645,690,1022,1625,1256,2297,1988,3561,3345,4038,4061,3952,6473,7770,2678,4635,108214,34829,16024,6912,35577,6992,1302,1,1
2021-05-20T23:59:59+02:00,0,1,2176,2347,4412,4845,8985,9743,16342,16881,19443,18768,13164,14202,9363,11473,2922,5071,589,584,898,1312,1084,1890,1767,3025,2785,3355,3222,2994,6426,7719,2674,4630,107358,32992,16020,6911,35568,3859,1191,1,1
2021-05-19T23:59:59+02:00,0,1,2016,2177,3913,4425,7603,8552,16070,16634,19320,18644,13116,14155,9353,11447,2920,5068,574,548,862,1256,1055,1840,1741,2971,2735,3311,3214,2982,6422,7716,2674,4629,102743,32968,16017,6909,35566,3565,1087,1,1
2021-05-18T23:59:59+02:00,0,1,1968,2125,3606,4136,6942,7952,15921,16518,19236,18561,13082,14121,9297,11373,2914,5054,567,544,855,1254,1046,1831,1711,2955,2726,3292,3209,2977,6418,7712,2674,4629,102722,32962,13546,6904,35562,3557,976,1,1
2021-05-17T23:59:59+02:00,0,1,1960,2117,3586,4122,6897,7928,15893,16500,19215,18542,13072,14099,9295,11372,2914,5054,559,537,835,1238,1003,1807,1683,2937,2703,3271,3197,2958,6418,7711,2674,4629,102714,32956,13543,6903,35560,3551,749,1,1
2021-05-16T23:59:59+02:00,0,1,1955,2114,3579,4117,6711,7763,15869,16481,19211,18537,13066,14098,9294,11371,2914,5054,559,537,834,1235,1002,1806,1683,2936,2701,3271,3197,2958,6418,7711,2674,4629,102289,32953,13541,6903,35556,3546,748,1,1
2021-05-15T23:59:59+02:00,0,1,1927,2078,3539,4079,6625,7660,15599,16213,19155,18495,13047,14079,9285,11366,2914,5052,559,537,834,1234,1002,1806,1681,2935,2701,3271,3196,2958,6417,7711,2674,4629,101268,32949,13541,6903,35556,3544,748,1,1
2021-05-14T23:59:59+02:00,0,1,1818,1933,3291,3830,5036,6180,12945,14014,19090,18409,13022,14049,9279,11353,2911,5046,559,536,830,1234,1002,1806,1680,2934,2695,3269,3191,2952,6414,7709,2674,4628,92375,32931,13541,6901,35554,3544,736,1,1
2021-05-13T23:59:59+02:00,0,1,1792,1885,3252,3780,4924,6078,12739,13830,18930,18281,12945,13954,9244,11302,2911,5045,553,533,823,1225,992,1793,1661,2915,2588,3176,2529,2144,4958,5907,2664,4609,91159,29914,13447,4878,35552,3543,734,1,1
2021-05-12T23:59:59+02:00,0,1,1792,1885,3250,3779,4924,6078,12739,13830,18929,18281,12944,13953,9244,11302,2911,5045,553,533,823,1225,992,1793,1661,2914,2585,3174,2529,2143,4958,5905,2664,4609,91154,29910,13447,4873,35551,3543,734,1,1
2021-05-11T23:59:59+02:00,0,1,1747,1840,3157,3703,4833,6011,11805,13098,18736,18122,12929,13932,9237,11288,2905,5041,552,531,820,1220,991,1792,1660,2913,2575,3169,2528,2142,4956,5904,2663,4609,91139,29900,10976,4861,35543,3537,726,1,1
2021-05-10T23:59:59+02:00,0,1,1730,1837,3151,3700,4827,6007,11804,13097,18735,18122,12929,13932,9237,11288,2905,5041,551,529,820,1220,990,1792,1659,2913,2575,3169,2527,2141,4956,5904,2663,4609,91127,29899,10971,4860,35518,3532,726,1,1
2021-05-09T23:59:59+02:00,0,1,1694,1790,3097,3685,4757,5972,11737,13076,18672,18062,12909,13913,9234,11278,2903,5039,549,526,811,1219,982,1786,1646,2910,2571,3168,2527,2139,4955,5903,2663,4608,90654,29895,10967,4859,35511,3522,686,1,1
2021-05-08T23:59:59+02:00,0,1,1661,1756,3061,3636,4680,5901,11400,12774,18639,18028,12902,13906,9233,11276,2901,5039,537,525,804,1219,971,1786,1638,2910,2555,3157,2526,2139,4955,5902,2662,4607,89629,29891,10967,4859,35511,3456,686,1,1
2021-05-07T23:59:59+02:00,0,1,1518,1634,2810,3465,4007,5239,10191,11581,18438,17877,12863,13872,9213,11259,2893,5032,445,375,681,991,825,1469,1493,2495,2386,2799,2517,2130,4951,5898,2659,4604,84859,29886,10966,4859,35499,1404,568,1,1
2021-05-06T23:59:59+02:00,0,1,1455,1465,2677,3333,3680,4928,8479,10099,17920,17452,12695,13704,9166,11187,2890,5024,327,318,576,889,689,1379,1245,2281,2171,2603,2465,2098,4949,5891,2659,4603,79316,29863,10965,4858,35483,31,390,1,1
2021-05-05T23:59:59+02:00,0,1,1399,1390,2590,3261,3504,4753,7324,9081,17412,17053,12608,13591,9134,11142,2881,5009,327,318,574,888,688,1377,1198,2228,2159,2595,2461,2096,4949,5887,2659,4599,75436,29852,10959,4857,35474,30,263,1,1
2021-05-04T23:59:59+02:00,0,1,1386,1388,2584,3253,3502,4753,7322,9080,17411,17052,12608,13591,9134,11142,2881,5009,327,317,573,887,686,1377,1198,2228,2159,2595,2460,2095,4949,5887,2659,4598,75426,29847,10948,4857,35460,28,262,1,1
2021-05-03T23:59:59+02:00,0,1,1384,1382,2575,3247,3499,4747,7244,9020,17397,17044,12604,13589,9134,11142,2880,5008,324,311,569,882,683,1372,1120,2168,2145,2587,2456,2093,4949,5887,2658,4597,75417,29845,10948,4857,35459,26,72,1,1
2021-05-02T23:59:59+02:00,0,1,1376,1378,2572,3241,3486,4738,7224,9000,17292,16976,12591,13564,9128,11131,2877,5008,322,310,569,881,683,1372,1120,2167,2143,2587,2456,2093,4948,5885,2658,4597,75108,29839,10947,4856,35458,26,69,1,1
2021-05-01T23:59:59+02:00,0,1,1372,1372,2563,3231,3477,4720,7165,8939,17149,16859,12566,13540,9116,11125,2877,5008,322,310,569,881,683,1372,1120,2167,2143,2587,2456,2093,4946,5885,2657,4595,74605,29834,10947,4856,35458,26,69,1,1
2021-04-30T23:59:59+02:00,0,1,1302,1293,2442,3064,3309,4446,5608,7538,15394,15425,12423,13379,9021,11009,2862,4975,322,310,568,880,682,1372,1117,2165,2140,2584,2455,2083,4932,5876,2649,4577,67072,29817,10947,4855,35458,26,13,1,1
2021-04-29T23:59:59+02:00,0,1,1247,1254,2340,2954,3174,4276,4998,6889,14218,14401,12111,13050,8930,10927,2848,4947,319,308,568,879,682,1371,1116,2165,2138,2582,2453,2079,4931,5872,2648,4575,62149,29795,10947,4852,35456,26,12,1,1
2021-04-28T23:59:59+02:00,0,1,1185,1237,2278,2914,3108,4195,4688,6599,13803,14085,11995,12905,8889,10867,2840,4941,318,308,565,877,679,1371,1114,2162,2136,2575,2450,2076,4928,5868,2645,4572,62027,29790,9042,4823,35455,25,5,1,1
2021-04-27T23:59:59+02:00,0,1,1166,1234,2272,2913,3104,4193,4686,6599,13802,14084,11994,12904,8889,10867,2840,4941,318,308,565,877,678,1369,1114,2162,2135,2575,2450,2074,4928,5868,2645,4572,61995,29788,9035,4819,35453,25,5,1,1
2021-04-26T23:59:59+02:00,0,1,1166,1231,2270,2912,3100,4193,4672,6585,13762,14051,11990,12901,8888,10865,2840,4940,318,308,565,876,677,1369,1114,2162,2133,2574,2450,2074,4928,5868,2645,4572,61981,29785,9030,4818,35351,25,4,1,1
2021-04-25T23:59:59+02:00,0,1,1165,1231,2263,2912,3097,4186,4659,6578,13624,13897,11980,12895,8887,10864,2840,4940,318,308,564,876,676,1368,1112,2160,2133,2574,2450,2074,4928,5868,2645,4572,61654,29781,9027,4815,35333,25,4,1,1
2021-04-24T23:59:59+02:00,0,1,1100,1185,2127,2824,2957,4129,4448,6461,12755,13093,11704,12565,8821,10760,2833,4927,318,308,564,876,675,1367,1112,2160,2133,2574,2449,2074,4924,5867,2645,4572,58326,29774,9026,4815,35333,24,4,1,1
2021-04-23T23:59:59+02:00,0,1,1002,1165,1913,2796,2797,4095,4334,6348,11409,12033,11648,12502,8797,10713,2831,4924,317,308,564,876,674,1367,1111,2160,2131,2574,2448,2074,4923,5861,2645,4570,56839,29768,9026,4812,33439,19,3,1,1
2021-04-22T23:59:59+02:00,0,1,992,1156,1886,2782,2733,4069,4158,6229,10791,11518,11559,12414,8766,10666,2828,4919,316,307,564,876,674,1366,1109,2160,2130,2574,2448,2072,4921,5859,2645,4570,55141,29761,9025,4807,33297,19,3,1,1
2021-04-21T23:59:59+02:00,0,1,978,1141,1810,2757,2614,4034,4012,6155,9294,10357,11483,12345,8754,10642,2825,4916,315,307,563,876,673,1366,1108,2160,2130,2573,2444,2068,4918,5858,2644,4568,51969,29743,9024,4805,33121,19,3,1,1
2021-04-20T23:59:59+02:00,0,1,978,1140,1808,2755,2610,4030,4008,6154,8998,10034,11456,12321,8750,10632,2822,4915,315,307,563,876,673,1366,1108,2159,2129,2572,2444,2067,4916,5857,2644,4568,51267,29739,9021,4802,33120,19,3,1,1
2021-04-19T23:59:59+02:00,0,1,976,1138,1808,2752,2609,4029,4005,6152,8997,10033,11456,12321,8750,10631,2821,4915,315,307,561,875,673,1366,1106,2159,2128,2572,2444,2067,4916,5857,2644,4568,51258,29735,9016,4801,33116,18,3,1,1
2021-04-18T23:59:59+02:00,0,1,976,1137,1806,2752,2608,4027,4004,6152,8997,10033,11456,12321,8750,10629,2821,4914,315,307,561,875,672,1366,1106,2158,2128,2572,2444,2067,4916,5857,2644,4568,51250,29734,9015,4800,33115,18,3,1,1
2021-04-17T23:59:59+02:00,0,1,976,1136,1803,2746,2532,3935,3947,6070,8980,10015,11333,12169,8747,10627,2821,4913,310,301,557,868,664,1356,1088,2145,2081,2546,2398,2014,4866,5788,2638,4561,50617,29360,9015,4800,33115,17,3,1,1
2021-04-16T23:59:59+02:00,0,1,947,1102,1694,2662,2331,3800,3697,5894,7255,8200,11135,11925,8692,10564,2818,4899,303,296,542,849,632,1320,1006,2089,1855,2385,2248,1901,4679,5519,2576,4439,46267,29346,8940,3277,32405,12,3,1,1
2021-04-15T23:59:59+02:00,0,1,878,1052,1565,2574,2051,3647,3163,5565,6244,7234,10878,11588,8591,10440,2799,4876,303,296,541,848,630,1319,1005,2086,1620,2244,2095,1769,4491,5307,2522,4335,42459,29301,8937,2098,31746,8,3,1,1
2021-04-14T23:59:59+02:00,0,1,863,1023,1519,2537,1963,3566,2993,5430,6150,7123,10715,11380,8509,10340,2787,4862,283,287,507,821,559,1259,797,1943,1400,2120,2027,1694,4360,5143,2508,4307,41082,27905,8932,2098,31743,8,3,1,1
2021-04-13T23:59:59+02:00,0,1,858,1018,1507,2534,1940,3546,2962,5395,5626,6545,10415,11040,8478,10306,2786,4861,283,285,507,820,559,1259,797,1943,1400,2119,2024,1693,4360,5142,2508,4304,41070,27902,7006,2089,31738,8,3,1,1
2021-04-12T23:59:59+02:00,0,1,858,1016,1506,2531,1940,3546,2961,5394,5625,6545,10414,11039,8477,10306,2786,4861,283,284,507,820,557,1259,795,1942,1399,2119,2024,1693,4360,5141,2508,4304,41063,27896,7003,2087,31736,8,3,1,1
2021-04-11T23:59:59+02:00,0,1,858,1016,1504,2531,1938,3545,2960,5394,5625,6545,10413,11036,8477,10306,2786,4861,283,283,506,819,555,1259,794,1942,1397,2119,2024,1693,4360,5141,2508,4304,41059,27890,7002,2086,31732,8,2,1,1
2021-04-10T23:59:59+02:00,0,1,856,1013,1501,2527,1921,3533,2892,5328,5498,6448,10183,10818,8424,10256,2782,4860,283,282,506,818,554,1259,793,1942,1397,2119,2020,1689,4355,5132,2507,4301,40488,27860,7002,2086,31348,8,2,1,1
2021-04-09T23:59:59+02:00,0,1,818,980,1404,2472,1817,3475,2763,5274,5358,6383,7799,7989,8357,10162,2772,4842,282,282,504,817,552,1257,790,1942,1395,2115,2000,1667,4333,5113,2504,4296,35005,27752,7000,2086,30658,8,2,1,1
2021-04-08T23:59:59+02:00,0,1,817,977,1400,2469,1815,3472,2751,5265,5347,6369,7005,7071,8314,10111,2769,4839,280,281,504,816,552,1256,789,1942,1392,2114,1998,1667,4332,5110,2504,4296,33139,27737,7000,2085,30650,8,2,1,1
2021-04-07T23:59:59+02:00,0,1,765,957,1326,2399,1729,3403,2559,5158,4603,5885,6337,6429,8255,10049,2762,4832,280,281,504,816,552,1253,789,1942,1392,2114,1998,1667,4331,5110,2504,4296,33131,27736,6998,2084,27317,7,2,1,0
2021-04-06T23:59:59+02:00,0,1,733,950,1307,2364,1704,3362,2529,5112,4529,5809,5976,6072,8234,10025,2757,4826,280,280,504,815,552,1253,788,1942,1392,2114,1998,1666,4331,5110,2504,4296,33126,27733,6998,2083,26163,7,2,1,0
2021-04-05T23:59:59+02:00,0,1,730,922,1266,2241,1632,3197,2410,4842,4369,5538,5667,5764,8217,9999,2755,4822,280,280,504,814,552,1253,788,1942,1392,2114,1998,1666,4331,5110,2504,4296,33123,27732,6998,2083,24248,7,2,1,0
2021-04-04T23:59:59+02:00,0,1,710,897,1174,2026,1499,2933,2195,4408,4018,5038,5422,5540,8184,9945,2754,4814,280,280,503,813,550,1252,787,1941,1318,2077,1635,1392,4170,4929,2460,4230,33119,26526,6998,2083,21438,6,2,1,0
2021-04-03T23:59:59+02:00,0,1,710,897,1173,2025,1498,2933,2194,4408,4018,5038,5422,5539,8184,9945,2754,4814,280,280,503,813,550,1252,787,1941,1318,2077,1635,1392,4170,4929,2460,4230,33115,26526,6998,2083,21437,6,2,1,0
2021-04-02T23:59:59+02:00,0,1,710,896,1173,2025,1497,2933,2194,4408,4017,5037,5421,5538,8183,9943,2753,4812,280,280,503,813,549,1252,787,1941,1317,2077,1635,1392,4170,4929,2460,4230,33113,26525,6998,2083,21428,6,1,1,0
2021-04-01T23:59:59+02:00,0,1,705,894,1169,2019,1489,2924,2180,4390,3926,4952,4927,4937,7477,9046,2751,4807,280,278,502,810,549,1251,784,1939,1279,2049,1485,1296,4069,4828,2449,4217,30203,25981,6971,2077,21418,6,1,1,0
2021-03-31T23:59:59+02:00,0,1,705,893,1167,2018,1485,2919,2176,4389,3908,4941,4752,4717,6707,8112,2738,4786,279,277,501,809,545,1248,779,1933,1174,1972,1087,1030,3655,4362,2340,4043,30083,24013,4941,2015,21388,5,1,1,0
2021-03-30T23:59:59+02:00,0,1,705,893,1165,2015,1473,2910,2167,4380,3863,4914,4553,4536,6457,7814,2729,4770,279,276,501,807,545,1248,779,1932,1174,1972,1087,1030,3655,4362,2339,4042,30078,24008,4936,2015,20329,4,1,1,0
2021-03-29T23:59:59+02:00,0,1,704,891,1164,2015,1471,2910,2167,4380,3859,4912,4550,4534,6454,7805,2727,4751,279,275,501,807,545,1248,778,1931,1174,1972,1087,1029,3655,4362,2339,4041,30069,24003,4931,2015,20293,4,1,1,0
2021-03-28T23:59:59+02:00,0,1,703,891,1164,2011,1469,2908,2166,4377,3858,4912,4549,4534,6451,7801,2727,4749,278,275,499,807,545,1248,777,1931,1174,1972,1087,1028,3655,4362,2339,4041,30067,23999,4926,2014,20276,4,1,1,0
2021-03-27T23:59:59+01:00,0,1,699,886,1160,2003,1461,2898,2147,4362,3816,4886,4499,4476,6405,7743,2720,4736,274,270,485,797,534,1236,729,1896,1013,1880,825,838,3514,4207,2177,3725,29716,23027,4926,1368,20254,4,1,1,0
2021-03-26T23:59:59+01:00,0,1,699,886,1159,2002,1458,2897,2144,4361,3811,4883,4488,4454,6395,7719,2711,4722,273,270,485,795,532,1236,727,1896,1006,1872,687,744,2532,3044,2005,3511,29660,20242,4924,1368,20204,4,1,1,0
2021-03-25T23:59:59+01:00,0,1,698,885,1158,2001,1457,2894,2140,4355,3807,4879,4479,4443,6382,7688,2686,4668,273,270,485,795,531,1233,726,1895,1004,1871,666,737,1349,1592,1720,3147,29651,16921,4919,1368,20049,4,1,1,0
2021-03-24T23:59:59+01:00,0,1,674,875,1120,1970,1386,2833,1934,4209,3583,4753,4418,4384,6248,7521,2672,4636,273,270,485,794,528,1233,724,1895,1003,1871,666,737,1349,1591,1720,3145,28276,16912,4917,1367,20022,4,1,1,0
2021-03-23T23:59:59+01:00,0,1,674,873,1118,1969,1386,2833,1934,4209,3582,4750,4418,4383,6247,7521,2672,4635,273,270,485,794,528,1232,724,1895,1003,1871,666,737,1349,1591,1720,3145,28271,16911,4914,1367,20018,4,1,1,0
2021-03-22T23:59:59+01:00,0,1,674,871,1116,1965,1383,2833,1932,4209,3581,4750,4418,4382,6247,7520,2672,4635,273,270,485,794,528,1231,723,1895,1003,1870,666,736,1349,1591,1720,3145,28267,16908,4913,1367,20007,3,1,1,0
2021-03-21T23:59:59+01:00,0,1,673,871,1114,1964,1383,2831,1931,4208,3580,4749,4418,4382,6246,7520,2672,4635,272,270,485,794,528,1231,723,1895,1003,1870,666,735,1349,1591,1720,3145,28264,16907,4912,1367,20001,3,0,1,0
2021-03-20T23:59:59+01:00,0,1,671,870,1112,1962,1378,2828,1914,4201,3549,4730,4199,4106,5727,6910,2662,4599,267,268,480,788,511,1221,702,1879,967,1842,600,657,1118,1333,1365,2597,28181,15226,4810,1366,18427,3,0,1,0
2021-03-19T23:59:59+01:00,0,1,663,863,1098,1941,1344,2792,1834,4146,3327,4568,4050,3996,5551,6666,2609,4509,267,268,480,788,511,1221,702,1878,966,1842,600,657,1118,1332,1364,2596,28178,15221,3361,1366,18419,3,0,0,0
2021-03-18T23:59:59+01:00,0,1,662,862,1097,1940,1343,2790,1834,4142,3098,4424,3896,3866,5370,6462,2556,4407,267,267,479,788,511,1219,702,1877,965,1841,598,654,879,1074,1252,2428,28167,14434,2167,1365,18416,2,0,0,0
2021-03-17T23:59:59+01:00,0,1,662,862,1096,1940,1342,2789,1834,4142,3098,4424,3896,3864,5369,6462,2556,4407,267,266,479,788,511,1219,702,1877,964,1841,597,654,879,1073,1252,2428,28165,14431,2167,1364,18412,2,0,0,0
2021-03-16T23:59:59+01:00,0,1,661,862,1096,1936,1340,2789,1831,4142,3098,4422,3895,3863,5369,6462,2556,4406,265,262,465,783,502,1207,686,1863,948,1831,595,653,877,1072,1251,2427,28157,14321,2163,1364,18409,2,0,0,0
2021-03-15T23:59:59+01:00,0,1,661,861,1094,1935,1337,2789,1827,4141,3097,4422,3895,3862,5368,6462,2556,4406,265,262,465,783,502,1207,685,1863,947,1830,595,653,877,1072,1251,2427,28152,14318,2161,1364,18401,2,0,0,0
2021-03-14T23:59:59+01:00,0,1,660,858,1090,1931,1334,2786,1825,4139,3092,4421,3895,3862,5368,6462,2556,4406,265,262,465,783,502,1207,685,1863,947,1829,595,653,876,1072,1251,2427,28147,14316,2160,1364,18379,2,0,0,0
2021-03-13T23:59:59+01:00,0,1,658,853,1082,1925,1324,2779,1819,4131,2977,4343,3420,3458,5159,6226,2511,4342,265,262,465,783,502,1207,684,1863,945,1828,571,637,572,774,818,1845,26874,12655,2160,1364,17974,2,0,0,0
2021-03-12T23:59:59+01:00,0,1,630,767,1058,1812,1303,2590,1787,3865,2933,4175,2273,2011,4797,5678,2508,4333,265,262,465,783,502,1207,683,1863,944,1828,571,636,571,774,818,1844,26862,12651,2160,1364,13499,1,0,0,0
2021-03-11T23:59:59+01:00,0,1,621,722,1051,1709,1294,2432,1775,3653,2885,4036,1707,1479,4309,5137,2498,4323,262,261,465,783,502,1207,683,1862,944,1824,571,636,569,773,734,1698,26307,12647,2147,1127,11178,0,0,0,0
2021-03-10T23:59:59+01:00,0,1,615,711,1038,1685,1284,2411,1762,3627,2776,3953,1314,1211,3897,4666,2402,4165,262,261,464,781,501,1207,683,1862,942,1824,571,636,567,772,734,1698,24314,12641,2146,1124,11058,0,0,0,0
2021-03-09T23:59:59+01:00,0,1,614,707,1030,1668,1273,2396,1759,3616,2769,3948,1310,1210,3896,4665,2401,4164,262,261,464,781,501,1207,683,1862,942,1824,571,636,567,772,734,1698,24310,12641,2145,1124,10972,0,0,0,0
2021-03-08T23:59:59+01:00,0,1,609,678,1019,1641,1257,2363,1751,3583,2748,3933,1309,1208,3896,4665,2401,4163,262,261,464,781,500,1207,683,1862,942,1824,571,635,565,772,734,1698,24305,12637,2144,1124,10776,0,0,0,0
2021-03-07T23:59:59+01:00,0,1,609,675,1014,1637,1257,2360,1750,3580,2748,3931,1309,1208,3896,4665,2401,4163,262,261,464,781,499,1207,683,1862,942,1824,571,635,565,772,734,1698,24302,12636,2144,1124,10758,0,0,0,0
2021-03-06T23:59:59+01:00,0,1,573,627,893,1536,1013,2170,1329,3197,2328,3595,1027,989,3595,4287,2381,4145,262,261,464,781,497,1207,683,1862,942,1823,571,634,563,768,645,1516,23301,12632,2141,847,8244,0,0,0,0
2021-03-05T23:59:59+01:00,0,1,571,627,888,1532,1013,2168,1326,3194,2321,3590,883,893,2596,3087,2207,3912,261,261,459,770,494,1202,675,1845,928,1808,566,630,503,707,330,997,20445,12431,2130,5,8234,0,0,0,0
2021-03-04T23:59:59+01:00,0,1,553,584,852,1400,974,2015,1276,2991,2278,3490,868,884,1413,1649,1916,3545,261,261,458,770,494,1202,675,1845,928,1808,565,629,503,706,330,997,17139,12427,2129,5,7421,0,0,0,0
2021-03-03T23:59:59+01:00,0,1,547,552,829,1335,953,1953,1260,2947,2268,3446,868,883,1413,1649,1916,3545,261,261,458,769,494,1202,675,1844,928,1808,565,629,503,706,330,997,17137,12425,2129,5,7099,0,0,0,0
2021-03-02T23:59:59+01:00,0,1,546,550,827,1334,952,1953,1259,2946,2268,3446,868,883,1413,1649,1916,3545,261,261,457,769,494,1202,675,1844,928,1807,565,629,503,706,330,997,17136,12423,2129,5,7091,0,0,0,0
2021-03-01T23:59:59+01:00,0,1,546,548,826,1333,952,1952,1259,2946,2267,3445,868,882,1413,1648,1916,3545,261,261,457,769,494,1202,674,1843,928,1807,565,629,503,706,330,997,17133,12421,2128,5,7086,0,0,0,0
2021-02-28T23:59:59+01:00,0,1,545,546,825,1332,951,1952,1259,2945,2265,3444,868,880,1413,1648,1916,3545,261,261,457,769,494,1202,674,1842,928,1807,565,629,503,706,330,997,17130,12420,2128,5,7077,0,0,0,0
2021-02-27T23:59:59+01:00,0,1,540,544,814,1322,930,1941,1220,2918,2190,3395,750,762,1143,1357,1404,2668,260,261,456,769,493,1202,672,1841,927,1805,564,627,502,704,328,993,15410,12400,1414,4,7075,0,0,0,0
2021-02-26T23:59:59+01:00,0,1,531,523,785,1256,901,1828,1181,2760,1869,2974,709,734,1143,1357,1403,2667,260,261,456,769,493,1202,672,1841,927,1805,564,627,502,704,328,992,15405,12399,1414,4,5803,0,0,0,0
2021-02-25T23:59:59+01:00,0,1,496,481,723,1139,795,1634,1027,2458,1370,2423,658,689,894,1089,1292,2494,259,260,455,769,493,1201,671,1839,927,1804,564,627,502,704,328,992,14592,12394,1414,1,3657,0,0,0,0
2021-02-24T23:59:59+01:00,0,1,495,480,723,1137,794,1634,1027,2457,1370,2422,658,689,894,1089,1292,2494,259,260,455,769,493,1200,671,1839,927,1804,564,627,502,704,328,992,14591,12394,1413,0,3652,0,0,0,0
2021-02-23T23:59:59+01:00,0,1,493,476,707,1128,785,1623,1010,2443,1354,2411,656,688,892,1088,1291,2493,259,259,455,768,493,1200,671,1838,927,1803,564,627,502,704,328,992,14481,12390,1413,0,3645,0,0,0,0
2021-02-22T23:59:59+01:00,0,1,493,476,705,1128,783,1623,1010,2443,1353,2410,656,686,892,1087,1291,2493,259,259,455,768,493,1200,671,1838,927,1802,564,627,502,704,328,992,14478,12389,1413,0,3639,0,0,0,0
2021-02-21T23:59:59+01:00,0,1,493,476,704,1128,782,1623,1009,2443,1353,2409,655,686,891,1087,1291,2493,259,259,454,768,493,1200,671,1838,927,1802,564,627,502,704,328,992,14476,12388,1413,0,3635,0,0,0,0
2021-02-20T23:59:59+01:00,0,1,477,474,692,1122,762,1618,996,2441,1326,2389,628,667,581,783,848,1900,258,258,449,766,488,1194,666,1827,921,1799,561,624,497,703,324,987,12783,12322,1412,0,3510,0,0,0,0
2021-02-19T23:59:59+01:00,0,1,382,389,588,996,644,1464,856,2270,1087,2150,581,643,580,783,848,1900,255,258,445,764,486,1185,663,1811,914,1779,557,618,491,696,321,977,12781,12220,1412,0,1969,0,0,0,0
2021-02-18T23:59:59+01:00,0,1,266,265,473,793,505,1219,694,1874,952,1839,578,637,579,783,848,1899,254,256,443,761,484,1181,662,1797,910,1768,550,613,484,689,315,966,12778,12133,1412,0,15,0,0,0,0
2021-02-17T23:59:59+01:00,0,1,266,265,472,793,505,1217,693,1874,951,1839,577,637,579,782,848,1899,252,256,442,758,482,1179,659,1789,906,1761,545,608,474,667,304,946,12776,12028,1412,0,10,0,0,0,0
2021-02-16T23:59:59+01:00,0,1,266,265,470,793,504,1217,693,1874,951,1839,577,637,579,782,848,1899,242,252,436,742,470,1147,652,1713,881,1681,526,579,440,621,284,875,12776,11541,1412,0,7,0,0,0,0
2021-02-15T23:59:59+01:00,0,1,266,265,469,793,504,1217,691,1874,951,1839,577,637,579,782,848,1899,238,248,433,734,464,1121,636,1661,855,1627,505,545,422,577,268,810,12776,11144,1412,0,4,0,0,0,0
2021-02-14T23:59:59+01:00,0,1,266,265,469,793,503,1217,691,1874,951,1839,577,637,579,782,848,1899,238,248,433,733,464,1121,636,1655,853,1618,494,540,418,574,259,801,12775,11085,1412,0,4,0,0,0,0
2021-02-13T23:59:59+01:00,0,1,265,265,469,793,503,1217,690,1873,951,1839,577,637,579,782,848,1899,236,246,432,729,457,1109,627,1635,833,1585,474,512,401,548,246,763,12774,10833,1412,0,2,0,0,0,0
2021-02-12T23:59:59+01:00,0,1,265,265,468,792,503,1217,690,1872,946,1836,577,635,529,736,834,1895,220,238,412,695,436,1021,592,1473,747,1345,390,389,325,433,186,575,12647,9477,1412,0,2,0,0,0,0
2021-02-11T23:59:59+01:00,0,1,262,265,466,792,503,1217,690,1870,946,1833,576,634,526,733,746,1746,198,226,400,663,416,974,558,1379,701,1234,356,340,284,365,156,484,12635,8734,1170,0,1,0,0,0,0
2021-02-10T23:59:59+01:00,0,1,262,265,466,791,503,1217,689,1870,945,1833,575,634,526,732,745,1744,195,222,399,656,412,960,555,1360,689,1199,339,317,261,324,133,418,12628,8439,1170,0,0,0,0,0,0
2021-02-09T23:59:59+01:00,0,1,262,265,466,791,503,1217,688,1870,945,1831,575,634,526,732,745,1744,186,209,387,620,394,895,512,1266,636,1069,264,224,182,210,89,254,12625,7397,1170,0,0,0,0,0,0
2021-02-08T23:59:59+01:00,0,1,262,265,464,791,503,1217,687,1870,945,1830,575,634,526,732,745,1744,186,203,383,606,383,869,487,1216,609,999,233,182,146,157,71,194,12622,6924,1169,0,0,0,0,0,0
2021-02-07T23:59:59+01:00,0,1,262,265,464,791,503,1217,687,1870,945,1829,575,634,526,732,745,1743,185,203,381,602,381,864,482,1206,605,985,227,175,136,139,64,177,12620,6812,1169,0,0,0,0,0,0
2021-02-06T23:59:59+01:00,0,1,262,265,464,791,503,1217,687,1870,945,1829,575,634,524,727,655,1563,185,203,381,602,381,864,482,1206,605,985,227,175,136,139,64,177,12620,6812,892,0,0,0,0,0,0
2021-02-05T23:59:59+01:00,0,1,262,265,462,790,502,1215,684,1868,942,1826,570,630,516,713,337,1030,179,194,364,571,368,823,464,1166,586,952,208,160,116,127,59,174,12605,6511,8,0,0,0,0,0,0
2021-02-04T23:59:59+01:00,0,1,262,264,461,785,499,1214,683,1863,937,1825,569,630,515,712,337,1030,164,161,294,434,303,667,384,942,511,813,196,155,107,121,52,162,12579,5466,8,0,0,0,0,0,0
2021-02-03T23:59:59+01:00,0,1,261,264,461,783,499,1213,682,1861,937,1825,569,630,515,712,337,1030,160,153,249,352,254,580,324,841,460,726,188,150,102,119,51,161,12572,4870,8,0,0,0,0,0,0
2021-02-02T23:59:59+01:00,0,1,261,263,461,780,499,1213,682,1859,937,1823,569,630,515,712,337,1030,153,139,190,289,196,492,248,727,378,642,178,146,100,118,50,160,12564,4206,8,0,0,0,0,0,0
2021-02-01T23:59:59+01:00,0,1,261,263,459,779,497,1212,681,1855,934,1818,569,630,514,712,337,1030,147,133,152,252,167,434,203,649,321,567,173,135,91,107,44,153,12544,3728,8,0,0,0,0,0,0
2021-01-31T23:59:59+01:00,0,1,261,263,459,779,497,1212,681,1855,934,1818,569,630,514,712,337,1030,147,133,152,251,167,433,202,649,321,567,173,135,91,107,44,153,12544,3725,8,0,0,0,0,0,0
2021-01-30T23:59:59+01:00,0,1,261,263,459,779,497,1212,681,1855,930,1818,568,630,512,712,334,1030,134,122,135,234,156,404,191,608,302,520,150,124,79,78,35,113,12534,3385,8,0,0,0,0,0,0
2021-01-29T23:59:59+01:00,0,1,258,262,455,776,495,1202,678,1838,923,1798,564,624,506,706,330,1020,89,68,93,154,115,247,148,440,213,376,112,83,60,67,30,102,12429,2397,7,0,0,0,0,0,0
2021-01-28T23:59:59+01:00,0,0,258,262,454,776,494,1202,678,1837,923,1796,564,624,506,706,330,1020,10,7,13,23,24,47,24,94,49,105,37,33,34,49,24,94,12426,667,4,0,0,0,0,0,0
2021-01-27T23:59:59+01:00,0,0,256,262,454,775,494,1201,678,1836,921,1796,564,624,506,706,330,1020,10,7,13,23,23,47,24,92,48,105,37,33,34,49,24,94,12422,663,1,0,0,0,0,0,0
2021-01-26T23:59:59+01:00,0,0,256,262,453,774,494,1200,678,1836,921,1795,564,624,506,706,330,1020,10,7,13,23,23,47,24,92,48,105,37,33,34,49,24,94,12418,663,1,0,0,0,0,0,0
2021-01-25T23:59:59+01:00,0,0,256,262,451,774,494,1199,678,1834,921,1794,564,624,506,704,329,1020,6,1,5,13,11,22,15,39,23,46,18,16,11,16,7,22,12410,271,0,0,0,0,0,0,0
2021-01-24T23:59:59+01:00,0,0,256,261,451,774,493,1199,678,1833,921,1793,564,624,506,704,329,1020,6,1,5,13,11,22,15,39,23,46,18,16,11,16,7,22,12406,271,0,0,0,0,0,0,0
2021-01-23T23:59:59+01:00,0,0,256,261,451,774,493,1198,678,1833,921,1793,564,624,506,704,329,1020,6,1,5,13,11,22,15,39,23,46,18,16,11,16,7,22,12405,271,0,0,0,0,0,0,0
2021-01-22T23:59:59+01:00,0,0,254,259,450,774,492,1197,678,1832,921,1793,564,624,506,704,310,975,6,1,5,13,11,22,15,39,23,46,18,16,11,16,7,22,12333,271,0,0,0,0,0,0,0
2021-01-21T23:59:59+01:00,0,0,252,255,448,764,489,1189,675,1810,912,1776,555,615,486,679,295,937,6,1,5,13,11,22,15,39,23,46,18,16,11,16,7,22,12137,271,0,0,0,0,0,0,0
2021-01-20T23:59:59+01:00,0,0,251,253,444,759,487,1186,672,1802,908,1771,549,610,478,660,287,918,6,1,5,13,11,22,15,39,23,46,18,16,11,16,7,22,12035,271,0,0,0,0,0,0,0
2021-01-19T23:59:59+01:00,0,0,246,253,442,751,481,1171,669,1770,897,1729,537,593,465,641,274,878,6,1,5,13,11,22,15,39,23,46,18,16,11,16,7,22,11797,271,0,0,0,0,0,0,0
2021-01-18T23:59:59+01:00,0,0,242,249,439,739,475,1150,652,1733,871,1682,518,560,448,602,258,819,6,1,5,12,11,21,15,39,23,46,18,16,11,16,7,22,11437,269,0,0,0,0,0,0,0
2021-01-17T23:59:59+01:00,0,0,242,248,438,738,475,1149,649,1727,866,1671,504,551,433,582,243,794,6,1,4,12,11,21,15,39,23,46,18,15,11,16,7,22,11310,267,0,0,0,0,0,0,0
2021-01-16T23:59:59+01:00,0,0,234,240,433,718,462,1114,624,1640,820,1522,461,466,401,528,221,734,0,0,0,0,0,0,0,0,0,0,0,0,0,0,0,0,10618,0,0,0,0,0,0,0,0
2021-01-15T23:59:59+01:00,0,0,227,233,425,698,448,1062,604,1541,781,1408,412,408,348,457,200,621,0,0,0,0,0,0,0,0,0,0,0,0,0,0,0,0,9873,0,0,0,0,0,0,0,0
2021-01-14T23:59:59+01:00,0,0,205,220,405,654,426,1000,563,1424,713,1254,356,334,298,362,155,488,0,0,0,0,0,0,0,0,0,0,0,0,0,0,0,0,8857,0,0,0,0,0,0,0,0
2021-01-13T23:59:59+01:00,0,0,203,218,404,647,421,981,558,1403,700,1219,337,310,272,321,131,422,0,0,0,0,0,0,0,0,0,0,0,0,0,0,0,0,8547,0,0,0,0,0,0,0,0
2021-01-12T23:59:59+01:00,0,0,187,206,387,606,391,887,496,1249,621,1029,238,193,162,164,77,207,0,0,0,0,0,0,0,0,0,0,0,0,0,0,0,0,7100,0,0,0,0,0,0,0,0
2021-01-11T23:59:59+01:00,0,0,183,200,383,594,375,859,476,1202,601,974,218,163,129,117,55,150,0,0,0,0,0,0,0,0,0,0,0,0,0,0,0,0,6679,0,0,0,0,0,0,0,0
2021-01-10T23:59:59+01:00,0,0,182,196,371,580,371,846,467,1182,588,955,214,163,125,117,53,148,0,0,0,0,0,0,0,0,0,0,0,0,0,0,0,0,6558,0,0,0,0,0,0,0,0
2021-01-09T23:59:59+01:00,0,0,162,163,325,500,330,729,407,1001,497,805,151,109,77,73,37,109,0,0,0,0,0,0,0,0,0,0,0,0,0,0,0,0,5475,0,0,0,0,0,0,0,0
2021-01-08T23:59:59+01:00,0,0,95,76,228,349,243,436,293,669,340,510,82,68,53,58,28,97,0,0,0,0,0,0,0,0,0,0,0,0,0,0,0,0,3625,0,0,0,0,0,0,0,0
2021-01-07T23:59:59+01:00,0,0,12,10,54,97,72,125,93,194,122,179,44,36,36,50,25,97,0,0,0,0,0,0,0,0,0,0,0,0,0,0,0,0,1246,0,0,0,0,0,0,0,0
2021-01-06T23:59:59+01:00,0,0,8,4,9,23,17,47,24,90,53,108,38,33,35,50,25,97,0,0,0,0,0,0,0,0,0,0,0,0,0,0,0,0,661,0,0,0,0,0,0,0,0
2021-01-05T23:59:59+01:00,0,0,8,4,9,23,17,47,23,90,51,108,38,33,35,50,25,97,0,0,0,0,0,0,0,0,0,0,0,0,0,0,0,0,658,0,0,0,0,0,0,0,0
2021-01-04T23:59:59+01:00,0,0,6,1,5,13,11,24,15,41,23,48,19,16,12,16,7,23,0,0,0,0,0,0,0,0,0,0,0,0,0,0,0,0,280,0,0,0,0,0,0,0,0
2021-01-03T23:59:59+01:00,0,0,6,1,5,13,11,24,15,41,23,48,19,16,12,16,7,23,0,0,0,0,0,0,0,0,0,0,0,0,0,0,0,0,280,0,0,0,0,0,0,0,0
2021-01-02T23:59:59+01:00,0,0,6,1,5,13,11,24,15,41,23,48,19,16,12,16,7,23,0,0,0,0,0,0,0,0,0,0,0,0,0,0,0,0,280,0,0,0,0,0,0,0,0
2021-01-01T23:59:59+01:00,0,0,6,1,5,13,11,24,15,41,23,48,19,16,12,16,7,23,0,0,0,0,0,0,0,0,0,0,0,0,0,0,0,0,280,0,0,0,0,0,0,0,0
2020-12-31T23:59:59+01:00,0,0,6,1,5,13,11,24,15,41,23,48,19,16,12,16,7,23,0,0,0,0,0,0,0,0,0,0,0,0,0,0,0,0,280,0,0,0,0,0,0,0,0
2020-12-30T23:59:59+01:00,0,0,6,1,5,13,11,24,15,41,23,48,19,16,12,16,7,23,0,0,0,0,0,0,0,0,0,0,0,0,0,0,0,0,280,0,0,0,0,0,0,0,0
2020-12-29T23:59:59+01:00,0,0,6,1,5,13,11,23,15,41,23,48,19,16,12,16,7,23,0,0,0,0,0,0,0,0,0,0,0,0,0,0,0,0,279,0,0,0,0,0,0,0,0
2020-12-28T23:59:59+01:00,0,0,6,1,5,13,11,23,15,41,23,48,19,16,12,16,7,23,0,0,0,0,0,0,0,0,0,0,0,0,0,0,0,0,279,0,0,0,0,0,0,0,0
2020-12-27T23:59:59+01:00,0,0,6,1,4,12,11,23,15,41,23,48,19,15,12,16,7,23,0,0,0,0,0,0,0,0,0,0,0,0,0,0,0,0,276,0,0,0,0,0,0,0,0
